3978 6194
480 219 584 274 455

1412 213 1465 270 S.
1511 213 1822 271 CYPBIANI
1863 213 2136 270 OPERUM
2181 211 2349 268 PARS
2389 210 2456 267 ll.
2486 243 2553 253 --
2584 207 2958 268 OPUSCULA.

3711 216 3799 275 456

480 346 722 403 contulit
773 344 1114 408 sanitatem;
1164 358 1269 396 nec
1309 341 1543 396 habenis
1591 341 1782 396 liberis
1831 344 1888 396 et
1930 340 2128 396 solutis
2149 339 2558 424 Adicaverint,
2597 343 2653 394 et
2695 356 2727 393 a
2769 336 2978 394 carnali
3017 335 3472 407 concupiscentia
3509 340 3805 398 recedentes

479 439 673 509 vagari
727 435 920 508 443
968 436 1328 505 postmodum
1371 435 1604 506 patitur,
1638 435 1738 489 sed
1776 435 1910 505 ipsis
1940 435 2127 505 potius

483 533 690 604 quibus
715 535 946 584 sanatus
971 530 1162 584 fuerat
1189 529 1513 600 mancipato
1554 529 1782 599 gravius
1816 528 2128 582 commina-

485 628 599 688 tur,
630 621 784 692 quod
831 620 904 673 sit
947 619 1162 674 scilicet
1207 619 1400 673 minor
1450 619 1614 690 culpa
1657 618 1962 689 deliquisse
1994 620 2126 671 ante

484 730 615 769 cum
652 715 897 768 necdum
941 729 1134 767 nosses
1173 711 1530 783 disciplinam
1573 713 1694 780 Dei,
1725 712 1882 766 nulla
1923 712 1996 765 sit
2029 727 2125 766 ve-

483 808 581 863 nia
612 809 656 843 ¹⁵
685 807 833 862 ultra
872 807 1207 877 delinquere
1245 811 1549 878 postquam
1591 807 1767 860 Deum
1812 822 1974 859 nosse
2010 821 2123 859 coe-

481 901 636 972 pisti.
667 902 734 956 Et
771 900 1004 971 quidem
1031 900 1137 954 hoc
1171 903 1290 953 tam
1330 899 1433 953 viri
1470 915 1640 970 quam
1685 898 1977 965 mulieres,
2009 900 2126 952 tam

487 994 653 1066 pueri
680 1010 852 1065 quam
886 993 1112 1064 puellas,
1141 1009 1306 1047 sexus
1349 991 1532 1046 omnis
1565 997 1733 1063 atque
1773 991 1955 1047 omnis
1994 994 2127 1045 setas

485 1088 768 1155 observet,
803 1093 859 1142 et
883 1090 1060 1155 curet,
1093 1102 1196 1157 pro
1239 1085 1512 1156 religione
1540 1089 1598 1139 et
1639 1085 1749 1140 fide
1791 1101 1962 1156 quam
2009 1087 2126 1141 Deo

491 1181 683 1247 debet,
742 1197 816 1235 ne
873 1180 1026 1252 quod
1075 1184 1330 1234 sanctum
1385 1184 1442 1232 et
1503 1196 1712 1250 purum
1767 1180 1838 1234 de
1902 1179 2127 1234 Domini

497 1273 829 1345 dignatione
878 1273 1206 1346 percipitur,
1254 1273 1441 1326 minus
1485 1273 1719 1327 sollicito
1765 1273 1875 1342 (13)
1916 1272 2124 1327 timore

486 1372 755 1422 teneatur
787 1367 919 1438 (14).

560 1461 652 1516 111.
710 1461 868 1514 Nunc
925 1459 1091 1515 nobis
1146 1460 1215 1514 ad
1268 1460 1519 1530 virgines
1577 1458 1688 1530 (15)
1757 1474 1943 1514 sermo
2007 1464 2123 1529 est;

489 1569 732 1625 quarum
761 1570 873 1624 quo
901 1552 1200 1608 sublimior
1230 1553 1413 1624 gloria
1442 1555 1547 1620 est,
1570 1553 1754 1623 major
1777 1558 1837 1607 et
1862 1569 1994 1606 cura
2024 1557 2126 1607 est.

491 1649 616 1703 Flos
658 1654 744 1702 est
786 1647 879 1702 illc
913 1649 959 1682 ¹⁶
1005 1647 1367 1702 ecclesiastici
1409 1647 1704 1718 germinis,
1747 1647 1919 1701 decus
1960 1651 2128 1718 atque

2230 439 2342 489 tam
2366 449 2534 487 carne
2563 449 2736 503 quam
2785 437 2978 486 mente
3020 446 3079 484 se
3121 431 3232 484 Deo
3271 432 3536 502 voverint,
3568 450 3803 490 consum-

2228 531 2389 582 ment
2428 543 2569 597 opus
2600 541 2765 580 suum
2809 540 3021 596 magno
3060 524 3296 594 prtemio
3340 525 3688 598 destinatum,
3717 547 3808 584 nec

2227 619 2419 676 ornari
2445 620 2568 690 jam
2594 622 2693 674 aut
2715 618 2908 690 444
2943 619 3168 689 placere
3190 619 3452 689 cuiquam
3478 620 3579 674 nisi
3608 622 3810 678 domino

2228 731 2331 769 suo
2359 713 2647 779 studeant,
2675 729 2708 766 a
2752 728 2866 782 quo
2911 714 2970 766 et
3012 711 3330 766 mercedem
3373 712 3696 783 virginitatis
3733 733 3810 770 ex-

2228 808 2505 878 spectant,
2537 805 2757 860 dicente
2793 805 2915 876 ipso
2946 821 2959 859 :
2987 807 3109 862 Non
3139 820 3314 860 omnes
3354 809 3569 875 capiunt
3599 809 3813 873 verbum,

2227 902 2322 956 sed
2345 900 2434 955 illi
2482 900 2674 970 quibus
2707 899 2896 954 datum
2940 903 3034 954 est.
3077 900 3216 955 Sunt
3259 901 3398 954 enim
3443 900 3687 970 spadones
3725 901 3815 972 (18)

2227 997 2321 1065 qui
2346 1011 2412 1049 ex
2451 999 2603 1048 utero
2647 995 2839 1047 matris
2878 995 2954 1047 sic
2993 995 3118 1046 nati
3157 997 3306 1057 sunt,
3333 997 3383 1046 et
3421 997 3545 1047 sunt
3577 994 3812 1063 spadones

2227 1091 2323 1158 qui
2350 1089 2522 1143 coacti
2556 1091 2683 1142 sunt
2715 1087 2784 1140 ab
2833 1086 3159 1150 hominibus,
3186 1091 3237 1140 et
3276 1091 3399 1140 sunt
3443 1087 3692 1156 spadones
3729 1091 3813 1158 qui

2227 1198 2279 1237 se
2303 1185 2445 1252 ipsos
2459 1185 2838 1236 castraverunt
2859 1184 3086 1250 propter
3097 1182 3322 1248 regnum
3338 1181 3580 1234 calorum
3601 1182 3811 1250 (Matth,

2228 1291 2340 1338 xix,
2374 1278 2458 1343 11,
2486 1274 2591 1343 12).
2624 1274 2824 1328 Denuo
2855 1289 3084 1345 quoque
3125 1289 3227 1344 per
3255 1273 3402 1328 hanc
3429 1272 3612 1344 angeli
3644 1289 3813 1328 vocem

2227 1368 2341 1440 (19)
2373 1367 2741 1422 continentiae
2767 1383 2977 1421 manus
3006 1366 3346 1435 ostenditur,
3382 1366 3666 1438 virginitas
3689 1384 3813 1437 [παι-

2228 1461 2450 1517 dicatur
2479 1478 2492 1516 :
2526 1463 2600 1517 Hi
2623 1468 2752 1517 sunt
2781 1463 2878 1530 qui
2905 1477 3025 1516 cum
3053 1461 3370 1516 mulieribus
3395 1476 3446 1515 se
3469 1476 3574 1514 non
3598 1462 3815 1530 coinqui-

2227 1560 2514 1610 naverunt.
2547 1557 2799 1625 Virgines
2824 1557 2968 1610 enim
3000 1561 3432 1625 permanserunt.
3465 1557 3534 1610 Hi
3584 1560 3704 1608 sunt
3740 1557 3822 1624 qui

2227 1655 2529 1720 sequuntur
2571 1651 2790 1717 Agnum
2838 1663 3154 1718 quocunque
3197 1649 3322 1703 ierit
3366 1648 3568 1718 (Apoc.,
3614 1663 3714 1708 xiv,
3755 1646 3817 1717 4).

489 1743 896 1796 ornamentum
934 1739 1135 1811 gratiae
1177 1740 1466 1810 spiritalis,
1499 1741 1631 1794 laeta
1671 1740 1911 1808 indoles,
1950 1733 2210 1806 laudisB
2237 1745 2430 1814 Neque
2463 1742 2619 1797 enim
2645 1745 2868 1798 tantum
2908 1741 3173 1797 masculis
3213 1741 3577 1797 continentiae
3603 1741 3817 1811 gratiam

495 1839 553 1890 et
586 1836 813 1890 honoris
856 1851 998 1905 opus
1033 1834 1321 1905 integrum
1375 1838 1542 1905 atque
1588 1833 2002 1904 incorruptum,
2036 1832 2134 1888 Dei

491 1927 682 2000 imago
735 1929 1082 1999 respondens
1124 1927 1194 1980 ad
1245 1927 1682 1981 sanctimoniam
1729 1928 1836 1998 (16)
1887 1926 2131 1995 Domini,

489 2021 761 2077 illustrior
808 2021 993 2092 portio
1033 2020 1223 2092 gregis
1270 2020 1497 2076 Christi.
1539 2020 1758 2075 Gaudet
1787 2021 1828 2054 ¹⁷
1869 2037 1973 2091 per
2017 2020 2136 2074 illas

493 2123 663 2187 atque
691 2115 750 2169 in
778 2114 888 2169 illis
913 2114 1150 2185 largiter
1177 2113 1342 2168 ﬂoret
1370 2115 1632 2168 Ecclesiae
1663 2113 1862 2167 matris
1889 2113 2137 2184 gloriosa

492 2209 853 2277 fecunditas;
881 2212 1216 2280 quantoque
1261 2209 1386 2279 plus
1427 2208 1657 2278 copiosa
1695 2208 1807 2279 (17)
1846 2207 2138 2279 virginitas

495 2320 740 2359 numero
787 2319 889 2357 suo
935 2301 1112 2369 addit,
1152 2307 1310 2356 tanto
1355 2302 1483 2372 plus
1528 2301 1800 2371 gaudium
1848 2301 2047 2355 matris
2090 2301 2136 2336 ¹⁸

495 2397 768 2468 augescit.
813 2395 894 2451 Ad
935 2395 1036 2449 has
1079 2394 1384 2465 loquimur,
1418 2395 1516 2447 has
1553 2394 1936 2449 adhortamur
1964 2394 2132 2449 affec-

497 2491 652 2545 tione
698 2489 886 2560 potius
933 2505 1105 2560 quam
1153 2491 1464 2560 potestate;
1508 2504 1624 2544 non
1671 2489 1847 2560 quod,
1893 2489 2135 2543 extremi

500 2588 559 2640 et
584 2583 816 2638 minimi
839 2584 884 2618 ¹⁹
914 2589 971 2637 et
997 2582 1337 2636 humilitatis
1353 2581 1888 2636 nostraaadmodum
1905 2581 2134 2651 conscii,

494 2677 707 2749 aliquid
747 2677 817 2743 ’0,
865 2676 935 2730 ad
987 2691 1284 2730 censuram
1327 2674 1568 2729 licentia:
1612 2675 1990 2743 vindicamus,
2038 2675 2138 2729 sed

492 2772 646 2843 quod
676 2771 720 2804 ²¹
755 2770 824 2824 ad
865 2768 1304 2823 sollicitudinem
1333 2769 1380 2803 ³³
1408 2768 1593 2840 magis
1634 2768 1785 2823 cauti
1815 2769 1882 2836 ’3,
1910 2769 2038 2840 plus
2066 2769 2137 2822 de

496 2863 704 2919 diaboli
732 2862 1091 2918 infestatione
1117 2862 1440 2918 timeamus.

567 2960 653 3014 ιν.
701 2959 896 3028 Neque
941 2956 1099 3010 enim
1145 2956 1330 3011 inanis
1375 2957 1494 3010 haec
1534 2957 1722 3011 cautio
1761 2962 1843 3011 est
1891 2964 1947 3012 et
1995 2974 2139 3012 vana

493 3051 749 3108 formido
791 3066 919 3122 quae
959 3049 1026 3104 ad
1065 3050 1260 3104 salutis
1294 3049 1442 3104 viam
1485 3049 1749 3118 consulit,
1781 3067 1907 3121 quae
1947 3051 2135 3105 Domi-

2235 1837 2282 1872 ²⁴
2338 1836 2612 1890 Dominus
2664 1836 3015 1908 repromittit
3060 1839 3118 1890 et.
3157 1836 3400 1890 feminas
3445 1835 3700 1906 praeterit,
3736 1833 3819 1887 sed

2233 1929 2504 2001 quoniam
2554 1929 2772 1984 femina
2818 1930 2921 1984 viri
2963 1930 3146 2001 portio
3191 1935 3276 1984 est
3315 1933 3374 1984 et
3417 1945 3484 1983 ex
3527 1945 3590 1982 eo
3627 1930 3820 1998 sumpta

2233 2030 2402 2094 atque
2449 2023 2691 2078 formata
2716 2029 2819 2092 est,
2851 2024 2910 2078 in
2957 2023 3260 2095 Scripturis
3307 2023 3430 2079 fere
3479 2021 3724 2077 omnibus
3760 2020 3820 2074 ad

2234 2118 2651 2189 protoplastum
2699 2118 2848 2172 Deus
2912 2117 3187 2189 loquitur,
3241 2117 3379 2188 quia
3431 2119 3560 2171 sunt
3617 2115 3719 2170 duo
3775 2113 3822 2167 in

2234 2225 2406 2265 carne
2431 2227 2570 2279 una,
2602 2215 2658 2266 et
2700 2211 2759 2265 in
2805 2209 3053 2266 masculo
3091 2210 3259 2266 simul
3300 2209 3643 2282 significatur
3673 2213 3724 2262 et
3751 2207 3819 2261 ie-

2236 2303 2414 2359 mina.

2307 2398 2368 2450 V.
2416 2397 2580 2461 Quod
2635 2397 2679 2451 si
2731 2397 3019 2454 Christum
3072 2396 3426 2453 continentia
3476 2396 3733 2468 sequitur,
3779 2395 3826 2446 et

2241 2507 2418 2562 regno
2447 2491 2547 2545 Dei
2574 2491 2870 2563 virginitas
2917 2491 3253 2555 destinatur,
3281 2491 3421 2563 quid
3463 2496 3547 2545 est
3580 2489 3684 2543 illis
3719 2502 3828 2542 cum

2237 2589 2464 2639 terreno
2523 2585 2677 2639 cultu
2732 2591 2788 2640 et
2843 2601 2973 2640 cum
3039 2585 3413 2654 ornamentis,
3463 2583 3658 2655 quibus
3712 2581 3828 2635 dum

2237 2677 2566 2732 hominibus
2594 2678 2819 2749 placere
2864 2679 3138 2750 gestiunt,
3167 2680 3353 2733 Deum
3399 2677 3702 2744 oti'endunt,
3730 2691 3828 2728 non

2239 2771 2558 2843 cogitantes
2590 2786 2711 2826 esse
2741 2771 3083 2842 praedictum
3109 2789 3122 2826 :
3168 2774 3272 2839 Qui
3308 2771 3607 2826 hominibus
3637 2770 3828 2839 placent

2237 2867 2452 2932 confusi
2486 2871 2638 2927 sunt,
2683 2867 2944 2935 quoniam
2987 2869 3128 2921 Deus
3171 2867 3314 2920 nihil
3359 2867 3487 2933 fecit
3525 2865 3642 2919 illos
3684 2861 3826 2933 (Psul.

2238 2975 2332 3024 ιιι,
2371 2959 2446 3026 6),
2486 2962 2545 3012 et
2600 2958 2830 3013 Paulum
2879 2975 3107 3030 quoque
3145 2959 3394 3030 gloriose
3441 2965 3496 3014 et
3543 2955 3830 3012 sublimiter

2237 3051 2580 3123 praedicasse
2608 3053 2657 3087 ³⁵
2690 3070 2700 3106 :
2730 3055 2791 3110 Si
2819 3054 3120 3108 hominibus
3135 3054 3352 3124 placere
3378 3049 3832 3120 vellem“,Christi

497 3145 625 3201 nica
655 3150 712 3200 et
740 3143 935 3199 vitalia
963 3148 1254 3215 praecepta
1281 3142 1550 3214 custodit,
1583 3147 1646 3198 ut
1673 3159 1801 3214 quae
1828 3161 1887 3198 se
1915 3144 2135 3199 Christo
2157 3124 2211 3199 C
2236 3161 2422 3200 servus
2466 3162 2576 3201 non
2621 3161 2782 3202 essem
2829 3147 3053 3216 (Galat.,
3100 3164 3140 3217 ι,
3185 3151 3290 3220 10).
3335 3147 3686 3205 Continentia
3719 3159 3828 3200 vero

1889 3296 2099 3360 Varias
2142 3297 2477 3362 lectiones.

569 3434 608 3465 ’⁵
631 3432 754 3484 Non
784 3431 962 3483 facilis
986 3430 1150 3482 venia
1190 3430 1322 3481 Voss.
1357 3430 1404 3482 3.

1478 3431 1516 3465 “
1549 3431 1651 3482 Has
1676 3435 1808 3482 sunt
1831 3435 2196 3486 ecclesiastici
2223 3437 2489 3500 germinis
2547 3437 2710 3488 ﬂores
2733 3438 2842 3488 ΝΟ.
2873 3442 3008 3490 Lam.
3041 3438 3193 3490 Ebor.
3236 3441 3394 3489 Oxon.
3464 3436 3502 3471 '7
3523 3437 3591 3488 Et
3611 3448 3702 3501 per
3731 3433 3835 3501 illos

497 3503 635 3555 Pem.
708 3500 746 3535 "
766 3501 940 3559 Addit
963 3509 1228 3572 gaudium
1260 3511 1453 3560 matris
1496 3511 1615 3560 Tha.
1657 3510 1805 3561 Corb.
1840 3513 1974 3560 Foss.
2049 3506 2086 3542 ’⁸
2112 3494 2432 3570 Ροιεῖδῑειθε,
2469 3512 2703 3559 extremi
2745 3513 2801 3560 et
2839 3504 3055 3556 minimi
3095 3504 3184 3552 Ar.
3205 3571 3222 3574 A
3253 3505 3296 3534 ⁸ο
3326 3501 3548 3574 Conscii
3588 3494 3688 3574 tale
3717 3494 3832 3574 quid

495 3579 620 3627 Bod.
657 3580 796 3629 Lam.
826 3567 991 3632 Ebor:
1017 3583 1116 3631 Ben
1165 3581 1273 3632 ΝΟ.
1303 3585 1347 3632 1.
1414 3584 1455 3613 ¹⁴
1490 3582 1602 3632 Nec
1628 3582 1780 3646 quod
1818 3583 1950 3630 Voss.
1979 3582 2023 3630 1.
2065 3579 2186 3629 Bod.
2215 3580 2260 3640 1,
2287 3581 2336 3640 2,
2363 3567 2562 3630 4.77m.
2595 3580 2747 3632 Corb.
2773 3581 2886 3630 Nec
2909 3590 3021 3641 quo
3051 3576 3159 3624 Mli.
3189 3571 3355 3635 Quod
3385 3573 3551 3646 Fors;
3587 3567 3833 3646 "Sollici-

499 3649 750 3700 tudinem
781 3654 1018 3714 pertinet
1058 3653 1166 3701 Ver.
1235 3656 1276 3684 ’³
1304 3652 1387 3702 Ex
1413 3653 1556 3702 ultra
1581 3642 1696 3702 nati
1729 3653 1836 3701 Lin.
1863 3651 2048 3702 Matris
2077 3651 2194 3701 nati
2222 3652 2360 3700 Man.
2429 3653 2470 3683 ¹⁴
2497 3651 2910 3702 Continentiam
2949 3647 3230 3698 Dominus
3262 3647 3376 3695 Mli.
3445 3646 3487 3676 ³⁵
3522 3642 3686 3692 Paulo
3719 3649 3834 3714 prte-

498 3720 718 3772 dicante
750 3707 870 3772 Bbd.
904 3725 949 3774 4.
987 3724 1101 3773 Ver.
1147 3723 1357 3774 Paulus
1387 3737 1614 3788 quoque
1642 3725 1912 3788 praedicat
1944 3725 2101 3785 Vos:.,
2129 3723 2176 3774 3.
2247 3724 2289 3755 ³⁸
2316 3723 2374 3774 Si
2396 3722 2718 3774 hominibus
2739 3722 3018 3786 placerem
3050 3719 3185 3768 Lam.
3217 3717 3327 3767 ΝΟ.
3363 3720 3404 3765 1.
3451 3716 3579 3764 Voss.
3625 3716 3665 3763 1.
3707 3707 3828 3760 Corb.

1809 3871 2034 3953 Steph.
2079 3869 2326 3934 Baluzii
2366 3875 2563 3933 notas.

498 3997 643 4045 runt.
681 3994 790 4046 Sed
830 4008 932 4061 ego
961 4010 1083 4048 eam
1113 3997 1410 4049 lectionem
1437 4001 1571 4063 puto
1610 4011 1732 4049 esse
1763 3999 2136 4061 falsissimam,

499 4077 621 4116 eam
665 4079 794 4117 vero
835 4081 1003 4131 quam
1047 4069 1268 4131 prefert
1306 4069 1484 4120 codex
1528 4069 1921 4132 Burgundicus
1961 4072 2140 4120 veris-

497 4138 715 4187 simam.
763 4137 1102 4189 Conﬁrmare
1158 4140 1311 4190 illam
1361 4140 1582 4192 videtur
1631 4141 1843 4191 Plinius
1896 4143 2142 4206 Panegy-

500 4208 634 4268 rico,
675 4209 771 4259 ubi
813 4209 1048 4273 loquens
1089 4210 1157 4260 de
1201 4224 1374 4262 uxore
1411 4215 1463 4261 et
1505 4225 1691 4262 sorore
1733 4213 1970 4277 Trajani,
2013 4214 2090 4263 ait
2125 4228 2137 4262 :

504 4295 533 4326 ς
569 4279 721 4329 Idem
757 4281 980 4344 utrique
1016 4283 1380 4345 propositum,
1414 4283 1560 4332 idem
1595 4285 1724 4334 vita)
1759 4288 1927 4334 tenor.
1970 4300 2000 4330 »
2031 4284 2142 4348 Cy-

504 4350 733 4412 prianus
758 4351 896 4413 ipse,
927 4353 1085 4414 epist.
1107 4354 1188 4414 61,
1222 4354 1296 4402 ait
1327 4369 1337 4402 :
1373 4371 1402 4397 «
1428 4355 1678 4404 Teneant
1713 4356 1910 4418 integri
1949 4355 2144 4404 salutis

505 4432 623 4469 sua;
671 4424 1000 4484 perpetuum
1057 4427 1323 4486 tenorem,
1371 4444 1397 4469 λ»
1447 4426 1527 4474 uti
1576 4438 1677 4474 nos
1723 4425 2143 4476 emendavimus

507 4503 610 4554 ope
664 4491 789 4540 libri
836 4491 1126 4544 Fuxensis.
1178 4493 1385 4546 Statius
1434 4496 1489 4544 in
1537 4495 1819 4559 Lacrymis
1863 4497 2140 4557 Hetrusci,

505 4576 535 4605 «
587 4563 754 4624 atque
807 4564 911 4613 aevi
963 4565 1084 4616 sine
1141 4565 1264 4617 labe
1316 4570 1486 4616 tenor.
1538 4583 1568 4615 ιθ
1615 4567 1860 4629 Tacitus,
1908 4569 1965 4616 in
2027 4568 2141 4616 Vita

503 4632 760 4695 Agricola
793 4649 810 4681 :
833 4651 860 4678 «
890 4634 1040 4686 Idem
1085 4641 1336 4700 praeturas
1377 4641 1550 4689 tenor.
1580 4653 1607 4685 ν
1643 4639 1776 4687 item
1811 4637 2139 4703 Cyprianus,

503 4704 660 4765 epist.
704 4704 784 4767 25,
831 4720 953 4770 pag.
1000 4707 1081 4769 33,
1125 4709 1346 4772 scripsit
1392 4725 1403 4757 :
1446 4727 1473 4755 α
1520 4710 1842 4772 Disciplinte
1891 4715 2075 4770 tenor;
2113 4730 2140 4758 ››

502 4775 661 4837 epist.
705 4776 786 4836 52,
824 4791 946 4842 pag.
988 4779 1051 4828 72
1090 4793 1102 4827 :
1146 4797 1175 4825 «
1214 4782 1489 4831 Tenorem
1533 4780 1748 4845 glorise;
1791 4799 1818 4826 ››
1862 4783 2019 4844 epist.
2059 4782 2140 4842 51,

499 4858 623 4908 pag.
682 4845 770 4906 65;
833 4849 990 4911 epist.
1049 4850 1132 4909 77,
1188 4863 1312 4915 pag.
1371 4852 1463 4900 158
1513 4866 1524 4898 :
1586 4868 1613 4897 α
1665 4851 1957 4902 Custodito
2012 4851 2141 4902 ﬁdei

502 4921 710 4965 tenore.
763 4931 792 4964 »
840 4918 1142 4980 Arnobius,
1197 4921 1290 4971 lib.
1337 4935 1376 4970 ιι
1427 4937 1438 4970 :
1491 4940 1519 4967 «
1562 4921 1841 4972 Virtutum
1893 4925 2143 4974 omnium

502 4999 792 5036 servamus
840 4993 1006 5052 atque
1051 4992 1390 5054 integramus
1432 4997 1696 5044 tenorem.
1738 5012 1766 5041 »
1805 4995 2143 5051 Lactantius,

503 5057 599 5107 lib.
637 5071 695 5118 ν,
734 5071 858 5123 cap.
895 5063 927 5110 9
961 5076 972 5109 :
1016 5079 1044 5107 «
1078 5063 1262 5113 Pietas
1300 5064 1356 5113 in
1398 5078 1616 5114 summo
1655 5067 1920 5130 regulam,
1953 5071 2146 5117 tenens

504 5133 753 5201 tenorem
786 5145 951 5201 suum
987 5139 1184 5184 servat.
1213 5153 1240 5181 »
1268 5136 1430 5199 Dido,
1464 5137 1518 5186 in
1545 5137 1788 5201 Epistola
1817 5139 1888 5188 ad
1923 5139 2145 5188 Emam

503 5200 652 5263 apud
683 5200 946 5253 Ovidium
983 5220 992 5252 :

659 5309 818 5359 Durat
846 5310 898 5360 in
929 5316 1223 5363 extremum
1257 5314 1476 5378 vittaque
1513 5316 1793 5367 n0vissima
1829 5319 1991 5368 nostri

722 5380 1059 5445 Prosequitur
1089 5384 1179 5434 fati
1210 5385 1298 5449 qui
1323 5386 1418 5437 fuit
1445 5392 1562 5438 ante
1592 5393 1760 5438 tenor.

565 5485 737 5561 SuntA
757 5488 863 5561 alia
911 5491 1087 5542 multa
1135 5494 1393 5557 exempla
1441 5494 1753 5546 istiusmodi
1802 5496 1950 5561 apud
1994 5510 2148 5547 eum-

503 5557 629 5610 dem
705 5558 1000 5624 Ovidium,
1067 5561 1432 5627 Suetonium,
1499 5567 1782 5617 Valerium
1835 5557 2147 5624 'Flaccum,

501 5631 856 5692 Lucretium,
909 5633 1238 5699 Virgilium,
1293 5640 1348 5687 et
1411 5637 1578 5697 alios,
1632 5652 1660 5688 a
1731 5638 1936 5702 quibus
1996 5639 2147 5689 refe-

501 5703 691 5755 rendis
740 5704 1009 5755 abstineo.
1062 5704 1278 5756 Addam
1335 5712 1518 5757 tamen
1569 5708 1754 5758 locum
1807 5710 1986 5759 Pontii
2035 5711 2148 5759 dia-

500 5776 628 5829 coni
698 5776 752 5826 in
823 5775 942 5826 Vita
1005 5776 1266 5842 Cypriani
1330 5783 1493 5844 prout
1561 5779 1763 5844 legitur
1828 5782 1884 5831 in
1953 5781 2146 5835 codice

2161 4454 2221 4526 D

2238 3997 2540 4048 Bodleiano
2600 4012 2611 4045 :
2665 4013 2694 4045 «
2761 3992 3283 4058 Concupiscentiam
3345 3984 3739 4058 sanctimonie_
3767 3985 3832 4058 ιθτ

2238 4081 2375 4119 nore
2430 4067 2701 4129 calcaret,
2755 4086 2782 4113 »
2841 4054 3060 4130 pro'eo
3125 4061 3272 4127 quod
3330 4061 3601 4111 editiones
3661 4054 3835 4106 habent

2239 4153 2436 4190 viaore.

2294 4154 2436 4272 ‘13:.
2451 4211 2628 4260 Minus
2675 4209 2915 4260 sollicito.
2964 4206 3158 4259 Codex
3207 4203 3568 4261 Turonensis,
3615 4215 3642 4243 «
3684 4195 3837 4247 Minus

2241 4284 2401 4333 caute
2430 4286 2486 4332 et
2522 4281 2758 4331 sollicito
2792 4282 3006 4330 timore.
3037 4296 3066 4324 »

2306 4354 2404 4411 tit)
2453 4353 2722 4401 Tenentur.
2771 4351 2898 4401 Post
2941 4352 3043 4399 ista
3087 4347 3368 4398 Pamelius
3409 4343 3710 4419 adjecitAex
3746 4335 3835 4385 Co-

2244 4423 2368 4474 dice
2392 4410 2836 4474 Camberonensi
2866 4437 2879 4470 :
2916 4441 2944 4468 «
2981 4419 3126 4482 Quia
3161 4420 3432 4482 scriptum
3469 4418 3568 4465 est.
3599 4410 3700 4474 Qui
3735 4420 3836 4472 per-

2243 4497 2579 4546 severaverit
2620 4507 2798 4558 usque
2839 4495 2895 4544 in
2937 4493 3108 4544 ﬁnem
3153 4491 3247 4541 hic
3287 4489 3475 4538 salvus
3507 4484 3721 4558 erit-At
3753 4489 3835 4558 ego

2241 4567 2681 4618 additamentum
2706 4555 2863 4615 illud
2905 4564 3103 4623 delevi,
3145 4564 3275 4626 quia
3314 4559 3454 4609 illud
3493 4555 3732 4618 nuspiam
3758 4555 3834 4628 in:

2241 4616 2369 4688 veni
2436 4639 2490 4686 in
2551 4635 2838 4687 codicibus
2898 4616 3333 4700 antiquis-cum
3401 4616 3618 4694 quibus
3656 4616 3835 4700 contuli

2242 4722 2407 4773 opera
2437 4709 2616 4758 sancti
2653 4708 2925 4772 martyris,
2958 4693 3204 4756 et'deest
3235 4704 3403 4754 etiam
3422 4693 3497 4750 "in
3529 4707 3714 4748 novem
3747 4693 3838 4740 An-

2242 4778 2488 4841 glicanis.

2306 4852 2402 4913 (15)
2447 4855 2595 4902 Nunc
2648 4852 2797 4903 nobis
2843 4853 2915 4902 ad
2961 4852 3208 4915 virgines.
3261 4849 3446 4900 Refert
3490 4841 3837 4919 huncdgcum

2243 4927 2470 4974 sanctus
2517 4924 2861 4988 Augustinus
2903 4922 2998 4974 lib.
3038 4913 3096 4974 vi
3141 4922 3205 4972 de
3250 4919 3505 4972 Doctrina
3547 4913 3835 4964 Christiana,

2245 5007 2363 5059 cap.
2390 4995 2468 5045 2|.
3789 5049 3817 5059 Α,

2304 5055 2404 5130 (16)
2441 5069 2878 5118 Sanctimonium.
2921 5065 3111 5117 Codex
3151 5064 3326 5115 sancti
3365 5059 3635 5124 Arnulphi
3668 5055 3837 5106 sancti-

2244 5138 2496 5188 monium.
2529 5139 2671 5190 Vide
2698 5153 2882 5203 supra,
2910 5152 3032 5204 pag.
3064 5139 3176 5188 407-
3598 5202 3607 5204 _
3753 5193 3782 5204 ..

2311 5210 2407 5273 (17)
2445 5209 2687 5274 Copiosa.
2719 5193 2882 5274 Apud
2909 5193 3284 5272 Augustinum
3312 5204 3567 5268 gloriosa,
3595 5202 3649 5274 in
3676 5193 3840 5274 οοςξξοθ

2247 5264 2585 5330 ΕΙὸι-ἰέεθῐὶδὶ
2626 5279 2742 5330 illic
2769 5264 2947 5329 .citato
2975 5264 3245 5342 gbnerosa.
3272 5264 3364 5327 Sic
3391 5275 3555 5325 etiam
3594 5264 3840 5320 Morellius

2247 5351 2302 5399 in
2332 5351 2502 5402 veteri
2532 5349 2743 5401 codice.

2307 5423 2404 5485 (18)
2440 5423 2727 5486 Spadones.
2773 5421 2913 5473 Vide
2948 5420 3327 5472 adnotationes
3365 5416 3576 5469 Erasmi
3612 5414 3664 5463 in
3700 5406 3839 5470 caput

2248 5505 2354 5543 xxx
2385 5492 2645 5543 Mattbei.

2308 5564 2405 5626 (19)
2435 5565 2626 5626 Angeli
2648 5577 2838 5614 vocem.
2868 5565 2991 5615 Duo
3018 5563 3141 5614 libri
3173 5567 3386 5614 veteres
3414 5557 3618 5610 habent
3643 5548 3840 5627 archo!"

2247 5624 2368 5702 geli,
2404 5624 2604 5686 novem
2646 5636 2936 5700 Evangelii.
2980 5636 3075 5687 Sic
3111 5636 3278 5687 etiam
3318 5632 3459 5684 vidit
3496 5624 3756 5681 Morellius
3789 5624 3836 5667 in

2248 5709 2418 5759 veteri
2449 5709 2658 5761 codice.
