3978 6194
196 180 280 232 557
1335 176 1529 233 LIBER
1566 175 1660 233 DE
1701 176 1941 231 HABITU
1984 174 2330 231 VIRGINUM.

197 314 239 364 et
263 303 508 379 pudicitia
539 301 651 373 (20)
669 317 783 357 non
816 302 871 355 in
896 301 1015 356 sola
1042 302 1229 356 carnis
1248 302 1582 373 integritate
1603 302 1782 358 consi-
1800 314 1859 387 Α
1882 308 1983 365 est,
2015 306 2065 357 et
2094 317 2186 372 ego
2216 302 2416 357 mundo
2457 301 2685 372 (Galat.,
2716 318 2788 368 vi,
2824 301 2912 373 14)
2942 318 2955 355 :

193 404 285 469 stit,
310 398 396 453 sed
421 396 590 451 etiam
614 395 673 450 in
696 397 880 451 cultus
907 402 963 450 et
987 399 1223 451 ornatus
1241 397 1459 452 honore
1476 398 1697 469 pariter
1712 415 1777 452 ac

192 494 390 567 pudore,
422 495 505 557 ut,
536 490 851 544 secundum
884 490 1242 560 Apostolum,
1271 507 1399 563 quae
1430 491 1667 562 innupta
1695 498 1780 546 est

189 593 350 643 sancta
372 585 439 640 sit
474 589 530 640 et
558 601 796 656 corpore
823 588 882 639 et
918 583 1144 656 spiritu.
1173 585 1407 639 Instruit
1446 601 1547 639 nos
1575 587 1779 642 Paulus

188 688 232 738 et
257 681 406 736 docet
434 678 625 734 dicens
656 679 742 733 27:
775 678 972 734 Calebs
1008 681 1210 748 cogitat
1243 678 1352 749 (2t)
1392 695 1457 734 ea
1497 695 1617 749 quae
1653 684 1781 735 sunt

190 777 388 837 Domini,
441 774 702 844 quomodo
754 774 973 843 placeat
1020 776 1171 829 Deo:
1219 775 1317 843 qui
1360 771 1552 845 445
1600 779 1780 829 autem

188 870 556 925 matrimonium
594 870 889 930 contraxit,
939 870 1140 935 cogitat
1175 884 1237 922 ea
1272 883 1392 937 qua:
1425 873 1555 922 sunt
1590 869 1784 923 mundi

187 964 345 1032 hujus,
397 962 656 1032 quomodo
704 962 921 1031 placeat
970 964 1153 1016 uxori.
1208 963 1295 1018 Sic
1343 966 1395 1016 et
1455 965 1608 1031 virgo
1676 964 1778 1031 (22)

182 1063 223 1112 et
255 1057 435 1111 mulier
474 1058 711 1125 innupta
754 1058 958 1124 cogitat
1012 1071 1075 1108 ea
1119 1071 1238 1124 quae
1278 1060 1405 1111 sunt
1445 1058 1681 1119 Domini,
1724 1061 1785 1111 ut

182 1153 238 1204 sit
259 1155 435 1204 sancta
482 1155 532 1204 et
584 1165 805 1219 corpore
837 1154 886 1203 et
932 1151 1134 1219 spiritu
1179 1150 1217 1219 (Ι
1249 1149 1396 1212 Cor.,
1425 1166 1521 1216 vn,
1566 1150 1779 1218 32-34).

183 1244 324 1314 Virgo
362 1259 646 1298 non.esse
697 1246 941 1311 tantum,
992 1243 1088 1297 sed
1136 1247 1194 1298 et
1233 1242 1476 1315 intelligi
1520 1244 1688 1299 debet
1728 1247 1786 1299 et

181 1337 323 1391 credi.
366 1338 538 1391 Nemo
579 1354 709 1392 cum
760 1336 1048 1409 virginem
1096 1337 1304 1392 viderit
1329 1338 1402 1405 28,
1442 1338 1666 1393 dubitet
1710 1356 1784 1395 an

183 1430 318 1503 virgo
344 1430 413 1484 sit
443 1430 578 1501 (23).
614 1432 813 1486 Parem
841 1431 955 1503 (24)
997 1437 1053 1486 te
1082 1432 1381 1503 integritas
1416 1433 1476 1487 in
1520 1432 1786 1487 omnibus

186 1529 410 1596 prazstet,
445 1540 549 1579 nec
581 1525 799 1580 bonum
823 1526 1032 1581 mentis
1053 1526 1303 1596 corporis
1325 1526 1781 1581 cultusiufamet.

181 1618 301 1682 Quid
327 1622 546 1685 ornata,
578 1618 713 1690 quid
745 1626 979 1690 compta
1006 1620 1289 1691 procedit,
1321 1620 1481 1692 quasi
1515 1621 1782 1675 maritum

3402 172 3506 230 458

3005 303 3061 357 et
3100 301 3259 373 virgo
3304 302 3361 356 in
3408 302 3505 356 Ec-

1881 395 2055 450 clesia
2082 396 2151 450 de
2180 396 2363 467 specie
2393 396 2581 450 carnis
2607 412 2672 450 ac
2707 395 2773 449 de
2804 396 3057 466 corporis
3085 396 3506 467 pulchritudine

1881 489 2195 558 gloriatur!
2252 489 2423 543 Addit
2478 490 2682 543 Paulus
2736 493 2793 544 et
2838 490 3014 543 dicit:
3057 490 3163 557 Qui
3203 492 3345 544 enim
3384 496 3512 545 sunt

1880 584 2102 646 Christi,
2158 600 2370 639 carnem
2424 599 2579 637 suum
2638 586 3019 652 m'uciﬁaerunt
3072 599 3191 640 cum
3248 587 3397 640 vitiis
3460 591 3511 640 et

1880 680 2323 749 concupiscentiis
2361 677 2589 749 (Galut.,
2623 693 2674 744 v,
2706 677 2795 747 24)
2828 694 2840 731 ς
2874 680 2930 732 et
2964 694 3091 749 quae
3129 694 3188 732 se
3233 678 3503 750 concupi-

1881 772 2104 828 scentiis
2148 772 2331 826 carnis
2386 774 2444 825 et
2484 771 2634 826 vitiis
2676 771 3033 825 renuntiasse
3081 772 3398 843 proﬁtetur,
3448 774 3507 828 in

1883 868 2082 922 iisdem
2111 866 2319 938 quibus
2346 866 2785 932 renuntiaverat,
2816 864 3139 920 invenitur!
3174 867 3504 937 Deprehen-

1884 961 2034 1016 deris
2060 961 2241 1031 virgo,
2274 960 2584 1032 detegeris.
2624 959 2789 1014 Aliud
2821 975 2940 1014 esse
2968 962 3024 1013 te
3046 959 3246 1029 jactas,
3274 966 3332 1015 et
3358 962 3509 1017 aliud

1885 1054 2134 1109 affectas.
2173 1054 2400 1108 Maculis
2432 1058 2486 1108 te
2534 1052 3006 1123 concupiscentia:
3040 1053 3277 1107 carnalis
3313 1070 3506 1125 asper-

1886 1148 1972 1219 gis
2006 1148 2074 1216 29,
2124 1163 2252 1201 cum
2290 1146 2633 1218 integritatis
2686 1148 2790 1217 (27)
2835 1145 3138 1201 candidate
3181 1146 3293 1217 (28)
3335 1148 3409 1202 sis
3454 1154 3509 1203 et

1884 1241 2142 1313 pudoris.
2174 1241 2382 1310 Clama,
2412 1238 2605 1312 446
2649 1239 2839 1310 inquit
2880 1240 3034 1295 Isaiae
3084 1240 3271 1297 Deus:
3326 1244 3511 1298 Omnis

1886 1352 2010 1391 caro
2032 1338 2237 1404 fenum,
2273 1340 2323 1390 et
2351 1337 2525 1389 omnis
2550 1335 2774 1389 claritas
2813 1334 2926 1403 ejus
2959 1340 3022 1389 ut
3055 1337 3150 1402 ﬂos
3181 1338 3322 1403 feni.
3346 1339 3512 1392 Aruit

1883 1434 2092 1498 fenum,
2147 1435 2196 1484 et
2240 1433 2335 1497 ﬂos
2381 1430 2581 1483 decidit
2624 1448 2640 1482 :
2689 1444 2858 1484 sermo
2903 1429 3010 1500 (29)
3063 1436 3245 1484 autem
3300 1434 3514 1487 Domini

1885 1530 2068 1580 manet
2104 1528 2163 1579 in
2207 1529 2468 1579 aeternum
2505 1526 2654 1592 (lsa.,
2708 1540 2793 1592 XL,
2825 1526 2963 1594 6-8).
2996 1523 3299 1579 Neminem
3328 1526 3513 1582 Chris-

1889 1619 2108 1673 tianum
2168 1618 2369 1684 decet,
2416 1624 2469 1672 et
2522 1618 2771 1671 maxime
2824 1617 3102 1689 virginem
3156 1635 3268 1672 non
3318 1620 3509 1689 decet,

179 1717 258 1766 aut
296 1711 498 1767 habeat
542 1718 639 1767 aut
671 1715 936 1785 quaerat?
964 1713 1187 1777 Timeat
1230 1714 1422 1785 potius
1464 1714 1707 1785 placere,
1738 1704 1860 1776 siB
1884 1713 2207 1767 claritatem
2234 1712 2409 1766 ullam
2456 1717 2786 1782 computare
2816 1712 2863 1744 ³ο
2905 1712 3091 1766 carnis
3131 1716 3187 1768 et
3212 1713 3509 1781 honorem,

179 1807 313 1876 virgo
341 1809 443 1875 est,
476 1822 582 1860 nec
613 1807 934 1877 periculum
982 1808 1067 1862 sui
1106 1813 1336 1879 appetat
1381 1824 1507 1879 quae
1549 1808 1617 1862 ad
1664 1824 1784 1864 me-

177 1900 293 1953 liora
321 1905 373 1955 et
410 1899 607 1955 divina
648 1917 710 1954 se
754 1904 957 1956 servat.
990 1901 1127 1966 Quae
1162 1901 1347 1957 virum
1389 1918 1503 1956 non
1551 1902 1783 1970 habent,

179 1994 251 2047 cui
273 1994 491 2065 placere
528 2010 585 2049 se
612 1994 903 2063 simulent,
937 1996 1181 2068 integras
1214 2000 1271 2051 et
1309 2013 1464 2067 pura!
1498 2013 1616 2052 non
1655 2000 1781 2051 tan-

177 2094 276 2141 tum
323 2103 563 2157 corpore
608 2088 743 2159 (25),
790 2089 890 2143 sed
936 2088 1110 2143 etiam
1154 2089 1356 2160 spiritu
1401 2093 1782 2161 perseverent.

179 2180 344 2252 Neque
383 2180 540 2235 enim
584 2181 668 2236 fas
717 2185 801 2236 est
835 2182 1119 2254 virginem
1165 2182 1238 2237 ad
1291 2184 1535 2255 speciem
1581 2185 1787 2239 formas

177 2290 271 2328 suae
297 2274 435 2329 comi
468 2276 579 2345 (26)
612 2281 711 2329 aut
740 2275 810 2330 de
841 2292 1010 2330 carne
1040 2280 1096 2331 et
1123 2278 1191 2332 de
1214 2278 1335 2349 ejus
1361 2278 1785 2349 pulchritudine

178 2368 399 2436 gloriari,
427 2385 565 2424 cum
593 2369 749 2423 nulla
774 2368 847 2423 sit
872 2369 954 2423 illi
982 2370 1167 2441 magis
1193 2387 1368 2443 quam
1390 2371 1657 2426 adversus
1673 2388 1788 2426 car-

175 2477 281 2514 nem
324 2462 650 2517 colluctatio
693 2468 749 2517 et
793 2464 1053 2518 vincendi
1100 2465 1356 2536 corporis
1400 2482 1462 2520 ac
1515 2465 1789 2520 domandi

176 2554 431 2610 obstinata
458 2556 720 2612 certatio.

231 2649 308 2703 Vl.
375 2652 590 2705 Paulus
639 2651 772 2706 forti
826 2669 890 2707 ac
942 2652 1169 2708 sublimi
1218 2654 1719 2724 voce-proclamat
1771 2672 1784 2709 :

175 2743 287 2795 Mihi
311 2749 488 2800 autem
518 2745 660 2800 absit
684 2747 915 2813 gloriari
954 2750 1063 2803 nisi
1107 2750 1167 2801 in
1193 2764 1347 2802 cruce
1387 2750 1606 2803 Domini
1653 2764 1782 2803 nos-

174 2838 235 2890 tri
265 2839 382 2893 Iesu
433 2839 675 2901 Christi,
721 2856 821 2910 per
855 2856 1009 2911 quem
1056 2840 1190 2896 mihi
1232 2843 1462 2898 mundus
1500 2846 1787 2912 cruciﬁxus

1887 1807 1988 1861 sed
2038 1807 2220 1860 solum
2281 1808 2550 1877 appetere
2606 1821 2948 1870 sermonem,
2984 1807 3027 1839 ³¹
3083 1807 3202 1876 Dei,
3253 1808 3403 1863 bona
3450 1809 3511 1863 in

1888 1904 2167 1956 internum
2220 1915 2492 1954 mansura
2535 1899 2851 1972 complecti.
2887 1902 2998 1954 Aut
3042 1900 3088 1954 si
3133 1900 3190 1954 in
3231 1918 3401 1958 carne
3443 1903 3517 1957 sit

1886 1994 2270 2066 gloriandum,
2300 1996 2436 2048 tunc
2474 1994 2639 2065 plane
2670 1994 2902 2065 quando
2939 1994 2997 2048 in
3036 1995 3282 2049 nominis
3301 1996 3348 2030 3’
3386 2014 3514 2052 con-

1885 2088 2131 2143 fessione
2190 2087 2508 2157 cruciatur,
2569 2087 2795 2159 quando
2856 2087 3058 2143 fortior
3120 2088 3333 2144 femina
3386 2091 3516 2146 viris

1888 2181 2289 2255 torquentibus
2340 2181 2645 2251 invenitur,
2688 2181 2919 2253 quando
2971 2182 3137 2253 ignes
3173 2188 3272 2239 aut
3322 2201 3515 2240 cruces

1886 2282 1982 2332 aut
2016 2276 2230 2330 ferrum
2273 2279 2371 2330 aut
2417 2275 2622 2330 bestias
2676 2276 2889 2347 patitur
2937 2280 3001 2330 ut
3042 2280 3372 2334 coronetur.
3422 2280 3518 2333 Illa

1888 2374 2021 2425 sunt
2069 2371 2250 2425 carnis
2307 2370 2552 2441 pretiosa
2602 2370 2857 2439 monilia,
2904 2369 3003 2424 illa
3051 2374 3303 2442 corporis
3352 2391 3519 2430 orna-
3580 2396 3589 2399 '
3670 2386 3675 2391 '

1888 2470 2080 2520 menta
2110 2464 2366 2519 meliora.

1960 2560 2071 2614 Vl].
2097 2558 2206 2615 Sed
2235 2564 2365 2613 sunt
2396 2558 2605 2629 aliquae
2636 2559 2840 2614 divites
2878 2562 2935 2614 et
2974 2560 3307 2616 facultatum
3344 2563 3517 2618 uber-

1889 2657 2005 2708 tate
2037 2652 2376 2723 locupletes,
2407 2668 2535 2723 quzr.
2557 2669 2692 2722 opes
2720 2670 2849 2707 suas
2870 2654 3182 2724 praeferant
3200 2659 3260 2710 et
3277 2672 3335 2710 se
3356 2655 3519 2711 bonis

1888 2748 2003 2801 suis
2056 2746 2136 2801 uti
2188 2746 2401 2801 debere
2447 2746 2823 2801 contendant.
2875 2747 3067 2803 Sciant
3122 2749 3311 2819 primo
3363 2750 3520 2806 illam

1889 2841 2122 2896 divitem
2153 2856 2272 2896 esse
2314 2856 2441 2911 quae
2485 2839 2543 2894 in
2590 2841 2702 2895 Deo
2742 2840 2899 2895 dives
2932 2847 3035 2909 est,
3067 2843 3223 2897 illam
3267 2860 3389 2900 esse
3433 2845 3517 2900 lo-

1540 2988 1751 3052 Variae
1795 2988 2129 3052 lectiones.

222 3123 256 3155 ⁸⁷
275 3125 473 3176 Paulus
506 3129 565 3177 et
589 3125 725 3177 dicit
755 3127 911 3176 Oxon.
988 3125 1031 3160 ³⁸
1056 3126 1339 3191 Virginem
1368 3127 1519 3178 videt
1542 3129 1695 3178 Oxon.
1722 3128 1947 3179 Videret
1974 3128 2086 3176 Lin.
2123 3126 2255 3175 Voss.
2290 3129 2332 3177 1.
2360 3128 2500 3177 Lam.
2533 3127 2684 3177 Ebor.
2752 3128 2794 3159 '9
2816 3128 3011 3178 Carnis
3040 3130 3287 3192 aspergis
3312 3130 3428 3180 Bod.
3450 3132 3504 3182 4ο

174 3266 268 3315 Ben.

176 3194 522 3261 “Proponere
546 3199 636 3248 Ar.
668 3198 811 3248 Lam.
838 3197 944 3247 ΝΟ.
977 3200 1020 3247 1.
1062 3197 1209 3248 Ebor.
1242 3199 1289 3248 2.
1325 3201 1442 3249 Ben.
1514 3200 1782 3254 3'Verbur

1890 3208 1970 3257 od.
1996 3209 2042 3257 4.
2085 3207 2219 3256 Ροεε.
2287 3197 2329 3231 ³³
2350 3200 2603 3250 Nominis
2645 3199 2849 3250 Christi
2890 3198 2997 3249 ΝΟ.
3032 3201 3076 3249 1.
3115 3200 3253 3250 Lam.
3302 3203 3427 3252 Bod.
3457 3203 3507 3252 2.

1474 3354 1698 3435 Steph.
1748 3357 1992 3421 Baluzii
2036 3363 2235 3422 notas.

219 3473 303 3549 (20)
360 3475 701 3549 Continentia
747 3489 872 3526 vero
926 3482 972 3526 et
1027 3477 1305 3541 pudicitia.
1355 3480 1496 3531 Vide
1536 3497 1663 3546 quas
1713 3484 1781 3534 de
1822 3546 1852 3549 Δί
1881 3488 2092 3549 peccet,
2122 3483 2219 3535 sed
2268 3494 2340 3532 ne
2394 3479 2771 3543 suspicionem
2815 3476 3043 3541 quidem
3087 3477 3259 3529 ullam
3300 3481 3515 3545 turpem

171 3546 480 3596 continentia
508 3546 757 3598 diximus
782 3561 967 3612 supra,
997 3548 1064 3599 ad
1095 3550 1383 3612 epistolam
1406 3552 1487 3602 52.

217 3620 301 3680 (2t)
351 3618 545 3669 leebs
588 3621 799 3682 cogitat.
858 3620 938 3670 Ita
994 3621 1161 3670 etiam
1206 3620 1300 3672 lib.
1345 3636 1401 3673 nr
1446 3625 1775 3677 Testimonio-

172 3704 285 3747 rum,
307 3704 421 3754 cap.
449 3689 530 3741 32.
585 3693 656 3740 At
706 3691 1082 3756 Hieronymus
1127 3694 1183 3742 in
1225 3694 1476 3758 Epistola
1527 3696 1595 3747 ad
1636 3698 1780 3747 Eus-

172 3761 406 3823 tochium,
432 3762 501 3811 de
550 3762 864 3825 Virginitate
902 3765 1187 3823 servanda,
1213 3766 1373 3818 aliter
1418 3768 1585 3819 refert
1628 3768 1781 3819 hunc

167 3831 327 3881 locum
381 3846 450 3883 ex
510 3833 756 3896 quadam
815 3837 983 3885 veteri
1062 3838 1322 3888 versione
1377 3838 1484 3889 hoc
1553 3840 1718 3890 modo
1765 3856 1775 3889 :

174 3903 253 3962 Qui
288 3904 395 3953 sine
423 3917 598 3955 uxore
632 3910 705 3955 est
739 3904 992 3957 sollicitus
1030 3913 1102 3957 est
1141 3922 1199 3956 ea
1229 3921 1343 3973 quas
1395 3910 1604 3960 Domini
1639 3917 1779 3970 sunt,

170 3976 399 4036 quomodo
440 3974 656 4037 placeat
706 3977 944 4027 Domino.
993 3979 1093 4040 Qui
1130 3984 1310 4029 autem
1352 3994 1465 4031 cum
1505 3995 1669 4031 uxore
1707 3989 1780 4034 est

168 4044 394 4096 sollicitus
446 4051 525 4096 est
588 4059 652 4096 ea
698 4061 813 4111 quae
858 4054 983 4098 sunt
1032 4049 1195 4112 hujus
1262 4052 1466 4110 mundi,
1519 4054 1779 4116 quomodo

167 4116 341 4179 placeat
386 4120 574 4169 uxori.
626 4119 810 4170 Divisa
856 4126 929 4171 est
980 4121 1174 4171 mulier
1217 4128 1264 4172 et
1300 4125 1466 4187 virgo.
1514 4125 1635 4185 Quae
1671 4139 1781 4176 non

168 4192 226 4237 est
249 4195 404 4253 nupta
434 4192 642 4254 cogitat
683 4202 801 4253 qua:
828 4196 949 4240 sunt
985 4193 1211 4255 Domini,
1244 4198 1303 4242 ut
1351 4196 1421 4245 sit
1459 4201 1645 4247 sancta
1670 4210 1779 4246 cor-

166 4270 273 4320 pore
309 4266 351 4309 et
389 4262 610 4325 spiritu.
663 4261 875 4311 Verum
923 4262 1072 4313 idem
1116 4264 1491 4330 Hieronymus
1531 4268 1589 4317 in
1636 4267 1778 4319 libro

164 4331 317 4393 primo
337 4333 601 4384 adversus
628 4332 973 4384 Iovinianum
997 4335 1273 4399 improbat
1296 4336 1445 4388 hanc
1465 4339 1778 4390 versionem

164 4405 208 4449 et
231 4404 296 4452 ait
322 4404 475 4455 illam
505 4418 621 4455 non
655 4418 778 4456 esse
815 4406 1139 4470 apostolica
1180 4410 1444 4459 veritatis.
1475 4409 1547 4460 Et
1592 4414 1779 4461 tamen

168 4471 213 4520 in
237 4474 367 4526 libro
390 4477 652 4528 adversus
670 4478 973 4530 Helvidium
1001 4482 1249 4532 referens
1287 4480 1548 4533 eumdem
1590 4484 1777 4534 locum

168 4548 262 4620 ait:
294 4570 320 4598 α
345 4551 495 4615 Quid
528 4552 794 4616 oblatras,
824 4554 962 4620 quid
996 4551 1315 4620 repugnas!
1342 4556 1456 4607 Vas
1489 4556 1779 4608 electionis

168 4615 387 4683 loquitur
423 4638 434 4671 :
470 4622 658 4673 Divisa
688 4615 1012 4687 est,dicens,
1042 4615 1235 4677 mulier
1256 4632 1302 4678 et
1329 4628 1493 4692 virgo.
1514 4643 1544 4675 s
1569 4628 1779 4678 Eadem

170 4692 397 4763 versione
449 4707 618 4744 usum
669 4708 792 4746 esse
838 4696 1244 4748 Tertullianum
1301 4699 1479 4763 liquet
1525 4712 1594 4749 ex
1637 4699 1778 4749 libro

169 4761 267 4821 ejus
292 4764 353 4813 de
388 4765 691 4828 Virginibus
723 4765 982 4818 vetandis.

220 4834 311 4897 (22)
360 4838 445 4887 Sic
496 4843 547 4887 et
587 4839 750 4903 virgo.
800 4840 860 4889 In
910 4841 1103 4892 codice
1148 4844 1327 4895 sancti
1381 4845 1678 4910 Arnulphi.
1723 4848 1779 4896 in

169 4900 429 4995 Eeccensi,
486 4900 953 4995 etﬂin'editione
1007 4914 1240 4966 Morellii
1282 4916 1483 4979 legitur
1519 4933 1530 4965 :
1564 4900 1677 4966 .Sic
1732 4920 1856 4995 stD

170 4976 336 5027 mulier
361 4985 410 5029 et
443 4983 606 5045 virgo
630 4982 874 5046 innupta.

224 5046 309 5110 (23)
356 5050 578 5123 Dubitat
622 5065 694 5102 an
742 5056 891 5118 virgo
936 5056 1021 5105 sit.
1067 5057 1129 5106 In
1181 5058 1374 5109 codice
1419 5058 1784 5123 Gratianopo—

170 5114 586 5195 litanodegitur,
621 5142 647 5169 «
686 5114 917 5175 Dubitet
960 5139 1029 5175 an
1074 5131 1245 5190 nupta
1288 5132 1383 5178 aut
1428 5130 1582 5195 virgo
1622 5114 1709 5180 sit:
1758 5147 1784 5175 ι»

177 5186 541 5262 Tertullianus
570 5231 582 5255 ,
642 5196 700 5244 in
769 5194 914 5246 libro
972 5197 1035 5247 de
1116 5186 1422 5262 Virginibus
1479 5186 1722 5251 vitandis
1773 5216 1783 5249 :

172 5272 197 5302 ί
242 5260 477 5314 Difﬁcile
530 5265 732 5315 mulier
774 5267 947 5317 semel
1000 5268 1063 5318 ﬁt
1119 5260 1244 5332 quae
1302 5285 1412 5322 non
1462 5274 1618 5323 timet
1668 5272 1786 5324 fieri

179 5343 395 5405 quisque
446 5338 570 5399 jam
629 5337 777 5388 facta
839 5342 1020 5403 potest
1079 5341 1350 5405 virginem
1408 5344 1627 5394 mentiri
1682 5343 1788 5393 sub

180 5400 294 5478 Deo.
324 5425 350 5450 ιθ
382 5407 555 5471 Apud
584 5408 818 5459 Dionem
839 5400 1125 5474 Cassium,
1164 5400 1258 5462 lib.
1286 5425 1516 5474 xxxvu,
1553 5416 1790 5478 legimus

184 5468 449 5551 9838mm
488 5492 721 5530 uxorem
766 5494 927 5531 suam
970 5468 1286 5547 suspectam
1327 5468 1580 5537 adulterii
1607 5468 1790 5551 ‘repu-

177 5542 352 5620 diasse,
396 5564 513 5600 non
560 5552 707 5615 quod
759 5552 1014 5604 crederet
1057 5542 1184 5619 quae
1227 5556 1296 5607 de
1340 5571 1403 5608 ea
1452 5542 1789 5620 ferebantur,

178 5616 259 5694 sed
299 5621 447 5682 quod
480 5621 691 5673 diceret
738 5638 852 5675 non
901 5616 1161 5689 posse—se
1190 5641 1313 5678 eam
1359 5631 1656 5694 conjugem
1692 5616 1791 5680 ha;

178 5683 291 5764 bere
320 5704 446 5755 quin
482 5694 657 5744 semel
700 5683 961 5747 adulterii
1000 5701 1283 5749 commissi
1324 5683 1580 5764 suspecta
1612 5700 1794 5752 habe-

182 5761 342 5823 retur;
395 5764 618 5827 pudicas
666 5767 811 5818 enim
875 5782 998 5821 esse
1047 5784 1158 5821 non
1203 5772 1369 5824 modo
1422 5761 1485 5823 ut
1533 5787 1606 5825 ne
1658 5772 1794 5839 quid

496 5855 769 5924 PA‘I‘ROL.
794 5860 896 5926 IV.

1802 3546 1856 3619 C
1882 3546 1951 3608 de
1978 3571 2040 3608 se
2065 3546 2324 3620 prmbeat.

1946 3627 2043 3691 (24)
2068 3619 2303 3676 ’Parem.
2357 3622 2547 3685 Codex
2610 3620 3026 3684 Seguierianus,
3085 3619 3256 3670 Talem
3303 3627 3349 3672 te
3394 3625 3517 3673 inte-

1895 3701 2071 3748 tritas.

1880 3712 2191 3831 ngigf'Non
2234 3771 2439 3817 tantum
2481 3777 2718 3828 corpore.
2774 3763 3136 3813 Dissimulare
3179 3778 3291 3814 non
3335 3766 3512 3819 debeo

1880 3840 2073 3892 decem
2120 3845 2173 3891 et
2216 3852 2417 3890 novem
2458 3840 2643 3888 vetera
2693 3836 3048 3900 exemplaria,
3089 3841 3146 3886 et
3190 3839 3246 3887 in
3286 3840 3367 3890 eis
3410 3841 3509 3893 Se-

1879 3913 2260 3976 guierianum,
2318 3909 2529 3960 habere
2600 3921 2711 3958 non
2774 3907 2943 3958 solum
3007 3908 3362 3971 corporaliter
3423 3915 3512 3964 sed

1876 3983 2213 4047 spiritaliter.
2262 3982 2579 4049 Lectionem
2620 3979 2901 4049 vulgatam
2942 3981 3264 4049 nonreperi
3300 3984 3406 4032 nisi
3453 3986 3509 4034 in

1878 4055 2125 4117 antiquis
2167 4051 2507 4103 editionibus
2554 4053 2610 4100 et
2652 4050 2710 4098 in
2757 4048 2979 4098 duobus
3018 4048 3174 4099 libris
3203 4053 3506 4104 veteribus.

1879 4124 2101 4176 Retinui
2147 4128 2329 4174 tamen
2378 4136 2502 4173 eam
2561 4121 2691 4186 quia
2747 4125 2831 4171 est
2876 4120 3198 4184 elegantior,
3249 4127 3508 4186 quamvis

1877 4199 2053 4248 sciam
2093 4197 2148 4246 in
2198 4195 2340 4245 libro
2390 4195 2453 4243 de
2496 4194 2748 4243 Oratione
2790 4191 3081 4254 Dominica,
3110 4207 3207 4256 pro
3247 4207 3312 4245 eo
3355 4197 3508 4260 quod

1877 4267 1992 4318 illic
2026 4269 2293 4331 scriptum
2335 4271 2420 4316 est
2462 4267 2635 4329 magis
2675 4263 2953 4328 spiritalis,
2980 4264 3249 4329 quosdam
3293 4271 3507 4320 veteres

1876 4339 2049 4389 libros
2081 4338 2287 4389 habere
2318 4336 2633 4401 spiritalior.

1944 4411 2039 4474 (26)
2097 4411 2255 4460 Comi.
2312 4410 2392 4458 lta
2441 4408 2693 4471 plerique
2749 4406 2873 4456 libri
2920 4410 3148 4457 veteres.
3196 4408 3289 4460 Sic
3340 4413 3505 4461 etiam

1878 4483 2024 4547 apud
2090 4482 2407 4531 Aldelmum
2456 4480 2512 4529 in
2582 4478 2723 4528 libro
2781 4478 2847 4526 de
2908 4479 3080 4528 Laude
3147 4480 3502 4542 Virginitatis.

1879 4555 2000 4604 Non
2040 4554 2296 4617 displicet
2335 4556 2520 4601 tamen
2555 4549 2660 4598 alia
2699 4548 2883 4609 lectio,
2922 4562 3121 4598 comam
3160 4556 3383 4601 nutrire.
3416 4555 3502 4602 In-

1879 4626 1980 4687 fra,
2022 4626 2079 4675 in
2126 4625 2234 4675 hoc
2270 4625 2389 4687 ipso
2432 4620 2592 4682 libro,
2637 4634 2758 4684 pag.
2789 4621 2923 4669 178:
2964 4636 2989 4663 «
3033 4619 3195 4682 Quod
3231 4625 3411 4672 ornari
3455 4627 3507 4673 te

1879 4701 2060 4761 putas,
2097 4695 2249 4761 quod
2281 4700 2446 4759 putas
2485 4692 2650 4751 comi,
2692 4692 3037 4754 impugnatio
3079 4696 3165 4740 est
3202 4692 3306 4742 ista
3335 4694 3507 4745 divini

1881 4783 2075 4901 Οῐῖἓῗῗ,
2105 4786 2237 4888 :‘um
2296 4836 2642 4900 integritatis.
2713 4835 2836 4885 Duo
2910 4832 3034 4883 libri
3095 4838 3330 4891 veteres.
3393 4852 3508 4888 cum

1879 4911 2065 4976 a/fectu
2103 4909 2441 4973 integritatis.
2481 4906 2593 4956 Alii
2627 4909 2753 4968 tres,
2787 4919 2903 4955 cum
2935 4906 3239 4969 integritate
3275 4909 3510 4960 candida

1878 4986 1952 5034 sis
1985 4987 2031 5032 et
2056 4981 2277 5046 pudore.

1948 5054 2044 5116 (28)
2113 5052 2436 5102 Candidata.
2495 5050 2572 5100 Ita
2633 5049 2804 5100 editio
2858 5048 3093 5109 Erasmi,
3154 5064 3285 5102 cum
3350 5057 3513 5105 antea

1886 5126 2159 5191 legeretur
2195 5123 2444 5175 candida.
2484 5122 2664 5184 Quam
2700 5122 2997 5172 lectionem
3037 5134 3138 5187 ego
3173 5122 3513 5188 deprehendi

1888 5199 1943 5248 in
1977 5195 2236 5247 undecim
2289 5195 2444 5245 libris
2486 5194 2785 5244 veteribus.
2840 5193 3022 5243 Aliam
3068 5196 3246 5258 reperi
3294 5196 3351 5246 in
3396 5198 3514 5248 edi-

1888 5268 2136 5321 tionibus
2180 5267 2412 5318 Manutii
2442 5270 2498 5316 et
2544 5265 2778 5316 Morellii
2818 5270 2873 5315 et
2915 5267 2970 5316 in
3016 5266 3141 5316 aliis
3186 5272 3311 5318 octo
3357 5269 3515 5319 codi-

1889 5340 2064 5392 cibus.
2116 5338 2496 5389 Tertullianus
2538 5338 2594 5386 in
2647 5337 2790 5387 libro
2842 5350 2879 5387 ιι
2930 5336 3002 5387 ad
3054 5339 3274 5389 Uxorem
3325 5338 3515 5389 dixit:

1891 5430 1919 5458 α
1954 5412 2075 5478 Ipse
2110 5412 2211 5461 Dei
2246 5408 2576 5461 candidatus
2615 5412 2700 5458 est
2738 5409 2951 5458 timore.
2996 5427 3023 5453 »
3075 5408 3145 5457 Et
3181 5409 3237 5458 in
3283 5409 3424 5459 libro
3456 5411 3520 5460 de

1889 5484 2157 5546 Baptismo
2187 5498 2203 5531 :
2238 5498 2267 5530 α
2293 5479 2575 5544 Agebatur
2605 5480 2794 5543 itaque
2835 5478 3149 5542 Baptismus
3182 5480 3521 5544 poenitentia:

1891 5556 2049 5622 quasi
2103 5553 2430 5606 candidatus
2472 5551 2818 5603 remissionis
2866 5554 2921 5600 et
2967 5550 3424 5602 sanctiﬁcationis
3468 5552 3526 5600 in

1894 5629 2114 5680 Christo
2147 5625 2552 5677 subsecuturas.
2590 5639 2619 5670 »

1956 5701 2053 5767 (29)
2113 5700 2308 5750 Sermo.
2356 5698 2613 5763 Plerique
2667 5695 2791 5745 libri
2830 5698 3075 5767 veteres,
3104 5696 3170 5740 ut
3223 5694 3537 5767 frequenter

1899 5760 2052 5840 alibi,
2100 5772 2310 5824 habent
2355 5760 2581 5823 verbum.
2615 5768 2756 5818 Vide
2805 5772 2973 5819 notas
3014 5764 3084 5812 ad
3125 5760 3423 5827 epistolam
3464 5762 3553 5825 ὃ),

3164 5858 3259 5919 ὶὸ
