3978 6194
210 5876 455 6049 Ἣ.

499 251 602 306 459

1385 247 1443 302 S.
1485 244 1794 301 CYPRIANI
1834 244 2111 301 OPEHUM
2157 245 2327 301 PARS
2368 242 2424 300 11.
2469 275 2535 284 -
2573 246 2939 303 UPUSCUIA.
3727 258 3813 316 460

500 377 783 447 cupletem
834 389 961 444 quae
1012 371 1258 441 locuples
1304 370 1360 423 in
1415 368 1640 425 Christo
1684 373 1788 437 est,
1841 368 1988 423 bona
2033 367 2402 453 illaAﬁdem
2436 369 2680 423 nominis
2711 368 2945 423 sectatio
2990 368 3262 437 veritatis,
3318 373 3374 422 et
3414 372 3653 430 credenti
3688 395 3812 449 prs:-

504 486 626 523 esse
657 484 784 539 qua:
825 470 959 520 sunt
1000 463 1292 536 spiritalia,
1326 462 1536 530 divina,
1565 462 1832 529 coelestia,
1865 478 1993 532 quae
2026 478 2128 516 nos

499 564 569 618 ad
598 565 775 618 Deum
804 560 1037 625 ducant,
1066 575 1194 629 quae
1235 556 1529 611 nobiscum
1575 555 1726 627 apud
1773 556 1951 610 Deum
1996 570 2124 626 per-

499 662 666 729 petua
700 655 1053 727 possessione
1086 654 1194 722 (30)
1228 657 1624 722 permaneant.
1653 653 1954 716 Caeterum,
1978 665 2128 718 qure-

499 766 724 821 cunque
756 754 977 804 terrena
1010 752 1142 800 sunt
1169 745 1226 799 in
1254 744 1459 799 saeculo
1499 746 1733 815 accepta
1774 749 1829 797 et
1862 743 1953 796 hic
1993 758 2124 796 cum

501 845 705 900 saeculo
752 857 1082 898 remansura
1116 841 1182 907 ³³,
1217 842 1336 893 tam
1375 838 1669 892 contemni
1714 837 1920 892 debent
1952 854 2126 909 quam

500 938 752 993 mundus
795 937 914 1007 ipse
959 933 1367 999 contemnitur,
1415 932 1575 1001 cujus
1620 931 1842 1002 pompis
1888 935 1945 985 et
1985 930 2123 985 deli-

499 1032 599 1086 ciis
632 1031 752 1101 jam
797 1032 929 1083 tunc
977 1025 1428 1081 renuntiavimus
1473 1041 1603 1079 cum
1656 1025 1891 1079 meliore
1938 1027 2127 1078 trans-

500 1140 695 1198 gressu
743 1123 813 1177 ad
861 1123 1042 1176 Deum
1083 1119 1359 1174 venimus.
1389 1119 1629 1173 Joannes
1676 1134 1777 1171 nos
1824 1117 2028 1172 excitat
2071 1122 2127 1173 et

495 1221 758 1275 hortatur
800 1214 1038 1287 spiritali
1087 1216 1142 1267 et
1188 1213 1404 1267 caelesti
1440 1228 1570 1267 voce
1615 1216 1941 1266 contestans
1972 1211 2121 1281 (3t):

496 1315 696 1375 Nolite,
726 1311 826 1377 ait,
854 1311 1081 1378 diligere
1107 1308 1371 1361 mundum
1398 1322 1569 1375 neque
1598 1322 1660 1360 ea
1686 1321 1805 1375 quae
1834 1308 1895 1360 in
1924 1306 2125 1360 mundo

496 1414 620 1463 sunt
652 1407 719 1458 3‘.
748 1406 809 1461 Si
851 1404 970 1473 quis
1007 1402 1260 1455 ditemcrit
1291 1400 1573 1462 mundum,
1608 1415 1716 1453 non
1759 1405 1837 1453 est
1883 1400 2126 1453 charitas

497 1502 680 1557 Patris
726 1501 785 1551 in
823 1497 956 1562 illo;
1002 1496 1259 1564 quoniam
1301 1509 1451 1547 omne
1477 1492 1624 1563 quod
1670 1495 1729 1546 in
1777 1492 1980 1546 mundo
2023 1497 2121 1562 est,

495 1592 928 1662 concupiscentia
956 1590 1135 1643 carnis
1164 1593 1259 1649 est,
1293 1594 1341 1642 et
1368 1588 1799 1657 concupiscentia
1828 1587 2121 1648 oculorum,

497 1687 685 1760 447
739 1692 789 1741 et
830 1685 1053 1738 ambitio
1090 1682 1294 1744 saeculi,
1325 1697 1441 1751 qua:
1469 1697 1575 1735 non
1620 1688 1697 1734 est
1743 1698 1777 1733 a
1824 1684 2003 1742 Patre,
2032 1681 2125 1734 sed

2231 461 2411 515 mium
2442 462 2607 516 datur
2637 464 2683 496 39
2711 462 2752 515 si
2784 462 2931 533 quod
2963 462 3219 516 creditur
3250 468 3307 516 et
3334 471 3571 533 geratur.

2299 652 2437 705 VIlI.
2469 651 2824 722 Locupletem
2850 655 2906 704 te
2957 650 3094 706 dicis
3126 657 3182 704 et
3219 650 3466 707 divitem.
3499 654 3599 710 Sed
3637 657 3817 717 divitiis

2228 744 2339 798 tuis
2364 745 2568 799 Paulus
2608 744 2872 811 occurrit,
2906 751 2962 799 et
3006 745 3075 800 ad
3126 745 3341 799 cultum
3380 748 3544 818 atque
3584 760 3816 809 ornatum

2229 841 2391 892 tuum
2415 838 2570 908 justo
2596 839 2707 892 ﬁne
2747 838 2855 908 (33)
2909 838 3327 893 moderandum
3381 856 3481 894 sua
3527 857 3651 898 voce
3691 863 3813 916 pra-

2226 932 2419 986 scribit
2459 950 2469 984 :
2516 935 2656 993 Sint,
2707 931 2910 1003 inquit,
2958 934 3208 987 mulieres
3262 949 3383 987 cum
3430 938 3727 993 verecundia
3777 948 3819 996 et

2225 1028 2494 1096 pudicitia
2519 1032 2885 1097 componentes
2914 1042 2989 1089 se,
3018 1043 3124 1081 non
3150 1030 3206 1081 in
3232 1029 3389 1082 tortis
3410 1030 3653 1095 crinibus,
3678 1049 3821 1103 neque

2228 1135 2386 1187 auro,
2430 1137 2600 1190 neque
2641 1122 2980 1190 margaritis,
3024 1127 3119 1175 aut
3166 1128 3309 1175 veste
3348 1124 3603 1191 pretiosa,
3647 1128 3729 1180 sed
3765 1135 3818 1183 ut

2227 1215 2370 1269 decet
2411 1215 2657 1268 mulieres
2714 1217 3089 1284 promittentes
3144 1217 3449 1269 castitatem
3509 1233 3602 1286 per
3653 1220 3820 1275 bonum

2225 1311 2678 1363 conversationem
2714 1308 2757 1378 (Ι
2790 1311 2955 1371 Tim.,
2991 1325 3048 1376 n,
3082 1306 3158 1377 9).
3197 1310 3338 1363 Item
3390 1310 3581 1364 Petrus
3623 1312 3688 1366 ad
3718 1312 3822 1369 huc

2221 1403 2421 1456 eadem
2453 1407 2733 1473 praecepta
2762 1402 3047 1456 consentit
3075 1407 3130 1456 et
3176 1402 3350 1457 dicit:
3400 1402 3485 1457 Sit
3526 1406 3583 1459 in
3625 1407 3821 1461 muliere

2225 1511 2333 1549 non
2366 1497 2600 1551 anterior
2647 1498 2953 1550 ornamenti
2994 1502 3094 1551 aut
3144 1499 3269 1550 auri
3313 1502 3413 1551 aut
3454 1500 3603 1553 restis
3644 1500 3817 1563 cultus,

2224 1589 2316 1643 sed
2343 1590 2523 1643 cultus
2565 1590 2742 1643 cordis
2786 1589 2829 1660 (l
2870 1592 3039 1657 Pctr.,
3070 1606 3149 1657 ιιι,
3199 1589 3331 1661 3-4).
3366 1588 3560 1665 448
3596 1593 3739 1656 Quod
3780 1593 3819 1647 si

2228 1682 2307 1736 illi
2368 1683 2636 1736 mulieres
2683 1700 2911 1754 quoque
2953 1684 3264 1738 admonent
3311 1685 3636 1739 coercendas
3674 1691 3726 1740 et
3762 1687 3823 1741 ad

491 1800 560 1840 ea:
618 1780 1049 1849 concupiscentia
1095 1777 1293 1830 saeculi.
1352 1779 1421 1831 Et
1472 1775 1711 1829 mundus
1767 1775 2023 1828 transibit
2075 1746 2202 1829 etB
2228 1776 2614 1831 moderandas
2642 1793 2768 1848 quae
2800 1794 3065 1831 excusare
3105 1778 3288 1832 cultus
3325 1794 3459 1832 suos
3503 1779 3701 1833 soleant
3739 1796 3826 1850 per

493 1874 925 1944 concupiscentia
945 1871 1079 1940 ejus.
1099 1872 1206 1937 Qui
1232 1875 1413 1923 autem
1436 1871 1623 1936 fecerit
1644 1869 1981 1922 voluntatem
2004 1869 2121 1928 Dei,

493 1975 675 2026 manet
699 1970 745 2002 ³⁵
773 1970 826 2022 in
856 1972 1137 2026 aeternum,
1170 1964 1430 2033 quomodo
1457 1968 1507 2016 et
1535 1965 1674 2018 Deus
1698 1968 1880 2017 manet
1896 1966 1951 2016 in
1973 1968 2123 2016 aeter-

493 2080 623 2120 num
654 2064 693 2133 (Ι
721 2064 904 2123 Joan.,
939 2076 996 2127 ιι,
1027 2059 1225 2127 lii-l7).
1256 2059 1481 2110 Aiterna
1513 2056 1690 2128 igitur
1711 2061 1766 2111 et
1797 2056 1989 2110 divina
2013 2072 2126 2111 sec-

494 2158 664 2213 tanda
690 2158 841 2220 sunt,
875 2157 931 2208 et
959 2152 1155 2208 omnia
1174 2151 1244 2205 de
1264 2151 1360 2204 Dei
1385 2150 1671 2204 voluntate
1690 2149 1948 2204 facienda
1971 2156 2121 2211 sunt,

498 2256 559 2306 ut
591 2248 814 2306 Domini
843 2246 1020 2302 nostri
1050 2245 1283 2315 vestigia
1312 2250 1368 2299 et
1396 2244 1727 2314 magisteria
1745 2242 1934 2298 divina
1957 2246 2128 2298 secte-

496 2362 628 2400 mur
654 2342 721 2412 ³⁶,
756 2341 852 2414 qui
875 2339 1099 2395 monuit
1120 2344 1174 2393 et
1202 2339 1370 2393 dixit:
1401 2340 1523 2394 Non
1552 2338 1807 2392 descendi
1830 2338 1894 2392 de
1920 2339 2044 2392 caelo
2064 2343 2125 2391 ut

494 2441 701 2507 faciam
728 2437 1065 2491 voluntatem
1095 2450 1286 2495 meam,
1309 2433 1402 2486 sed
1429 2432 1766 2487 voluntatem
1792 2431 1902 2501 ejus
1927 2434 2023 2502 qui
2045 2448 2127 2487 me

494 2535 642 2588 misit
668 2532 873 2602 (Joan.,
908 2545 978 2597 vr,
1011 2529 1119 2596 38).
1150 2526 1311 2590 Quod
1342 2526 1390 2579 si
1417 2542 1529 2579 non
1559 2528 1643 2579 est
1676 2526 1862 2595 major
1893 2525 2126 2579 domino

497 2644 597 2681 suo
624 2641 815 2679 servus
834 2629 888 2676 et
908 2621 1201 2675 liberatori
1217 2619 1388 2674 debet
1407 2618 1742 2690 obsequium
1766 2620 1811 2652 37
1834 2619 2124 2687 liberatus,

496 2721 595 2792 qui
622 2735 741 2774 esse
780 2715 1040 2786 cupimus
1074 2712 1398 2779 Christiani,
1435 2712 1713 2767 debemus
1744 2712 1901 2783 quod
1933 2713 2123 2767 Chris-

490 2819 580 2869 tus
628 2813 769 2867 dixit
810 2813 910 2882 (32)
990 2815 1047 2863 et
1101 2808 1233 2862 fecit
1280 2806 1518 2860 imitari.
1568 2806 1850 2876 Scriptum
1906 2812 2009 2875 est,
2072 2812 2129 2861 et

493 2908 708 2977 legitur
732 2911 787 2960 et
812 2903 1043 2958 auditur
1080 2905 1137 2957 et
1178 2902 1236 2955 in
1279 2900 1606 2971 exemplum
1651 2901 1827 2954 nostri
1871 2902 2127 2955 Ecclesia:

495 3020 592 3058 ore
618 3000 939 3056 celebratur
968 3014 980 3050 ε
1017 2998 1121 3064 Qui
1145 2996 1279 3050 dicit
1298 3011 1352 3049 se
1380 2998 1437 3048 in
1468 2994 1680 3049 Christo
1708 3010 1947 3062 manere,
1977 2996 2129 3049 debet

2228 1870 2498 1924 maritum
2532 1871 2599 1937 ‘0,
2640 1875 2855 1942 quanto
2900 1870 2954 1925 id
3006 1870 3189 1940 magis
3233 1870 3537 1926 observare
3578 1871 3827 1943 virginem

2230 1965 2311 2017 fas
2340 1968 2451 2032 est,
2484 1963 2571 2018 cui
2619 1964 2775 2017 nulla
2818 1969 3054 2019 ornatus
3095 1964 3178 2018 sui
3216 1968 3507 2035 competat
3540 1966 3710 2034 venia,
3741 1982 3828 2021 nec

2232 2057 2482 2112 derivari
2531 2057 2588 2111 in
2648 2058 2888 2112 alterum
2945 2059 3120 2128 possit
3174 2058 3540 2113 mendacium
3582 2059 3826 2130 culpis“,

2229 2151 2327 2205 sed
2359 2152 2478 2206 sola
2506 2152 2625 2223 ipsa
2649 2158 2937 2206 remaneat
2969 2151 3025 2207 in
3058 2152 3315 2207 crimine.

2301 2343 2384 2397 IX.
2415 2343 2782 2413 Locupletem
2816 2347 2866 2396 te
2899 2342 3038 2396 dicis
3057 2347 3114 2397 et
3140 2342 3398 2397 divitem.
3425 2343 3531 2398 Sed
3554 2360 3658 2398 non
3680 2359 3827 2398 omne

2235 2437 2385 2508 quod
2413 2440 2605 2508 potest
2632 2436 2797 2491 debet
2825 2440 2880 2490 et
2911 2436 3056 2505 fieri,
3091 2454 3195 2492 nec
3221 2437 3513 2493 desideria
3552 2438 3753 2509 prolixa
3785 2443 3831 2491 et

2229 2531 2300 2585 de
2346 2530 2538 2585 smculi
2587 2530 2904 2585 ambitione
2950 2530 3239 2585 nascentia
3283 2532 3432 2585 ultra
3478 2532 3742 2587 honorem
3779 2547 3833 2584 ac

2228 2625 2507 2696 pudorem
2554 2623 2901 2695 virginitatis
2947 2624 3198 2691 extendi,
3244 2641 3376 2679 cum
3425 2625 3690 2696 scriptum
3732 2625 3827 2679 sit:

2230 2718 2423 2781 Oinnia
2491 2719 2669 2780 licent,
2722 2718 2816 2772 sed
2878 2733 2984 2772 non
3045 2721 3224 2771 omnia
3287 2719 3616 2788 expediunt;
3677 2720 3833 2772 omnia

2230 2812 2407 2879 licent,
2437 2812 2530 2866 sed
2555 2827 2665 2865 non
2710 2813 2891 2865 omnia
2937 2811 3205 2880 aediﬁcant
3238 2811 3279 2883 (Ι
3313 2812 3462 2873 σον..
3498 2829 3550 2880 x,
3594 2811 3697 2883 23).
3728 2812 3829 2865 Cae-

2228 2909 2437 2971 terum,
2486 2905 2533 2958 si
2583 2909 2642 2958 tu
2693 2908 2749 2957 te
2806 2904 3195 2975 sumptuosius
3240 2904 3349 2978 (34)
3403 2922 3613 2972 comas,
3656 2907 3708 2960 et
3746 2920 3835 2975 per

2229 2998 2526 3069 publicum
2595 2997 2923 3052 notabiliter
2979 2998 3227 3067 incedas,
3281 2999 3475 3054 oculos
3526 2999 3580 3052 in
3642 3002 3692 3053 te
3740 2999 3831 3068 (35)

492 3095 755 3166 quomodo
786 3094 878 3146 ille
906 3091 1210 3146 ambulavit
1242 3096 1292 3143 et
1327 3093 1439 3157 ipse
1478 3089 1761 3143 ambulare
1787 3089 1825 3160 (I
1857 3091 2044 3152 Joan.,
2068 3106 2123 3156 n,
2148 3117 2203 3190 C
2221 3092 2539 3162 juventutis
2580 3091 2796 3158 illicias,
2828 3091 3073 3163 suspiria
3118 3093 3569 3148 adolescentium
3623 3098 3742 3164 post
3788 3094 3831 3145 te

494 3192 565 3261 6).
600 3186 1017 3243 Ambulandum
1048 3187 1132 3236 est
1158 3182 1334 3252 igitur
1360 3182 1609 3252 vestigiis
1638 3182 1881 3252 paribus,
1915 3183 2127 3238 azmula

494 3281 852 3355 ingressione
908 3278 1206 3332 nitendum
1267 3282 1366 3329 est.
1418 3276 1572 3329 Tunc
1621 3277 1927 3346 respondet
1954 3279 1998 3310 ³⁸
2051 3278 2123 3331 ad

2231 3186 2436 3251 trahas,
2468 3184 2909 3255 concupiscendi
2935 3184 3229 3240 libidinem
3263 3188 3499 3254 nutrias,
3529 3183 3826 3258 suspirandi

2228 3281 2472 3332 fomenta
2521 3279 2630 3349 (36)
2676 3278 3005 3345 succendas,
3038 3284 3120 3346 ut,
3169 3279 3272 3334 etsi
3310 3280 3435 3351 ipsa
3477 3297 3590 3335 non
3630 3294 3829 3350 pereas,

1892 3406 2097 3469 Varias
2141 3406 2477 3471 lectiones.

557 3536 595 3565 ³³
622 3532 683 3581 In
709 3530 918 3580 smculo
948 3532 1001 3579 et
1029 3528 1238 3578 saaculo
1268 3538 1591 3577 remansura
1620 3524 1741 3574 Bod.
1771 3528 1811 3577 l.
1854 3526 2099 3591 Accepta
2132 3528 2273 3577 Lam.
2309 3527 2459 3577 Ebor.
2531 3530 2571 3561 υ
2594 3530 2705 3578 Aut
2732 3541 2797 3579 ea
2826 3542 2953 3593 quia
2981 3529 3037 3579 in
3063 3527 3275 3579 mundo
3305 3534 3439 3580 sunt
3473 3531 3605 3580 Pem.
3644 3531 3766 3579 Voss.
3791 3529 3831 3578 2.

496 3607 536 3643 ³⁵
560 3599 805 3652 Manebit
843 3599 961 3648 Tha.
1034 3598 1071 3631 ³⁸
1092 3599 1290 3648 Divina
1321 3598 1491 3646 omitl.
1523 3595 1680 3651 Oxon,
1712 3599 1762 3643 et
1793 3597 1929 3644 Man.
1957 3611 2020 3645 ea:
2048 3597 2194 3647 codd.
2238 3599 2348 3647 Ver.
2380 3599 2517 3647 Lam.
2550 3598 2698 3648 Ebor.
2733 3600 2843 3648 Lin.
2891 3600 3022 3647 Voss.
3050 3604 3096 3649 2.
3131 3598 3431 3651 Sectamur
3457 3602 3548 3650 Ar.
3573 3600 3705 3649 Lam.
3737 3598 3830 3647 Lin.

495 3672 618 3723 Bod.
652 3674 698 3732 l,
727 3671 775 3721 2.
844 3668 885 3702 ³⁷
909 3669 1172 3720 Ofﬁcium
1210 3667 1334 3717 Bod.
1379 3670 1426 3729 t,
1470 3666 1518 3726 3,
1550 3667 1596 3716 4.
1668 3665 1708 3699 ³⁸
1728 3665 2108 3729 Respondebit
2147 3669 2240 3718 Ar.
2293 3669 2417 3718 Bod.
2463 3671 2503 3731 Ι,
2546 3670 2597 3726 2,
2639 3670 2686 3717 4.
2734 3670 2839 3717 Mli.
2912 3666 2951 3701 ³⁸
2970 3668 3205 3719 Dabitur
3238 3671 3358 3720 Ben.
3402 3671 3509 3720 Mli.
3576 3666 3621 3701 ⁴⁰
3638 3669 3835 3720 Maritos

506 3747 640 3795 Voss.
674 3746 718 3793 l.
786 3744 827 3774 ⁴¹
852 3739 1127 3791 Mendacii
1156 3740 1320 3804 culpa
1348 3738 1470 3788 Bod.
1504 3740 1549 3787 t.

1801 3820 2022 3902 Steph.
2067 3823 2307 3886 Baluzii
2351 3828 2542 3886 notae.

562 3966 657 4029 (30)
700 3964 1040 4014 Possessione.
1074 3962 1304 4012 Veteres
1347 3960 1620 4011 editiones
1667 3964 1722 4011 et
1763 3960 1958 4012 decem
2001 3962 2127 4013 libri

495 4043 710 4088 veteres
734 4048 1025 4085 mansione.
1560 4046 1563 4049 λ

561 4108 657 4171 (3t)
689 4107 1018 4157 Contestans.
1048 4105 1129 4155 Ita
1156 4105 1423 4169 scriptum
1445 4103 1560 4153 vidi
1589 4103 1645 4153 in
1673 4104 1954 4167 plerisque
1979 4102 2123 4154 codi-

501 4180 664 4232 cibus
710 4178 1122 4241 manuscriptis.
1156 4177 1397 4240 Quidam
1435 4181 1617 4226 tamen
1660 4179 1713 4226 et
1751 4180 1965 4226 veteres
2007 4174 2124 4224 edi—

499 4254 676 4302 tiones
706 4251 1007 4313 prmferunt
1026 4249 1399 4299 corroborans.
1418 4247 1565 4296 Infra
1584 4248 1635 4296 in
1664 4246 1805 4296 libro
1822 4247 1889 4295 de
1903 4246 2087 4310 Lapsis
2111 4261 2121 4294 :

499 4342 525 4367 «
550 4324 651 4372 Dei
679 4336 869 4372 servos
900 4321 1113 4371 caelesti
1141 4333 1278 4370 voce
1309 4317 1693 4368 corroborans.
1720 4335 1747 4361 »

561 4395 658 4454 (32)
710 4393 948 4443 Christus
998 4391 1157 4440 dixit.
1205 4392 1283 4439 Ita
1325 4401 1519 4438 omnes
1563 4387 1689 4437 libri
1738 4390 1966 4448 veteres,
2013 4399 2127 4435 uno

498 4465 733 4516 Thuano
788 4467 1040 4527 excepto,
1100 4464 1158 4512 in
1215 4474 1327 4525 quo
1378 4461 1579 4524 legitur
1632 4458 1768 4521 fecit.
1825 4460 1904 4508 Ita
1957 4459 2124 4507 etiam

2227 3963 2415 4013 videri.
2448 3980 2475 4011 »
2502 3962 2782 4026 Sulpicius
2812 3961 3051 4013 Severus
3079 3961 3223 4011 Dial.
3247 3961 3297 4022 Ξ,
3332 3974 3455 4025 cap.
3492 3961 3584 4011 12:
3614 3978 3640 4005 «
3665 3957 3834 4009 Mulie-

2223 4037 2298 4085 ris
2331 4036 2506 4099 prima
2556 4036 2733 4083 virtus
2780 4038 2862 4083 est
2906 4047 3021 4083 non
3065 4032 3263 4083 videri.
3309 4052 3337 4078 »
3384 4032 3637 4083 Valerius
3684 4029 3835 4081 Maxi-

2224 4119 2349 4155 mus
2402 4106 2499 4156 lib.
2555 4118 2631 4166 iv,
2677 4119 2798 4169 cap.
2856 4107 2906 4167 5,
2966 4103 3130 4153 tradit
3182 4103 3484 4167 Spurinam
3541 4101 3839 4153 excellentis

2224 4178 2663 4242 pulchritudinis
2693 4177 3128 4237 adolescentem,
3159 4189 3288 4226 cum
3316 4178 3457 4226 mira
3500 4175 3681 4240 specie
3701 4185 3837 4224 com-

2226 4250 2471 4315 plurium
2530 4251 2863 4300 feminarum
2927 4248 3229 4298 illustrium
3281 4249 3607 4299 sollicitaret
3650 4244 3838 4302 oculos,

2227 4324 2337 4373 oris
2389 4321 2645 4373 decorem
2700 4320 3026 4371 vulneribus
3077 4320 3419 4380 contudisse,
3463 4321 3592 4384 quia
3638 4316 3838 4368 nolebat

2227 4394 2458 4442 formam
2509 4406 2668 4442 suam
2716 4404 2837 4442 esse
2886 4391 3289 4441 irritamentum
3347 4391 3548 4441 alienm
3596 4387 3836 4439 libidinis.

2230 4464 2398 4525 Idem,
2445 4464 2537 4513 lib.
2589 4478 2664 4523 vr,
2696 4476 2813 4526 cap.
2844 4464 2892 4521 3,
2938 4463 3013 4511 ait
3057 4460 3119 4511 C.
3161 4461 3471 4525 Sulpitium
3514 4460 3730 4512 Gallum
3765 4456 3839 4506 di-

498 4538 782 4587 Erasmus.
819 4537 1010 4587 Melior
1038 4539 1122 4586 est
1155 4539 1340 4585 autem
1378 4534 1543 4583 lectio
1582 4535 1851 4583 veterum.
1882 4528 2205 4598 Respicitl)
2228 4536 2444 4585 misisse
2488 4547 2726 4585 uxorem
2770 4533 2919 4597 quod
2964 4546 3085 4582 eam
3121 4533 3304 4596 capite
3339 4536 3528 4596 aperto
3570 4532 3698 4581 foris
3724 4542 3837 4578 ver-

498 4611 647 4659 enim
704 4610 825 4658 istic
865 4608 1179 4672 Cyprianus
1229 4606 1295 4657 ad
1333 4605 1502 4655 verba
1541 4603 1750 4655 Christi
1794 4602 1960 4667 paulo
1999 4607 2128 4651 ante

497 4681 791 4744 descripta.

556 4752 656 4816 (33)
698 4752 848 4802 Justo
883 4751 998 4815 ﬁne.
1045 4750 1236 4801 Codex
1281 4749 1574 4809 Thuanus,
1606 4746 2011 4811 justificatione.
2048 4745 2128 4795 Ita

496 4826 662 4875 etiam
691 4823 868 4873 codex
890 4823 1069 4873 sancti
1102 4820 1398 4885 Arnulphi.

560 4895 658 4956 (34)
711 4894 773 4943 Si
828 4898 876 4943 te
924 4894 1297 4956 sumptuosius.
1350 4891 1728 4954 Hieronymus
1784 4890 1838 4938 in
1882 4887 2128 4952 Epistola

498 4966 571 5016 ad
618 4967 829 5025 Laetam,
880 4964 947 5013 de
991 4965 1348 5014 Institutione
1391 4962 1521 5013 ﬁliai
1553 4977 1564 5010 :
1593 4979 1621 5008 «
1663 4960 1811 5012 Cave
1850 4974 1919 5010 ne
1967 4956 2129 5010 aures

499 5041 617 5102 ejus
659 5038 923 5100 perfores,
958 5049 1029 5086 ne
1073 5049 1298 5086 cerussa
1342 5038 1398 5085 et
1444 5033 1770 5098 purpurisso
1812 5035 2128 5083 consectata

500 5110 719 5160 Christo
760 5122 853 5158 ora
895 5107 1182 5171 depingas,
1220 5123 1249 5154 »
1296 5112 1402 5156 etc.
1456 5106 1610 5156 Idem
1658 5106 1711 5154 in
1767 5104 2014 5168 Epistola
2057 5107 2128 5156 ad

498 5182 738 5241 Furiam,
769 5181 839 5231 de
869 5179 1149 5229 Viduitate
1191 5178 1497 5228 servanda:
1529 5195 1556 5225 ‹‹
1594 5177 1739 5240 Quid
1788 5177 1919 5227 facit
1954 5178 2009 5226 in
2047 5178 2125 5228 fa-

499 5255 584 5304 cie
627 5252 953 5303 Christiana:
996 5252 1354 5315 purpurissus
1398 5254 1452 5299 et
1501 5250 1769 5299 cerussa?
1806 5268 1832 5293 »
1880 5248 2021 5298 Vide
2069 5250 2125 5298 in

497 5326 639 5376 libro
682 5337 738 5374 ιν
782 5325 844 5373 Τ.
896 5324 1035 5373 Livii
1078 5321 1367 5372 historiam
1412 5321 1483 5371 de
1527 5322 1740 5385 virgine
1778 5320 1986 5370 Vestali
2027 5335 2129 5370 ac-

498 5402 687 5449 cusata
745 5398 966 5460 propter
1027 5394 1239 5445 cultum
1301 5393 1682 5444 amoeniorem.
1743 5392 1805 5440 In
1866 5391 2128 5442 noctibus

496 5468 788 5520 Fesulanis
860 5465 1103 5517 Matthaai
1182 5465 1339 5514 Bossi
1397 5466 1576 5514 exstat
1639 5465 1758 5527 ejus
1817 5463 2127 5514 exhortatio

497 5540 566 5591 ad
619 5541 1002 5591 Bessarionem
1047 5551 1117 5588 ne
1154 5538 1393 5588 feminea
1440 5538 1762 5586 ornamenta
1815 5536 2127 5584 Bononien-

493 5613 651 5663 sibus
709 5612 1084 5661 restituantur.
1149 5609 1289 5659 Vide
1345 5610 1509 5660 etiam
1563 5609 1721 5672 epist.
1779 5607 1812 5657 6
1875 5605 2124 5668 ejusdem

494 5682 757 5734 Mattbmi.

553 5757 651 5815 (35)
696 5754 879 5805 Oculos
926 5752 982 5801 in
1030 5758 1092 5802 te.
1136 5751 1513 5801 Tertullianus
1560 5750 1614 5799 in
1662 5749 1803 5799 libro
1843 5749 1909 5798 de
1958 5748 2124 5812 Virgi-

480 5829 644 5884 nibus
698 5826 934 5880 vitandis
964 5841 982 5874 .·
1023 5842 1052 5874 «
1104 5823 1365 5890 Ejusdem
1412 5821 1663 5872 libidinis
1709 5826 1787 5871 est
1835 5821 2021 5871 videre
2070 5825 2125 5870 et

2229 4612 2405 4656 satam
2434 4609 2766 4669 cognoverat
2801 4619 2811 4652 :
2859 4622 2887 4649 «
2926 4604 3037 4654 Lex
3074 4604 3239 4663 enim,
3277 4605 3476 4669 inquit,
3506 4602 3607 4653 tibi
3644 4604 3839 4651 tantum

2230 4690 2383 4726 meos
2430 4676 2671 4740 praeﬂuit
2721 4676 2915 4726 oculos
2945 4674 3153 4739 quibus
3196 4677 3426 4725 formam
3471 4679 3621 4725 tuam
3662 4682 3838 4735 appro-

2229 4748 2344 4797 bes.
2378 4748 2615 4798 Ulterior
2663 4747 2741 4796 tui
2782 4752 3118 4810 conspectus
3165 4760 3516 4810 supervacua
3560 4744 3838 4795 irritatione

2229 4821 2530 4871 accersitus
2556 4820 2609 4869 in
2638 4820 2956 4883 suspicione
2979 4823 3031 4869 et
3048 4820 3281 4870 crimine
3297 4818 3614 4869 subhasreat
3633 4824 3840 4865 necesse

2228 4897 2328 4940 est.
2362 4910 2390 4935 »

2295 4964 2390 5026 (36)
2439 4963 2764 5027 Suspirandi
2793 4961 3043 5025 fomenta.
3081 4962 3284 5013 Mirum
3324 4964 3407 5011 est
3453 4960 3658 5024 quanta
3691 4955 3757 5004 sit
3788 4951 3839 5027 in

2230 5024 2336 5085 hoc
2378 5024 2549 5084 iloco'
2582 5034 2951 5098 discrepantia
3011 5035 3070 5083 in
3115 5032 3404 5084 codicibus
3452 5024 3838 5090 manuscriptiS-

2228 5107 2352 5157 Duo
2380 5106 2589 5157 habent
2614 5106 2950 5169 suspirandi,
2982 5110 3105 5156 octo
3144 5109 3199 5156 et
3241 5105 3412 5155 editio
3457 5100 3686 5153 Manutii
3731 5108 3840 5159 spe-

2228 5180 2416 5239 randi,
2476 5193 2627 5228 unus
2680 5178 2955 5243 pereundi,
3012 5179 3146 5228 item
3202 5188 3350 5226 unus
3407 5169 3844 5243 stipandi,galius

2226 5251 2524 5313 stuprandi,
2561 5241 2703 5300 alius
2746 5250 2993 5314 denique
3038 5248 3301 5312 peccandi.
3336 5246 3503 5311 Apud
3545 5241 3841 5294 Aldelmum

2229 5322 2284 5369 in
2322 5320 2463 5371 libro
2492 5321 2554 5369 de
2581 5320 2756 5369 Laude
2784 5320 3146 5383 Virginitatis,
3177 5318 3445 5382 spirandi,
3474 5316 3614 5366 forte
3634 5325 3726 5378 pro
3743 5320 3843 5360 sas-

2227 5392 2463 5456 pirandi.
2499 5391 2878 5441 Tertullianus
2908 5392 2962 5438 in
3002 5390 3145 5440 libro
3172 5390 3236 5439 de
3287 5388 3447 5439 Cultu
3497 5386 3843 5448 feminarum:

2229 5482 2256 5508 «
2293 5463 2545 5527 Suspiria
2571 5462 3017 5512 adolescentium
3046 5465 3167 5525 post
3203 5474 3262 5511 se
3290 5458 3488 5510 trahat.
3520 5477 3548 5503 »
3589 5456 3843 5527 Hierony-

2228 5549 2369 5595 mus,
2407 5525 2491 5583 iin
2553 5533 2801 5598 Epistola
2857 5533 2928 5583 ad
2985 5532 3334 5590 Eustochium,
3402 5530 3473 5579 de
3535 5525 3841 5598 Virginitate

2226 5593 2496 5658 servanda
2532 5621 2542 5653 :
2578 5593 2620 5654 ‹‹’
2657 5606 2759 5655 Ha:
2800 5610 2929 5655 sunt
2965 5619 3093 5670 quae
3136 5618 3234 5669 per
3268 5602 3556 5667 publicum
3602 5593 3841 5670 notabili-

2227 5682 2307 5728 ter
2365 5677 2630 5728 incedunt
2685 5680 2738 5728 et
2789 5666 3007 5727 furtivis
3059 5666 3346 5728 oculorum
3392 5672 3623 5724 nutibus
3663 5666 3841 5718 adole-

2225 5748 2497 5798 scentium
2530 5761 2723 5812 greges
2748 5752 2870 5812 post.
2895 5762 2954 5798 se
2996 5747 3240 5798 trahunt.
3274 5768 3299 5794 ››
3333 5745 3486 5795 idem
3523 5745 3578 5793 in
3612 5738 3839 5805 Epistula

2225 5821 2293 5870 ad
2345 5820 2675 5883 Gcruntiam,
2732 5819 2801 5869 de
2850 5819 3195 5884 Monognmia
3239 5834 3251 5868 :
3303 5836 3331 5865 ‹‹
3384 5818 3467 5869 Ne
3515 5814 3839 5884 propositum
