3978 6194
170 259 244 310 itit
1266 252 1469 309 LIBER
1501 255 1585 309 DE
1630 254 1869 309 HABITU
1914 250 2262 307 VIRGINUM.

3386 258 3487 314 462

164 380 281 432 alios
308 383 492 431 tamen
528 378 751 448 perdas,
795 381 853 431 et
882 379 1039 432 velut
1066 378 1320 447 gladium
1354 379 1465 450 (37)
1500 384 1552 432 te
1584 382 1641 433 et
1670 395 1759 433 ve-
1787 393 1841 464 Α
1867 383 1920 431 te
1979 377 2221 431 sentiant
2278 376 2628 445 indigentes;
2685 378 3031 448 patrimonio
3081 384 3176 433 tuo
3225 382 3333 452 (30)
3383 382 3494 435 Deo

163 489 347 526 aenum
404 471 722 525 videntibus
776 472 1050 541 praebeas,
1107 473 1365 526 excusari
1431 490 1544 527 non
1604 478 1764 543 potes

161 567 296 637 quasi
322 571 504 620 mente
540 568 698 619 casta
734 565 806 618 sis
836 572 893 619 et
928 567 1151 637 pudica.
1200 567 1513 637 Redarguit
1553 574 1602 620 te
1640 568 1759 620 cul-

158 664 229 713 tus
256 660 542 729 improbus
573 664 630 713 et
658 660 980 731 impudicus
1013 666 1265 729 ornatus,
1305 677 1406 714 nec
1444 662 1761 731 computari

151 756 248 824 jam
282 757 431 823 potes
460 754 603 807 inter
636 754 845 823 puellas
885 760 941 808 et
968 754 1220 826 virgines
1262 754 1489 822 Christi,
1519 771 1646 825 quae
1679 754 1763 808 sic

156 850 270 901 vivis
298 851 357 899 ut
383 850 557 917 possis
590 848 867 901 adamari.

212 943 263 995 Χ.
306 942 664 1011 Locupletem
710 944 762 995 te
807 942 946 996 dicis
998 947 1052 996 et
1098 943 1346 996 divitem.
1399 942 1507 997 Sed
1546 943 1761 1013 jactare

151 1036 349 1089 divitias
380 1052 505 1089 snas
537 1036 817 1105 virginem
854 1054 965 1089 non
1005 1037 1186 1103 decet,
1226 1053 1355 1089 cum
1393 1036 1541 1091 dicat
1573 1036 1759 1106 Scrip-

153 1135 255 1183 tura
290 1129 479 1183 divina
510 1146 522 1181 :
555 1130 699 1195 Quid
743 1132 897 1183 nobis
933 1133 1147 1199 profuit
1186 1131 1459 1200 superbia,
1500 1136 1592 1183 aut
1630 1131 1765 1199 quid

151 1225 447 1277 divitiarum
469 1224 699 1291 jactatio
731 1226 778 1257 ⁸³
811 1226 1037 1278 contulit
1066 1226 1257 1278 nobis?
1286 1227 1621 1278 transierunt
1660 1241 1765 1277 om-

152 1323 228 1371 nia
271 1318 365 1371 illa
415 1324 682 1386 tanquam
725 1320 916 1372 umbra
960 1318 1135 1389 (Sap.,
1169 1335 1220 1386 v,
1252 1320 1336 1385 8);
1383 1325 1437 1372 et
1473 1320 1764 1389 Apostolus

152 1429 349 1465 rursum
384 1416 622 1466 moneat
652 1417 705 1465 et
737 1412 884 1466 dicat
911 1416 1009 1468 :Et
1036 1416 1133 1482 qui
1160 1418 1342 1467 emunt
1373 1416 1448 1466 sic
1474 1415 1585 1467 sint
1610 1416 1769 1483 quasi

152 1524 237 1560 non
276 1513 500 1560 ementes
544 1506 672 1575 (38),
711 1512 762 1561 et
806 1510 904 1576 qui
942 1508 1221 1577 possident
1258 1510 1416 1576 quasi
1458 1524 1561 1561 non
1600 1510 1766 1576 possi-

154 1601 329 1659 dentes,
354 1608 401 1654 et
433 1604 535 1669 qui
559 1600 752 1673 449
774 1602 972 1655 mundo
992 1608 1245 1667 utuntur,
1280 1604 1438 1671 quasi
1461 1618 1568 1655 non
1600 1608 1755 1655 utan-

156 1702 230 1747 tur
266 1695 326 1747 ‘3.
358 1697 605 1749 Praeterit
641 1699 781 1749 enim
809 1698 986 1764 ﬁgura
1020 1695 1175 1764 hujus
1205 1696 1399 1749 mundi
1432 1698 1471 1765 (Ι
1512 1695 1655 1756 Corn,
1694 1711 1762 1761 vi,

1863 472 2059 525 fenera
2112 488 2123 524 :
2180 470 2463 525 Christum
2524 471 2665 525 ciba.
2728 472 2797 526 Ut
2846 473 3185 543 virginitatis
3240 475 3493 545 perferre

1864 565 2105 635 gloriam
2135 565 2318 631 liceat,
2350 570 2410 617 ut
2439 564 2505 617 ad
2538 565 2759 619 Domini
2792 568 3030 637 praemia
3059 569 3251 623 venire
3279 570 3493 623 contin-

1865 664 1979 731 gat,
2036 659 2347 713 multorum
2406 659 2665 728 precibus
2719 676 2915 715 exora.
2976 662 3327 718 Commenda
3379 663 3495 719 illic

1863 754 2160 808 thesauros
2206 758 2332 807 tuos
2376 752 2466 806 ubi
2515 754 2605 806 fur
2649 754 2833 807 nullus
2876 754 3127 823 effodiat,
3156 773 3266 826 quo
3302 757 3494 811 nullus

1865 847 2135 901 insidians
2181 853 2465 916 grassator
2496 848 2797 917 irrumpat.
2831 850 3214 904 Possessiones
3249 851 3352 905 tibi
3395 853 3492 906 sed

1864 941 2120 995 ccelestes
2154 942 2338 1011 magis
2369 958 2651 1012 compara,
2687 941 2779 995 ubi
2821 942 3037 996 fructus
3078 947 3202 997 tuos
3243 943 3404 1015 iuges
3433 962 3495 999 ac

1864 1052 2147 1106 perennes
2197 1042 2251 1089 et
2304 1035 2373 1088 ab
2424 1035 2580 1089 omni
2632 1040 2894 1089 contactu
2945 1036 3167 1106 injuria!
3216 1039 3496 1091 srecularis

1867 1129 2152 1183 immunes
2181 1130 2225 1162 ‘7
2262 1147 2364 1182 nec
2406 1129 2606 1199 rubigo
2642 1134 2869 1195 atterat,
2900 1146 3001 1183 nec
3038 1131 3255 1200 grando
3296 1133 3497 1200 caedat,

1865 1240 1968 1277 nec
1996 1224 2076 1276 sol
2120 1227 2266 1285 urat,
2298 1240 2403 1276 nec
2440 1223 2629 1293 pluvia
2657 1230 3009 1294 corrumpat.
3047 1225 3185 1279 Nam
3216 1225 3500 1296 delinquis

1867 1325 1924 1371 et
1963 1318 2067 1371 hoc
2108 1317 2227 1388 ipso
2262 1318 2317 1370 in
2352 1318 2549 1383 Deum,
2595 1318 2639 1371 si
2678 1318 2745 1371 ad
2787 1318 2890 1371 hoc
2923 1318 3023 1372 tibi
3055 1319 3123 1371 ab
3156 1319 3248 1373 illo
3279 1320 3499 1374 divitias

1866 1410 2026 1465 datas
2063 1410 2247 1465 credis
2280 1416 2338 1464 ut
2362 1412 2469 1464 illis
2509 1428 2619 1463 non
2657 1411 2958 1466 salubriter
2996 1412 3321 1481 perfruaris.
3357 1414 3499 1468 Nam

1867 1512 1922 1559 et
1953 1522 2147 1559 vocem
2180 1506 2326 1558 Deus
2359 1504 2579 1558 homini
2619 1505 2776 1558 dedit
2811 1506 2878 1570 ⁸⁸,
2915 1511 2970 1559 et
2998 1509 3191 1559 tamen
3230 1524 3343 1561 non
3370 1510 3503 1562 sunt

1866 1599 2074 1653 idcirco
2120 1600 2163 1632 ‘9
2209 1600 2487 1652 amatoria
2530 1599 2808 1653 cantanda
2866 1600 2975 1667 (40)
3024 1617 3127 1653 nec
3181 1602 3397 1671 turpia;
3444 1605 3503 1656 et

1870 1690 2062 1763 450
2112 1693 2327 1745 ferrum
2378 1708 2499 1745 esse
2546 1692 2615 1745 ad
2658 1693 2936 1746 culturam
2988 1694 3091 1763 (41)
3141 1698 3307 1748 terra:
3357 1696 3502 1749 Deus

156 1792 224 1853 30,
263 1791 363 1857 31).
396 1790 595 1841 Petrus
627 1790 821 1857 etiam,
860 1790 1121 1843 cui‘oves
1164 1806 1293 1843 suas
1334 1790 1605 1843 Dominus
1640 1806 1764 1859 pas-
1791 1776 1844 1846 Β
1870 1787 2070 1851 voluit,
2129 1804 2229 1839 nec
2280 1786 2588 1839 homicidia
2634 1789 2765 1839 sunt
2813 1786 3015 1841 idcirco
3063 1788 3350 1855 facienda,
3403 1792 3503 1843 aut

154 1882 331 1935 cendas
376 1883 742 1953 tuendasque
788 1884 1178 1949 commendat,
1228 1901 1397 1953 super
1441 1900 1613 1955 quem
1661 1901 1764 1954 p0-

154 1978 243 2029 suit
283 1983 331 2029 et
378 1976 639 2029 fundavit
684 1977 990 2031 Ecclesiam
1029 1980 1097 2045 ⁸⁸,
1141 1995 1346 2031 aurum
1388 1978 1618 2047 quidem
1662 1978 1768 2032 sibi

154 2086 250 2123 esse
293 2074 346 2123 et
390 2078 698 2140 argentum
748 2074 918 2142 negat
965 2073 1130 2140 (Act,
1178 2088 1255 2137 III,
1297 2073 1366 2141 6),
1406 2072 1499 2125 sed
1547 2088 1665 2125 esse
1708 2088 1767 2125 se

155 2164 265 2216 dicit
293 2165 497 2217 Christi
532 2167 711 2235 gratia
740 2166 996 2231 divitem,
1031 2182 1153 2219 esse
1186 2166 1295 2219 fide
1323 2166 1443 2234 ejus
1474 2172 1529 2218 et
1557 2166 1767 2219 virtute

154 2258 487 2329 locupletem,
522 2260 726 2328 quibus
766 2261 949 2313 multa
987 2260 1272 2330 magnalia
1314 2277 1439 2313 cum
1492 2260 1767 2313 miraculo

155 2352 351 2417 faceret,
387 2353 597 2422 quibus
626 2354 690 2405 ad
726 2354 970 2423 gratiam
1006 2354 1199 2425 glorise
1229 2354 1389 2407 bonis
1416 2355 1461 2386 ‘5
1494 2354 1767 2424 spiritali-

158 2445 240 2497 bus
286 2446 631 2500 abundaret.
688 2450 794 2501 Has
854 2464 1009 2519 opes,
1059 2449 1161 2501 has
1213 2448 1433 2501 divitias
1481 2448 1770 2518 possidere

162 2557 248 2592 non
280 2547 459 2610 potest
488 2558 621 2612 quae
646 2558 701 2595 se
725 2542 959 2596 divitem
991 2542 1195 2595 swculo
1217 2543 1428 2595 mavult
1457 2558 1576 2596 esse
1602 2558 1767 2612 quam

164 2633 373 2688 Christo.

216 2728 289 2783 XI.
334 2730 707 2800 Locupletem
754 2736 806 2784 te
850 2730 986 2784 dicis
1027 2734 1081 2784 et
1120 2730 1373 2798 divitem,
1404 2725 1460 2783 et
1495 2730 1769 2783 utendum

162 2828 297 2891 putas
324 2824 387 2876 iis
415 2840 550 2894 quae
587 2824 875 2893 possidere
921 2827 976 2877 te
1020 2825 1162 2878 Deus
1204 2825 1395 2877 voluit.
1443 2826 1627 2889 Utere,
1672 2824 1767 2877 sed

160 2916 215 2967 ad
256 2933 335 2970 res
382 2917 694 2985 salutares;
746 2923 929 2987 utere,
984 2918 1077 2972 sed
1133 2918 1203 2971 ad
1257 2918 1435 2973 bonas
1488 2923 1637 2971 artes
1690 2919 1768 2985 “5;

160 3013 313 3076 utere,
344 3011 438 3064 sed
467 3010 542 3064 ad
573 3011 669 3064 illa
704 3028 826 3082 quae
859 3014 1001 3066 Deus
1028 3011 1305 3082 praecipit,
1341 3029 1465 3082 quae
1494 3012 1771 3066 Dominus

163 3104 399 3160 ostendit.
436 3106 681 3159 Divitem
716 3110 767 3160 te
796 3106 1041 3160 sentiant
1084 3122 1386 3177 pauperes,
1430 3106 1766 3175 locupletem

1870 1881 2002 1951 quia
2031 1880 2201 1934 thura
2232 1885 2287 1934 et
2317 1896 2540 1934 merum
2572 1886 2628 1933 ct
2649 1880 2841 1949 ignem
2863 1881 3010 1934 Deus
3038 1881 3302 1949 instituit,
3333 1884 3501 1937 sacri-

1869 1974 2153 2027 ﬁcandum
2193 1979 2274 2027 est
2304 1974 2435 2027 inde
2477 1973 2667 2039 idolis;
2696 1974 2781 2027 vel
2824 1974 2959 2044 quia
2999 1974 3293 2029 abundant
3329 1992 3501 2046 pecu—

1870 2069 2006 2122 dum
2053 2084 2257 2138 greges
2300 2067 2353 2121 in
2394 2067 2544 2137 agris
2583 2068 2713 2134 tuis,
2760 2068 3011 2122 victimas
3049 2074 3104 2123 et
3148 2070 3360 2124 hostias
3398 2070 3504 2125 diis

1872 2162 2165 2216 immolare
2196 2161 2446 2214 debebis.
2470 2161 2697 2231 Alioqui
2718 2162 2957 2215 tentatio
2985 2168 3070 2217 est
3090 2162 3501 2233 patrimonium

1871 2256 2119 2327 grande,
2174 2255 2395 2334 nisi_ad
2445 2271 2579 2307 usus
2625 2255 2806 2310 bonos
2851 2271 3051 2310 census
3102 2263 3393 2327 operetur,
3444 2263 3504 2313 ut

1871 2350 2219 2421 patrimonio
2264 2350 2311 2381 ⁵ο
2357 2365 2458 2402 suo
2504 2349 2893 2420 unusquisque
2942 2350 3275 2421 locupletior
3320 2352 3506 2423 magis

1872 2445 2155 2497 redimere
2186 2443 2390 2497 debeat
2420 2460 2589 2513 quam
2618 2461 2831 2513 augere
2866 2444 3090 2499 delicta.

1942 2539 2051 2591 ΧΙΙ.
2080 2540 2560 2591 (lrnamentorum
2592 2555 2654 2590 ac
2690 2538 2927 2591 vestium
2962 2539 3206 2609 insignia
3241 2547 3295 2594 ct
3339 2541 3499 2596 leno-

1871 2632 2020 2686 cinia
2060 2633 2374 2685 formarum
2421 2649 2531 2684 non
2580 2632 2686 2685 nisi
2736 2633 3050 2702 prostitutis
3097 2640 3153 2687 et
3198 2635 3503 2705 impudicis

1874 2727 2099 2781 feminis
2130 2730 2469 2795 congruunt,
2506 2730 2563 2779 ct
2588 2726 2872 2780 nullarum
2905 2728 3020 2781 fere
3050 2728 3356 2797 pretiosior
3382 2731 3500 2783 cul-

1872 2827 1961 2875 tus
1990 2825 2074 2875 est
2104 2836 2277 2890 quam
2315 2836 2556 2890 quarum
2595 2819 2783 2890 pudor
2815 2821 2937 2874 vilis
2968 2824 3069 2874 est.
3104 2822 3192 2877 Sic
3224 2822 3279 2876 in
3314 2816 3501 2894 Scrip-

1874 2914 2012 2968 turis
2040 2914 2265 2977 sanctis,
2305 2913 2511 2984 quibus
2552 2930 2651 2967 nos
2694 2914 2893 2967 instrui
2932 2915 3209 2969 Dominus
3246 2915 3421 2971 voluit
3449 2923 3505 2972 et

1872 3009 2114 3077 moneri,
2164 3007 2498 3061 describitur
2546 3008 2740 3061 civitas
2794 3009 3061 3064 meretrix
3107 3012 3240 3079 (42),
3282 3014 3506 3082 compta

1872 3102 2167 3174 pulchrius
2212 3106 2262 3156 et
2311 3106 2544 3169 ornata,
2597 3109 2653 3156 et
2704 3119 2831 3156 cum
2880 3105 3231 3159 ornamentis
3276 3105 3388 3159 suis
3440 3121 3505 3159 ac

1524 3223 1728 3285 Variae.
1774 3220 2109 3284 lectiones.

210 3327 525 3377 “lactantia
561 3328 679 3376 T/zu.
749 3333 788 3361 ⁴¹
816 3330 1051 3379 Utantur
1079 3344 1143 3379 eo
1175 3336 1263 3379 Ar.
1299 3332 1433 3378 Lam.
1461 3332 1564 3380 ΝΟ.
1602 3333 1642 3379 1.
1680 3330 1831 3378 Ebor.
1902 3329 2269 3377 “Ecclesiam
2296 3342 2452 3378 suam
2486 3327 2609 3378 Bod.
2636 3329 2680 3377 4.
2752 3330 2793 3360 ⁴⁵
2818 3329 2991 3378 Donis
3017 3328 3142 3377 Bod.
3166 3331 3210 3378 4.
3280 3330 3323 3362 ⁴⁶
3346 3329 3503 3381 Salu-

161 3402 277 3448 tares
318 3404 367 3449 et
412 3400 482 3449 ad
528 3399 703 3448 bonas
750 3405 896 3450 artes
940 3402 1079 3449 Lam.
1130 3403 1242 3451 Lin.
1282 3404 1416 3450 Foss.
1486 3400 1527 3433 ⁴⁷
1552 3408 1854 3460 Immunes,
1904 3413 2007 3449 nec
2041 3399 2212 3461 judex
2264 3400 2473 3449 ambiat
2516 3412 2619 3449 nec
2661 3400 2926 3462 quaesitor
2970 3400 3235 3463 inquirat.
3290 3400 3402 3450 Vat.
3451 3402 3501 3450 1.

161 3470 191 3499 “
213 3472 531 3521 Hominibus
555 3470 703 3521 dedit
734 3473 843 3521 Li'n.
913 3472 1191 3523 “Idcirco
1220 3475 1388 3521 omitt.
1423 3474 1557 3521 Lam.
1591 3472 1738 3521 Ebor.
1768 3471 1875 3520 NC.
1910 3472 1953 3519 1.
1987 3470 2105 3518 Bod.
2130 3472 2175 3529 t,
2202 3471 2249 3519 Ξ.

2324 3472 2359 3499 π’
2383 3470 2449 3519 Et
2480 3470 2816 3533 patrimonio
2850 3469 2975 3518 Thu.

1436 3582 1658 3663 Steph.
1710 3580 1951 3643 Baluzii
1998 3585 2193 3642 notae.

164 3688 315 3737 vidua:
369 3691 699 3754 exquisitior
774 3690 958 3738 cultus
1034 3691 1279 3739 infamet.
1338 3691 1412 3739 Ne
1474 3690 1761 3739 oculorum

166 3760 358 3809 nutibus
392 3768 441 3810 et
480 3762 764 3811 hilaritate
797 3762 985 3810 vultus
1028 3763 1297 3824 juvenum
1325 3766 1449 3825 post
1482 3776 1540 3811 se
1572 3774 1765 3824 greges

165 3829 329 3877 trahat.
366 3852 389 3875 υ

214 3902 293 3957 (371
331 3904 470 3966 Velut
519 3903 777 3966 gladium.
836 3904 1228 3965 Tertullianus,
1279 3904 1373 3953 lib.
1430 3918 1463 3952 ιι
1515 3903 1576 3951 de
1616 3902 1769 3951 Cultu

166 3970 490 4030 feminarum:
534 3993 560 4021 ‹‹
612 3975 759 4024 Perit
809 3976 955 4024 enim
1014 3976 1104 4024 ille
1148 3977 1311 4024 simul
1357 3979 1419 4023 ut
1468 3979 1617 4023 tuam
1666 3976 1769 4023 for-

167 4055 286 4092 mam
316 4046 675 4109 concupierit,
703 4052 757 4095 et
788 4047 930 4096 facta
976 4061 1035 4096 es
1080 4052 1137 4095 tu
1183 4046 1399 4109 gladius
1444 4046 1593 4094 illi.»
1632 4045 1770 4095 Vide

170 4112 431 4165 Homiliam
464 4118 646 4166 sancti
685 4118 923 4166 Joannis
965 4117 1347 4180 Chrysostomi
1381 4134 1391 4166 :
1428 4134 1455 4164 «
1482 4116 1641 4178 Quod
1680 4129 1770 4167 re-

168 4186 355 4247 gulares
385 4190 613 4237 feminae
645 4189 775 4237 viris
811 4189 1131 4239 cohabitare
1166 4203 1274 4238 non
1308 4189 1562 4239 debeant.
1592 4207 1617 4234 »

220 4259 306 4314 (38)
354 4260 465 4308 Non
520 4264 761 4308 ementes.
812 4258 1085 4321 Quamvis
1135 4262 1304 4309 sciam
1356 4260 1461 4309 hoc
1515 4270 1770 4323 segmen-

170 4330 263 4374 tum
310 4342 414 4377 non
468 4335 690 4379 exstare
736 4331 792 4377 in
838 4331 1014 4392 prima
1064 4330 1310 4393 Epistola
1359 4330 1514 4378 Pauli
1555 4330 1625 4378 ad
1670 4329 1769 4379 Co—

172 4399 383 4457 rinthios,
427 4415 495 4450 ex
550 4415 663 4463 qua
716 4406 973 4465 sumptus
1020 4407 1103 4451 est
1152 4402 1245 4450 hic
1286 4402 1462 4459 locus,
1518 4402 1772 4464 quamvis

172 4472 311 4518 sciam
338 4473 470 4520 illud
502 4487 627 4521 raro
657 4474 888 4535 reperiri
932 4476 985 4521 in
1032 4474 1277 4536 antiquis
1318 4472 1606 4523 codicibus
1641 4486 1768 4535 ope-

174 4551 269 4588 rum
320 4545 491 4591 sancti
557 4542 852 4605 Cypriani,
916 4547 1100 4592 tamen
1165 4542 1381 4602 addidi,
1441 4545 1571 4607 quia
1632 4542 1769 4591 illud

174 4610 327 4664 inveni
370 4615 422 4661 in
480 4614 788 4671 Pithcnano,
837 4614 929 4663 cui
988 4614 1267 4664 consentit
1308 4613 1771 4664 Camberonensis

176 4694 197 4727 a
246 4684 470 4735 Pamelio
519 4686 804 4745 laudatus,
862 4690 916 4735 et
969 4687 1097 4749 quia
1165 4684 1496 4749 Cyprianus,
1556 4684 1649 4734 lib.
1716 4697 1771 4735 III

179 4752 586 4815 Testimoniorum,
618 4771 736 4821 cap.
784 4760 859 4816 11,
910 4757 1167 4806 eumdem
1214 4758 1400 4807 locum
1449 4756 1772 4806 describens

176 4826 309 4875 etiarn
350 4830 455 4878 hoc
502 4836 856 4891 segmentum
908 4830 1088 4879 refert.
1141 4830 1257 4893 Ego
1296 4831 1464 4887 enim,
1504 4834 1563 4877 ut
1610 4833 1772 4878 antea

175 4893 279 4953 dixi,
311 4900 359 4948 in
403 4901 766 4951 emendandis
808 4903 1014 4952 sanctis
1055 4904 1309 4965 martyris
1352 4900 1612 4965 operibus
1659 4915 1770 4950 non

175 4979 330 5028 quaero
359 4973 488 5034 quid
515 4974 820 5035 reperiatur
854 4974 910 5021 in
937 4973 1226 5023 codicibus
1252 4986 1533 5022 sacrorum
1566 4972 1772 5021 Biblio-

178 5050 293 5108 rum,
318 5043 407 5091 sed
452 5044 585 5107 quid
629 5043 941 5107 Cyprianus
982 5045 1281 5108 scripserit.
1315 5044 1547 5094 Videtur
1587 5048 1769 5093 autem

177 5107 537 5191 illehvoluisse
600 5128 823 5165 sensum
884 5117 1065 5166 facere
1098 5107 1412 5179 iintegrum
1475 5129 1599 5165 cum
1667 5115 1848 5191 istaD

180 5180 373 5232 addidit.

227 5253 303 5312 (39}
369 5256 694 5306 Patrimonio
769 5261 874 5305 tuo.
961 5258 1243 5307 Pamelius
1319 5262 1368 5306 et
1442 5262 1565 5321 post
1643 5270 1773 5306 eum

179 5316 411 5386 Rigaltius
460 5334 761 5390 posuerunt
814 5344 843 5376 «
888 5329 1287 5378 Patrimonium
1340 5316 1496 5378 tuum
1540 5330 1656 5378 Deo
1699 5329 1772 5377 fe-

184 5404 307 5464 nera.
333 5416 356 5441 ι)
384 5398 559 5459 Quam
586 5401 880 5449 lectionem
918 5402 1109 5450 inveni
1138 5405 1192 5449 in
1219 5404 1455 5464 quatuor
1489 5400 1772 5463 exempla-

185 5462 307 5513 ribus
333 5472 582 5533 antiquis.
615 5472 843 5521 Veteres
873 5472 1146 5522 editiones
1192 5462 1250 5522 et
1277 5473 1539 5522 undecim
1584 5462 1773 5521 vetera

187 5540 481 5600 exemplaria
508 5541 747 5591 habent:
784 5562 810 5586 α
862 5543 1191 5593 Patrimonia
1231 5548 1323 5593 tua
1368 5545 1481 5593 Deo
1512 5544 1711 5593 fenera.
1748 5558 1775 5589 ν

190 5603 462 5679 {lectionem
520 5620 702 5663 autem
773 5630 940 5678 quam
1020 5630 1121 5679 ego
1202 5617 1405 5665 retinui
1474 5616 1778 5678 prmierunt

190 5674 443 5797 iuoqecim
473 5685 593 5735 libri
620 5674 834 5737 veteres
863 5692 916 5737 et
961 5674 1130 5737 editio
1163 5674 1502 5748 Manutiana,
1532 5688 1775 5749 itemque

231 5764 288 5797 ΠΩ
313 5769 453 5797 lt!an

231 5754 472 5813 nglicana.

243 5825 322 5885 (40)
354 5833 617 5881 Ατηαιονίιι
661 5833 949 5883 contemta.
998 5832 1209 5884 Seneca
1253 5833 1439 5882 rhetor
1484 5833 1539 5882 in
1585 5831 1778 5896 praefa-

1786 3715 1841 3787 C

1867 3689 2016 3737 tione
2046 3686 2558 3737 Controversiarum
2582 3702 2591 3733 :
2628 3704 2656 3735 α
2681 3685 2958 3737 Cantandi
2986 3687 3337 3753 saltandique
3354 3702 3504 3741 nunc

1866 3758 2107 3808 obscena
2150 3758 2332 3807 studia
2373 3757 2724 3807 effeminatos
2768 3762 2973 3807 tenent.
3025 3777 3051 3801 »
3096 3759 3497 3824 Quintilianus,

1871 3830 1963 3879 lib.
2002 3844 2037 3889 ι,
2070 3842 2188 3892 cap.
2224 3829 2254 3877 ‘2
2283 3845 2293 3877 :
2328 3849 2353 3873 «
2386 3829 2562 3879 Omne
2598 3830 2921 3879 convivium
2965 3830 3220 3881 obscenis
3247 3833 3502 3883 cantibus

1871 3903 2081 3964 strepit,
2142 3900 2397 3963 pudenda
2461 3900 2613 3950 dictu
2686 3904 3019 3963 spectantur.
3092 3922 3117 3946 »
3185 3902 3501 3953 Concilium

1874 3974 2224 4031 Veneticum,
2270 3985 2392 4021 can.
2446 3974 2495 4020 11
2538 3987 2549 4019 :
2594 3989 2619 4017 ‹‹
2671 3972 3002 4035 Presbyteri,
3048 3972 3285 4034 diaconi,
3336 3980 3502 4040 atque

1870 4044 2201 4094 subdiaconi
2259 4044 2580 4106 nuptiarum
2640 4044 2847 4093 evitent
2914 4045 3206 4107 convivia,
3275 4060 3379 4097 nec
3436 4050 3500 4097 iis

1871 4116 2288 4165 admisceantur
2332 4114 2428 4163 ubi
2472 4115 2735 4164 amatoria
2780 4119 3075 4165 cantantur
3131 4122 3184 4167 et
3238 4119 3436 4180 turpia.
3472 4136 3499 4163 »

1872 4187 1965 4237 Sic
1994 4186 2157 4235 etiam
2210 4186 2262 4233 in
2312 4198 2527 4235 canone
2575 4187 2634 4235 37
2683 4186 2901 4235 concilii
2948 4187 3320 4250 Agathensis;
3364 4190 3502 4238 Bur-

1872 4257 2132 4317 cbardus,
2192 4256 2286 4305 lib.
2347 4270 2401 4316 ιι,
2461 4270 2581 4320 cap.
2650 4258 2757 4315 134,
2812 4258 2918 4307 hoc
2968 4258 3247 4308 decretum
3298 4261 3498 4322 synodi

1871 4328 2202 4390 Agathensis
2238 4328 2399 4378 refert
2430 4342 2493 4377 ex
2537 4328 2689 4378 dictis
2735 4330 3034 4391 Augustini.
3070 4330 3163 4381 Sic
3192 4332 3356 4381 etiam
3404 4334 3498 4382 lvo

1873 4400 2247 4460 Carnotensis,
2280 4404 2430 4462 parte
2458 4413 2532 4459 vr,
2574 4414 2693 4463 cap.
2742 4401 2852 4450 209.
2896 4402 2966 4449 At.
3009 4403 3306 4453 Gratianus
3356 4409 3501 4454 recte

1872 4484 1938 4520 ex
1981 4472 2220 4520 concilio
2262 4472 2587 4534 Agathensi.
2628 4473 2685 4520 In
2725 4473 2961 4522 concilio
2989 4473 3324 4538 Trosleiano,
3374 4491 3493 4539 cap.

1876 4543 1949 4603 lt,
2014 4542 2380 4604 prohibentur
2445 4543 2625 4605 turpia
2683 4545 2917 4592 cantica.
2985 4544 3380 4609 Hieronymus,
3439 4548 3497 4595 in

1873 4614 2116 4677 Epistola
2152 4614 2223 4661 ad
2271 4614 2481 4672 Laetam,
2514 4613 2580 4661 de
2624 4614 2971 4662 Institutione
3014 4614 3144 4663 ﬁlias
3183 4631 3193 4663 :
3228 4633 3256 4663 «
3296 4618 3498 4680 Turpia

1872 4685 2037 4735 verba
2066 4698 2173 4734 non
2209 4684 2493 4746 intelligat,
2522 4684 2741 4733 cantica
2769 4683 2965 4732 mundi
3001 4687 3228 4747 ignoret.
3263 4703 3292 4734 ›>
3325 4688 3499 4737 Elius

1873 4756 2198 4819 Spartianus
2241 4755 2401 4803 tradit
2447 4754 2751 4805 Adrianum
2793 4756 3177 4817 imperatorem
3214 4758 3503 4821 scripsisse

1872 4829 2089 4878 cantica
2118 4827 2395 4876 amatoria.

1935 4900 2033 4960 (41)
2093 4900 2311 4947 Ferrum
2365 4896 2435 4945 ad
2489 4896 2775 4945 culturam.
2838 4895 3086 4958 Ovidius,
3136 4898 3227 4948 lib.
3292 4912 3326 4949 ιι
3388 4900 3503 4950 Tri-

1872 4972 2029 5019 stium
2070 4985 2079 5016 :

2029 5113 2088 5163 Et
2115 5115 2245 5162 latro
2279 5118 2328 5162 et
2355 5118 2535 5163 cautus
2571 5113 2903 5176 praecingitur
2933 5128 3054 5164 ense
3085 5116 3271 5167 viator.

2125 5186 2213 5233 Ille
2249 5186 2340 5233 sed
2372 5184 2603 5246 insidias,
2635 5185 2720 5234 hic
2745 5185 2844 5234 sibi
2869 5190 3039 5249 portat
3062 5194 3234 5251 opem.

1938 5329 2338 5392 Quintilianus,
2384 5329 2476 5378 lib.
2526 5343 2582 5391 ιι,
2636 5343 2755 5393 cap.
2806 5330 2907 5379 16:
2966 5348 2993 5379 «
3039 5331 3158 5381 Non
3206 5332 3507 5387 fabricetur

1875 5403 2034 5453 militi
2094 5402 2328 5465 gladius.
2396 5403 2579 5452 Potest
2636 5405 2718 5452 uti
2790 5403 2988 5454 eodem
3055 5406 3198 5455 ferro
3261 5408 3415 5459 latro.
3480 5430 3507 5456 ››

1877 5475 2274 5535 Tertullianus,
2303 5475 2358 5523 in
2403 5474 2543 5523 libro
2588 5474 2651 5523 de
2685 5475 3005 5539 Spectaculis
3038 5493 3048 5525 :
3091 5495 3119 5523 «
3146 5476 3374 5529 Ferrum
3405 5481 3508 5531 Dei

1877 5561 1964 5597 res
2008 5551 2109 5596 est.
2152 5544 2415 5609 Nunquid
2459 5550 2645 5595 tamen
2689 5548 2741 5595 in
2779 5546 3026 5597 hominis
3074 5561 3271 5600 necem
3320 5557 3512 5601 auctor

1879 5619 1981 5667 ista
2010 5616 2291 5680 providit?
2319 5632 2348 5663 ›>

1941 5689 2035 5753 (42)
2086 5688 2287 5737 Civitas
2327 5690 2599 5738 meretrix.
2640 5688 2840 5739 Nescio
2890 5690 3023 5751 quid
3070 5689 3166 5741 hic
3200 5691 3363 5739 faciat
3409 5705 3518 5741 vox

1879 5763 2081 5811 civitas.
2123 5760 2243 5809 Non
2282 5760 2429 5811 enim
2482 5761 2662 5821 agitur
2704 5760 2771 5807 de
2805 5762 3031 5813 civitate
3072 5760 3263 5826 aliqua
3287 5761 3340 5806 in
3374 5763 3525 5820 Apo-

1879 5833 2119 5899 calypsi,
2170 5832 2270 5882 sed
2326 5834 2395 5886 de
2451 5832 2737 5883 meretrice
2797 5843 3027 5892 magna.
3076 5828 3312 5879 Videtur
3360 5827 3535 5888 igitur
