3978 6194
506 252 609 306 463
1429 251 1483 304 ὃς
1525 249 1839 306 CYPRIANI
1877 250 2151 308 ()PEllUM
2194 251 2364 307 PARS
2404 252 2466 305 ll.
2510 282 2576 291 ——-
2614 253 2978 309 UPUSCL'LA.
3740 260 3838 314 4114

506 384 739 449 propter
781 379 898 448 ipsa
940 376 1128 448 potius
1168 382 1503 431 ornamenta
1546 379 1816 448 peritura.
1855 381 1922 433 Et
1964 381 2130 439 vertit,
2160 381 2418 466 Acinnos
2461 384 2511 432 et
2550 380 2771 434 lunulas
2813 380 2923 449 (46)
2951 386 3001 433 et
3033 380 3427 433 discriminalia
3460 380 3567 449 (47)
3596 384 3643 434 et
3669 387 3840 438 armil-

504 473 719 543 inquit,
767 486 903 526 unus
941 487 1007 525 ea:
1046 476 1245 541 septem
1287 471 1515 540 Angelis
1558 472 1879 526 habentibus
1913 473 2136 541 phialas

501 573 719 635 septem,
759 572 811 620 et
849 579 1125 633 aggressus
1162 570 1240 619 est
1279 581 1361 619 me
1399 566 1579 619 dicens
1613 582 1626 620 ε
1669 568 1826 629 Veni,
1856 566 2137 621 ostendam

505 662 607 715 tibi
656 660 1063 714 damnationem
1106 661 1400 712 meretricis
1443 675 1656 728 magna:
1698 660 1929 714 sedentis
1978 675 2140 729 super

503 770 675 824 aquas
718 755 937 815 multas,
979 769 1097 807 cum
1147 768 1255 822 qua.
1298 754 1560 819 fornicati
1604 759 1730 807 sunt
1774 769 1920 821 rcges
1963 758 2134 807 terrae.

502 852 572 905 Et
611 849 772 903 dumit
814 863 894 901 me
936 849 993 901 in
1037 848 1254 917 spiritu.
1303 849 1373 901 Et
1414 847 1535 900 vidi
1574 848 1848 901 mulierem
1875 847 2139 902 sedentem

501 958 662 1013 super
715 942 972 1009 bestiam;
1028 945 1078 994 et
1136 940 1330 994 mulier
1390 940 1489 993 illa
1545 943 1743 995 amicta
1800 946 1918 994 erat
1968 940 2139 1010 pallio

496 1051 772 1106 purpureo
820 1036 861 1067 ⁶¹
915 1040 965 1087 et
1007 1034 1264 1101 coccineo,
1319 1039 1369 1087 et
1416 1034 1690 1087 adornata
1738 1039 1858 1087 erat
1905 1049 2039 1088 auro
2089 1039 2138 1087 et

502 1129 776 1199 lapidibus
809 1130 1057 1198 pretiosis
1100 1134 1151 1181 et
1192 1129 1532 1196 margaritis,
1576 1131 1758 1181 tenens
1802 1128 2049 1196 poculum
2081 1130 2138 1181 in

501 1239 671 1278 manu
718 1238 819 1276 sua
847 1222 1069 1292 plenum
1108 1223 1508 1274 cacecrationum
1535 1225 1584 1275 et
1622 1222 1987 1275 immunditim
2015 1222 2062 1255 ⁸³
2089 1226 2138 1276 et

498 1316 876 1383 fornicationis
906 1317 1065 1369 totius
1092 1320 1249 1368 terra:
1269 1314 1486 1383 (Apoc,
1507 1330 1633 1381 xvu,
1662 1314 1793 1384 1-4).
1821 1314 2067 1386 Fugiant
2089 1316 2136 1347 ⁵³

503 1413 674 1465 castae
707 1408 955 1479 virgines
989 1412 1046 1461 et
1073 1407 1295 1477 pudica:
1334 1408 1681 1461 incestarum
1732 1408 1939 1474 cultus,
1977 1408 2134 1463 habi-

502 1509 594 1557 tus
622 1500 1066 1573 impudicarum,
1095 1500 1461 1570 lupanarium
1496 1502 1761 1572 insignia,
1797 1508 2139 1557 ornamenta

504 1594 873 1652 meretricum
903 1593 1032 1665 (43).

575 1687 756 1761 451
818 1689 950 1743 XIII.
999 1688 1217 1742 Clamat
1254 1688 1422 1742 etiam
1461 1689 1670 1760 Spiritu
1713 1695 1904 1744 sancto
1933 1689 2136 1760 plenus

2241 474 2319 526 las
2350 473 2459 542 (48)
2486 478 2535 526 et
2564 474 2909 527 botronatum
2938 474 3047 544 (49)
3079 479 3131 526 et
3164 474 3441 527 demtralia
3470 476 3576 545 (50)
3602 480 3648 529 et
3686 494 3839 532 annu-

2240 568 2315 621 los
2362 573 2412 621 et
2460 569 2677 622 inaures
2717 567 2827 637 (51)
2875 574 2923 621 et
2969 569 3140 623 serica
3188 571 3439 622 contemta
3483 584 3600 623 cum
3645 585 3766 625 auro
3803 578 3846 627 et

2239 661 2544 728 hyacintho.
2586 663 2653 715 Et
2691 663 2791 713 erit
2818 675 2922 728 pro
2950 660 3112 714 odore
3149 662 3441 714 suavitatis
3477 662 3667 729 pulvis,
3693 668 3738 716 et
3756 681 3843 732 pro

2239 755 2453 823 cingulo
2481 760 2615 808 reste
2653 755 2902 823 cingeris,
2932 760 2981 807 ct
3008 770 3107 822 pro
3134 758 3449 808 ornamento
3489 758 3678 823 capitis
3700 772 3845 813 aureo

2238 848 2518 901 calvitium
2574 847 2789 901 habebis
2845 848 2892 879 εδ
2953 849 3099 911 (Isa.,
3157 864 3238 913 iu,
3300 846 3504 916 16-24).
3559 850 3667 903 lloc
3718 851 3841 905 Deus

2240 940 2451 1011 culpat,
2494 941 2600 994 hoc
2642 940 2897 995 denotat.
2930 940 3069 995 Hinc
3096 946 3395 1011 corruptas
3434 956 3553 995 esse
3597 942 3842 1013 virgines,

2239 1034 2371 1088 hinc
2402 1052 2435 1087 a
2462 1035 2615 1088 cultu
2659 1051 2791 1089 vero
2838 1039 3006 1106 atque
3048 1034 3239 1089 divino
3278 1034 3571 1089 descivisse
3612 1052 3842 1105 pronun-

2240 1129 2358 1182 tiat.
2406 1129 2676 1182 Exaltatre
2713 1128 3037 1183 ceciderunt
3070 1130 3140 1195 ⁵⁷,
3169 1134 3411 1199 compta:
3456 1129 3841 1199 turpitudinem

2240 1222 2668 1293 fmditatemque
2712 1228 3066 1277 meruerunt.
3114 1220 3309 1294 452
3354 1221 3607 1277 Sericum
3644 1225 3697 1275 et
3725 1240 3844 1293 pur-

2238 1333 2439 1387 puram
2483 1318 2529 1350 ⁵⁸
2571 1316 2782 1371 induta:
2828 1316 3116 1370 Christum
3161 1317 3401 1370 induere
3452 1333 3566 1369 non
3610 1322 3844 1387 possunt.

2237 1418 2387 1465 Auro
2436 1416 2493 1465 et
2540 1410 2864 1482 margaritis
2915 1415 2971 1464 et
3015 1410 3324 1465 monilibus
3372 1410 3653 1464 adornatae
3700 1428 3847 1464 orna-

2241 1509 2434 1559 menta
2477 1503 2657 1559 cordis
2695 1520 2759 1558 ac
2804 1503 3047 1574 pectoris
3085 1503 3479 1574 perdiderunt.
3515 1502 3645 1567 Quis
3676 1521 3778 1559 non
3802 1505 3848 1559 id

2240 1603 2565 1653 exsecretur
2591 1601 2649 1651 ct
2680 1597 2860 1669 fugiat
2891 1597 3045 1668 quod
3081 1597 3176 1651 alii
3213 1598 3383 1651 fuerit
3428 1597 3597 1652 exitio
3629 1597 3713 1651 5°?
3740 1599 3849 1667 quis

2238 1691 2292 1745 id
2327 1697 2557 1762 appetat
2588 1694 2644 1744 et
2671 1698 2924 1745 assumat
2966 1692 3119 1762 quod
3161 1692 3231 1746 ad
3271 1707 3468 1746 necem
3507 1691 3728 1746 alterius
3759 1708 3847 1762 pro

502 1784 690 1850 Isaias,
724 1786 782 1836 et
809 1782 949 1835 tilias
991 1782 1124 1837 Sion
1162 1799 1303 1836 auro
1340 1789 1398 1836 et
1432 1790 1673 1853 argento
1714 1799 1777 1836 ac
1816 1789 1966 1838 veste
2011 1799 2134 1836 cor-
2159 1768 2213 1838 Β
2240 1785 2424 1855 gladio
2448 1785 2616 1839 fuerit
2646 1788 2703 1839 et
2730 1785 2839 1839 telo
2858 1784 2883 1838 ‘l
2902 1786 2960 1840 Si
2982 1786 3180 1840 hausto
3200 1785 3401 1855 poculo
3433 1790 3741 1840 moreretur
3769 1786 3848 1839 ille

502 1880 702 1946 ruptas
732 1875 841 1946 (44)
874 1874 1127 1945 increpat
1163 1880 1220 1929 et
1264 1875 1530 1946 objurgat
1570 1875 1900 1946 perniciosis
1939 1876 2140 1947 opibus

503 1970 806 2024 afﬂuentes
843 1973 899 2022 et
925 1986 957 2022 a
987 1969 1096 2023 Deo
1128 1970 1173 2002 ⁵⁸
1204 1986 1304 2039 per
1347 1969 1538 2023 saeculi
1581 1969 1809 2023 delicias
1840 1969 1953 2041 (45)
1982 1985 2139 2024 rece-

504 2064 703 2118 dentes
735 2079 746 2115 :
779 2064 1050 2118 Eccaltata:
1075 2068 1224 2126 sunt,
1269 2062 1367 2130 ait,
1407 2063 1532 2130 ﬁliae
1563 2062 1715 2127 Sion,
1745 2069 1794 2116 et
1835 2063 2142 2117 ambulave-

503 2162 634 2211 runt
666 2158 778 2211 alto
806 2156 937 2210 collo
965 2157 1034 2225 ⁵⁵,
1067 2162 1117 2209 et
1142 2161 1276 2210 nutu
1314 2157 1586 2210 oculorum
1618 2161 1668 2210 et
1691 2158 1895 2211 incessu
1917 2157 2138 2226 pedum,

506 2252 775 2305 trahentes
839 2252 1081 2316 tunicas,
1138 2256 1187 2303 et
1243 2250 1472 2319 pedibus
1538 2251 1700 2304 simul
1758 2251 2020 2305 ludentes.
2074 2252 2144 2304 Et

506 2345 820 2409 humiliabit
857 2347 996 2398 Deus
1030 2344 1367 2413 principales
1401 2343 1547 2411 ﬁlias
1589 2344 1741 2411 Sio’n,
1792 2350 1842 2398 et
1884 2345 2144 2399 reuelabit

2241 1880 2338 1951 qui
2372 1879 2610 1946 biberat,
2644 1896 2931 1933 venenum
2961 1879 3135 1934 scires
3172 1896 3293 1934 esse
3330 1879 3484 1950 quod
3521 1879 3610 1933 ille
3640 1878 3846 1949 potavit.

2243 1974 2323 2040 Si,
2352 1979 2580 2045 accepto
2608 1974 2755 2040 cibo,
2783 1973 2880 2045 qui
2914 1979 3210 2044 acceperat
3246 1973 3529 2041 interiret,
3559 1971 3722 2027 scires
3746 1988 3848 2027 esse

2242 2067 2452 2122 lethale
2480 2068 2635 2139 quod
2673 2073 2967 2139 acceptum
3005 2068 3191 2138 potuit
3218 2066 3501 2133 occidere,
3550 2082 3651 2121 nec
3679 2066 3850 2120 ederes

2244 2161 2375 2216 inde
2417 2178 2520 2215 nec
2550 2162 2779 2215 biberes
2818 2161 2972 2216 unde
3001 2161 3284 2216 interiisse
3314 2161 3456 2215 alios
3487 2164 3615 2215 ante
3647 2159 3847 2230 conspi-

2244 2271 2418 2310 ceres.
2467 2256 2628 2309 Nunc
2677 2258 2891 2326 quanta
2936 2254 3261 2326 ignorantia
3304 2254 3427 2309 veri
3468 2255 3517 2287 ⁸ο
3556 2256 3654 2321 est,
3694 2251 3851 2307 animi

2242 2351 2454 2420 quanta
2477 2348 2794 2416 dementia,
2827 2349 2884 2403 id
2911 2348 3049 2404 velle
3091 2348 3247 2420 quod
3282 2354 3335 2404 et
3368 2348 3629 2403 nocuerit
3651 2361 3853 2416 semper

0 4886 85 5045 ξ·
138 4928 183 4969 τ

0 5214 71 5279 (ιζ.
196 5269 207 5275 -

0 5276 25 5331 μή

0 5332 41 5441 (ῖ-
100 5392 105 5393 ε

0 5436 37 5563 t‘
86 5430 129 5477 "

0 5566 63 5792 ἰ-

507 2440 765 2492 Dominus
792 2437 1035 2491 habitum
1064 2452 1273 2498 earum,
1302 2441 1352 2490 et
1380 2438 1593 2503 auferet
1622 2438 1884 2491 Dominus
1911 2438 2145 2505 gloriam
2245 2449 2301 2496 et
2345 2447 2569 2509 noceat,
2618 2446 2673 2497 et
2721 2446 2920 2512 putare
2965 2442 3119 2514 quod
3164 2442 3298 2497 inde
3343 2443 3473 2513 ipsa
3521 2458 3634 2496 non
3677 2455 3853 2512 pereas

504 2533 668 2587 vestis
704 2532 927 2586 illarum
958 2534 1008 2584 et
1052 2534 1371 2585 ornamenta
1411 2546 1597 2585 earum
1632 2537 1683 2585 et
1722 2534 1891 2586 crines
1931 2538 1981 2585 et
2023 2533 2141 2585 cin-
2247 2531 2397 2587 unde
2425 2531 2567 2587 alios
2594 2531 2826 2603 periisse
2854 2531 3202 2602 cognoscas!

1875 2656 2084 2721 Variae
2140 2657 2478 2722 lectiones.

567 2778 607 2811 5‘
632 2776 866 2827 Pallium
897 2789 1240 2840 purpureum
1284 2776 1394 2824 Lin.
1436 2776 1542 2826 ΝΟ.
1590 2778 1636 2826 1.
1683 2778 1825 2826 Pent.
1880 2778 1992 2827 Ver.
2032 2779 2196 2841 Neap.
2237 2779 2359 2827 Tha.
2408 2776 2561 2827 Corb.
2631 2781 2670 2811 ⁵⁸
2693 2777 2893 2828 Omnia
2936 2775 3309 2825 immunditim
3363 2775 3482 2825 Ver.
3552 2774 3851 2839 S’Fugianty

504 2848 721 2911 fugiant
755 2848 865 2896 Var.
938 2849 976 2879 5‘
999 2852 1046 2897 A
1084 2848 1323 2897 Domino
1371 2848 1505 2896 Voss.
1535 2848 1582 2897 3.
1652 2849 1693 2880 ⁵⁵
1715 2848 2115 2899 Processerunt
2148 2848 2262 2898 alta
2299 2850 2517 2899 cervice
2549 2849 2709 2913 Neap.
2753 2850 2889 2898 Foss.
2927 2847 3298 2897 lacesserunt.
3337 2847 3460 2895 Ben.
3530 2847 3570 2880 ⁵⁸
3590 2845 3854 2897 Calvitiam

508 2918 800 2969 habebunt
826 2920 963 2968 Pem.
1003 2920 1137 2968 Voss.
1168 2920 1213 2969 1.
1283 2917 1322 2950 ⁵⁷
1344 2917 1635 2979 ΕιειΙῐειιω,
1669 2918 1870 2982 inquit,
1907 2918 2233 2970 ceciderunt
2280 2919 2457 2968 Veron.
2523 2917 2777 2970 “Serico
2822 2921 2875 2968 et
2917 2930 3162 2981 purpura
3213 2917 3324 2967 Vat.
3371 2920 3423 2965 3.
3469 2917 3603 2966 Foss.
3675 2916 3713 2947 5"
3732 2914 3853 2965 Aliis

510 2989 678 3040 fuerit
702 2990 838 3040 Fors.
871 2990 1083 3041 exitum
1122 2990 1253 3038 Voss.
1277 2990 1323 3038 1.
1393 2988 1435 3019 ⁶⁰
1454 2989 1559 3039 Tui
1593 2990 1730 3039 Foss.

1816 3082 2038 3163 Steph.
2088 3081 2329 3146 Baluzii
2378 3088 2576 3145 notae.

510 3193 839 3279 Cypriapus.
889 3192 1185 3279 accepisse
1239 3204 1307 3279 ex
1334 3190 1520 3279 “libro
1586 3204 1651 3279 1'1“
1695 3190 2224 3279 Tertulliani‘fjiec
2287 3192 2409 3279 ,(48)
2454 3189 2731 3279 Αςηιίξιαδ.
2769 3189 3146 3279 Ilieropymus
3189 3188 3245 3237 in
3288 3186 3543 3279 Epistula
3590 3186 3663 3279 ad
3688 3187 3853 3279 Eus‘t‘o-

513 3256 673 3316 Cultu
714 3264 1055 3327 feminarum,
1090 3264 1189 3313 ubi
1238 3263 1475 3327 legitur:
1524 3278 1553 3309 ‹‹
1596 3262 1691 3312 Illa
1737 3263 1931 3313 civitas
1969 3256 2224 3312 valida”
2251 3263 2442 3322 chium,
2492 3263 2560 3312 de
2602 3262 2864 3325 Acceptis
2908 3260 2978 3310 ab
3022 3273 3088 3310 ea
3121 3260 3519 3310 munusculis:
3566 3278 3592 3304 «
3634 3256 3853 3309 Armillis

511 3349 638 3400 quae
669 3348 835 3398 super
882 3338 1099 3385 montes
1142 3338 1353 3397 septem
1385 3336 1439 3384 et
1480 3333 1747 3396 plurimas
1792 3347 1966 3396 aquas
2007 3347 2143 3398 prte-
2252 3339 2380 3385 sunt
2408 3333 2786 3384 brachiorum.
2813 3350 2840 3377 ››
2878 3331 2972 3383 Sic
2997 3332 3169 3381 etiam
3202 3329 3482 3381 Diodorus
3510 3328 3744 3400 Siculus,
3772 3327 3852 3400 lib.

512 3398 674 3458 sidet.
704 3405 912 3456 »Idem
952 3407 1239 3458 civitatem
1275 3405 1440 3455 etiam
1492 3405 1844 3468 prostitutam
1898 3409 2057 3455 vocat
2094 3407 2151 3454 in
2251 3418 2310 3464 v,
2364 3418 2534 3469 agens
2591 3404 2660 3454 de
2715 3403 2906 3455 Gallis.
2961 3401 3360 3461 Tertullianus,
3411 3400 3508 3451 lib.
3555 3414 3571 3450 ι
3620 3400 3681 3450 de
3718 3398 3855 3448 Cultu

512 3476 661 3525 libro
732 3476 794 3525 de
862 3477 1248 3526 Resurrectione
1320 3476 1516 3524 carnis.
1587 3476 1645 3523 ln
1729 3477 1909 3537 capite
1973 3477 2151 3539 primo
2251 3476 2569 3539 feminarum
2627 3490 2637 3523 :
2688 3494 2716 3521 «
2770 3474 3025 3526 Circulos
3080 3486 3149 3523 ex
3197 3486 3352 3533 auro,
3411 3472 3611 3537 quibus
3656 3469 3856 3521 brachia

515 3548 674 3597 Isaias
730 3547 930 3611 legitur
972 3564 989 3595 :
1027 3548 1285 3609 Quomodo
1334 3547 1478 3608 facta
1532 3552 1605 3597 est
1666 3549 1919 3595 meretrix
1966 3546 2153 3596 civitas
2252 3549 2547 3597 arctantur.
2612 3566 2639 3592 ››
2703 3545 2852 3595 Idem
2918 3546 3334 3608 Hieronymus,
3394 3545 3453 3593 in
3511 3543 3742 3607 Epistola
3797 3539 3857 3588 ad

512 3618 699 3681 ﬁdelis.
751 3618 1130 3682 Hieronymus
1169 3620 1225 3667 in
1274 3618 1523 3682 Epistola
1568 3618 1636 3666 ad
1679 3617 2033 3679 Eustochium,
2082 3617 2150 3668 de
2255 3618 2661 3671 Demetriadem.
2692 3616 2760 3665 de
2802 3617 3132 3679 Virginitate
3179 3615 3491 3664 servanda:
3539 3634 3566 3661 «
3615 3614 3855 3665 Astrictas

517 3688 785 3740 Custodia
840 3689 1189 3753 Virginitatis
1230 3705 1240 3737 :
1297 3704 1327 3737 α
1376 3689 1455 3738 Ne
1499 3688 1611 3749 ﬁat,
1658 3688 1906 3751 obsecro,
1958 3690 2152 3740 civitas
2253 3691 2461 3740 habent
2498 3690 2761 3738 manicas.
2805 3706 2832 3733 »
2878 3689 3018 3737 Vide
3060 3687 3320 3737 Cotelerii
3361 3691 3521 3737 notas
3563 3686 3629 3735 ad
3675 3684 3853 3734 librum

515 3761 778 3811 meretrix
810 3760 990 3811 ﬁdelis
1034 3761 1180 3811 Sion.
1212 3780 1239 3806 »
1270 3760 1411 3812 Vide
1459 3760 1675 3811 Estium
1714 3762 1769 3810 in
1807 3766 1972 3826 caput
2012 3761 2149 3811 illud
2253 3761 2489 3826 primum
2520 3759 2948 3809 Constitutionum
2976 3757 3416 3822 Apostolicarum,
3447 3772 3564 3821 cap.
3595 3756 3641 3806 3.

516 3831 898 3895 Apocalypsis.
1876 3824 1893 3826 “
2254 3824 2265 3826 ⁷
2316 3835 2414 3894 (49)
2468 3834 2833 3882 Botronatum.
2878 3828 2936 3880 Si
2984 3830 3299 3893 Cyprianus
3344 3829 3665 3879 reddidisset
3709 3824 3854 3877 verba

579 3904 673 3962 (43)
722 3903 1050 3952 Ornamentu
1098 3904 1448 3953 meretricum.
1483 3903 1626 3954 Vide
1670 3903 1884 3954 Nicolai
1922 3903 2149 3954 Abrami
2254 3906 2409 3954 Isaia:
2466 3902 2777 3953 secundum
2840 3901 3090 3950 ordinem
3159 3914 3326 3964 quem
3386 3904 3577 3951 tenent
3629 3902 3681 3948 in
3732 3896 3852 3946 libro

517 3979 676 4024 notas
721 3974 790 4023 ad
841 3974 1159 4026 Orationem
1206 3974 1491 4025 Ciceronis
1528 3987 1627 4036 pro
1669 3975 1741 4027 M.
1787 3974 1978 4035 Caelio,
2025 3988 2147 4038 pag.
2254 3977 2433 4038 Isaite,
2479 3974 2642 4024 facile
2694 3974 2828 4023 hinc
2879 3976 3025 4023 esset
3077 3971 3388 4035 intelligere
3430 3972 3566 4036 quid
3606 3968 3851 4035 signiﬁcet

513 4047 625 4105 491,
659 4050 713 4095 et
746 4048 1211 4097 commentarium
1238 4047 1471 4097 Joannis
1499 4046 1841 4097 Bourdelotii
1868 4045 1938 4096 ad
1968 4046 2154 4096 Petro-
2252 4048 2359 4098 hoc
2405 4046 2761 4097 vocabulum.
2803 4044 3013 4094 Verum
3060 4042 3164 4092 alia
3206 4044 3484 4104 versione,
3530 4048 3592 4092 ut
3636 4043 3851 4105 apparet,

514 4118 692 4179 Dium:
723 4119 991 4181 1388.277.
2252 4132 2387 4168 usus
2453 4120 2556 4176 est,
2608 4120 2708 4167 aut
2762 4115 3063 4167 verborum
3122 4114 3374 4165 ordinem
3429 4114 3688 4164 turbavit.
3739 4110 3853 4158 Vide

581 4189 676 4251 (41)
741 4190 887 4239 Veste
933 4194 1236 4253 corruptas.
1286 4190 1367 4238 Ita
1416 4201 1613 4239 omnes
1666 4192 1879 4239 veteres
1922 4187 2049 4237 libri
2099 4192 2153 4239 et
2253 4190 2587 4242 Salmasium
2632 4190 2688 4238 in
2731 4185 3239 4238 Exercitationibus
3284 4187 3570 4248 Plinianis,
3613 4198 3726 4249 pag.
3755 4181 3851 4239 763,

520 4260 813 4310 editiones.
895 4260 966 4310 Et
1047 4263 1229 4310 tamen
1304 4260 1569 4310 Erasmus
1647 4259 1875 4323 putabat
1957 4272 2150 4310 vocem
2254 4263 2387 4313 etin
2417 4262 2565 4311 notis
2591 4258 2659 4310 ad
2695 4260 2990 4323 scriptores
3032 4258 3272 4308 Historias
3314 4261 3580 4321 Augustae,
3608 4268 3725 4321 pag.
3757 4253 3852 4310 339,

518 4336 799 4394 corruptas
844 4343 967 4381 esse
1012 4331 1157 4381 male
1203 4331 1459 4394 positam,
1510 4335 1566 4381 et
1607 4332 1917 4394 coniecerat
1962 4330 2151 4396 legen-
2254 4336 2307 4384 et
2377 4333 2621 4384 Lexicon
2686 4331 2944 4382 Martinii.
3005 4329 3146 4380 Vide
3208 4330 3375 4381 etiam
3429 4326 3851 4393 Etymologicum

517 4402 653 4452 dum
714 4415 836 4453 esse
894 4407 1146 4466 comptas.
1205 4402 1377 4453 Paulo
1434 4405 1561 4466 post
1616 4400 1930 4465 Cyprianus
1984 4400 2150 4459 dicet,
2254 4405 2437 4455 Vossii
2468 4405 2523 4453 in
2553 4403 2727 4457 verbo
2754 4404 2960 4453 Botrus.

515 4489 546 4522 α
581 4472 715 4523 hinc
746 4477 1039 4537 corruptas
1068 4486 1191 4524 esse
1214 4473 1476 4536 virgines,
1510 4490 1538 4519 »
1568 4476 1625 4523 et
1663 4486 1793 4522 mox
1820 4490 1848 4517 «
1879 4475 2151 4534 corruptas
2319 4478 2416 4539 (50)
2465 4474 2760 4527 Dextralia.
2806 4474 3176 4524 Numerorum
3219 4487 3340 4537 cap.
3369 4485 3541 4532 xxxx,
3568 4470 3778 4522 annales
3814 4472 3853 4515 st

517 4542 918 4606 turpitudinem
954 4542 1375 4608 tmditatemque
1402 4547 1799 4594 meruerunt.»
2170 4538 2537 4608 ndetrtraria
2590 4559 2652 4595 ac
2708 4546 3040 4595 muraenulas.
3099 4545 3321 4595 Lucifer
3375 4542 3752 4601 Calaritanus,
3802 4538 3849 4585 in

585 4582 596 4592 .
651 4582 918 4593 ...η-...νυ
956 4582 1260 4594 ...υ-.....ν...
1308 4582 1375 4594 ..υ
1403 4582 1794 4594 ...ν...ν.......-
2253 4582 2537 4597 μηκωνη.
2590 4582 2652 4595 ην
2709 4582 3040 4595 ..................
3099 4582 3312 4595 ...ηυω
3379 4582 3752 4601 ν.......,-....-,

582 4582 677 4678 (ἑὸ)
723 4616 915 4667 Saeculi
956 4616 1189 4667 delicias.
1235 4582 1489 4679 6uatuor
1530 4616 1658 4667 libri
1691 4617 1863 4667 nostri
1910 4620 1965 4666 et
2005 4582 2394 4668 unuleibro
2454 4618 2517 4668 de
2572 4619 2688 4668 Non
2744 4615 3008 4680 parcendo
3066 4614 3498 4680 delinquentibus
3564 4617 3619 4663 in
3678 4613 3848 4661 Deum:

513 4689 860 4753 Anglicanus
888 4688 1099 4739 habent
1123 4689 1358 4739 divitias.
2254 4707 2282 4737 ‹‹
2310 4688 2592 4739 Debemus
2621 4688 2797 4738 vereri
2822 4687 2977 4750 regni
3008 4686 3089 4735 tui
3119 4685 3395 4742 diadema,
3423 4686 3671 4735 inaurem
3707 4682 3852 4731 etiam

586 4760 687 4820 (46)
742 4760 999 4811 Lunulas.
1049 4760 1230 4810 Etiam
1279 4759 1514 4811 masculi
1567 4758 1793 4809 lunulas
1843 4758 2149 4822 gestabant,
2252 4764 2307 4811 et
2355 4758 2823 4810 dextrocherium.
2869 4778 2897 4804 »
2942 4756 3047 4807 Ubi
3088 4757 3331 4807 Joannes
3373 4757 3552 4806 Titius
3584 4756 3853 4819 episcopus

516 4845 627 4883 non
681 4844 815 4882 sane
860 4832 917 4881 in
960 4832 1163 4895 capite,
1203 4830 1301 4881 sed
1349 4831 1404 4879 in
1451 4830 1674 4891 calceis,
1711 4835 1775 4880 ut
1817 4830 1979 4880 docet
2027 4830 2154 4880 Plu-
2252 4831 2564 4891 MrldBDSiS,
2625 4831 2715 4880 cui
2773 4828 3042 4879 debemus
3086 4829 3322 4891 primam
3383 4827 3684 4878 editionem
3742 4833 3852 4885 ope-

516 4902 747 4953 tarchus
791 4904 845 4952 in
894 4901 1313 4965 Qumstionibus
1354 4901 1633 4951 Romanis.
1681 4901 1791 4952 Nos
1834 4914 2060 4966 quoque
2096 4903 2150 4951 in
2252 4916 2373 4952 rum
2408 4903 2666 4961 Luciferi,
2701 4901 2843 4950 dixit
2892 4899 3339 4950 dextrocberium
3377 4899 3488 4948 sibi
3532 4896 3695 4947 videri
3745 4904 3852 4944 esse

504 4976 800 5038 juventute
858 4977 1047 5024 nostra
1108 4974 1451 5037 portavimus
1506 4972 1733 5022 lunulas
1809 4973 1863 5022 in
1925 4972 2146 5023 calceis.
2252 4974 2553 5024 dictionem
2614 4987 2680 5023 ex
2744 4973 2938 5023 Latino
2996 4975 3049 5021 et
3108 4970 3306 5021 Graeco
3356 4971 3715 5032 compositam
3771 4975 3853 5027 pro

517 5045 661 5095 Vide
722 5044 1072 5096 Ludovicum
1136 5042 1370 5094 Caelium
1438 5043 1848 5107 Rhodiginum,
1913 5043 2007 5094 lib.
2069 5058 2147 5105 x1,
2252 5051 2577 5096 ornamento
2622 5043 2863 5109 quodam
2905 5044 2960 5093 in
2998 5056 3168 5092 manu
3211 5042 3422 5093 dextro.
3468 5040 3609 5090 Vide
3655 5038 3851 5109 Salmaf

511 5130 635 5180 cap.
665 5117 747 5166 28.
2250 5118 2396 5166 sium
2448 5116 2514 5166 ad
2559 5108 2856 5179 scriptores
2901 5114 3142 5163 Historia
3194 5116 3451 5177 Augusta,
3498 5125 3616 5175 pag.
3661 5110 3762 5180 25L
3807 5108 3851 5180 et

571 5176 670 5249 (—47)
757 5185 1179 5237 Discriminalia.
1270 5186 1647 5250 hieronymus
1738 5187 1794 5236 in
1880 5187 2149 5251 Apologia
2248 5188 2491 5238 Lexicon
2555 5176 2794 5237 Martinii
2850 5190 2905 5235 et
2961 5176 3309 5236 Glossarium
3358 5184 3613 5233 Latinum
3662 5176 3850 5240 Caugii.

511 5257 799 5309 Adversus
836 5256 1101 5308 Ruﬁnum
1131 5272 1142 5305 :
1192 5275 1220 5302 α
1264 5258 1532 5323 Linguam
1570 5259 1915 5323 veriloquam
1961 5259 2149 5310 discri-
2251 5259 2392 5310 Vide
2428 5260 2595 5311 etiam
2625 5259 2970 5309 Ludovicum
3007 5258 3242 5309 leium
3275 5256 3665 5320 Rhodiginum,
3694 5251 3780 5301 lib.
3802 5260 3851 5307 v,

513 5329 704 5379 minati
750 5342 856 5379 acu
900 5327 1274 5379 confodiebat.
1306 5346 1334 5374 »
1373 5328 1433 5378 In
1477 5328 1746 5394 Apologia
1788 5330 2029 5394 Apuleii,
2056 5344 2148 5380 ca-
2250 5346 2367 5395 cap.
2404 5333 2478 5382 t3.

510 5400 631 5466 pilli
655 5401 1088 5451 discriminandi.
1136 5399 1386 5458 Ovidius,
1415 5399 1510 5451 lib.
1540 5414 1597 5451 ιιι
1631 5401 1694 5451 de
1726 5404 1851 5452 Arte
1889 5402 2148 5453 amandi:
2310 5394 2410 5466 (51)
2471 5404 2702 5453 lnaures.
2771 5403 2951 5463 Infra,
3021 5402 3075 5451 in
3133 5401 3241 5452 hoc
3302 5401 3420 5464 ipso
3470 5397 3643 5455 libro,
3698 5411 3726 5443 ‹‹
3764 5394 3850 5466 AAn

2249 5464 2481 5525 vulnera
2547 5474 2737 5524 inferri
2801 5472 3032 5524 auribus
3101 5474 3254 5524 Deus
3306 5471 3496 5521 voluit.
3557 5487 3584 5514 »
3641 5467 3706 5517 Et
3760 5464 3850 5512 ite-

2249 5559 2371 5596 rum
2432 5545 2593 5605 infra,
2638 5559 2761 5610 pag.
2817 5546 2909 5595 179
2957 5560 2968 5593 :
3025 5562 3053 5593 (ι
3103 5545 3221 5594 Non
3277 5543 3581 5593 inferantur
3646 5533 3850 5588 auribus

509 5619 716 5677 Quaerit
750 5615 1080 5667 Plutarchus
1109 5616 1165 5666 in
1211 5615 1351 5667 libro
1380 5617 1451 5668 de
1486 5617 1906 5679 Quaestionibus
1950 5617 2150 5669 Roma-
2248 5617 2496 5668 vulnera.
2528 5634 2557 5661 »
2603 5616 3003 5684 Tertullianus,
3034 5616 3129 5665 lib.
3170 5628 3206 5664 ιι
3236 5615 3297 5663 de
3327 5612 3481 5663 Cultu
3508 5611 3849 5684 [ᾳιηὴιανιιπιλ

504 5690 614 5748 nis,
679 5702 778 5738 cur
830 5688 1064 5738 Romani
1124 5692 1422 5751 nuptarum
1484 5678 1701 5739 comam
1763 5688 2150 5739 discriminant
2252 5706 2280 5735 ‹‹
2316 5679 2839 5751 δοτιιριιιοειιἸ)θιιε
2878 5688 3107 5738 auribus
3139 5687 3365 5737 vulnera
3406 5681 3702 5755 intulit,get_
3728 5678 3849 5755 tanti

498 5758 679 5808 hasta:
708 5757 957 5823 cuspide.
992 5756 1133 5809 Vide
1163 5758 1403 5809 Lexicon
1436 5759 1675 5809 Martinii
1708 5764 1762 5809 et
1792 5761 2143 5812 Glossarium
2248 5760 2444 5810 habuit
2473 5762 2826 5812 vexationem
2867 5761 3050 5824 operis
3084 5761 3171 5809 sui
3212 5762 3267 5809 et
3304 5757 3585 5807 cruciatus
3626 5751 3850 5824 infantia)

478 5830 751 5887 Latinum
775 5818 990 5896 Cangii.
2250 5832 2562 5884 innocentis
2592 5838 2725 5883 tunc
2766 5818 3006 5897 primum
3033 5831 3270 5883 dolentis
3308 5833 3369 5879 ut
3398 5841 3469 5878 ex
3502 5825 3611 5876 illis
3647 5819 3715 5872 ad
3746 5818 3848 5871 tet“

668 5512 843 5572 Longa
866 5508 1052 5572 probat
1078 5507 1234 5557 facies
1260 5508 1442 5573 capitis
1469 5509 1776 5560 discrimina
1804 5510 1940 5573 puri.
