3990 6202
469 265 571 321 467

1388 263 1443 319 S.
1487 231 1800 320 CYPRIANI
1839 266 2110 320 OPERUM
2155 264 2324 320 PARS
2367 265 2432 319 ll.
2465 293 2532 303 —-
2561 264 2931 319 OPUSCULA.
3685 270 3767 324 468

470 390 720 462 quando,
772 389 844 444 ad
898 394 1124 443 terrena
1174 388 1438 458 contagia
1489 389 1758 456 devoluti,
1810 406 1842 443 ιι
1892 389 2096 444 caelesti
2125 387 2518 476 Aaudaciam,
2548 388 2643 442 Dei
2673 387 2904 441 artiﬁcis
2934 387 3338 442 offensam‘mt
3361 387 3500 442 enim
3528 389 3776 460 impudica

468 484 666 554 vigore
734 484 1109 536 recesserunt.
1180 482 1263 534 Illi
1333 487 1389 536 et
1453 482 1645 537 oculos
1715 483 2103 537 circumducto

470 576 663 648 454
706 575 935 645 nigrore
966 576 1076 645 (55)
1109 575 1301 630 fucare
1337 580 1397 629 et
1437 591 1614 646 genas
1656 577 1950 631 mendacio
1994 577 2101 646 (56)

470 669 690 724 ruboris
724 669 958 723 inﬁcere
1005 675 1060 723 et
1109 673 1330 723 mutare
1371 668 1714 723 adulterinis
1745 671 1790 704 ⁸³
1821 671 2105 724 coloribus

468 763 686 819 crinem
717 767 773 818 et
806 779 1135 834 expugnare
1164 779 1393 817 omnem
1424 763 1538 817 oris
1575 770 1630 816 et
1670 763 1871 834 capitis
1899 764 2102 818 verita-

470 861 590 912 tem
624 858 961 928 corruptelae
997 873 1114 911 suze
1153 858 1586 928 impugnatione
1630 858 1737 928 (57)
1769 859 2104 912 docuerunt.

544 953 652 1005 XV.
701 953 769 1006 Et
813 951 1044 1022 quidem
1089 951 1195 1005 isto
1238 952 1295 1004 in
1343 951 1488 1020 loco,
1537 967 1638 1022 pro
1683 951 1886 1006 timore
1937 967 2108 1022 quem

475 1046 641 1101 nobis
677 1045 818 1100 ﬁdes
849 1045 1130 1117 suggerit,
1169 1061 1269 1115 pro
1305 1044 1602 1098 dilectione
1641 1061 1811 1115 quam
1851 1045 2110 1098 fraterni-

476 1143 560 1193 tas
590 1139 786 1210 exigit,
820 1156 934 1193 non
973 1139 1223 1210 virgines
1269 1141 1489 1192 tantum
1530 1142 1627 1192 aut
1667 1139 1883 1206 viduas,
1916 1139 2012 1193 sed
2055 1143 2111 1192 et

477 1236 686 1304 nuptas
716 1237 853 1304 puto
883 1237 938 1287 et
969 1249 1170 1287 omnes
1198 1232 1433 1286 omnino
1465 1232 1707 1286 feminas
1725 1232 2110 1287 admonendas

478 1327 633 1399 quod
683 1343 825 1397 opus
870 1327 966 1381 Dei
1011 1332 1067 1381 et
1111 1327 1327 1380 factura
1368 1327 1489 1396 ejus
1516 1329 1572 1380 et
1600 1327 1840 1396 plastica
1888 1326 2107 1380 adulte-

479 1421 596 1476 rari
648 1420 756 1491 (58)
810 1421 967 1474 nullo
1021 1419 1194 1474 modo
1249 1419 1451 1474 debeat
1498 1419 1757 1474 adhibito
1813 1420 1960 1474 ﬂavo
2015 1437 2106 1475 co-

476 1514 598 1570 lore
627 1515 673 1549 6‘
706 1515 838 1584 (59),
880 1513 965 1567 vel
1008 1512 1173 1584 nigro
1220 1513 1472 1583 pulvere,
1526 1512 1612 1567 vel
1659 1513 1864 1568 rubore
1901 1515 1969 1580 ⁸⁵,
2014 1518 2114 1568 aut

481 1607 738 1678 quolibet
791 1606 1034 1677 denique
1081 1606 1428 1661 lineamenta
1477 1606 1666 1660 nativa
1708 1612 2112 1677 corrumpente

485 1699 675 1772 455
704 1700 1107 1754 medicamine.
1145 1699 1291 1754 Dicit
1333 1701 1475 1754 Deus
1506 1701 1553 1734 ⁶⁶
1587 1717 1599 1754 :
1630 1703 1914 1755 Faciamus
1943 1703 2110 1755 homi-

2205 483 2350 536 circa
2388 482 2650 536 homines
2691 485 2749 534 et
2793 481 3008 548 incesta
3043 481 3186 535 fucis
3225 479 3646 536 lenocinantibus
3685 501 3777 538 non

2205 577 2297 642 sis,
2327 575 2607 646 corruptis
2636 574 2970 646 violatisque
3012 591 3140 645 qua:
3173 574 3268 627 Dei
3305 580 3446 644 sunt,
3477 576 3625 645 pejor
3646 578 3778 631 adul-

2207 673 2328 725 tera
2375 669 2665 723 detineris.
2714 668 2877 733 Quod
2925 668 3120 722 ornari
3152 673 3206 723 te
3251 674 3426 739 putas,
3470 669 3605 739 quod
3643 675 3779 739 putas

2207 765 2376 832 comi,
2409 763 2769 834 impugnatio
2795 769 2879 817 est
2912 762 3014 817 ista
3045 762 3221 817 divini
3265 763 3463 834 operis,
3501 765 3785 835 praevarica-

2209 859 2286 913 tio
2317 863 2397 912 est
2427 858 2677 912 veritatis
2708 858 2780 911 ⁸⁸.

2280 953 2410 1006 XVI.
2448 952 2720 1008 Monentis
2747 951 2994 1022 Apostoli
3025 965 3128 1004 vox
3173 954 3257 1004 est
3299 967 3310 1003 :
3348 953 3644 1020 .Expurgate
3667 960 3788 1007 vetus

2208 1049 2550 1113 fermentum,
2579 1052 2638 1099 ut
2666 1048 2780 1100 sitis
2809 1061 2950 1099 nova
2976 1047 3298 1114 conspersio,
3331 1047 3463 1098 sicut
3491 1047 3607 1098 estis
3636 1049 3789 1113 azymi

2212 1141 2279 1194 ⁸9.
2320 1143 2459 1197 Nam
2503 1147 2553 1194 et
2589 1139 2794 1210 pascha
2838 1145 3078 1193 nostrum
3115 1139 3418 1192 immolatus
3461 1142 3530 1191 est
3565 1139 3788 1194 Christus.

2212 1238 2401 1304 Itaque
2425 1235 2570 1300 festa
2609 1233 2930 1309 celebremus
2974 1234 3043 1295 7°,
3091 1249 3196 1286 non
3241 1234 3300 1285 in
3343 1234 3594 1298 fermento
3631 1237 3788 1298 retere,

2213 1344 2382 1399 neque
2408 1331 2465 1381 in
2490 1329 2753 1394 fermento
2781 1328 3006 1382 malitia
3044 1331 3094 1380 et
3128 1328 3402 1396 nequitiae,
3434 1325 3522 1379 sed
3544 1326 3600 1378 in
3624 1329 3793 1394 azymis

2213 1424 2544 1477 sinceritatis
2570 1426 2620 1477 et
2652 1424 2899 1476 veniatis
2927 1422 2969 1492 (Ι
2999 1420 3144 1482 Cor.,
3176 1436 3227 1487 v,
3253 1419 3330 1487 7).
3367 1420 3506 1472 Num
3540 1419 3792 1472 sinceritas

2213 1520 2534 1586 perseverat
2559 1519 2614 1569 et
2645 1515 2872 1582 veritas,
2899 1514 3126 1585 quando
3156 1530 3287 1585 quae
3318 1513 3529 1567 sincera
3559 1515 3676 1566 sunt
3702 1513 3796 1582 pol-

2213 1610 2449 1663 luuntur
2491 1609 2744 1663 colorum
2790 1608 3082 1662 adulteriis
3109 1609 3178 1675 7',
3211 1611 3270 1661 et
3298 1606 3619 1661 adulterinis
3654 1605 3795 1659 medi-

2215 1703 2503 1758 caminum
2550 1703 2690 1756 fucis
2729 1703 2775 1736 ⁷²
2817 1703 2872 1754 in
2921 1701 3276 1755 mendacium
3325 1717 3460 1754 vera
3510 1699 3797 1753 mutantur?

484 1810 603 1848 nem
632 1795 706 1848 ad
739 1796 1029 1863 imaginem
1057 1798 1106 1848 et
1135 1795 1548 1848 similitudinem
1586 1801 1824 1849 nostrum
1863 1796 2032 1864 (Gcn.,
2073 1811 2109 1861 1,
2135 1787 2190 1858 Β
2214 1797 2490 1852 Dominus
2519 1800 2648 1849 tuus
2677 1795 2811 1849 dicit
2845 1819 2854 1848 :
2879 1799 2996 1852 Non
3016 1802 3172 1864 potes
3189 1797 3374 1861 facere
3401 1794 3640 1864 capillum
3662 1809 3798 1846 unum

481 1890 595 1943 26.
664 1890 729 1944 Et
791 1889 964 1943 audet
1022 1887 1324 1959 quisquam
1386 1894 1609 1942 mutare
1666 1894 1721 1942 et
1781 1892 2112 1944 convertere

485 1981 640 2052 quod
670 1982 818 2036 Deus
852 1981 1023 2035 fecit?
1061 1983 1255 2035 Manus
1295 1982 1409 2036 Deo
1451 1982 1700 2036 inferunt
1733 1981 1846 2054 (60)
1885 1982 2113 2053 quando

487 2075 542 2128 id
607 2075 759 2146 quod
789 2074 883 2128 ille
925 2075 1191 2129 formavit
1237 2074 1548 2129 reformare
1598 2081 1654 2129 et
1709 2075 2114 2147 transﬁgurare

487 2169 856 2238 contendunt,
893 2169 1202 2223 nescientes
1235 2169 1363 2240 quia
1391 2185 1533 2239 opus
1565 2169 1659 2222 Dei
1691 2174 1773 2223 est
1804 2170 1916 2240 (61)
1946 2186 2114 2224 omne

488 2262 639 2333 quod
682 2263 954 2328 nascitur,
998 2261 1206 2316 diaboli
1243 2263 1620 2334 quodcunque
1665 2265 1919 2317 mutatur
1955 2265 2024 2317 6⁷.
2059 2263 2112 2318 Si

490 2356 618 2426 quis
659 2355 932 2427 pingendi
969 2356 1076 2426 (62)
1124 2355 1326 2410 artifex
1370 2355 1588 2410 vultum
1633 2356 1871 2427 alicujus
1910 2361 1966 2410 et
1996 2374 2114 2427 spe-

486 2450 629 2505 ciem
671 2455 727 2504 et
765 2449 1014 2520 corporis
1050 2449 1380 2520 qualitatem
1421 2451 1626 2504 aemulo
1665 2451 1853 2504 colore
1894 2451 2109 2521 signas-

489 2548 590 2611 set,
646 2547 722 2612 et,
775 2543 998 2614 signato
1045 2543 1163 2614 jam
1215 2547 1730 2614 consummatoque
1785 2545 2108 2606 simulacro,

487 2653 691 2691 manus
732 2637 874 2692 alius
921 2637 1178 2704 inferret,
1221 2641 1284 2691 ut
1319 2638 1438 2708 jam
1479 2637 1743 2703 formata,
1797 2638 1918 2709 jam
1969 2639 2114 2708 picta

490 2731 648 2800 quasi
702 2730 935 2801 peritior
987 2730 1358 2797 reformaret,
1409 2731 1596 2801 gravis
1637 2732 1842 2802 prioris
1890 2732 2116 2786 artiﬁcis

487 2823 694 2894 injuria
733 2827 788 2878 et
812 2824 966 2896 justa
1004 2823 1325 2895 indignatio
1355 2825 1657 2880 videretur.
1695 2827 1772 2878 'l‘u
1825 2831 1880 2880 te
1929 2826 2114 2880 existi-

488 2934 609 2973 mas
660 2919 898 2990 impune
954 2919 1198 2973 laturam
1257 2922 1371 2973 tam
1439 2919 1712 2990 improba:
1778 2919 2118 2974 temeritatis

2215 1891 2398 1944 album
2424 1895 2520 1945 aut
2549 1893 2764 1960 nigrum
2794 1891 3038 1959 (Matthu
3068 1905 3120 1958 v,
3153 1888 3241 1957 36)
3285 1905 3298 1942 :
3331 1893 3385 1942 et
3422 1891 3484 1940 tu
3508 1886 3570 1940 ad
3600 1886 3799 1940 vincen-

2215 1985 2344 2038 dam
2369 1984 2590 2039 Domini
2619 1984 2703 2038 tui
2730 2000 2922 2038 vocem
2953 1983 3033 2037 vis
3058 1988 3111 2037 te
3138 1999 3258 2038 esse
3291 1980 3483 2054 456
3517 1980 3801 2052 potiorem?

2215 2078 2422 2132 Audaci
2467 2081 2673 2132 conatu
2709 2081 2763 2130 et
2794 2077 3069 2146 sacrilego
3111 2081 3440 2147 contemptu
3489 2074 3660 2128 crines
3701 2077 3804 2126 tuos

2215 2172 2416 2238 inﬁcis,
2454 2171 2606 2225 malo
2647 2171 2924 2242 praesagio
2959 2171 3278 2225 futurorum
3321 2170 3548 2240 capillos
3580 2169 3691 2238 jam
3722 2165 3805 2219 tibi

2215 2265 2511 2320 ﬂammeos
2547 2266 2657 2336 (63)
2690 2265 3014 2335 auspiceris,
3074 2269 3131 2318 et
3181 2280 3407 2335 peccas,
3456 2263 3593 2333 proh
3644 2259 3800 2314 nefas!

2216 2359 2402 2429 capite
2442 2360 2520 2425 ⁷³,
2560 2359 2615 2413 id
2667 2364 2751 2412 est
2793 2357 3040 2430 corporis
3097 2362 3250 2428 parte
3297 2355 3554 2411 meliore.
3596 2358 3654 2410 Et
3699 2369 3805 2407 cum

2215 2453 2487 2522 scriptum
2518 2453 2588 2506 sit
2613 2453 2681 2507 de
2716 2453 2952 2506 Domino
2980 2470 2991 2505 :
3029 2453 3204 2522 Caput
3236 2458 3422 2505 autem
3451 2451 3556 2519 ejus
3583 2454 3628 2503 et
3651 2448 3808 2517 capilli

2216 2550 2367 2600 erant
2398 2547 2537 2600 alibi
2573 2547 2684 2616 (64)
2724 2548 2868 2600 velut
2901 2547 3029 2600 lana
3061 2551 3158 2599 aut
3187 2548 3283 2599 nio:
3323 2544 3534 2614 (Apoc.,
3568 2559 3602 2610 ι,
3640 2541 3730 2608 lli),
3759 2543 3807 2591 tu

2219 2640 2527 2694 exsecraris
2567 2640 2851 2710 canitiem,
2898 2639 3193 2694 detestaris
3235 2639 3494 2692 alborem
3526 2636 3616 2708 qui
3654 2635 3716 2687 sit
3750 2631 3808 2685 ad

2217 2733 2442 2787 Domini
2467 2740 2636 2805 caput
2663 2733 2880 2787 similis.

2289 2829 2446 2882 XVII.
2491 2828 2609 2881 Non
2667 2828 2893 2895 metuis,
2936 2845 3055 2893 oro,
3102 2843 3228 2898 quas
3274 2826 3406 2880 talis
3451 2841 3528 2892 es,
3573 2840 3658 2891 ne,
3701 2836 3808 2874 cum

2218 2921 2650 2976 resurrectionis
2710 2921 2831 2976 dies
2884 2921 3130 2988 venerit,
3181 2920 3388 2975 artifex
3444 2921 3571 2973 tuus
3621 2922 3669 2971 te
3718 2931 3811 2968 non

1853 3040 2062 3104 Variae
2121 3042 2458 3107 lectiones.

548 3167 590 3200 ⁸³
625 3167 905 3216 Adulteris
963 3168 1071 3215 Ver.
1119 3165 1265 3215 Corb.

1362 3165 1405 3200 “
1441 3167 1732 3216 Facturam
1775 3169 1893 3231 ejus
1939 3174 1994 3218 et
2037 3168 2251 3232 plasma
2304 3169 2617 3219 adulterare
2667 3170 2821 3220 nullo
2869 3169 3035 3220 modo
3086 3167 3330 3218 debeant
3379 3168 3467 3216 Ar.
3530 3167 3658 3214 Lam.
3706 3162 3796 3232 ΝΟἶ

490 3240 533 3287 1.
571 3239 704 3286 Voss.
733 3239 778 3287 1.
845 3238 887 3271 ⁸⁵
911 3237 1014 3288 Vel
1041 3238 1242 3288 rubore
1274 3236 1411 3286 deest
1444 3238 1496 3285 in
1521 3239 1630 3287 MR.
1697 3238 1739 3272 ⁸⁸
1754 3228 1895 3289 cum
1926 3228 2074 3290 dicat
2107 3241 2258 3290 Deus
2301 3241 2407 3290 Lin.
2475 3238 2518 3271 ⁸⁷
2539 3239 2704 3301 Quod
2743 3238 2964 3290 additur
3002 3241 3057 3289 et
3099 3241 3348 3288 mutatur
3387 3239 3476 3285 Ar.
3519 3235 3668 3296 Neap.
3713 3228 3811 3301 Beti-

487 3310 532 3358 4.
600 3307 645 3342 ⁶³
664 3307 1017 3371 Impugnatio
1039 3307 1287 3357 veritatis
1315 3306 1425 3356 ΝΟ.
1454 3309 1498 3357 1.
1527 3308 1660 3356 Pem.
1731 3309 1774 3339 69
1795 3312 2004 3373 Azyma
2043 3311 2151 3359 Ver.
2181 3311 2339 3374 Neap.
2409 3310 2448 3342 7°
2471 3299 2665 3374 Itaque
2690 3311 2982 3374 epulemur
3021 3311 3154 3358 Voss.
3188 3310 3234 3358 3.
3303 3307 3344 3338 ⁷¹
3372 3304 3656 3358 Coloribus
3681 3299 3812 3374 adulf

488 3380 641 3429 teriis
700 3379 820 3428 Bod.
843 3412 845 3415 ι
879 3380 925 3428 2.

489 3449 612 3499 Bod.
646 3452 690 3500 1.

1011 3379 1504 3430 ⁷³Μθείἱοεωὶιιιιω
1561 3380 1746 3430 succis
1806 3381 1942 3429 Lam.
1992 3380 2119 3429 Bod.

2215 3418 2223 3428 .
2278 3372 2622 3432 Adulterinis
2667 3372 2802 3430 delet
2853 3381 3007 3429 Oxon.
3095 3378 3134 3411 ⁷³
3160 3377 3304 3428 Proh
3355 3376 3534 3428 nefas!
3584 3375 3635 3422 in
3675 3372 3812 3433 caput

1788 3514 2008 3595 Steph.
2057 3514 2306 3578 Baluzii
2350 3521 2546 3579 notae.

551 3639 647 3699 (55)
706 3636 1076 3724 ρίνσσωηᾴυοεο
1133 3636 1362 3724 ηἰςτονς.
1425 3633 1846 3724 Eodestancti
1876 3635 2114 3724 'Al‘bini,
2138 3654 2192 3724 α
2217 3637 2335 3724 Dei.
2364 3651 2394 3683 ››
2423 3636 2493 3685 Et
2519 3636 2684 3699 paulo
2716 3639 2843 3724 apte
2873 3634 3086 3724 dixerat
3117 3648 3128 3680 z
3159 3633 3353 3714 «_Nam
3375 3626 3816 3724 e’tsiaccu‘sandu:

488 3709 838 3759 circumducto
883 3708 1097 3772 nigrore
1137 3706 1390 3771 pulveris.
1437 3707 1833 3768 Tertullianus,
1874 3709 1928 3757 in
1977 3709 2117 3760 libro
2139 3699 2192 3724 υ
2221 3708 2387 3758 decor
2407 3721 2518 3757 non
2543 3713 2626 3758 est
2650 3712 2712 3756 ut
2740 3706 2974 3756 felicitas
2999 3705 3262 3768 corporis,
3291 3710 3355 3754 ut
3383 3704 3585 3753 divinas
3604 3700 3815 3764 plasticae

489 3795 506 3830 ι
535 3781 598 3830 de
635 3779 790 3830 Cultu
815 3780 1137 3842 feminarum
1166 3793 1182 3826 :
1209 3794 1237 3827 α
1266 3779 1428 3828 Illum
1466 3780 1649 3842 ipsum
1679 3779 1897 3843 nigrum
1928 3781 2119 3842 pulve-

489 3867 606 3904 rem
655 3867 766 3916 quo
821 3851 1110 3902 oculorum
1155 3849 1380 3900 exordia
1425 3851 1822 3913 producuntur.
1875 3869 1902 3895 »
1955 3851 2120 3916 Apud

491 3923 973 3981 Commodianum,
1023 3922 1391 3972 instructione
1437 3921 1518 3982 60,
1578 3922 1798 3986 legitur,
1845 3940 1874 3966 «
1916 3923 2120 3972 Oculos

492 3995 725 4058 fuligine
752 3995 1002 4044 relinitis.
1036 4008 1064 4040 ››

555 4068 649 4129 (56)
687 4068 856 4116 Genus
883 4064 1176 4114 mendacio.
1209 4063 1496 4128 Origenes,
1526 4063 1752 4114 homilia
1785 4066 1802 4113 1
1837 4065 1893 4112 in
1929 4063 2118 4115 Canti-

493 4152 620 4188 cum
665 4138 1007 4187 canticorum
1055 4151 1066 4183 :
1113 4153 1139 4182 «
1172 4135 1532 4185 Pulchritudo
1577 4136 1781 4199 quippe
1823 4136 2120 4186 mulierum

493 4211 548 4257 in
607 4209 764 4273 genis
810 4207 1012 4256 dicitur
1058 4219 1181 4255 esse
1228 4218 1394 4268 quam
1454 4206 1774 4269 plurimum.
1816 4224 1844 4252 »
1890 4207 2118 4266 Plinius,

492 4280 587 4330 lib.
635 4293 713 4340 x1,
758 4292 872 4341 cap.
913 4279 992 4336 37,
1034 4277 1269 4340 loquens
1313 4276 1383 4327 de
1428 4278 1626 4340 genis:
1667 4295 1696 4324 «
1731 4278 1961 4327 Pudoris
1999 4279 2122 4329 11320

493 4351 672 4401 sedes.
716 4350 795 4399 Ibi
843 4350 1084 4398 maxime
1126 4349 1440 4398 ostenditur
1483 4349 1727 4399 rubor.»
1770 4349 2020 4412 Ovidius,
2064 4352 2121 4399 in

492 4421 637 4471 libro
667 4421 728 4471 de
759 4420 1105 4471 Medicamine
1131 4419 1284 4482 faciei
1313 4435 1329 4469 .-

613 4529 720 4576 Nec
745 4541 928 4577 cerusa
955 4526 1048 4576 tibi
1081 4541 1176 4578 nec
1206 4528 1326 4578 nitri
1359 4542 1543 4592 spuma
1573 4527 1808 4578 rubentis

617 4599 822 4649 Desit...

490 4709 722 4769 Seneca,
776 4708 872 4757 lib.
937 4720 992 4766 v,
1039 4711 1284 4757 controv.
1329 4707 1360 4756 6
1403 4718 1414 4752 :
1463 4721 1492 4754 ‹‹
1540 4704 1869 4756 Muliebrem
1911 4708 2119 4755 vestem

491 4780 750 4843 sumpsit,
804 4779 1038 4842 capillos
1087 4779 1144 4827 in
1197 4779 1418 4828 feminas
1469 4777 1718 4827 habitum
1777 4777 2118 4839 composuit,

491 4851 682 4900 oculos
712 4851 943 4913 puellari
982 4850 1258 4900 lenocinio
1294 4847 1682 4907 circumdedit,
1721 4847 1985 4897 coloravit
2025 4861 2120 4911 ge-

491 4935 606 4970 nas.
636 4938 663 4967 »
699 4921 970 4984 Apuleius
1008 4934 1064 4968 in
1106 4919 1365 4984 Apologia
1401 4932 1501 4968 sua
1542 4918 1681 4967 dixit
1712 4917 2122 4981 purpurissatas

489 5005 669 5056 genas.
717 5011 743 5036 ιο
781 4991 1235 5051 Commodianus,
1279 4992 1530 5040 instruct.
1557 4990 1620 5040 59
1655 5004 1667 5038 ε
1705 5007 1732 5034 ‹‹
1763 4989 1877 5039 Nec
1916 5001 2027 5038 non
2069 4993 2124 5037 et

491 5061 712 5111 inducis
755 5061 915 5111 malis
959 5060 1332 5110 medicamina
1369 5060 1536 5120 falsa;
1569 5075 1597 5107 ››
1636 5064 1690 5110 et
1731 5059 1988 5109 instruct.
2019 5060 2119 5109 60:

492 5149 520 5175 «
558 5131 729 5181 Malas
788 5132 1078 5182 medicatis
1122 5131 1366 5196 quodam
1421 5131 1758 5194 superducto
1811 5131 2028 5181 rubore.
2096 5149 2124 5176 »

493 5201 672 5253 Hodie
699 5204 839 5253 nihil
870 5204 1169 5267 vulgatius.
1199 5203 1259 5252 Id
1301 5215 1430 5252 vero
1468 5203 1538 5253 ab
1573 5204 1722 5253 Italis
1764 5202 1833 5253 ad
1869 5216 1970 5253 nos
2005 5217 2124 5266 per-

492 5275 714 5324 venisse
745 5275 1067 5324 adnotatum
1107 5277 1189 5324 est
1230 5275 1286 5323 in
1331 5273 1615 5324 Thesauro
1650 5275 1854 5337 linguas
1885 5275 2123 5334 Latinas;

494 5344 590 5393 ubi
617 5345 817 5408 legitur
845 5347 1169 5409 purpurisso
1208 5345 1341 5394 olim
1385 5358 1513 5394 usas
1551 5346 1722 5395 fuisse
1759 5346 2021 5396 mulieres
2056 5345 2125 5394 ad

492 5415 646 5464 labra
689 5421 745 5466 et
783 5429 953 5479 genas
1007 5416 1330 5479 tingendas,
1377 5434 1404 5461 «
1449 5415 1918 5480 quemadmodum
1961 5416 2125 5466 hodie

492 5486 823 5550 plerumque
853 5486 1000 5550 apud
1041 5488 1204 5537 Italos
1235 5487 1356 5537 ﬁeri
1383 5487 1653 5537 videmus.
1686 5504 1712 5532 »

555 5558 655 5620 (57)
696 5557 1028 5620 Corruptela;
1065 5559 1478 5622 impugnatione.
1513 5558 1776 5608 Erasmus
1814 5558 2004 5608 mallet
2029 5560 2126 5607 im—

491 5629 834 5693 pigmuti‘one,
864 5629 1004 5678 unde
1031 5629 1298 5693 pigmenta
1333 5631 1473 5679 dicta
1514 5630 1784 5690 videntur,
1811 5634 1873 5679 ut
1903 5631 1993 5679 ille
2032 5632 2124 5680 ait.

493 5700 601 5751 Sed
630 5714 732 5765 ego
762 5701 1234 5765 impigmationem
1271 5701 1403 5751 alibi
1429 5715 1540 5750 non
1563 5702 1688 5766 legi.

553 5773 650 5835 (58)
706 5771 935 5823 Plastica
989 5771 1306 5823 adulterari.
1367 5772 1774 5834 Tertullianus,
1830 5773 1922 5822 lib.
1976 5786 2011 5821 ιι
2064 5772 2150 5820 de-

491 5842 646 5895 Cultu
679 5843 996 5907 feminarum
1031 5862 1040 5890 :
1076 5863 1101 5891 «
1135 5844 1404 5908 Displicet
1441 5843 1704 5896 nimirum
1751 5843 1860 5895 illis
1897 5843 2126 5908 plastica

2221 3780 2542 3830 accessio.»
2580 3779 2650 3828 Et
2688 3779 2744 3827 in
2783 3776 2923 3826 libro
2969 3776 3030 3825 de
3075 3776 3400 3838 Spectaculis
3439 3790 3453 3823 :
3493 3791 3519 3819 (ι
3559 3771 3815 3822 Plasticam

2220 3851 2321 3900 Dei
2345 3862 2713 3913 supergressa.
2747 3867 2773 3894 »

2282 3922 2378 3982 (59)
2410 3921 2568 3970 Flavo
2614 3920 2800 3970 colore.
2842 3920 3148 3980 Juvenalis,
3187 3920 3358 3968 satira
3404 3921 3452 3976 6,
3487 3919 3616 3980 [lavo
3655 3915 3814 3988 crinem

2221 3992 2562 4042 abscondente
2599 3991 2794 4056 galero.
2837 3993 2939 4040 Dio
2977 3991 3432 4054 Chrysostomus,
3469 3994 3598 4039 orat.
3647 3987 3718 4042 2|,
3755 3986 3816 4056 ait

2222 4063 2458 4114 Achillis
2505 4053 2720 4113 comam
2764 4064 2935 4112 fuisse
2975 4053 3191 4112 ﬂavam.
3237 4061 3512 4124 Apuleius
3566 4058 3655 4108 lib.
3696 4069 3726 4105 ιι
3769 4053 3818 4099 de

2219 4136 2382 4185 Asino
2417 4148 2579 4184 aureo
2606 4149 2621 4182 :
2649 4153 2675 4177 «
2701 4133 2889 4184 Rubor
2919 4137 3278 4195 temperatus,
3307 4133 3511 4182 ﬂavum
3544 4134 3595 4180 et
3619 4125 3817 4178 inaffec—

2221 4209 2396 4254 tatum
2432 4205 2764 4268 capillitium
2821 4219 2848 4249 »
2881 4202 3035 4252 Idem
3067 4203 3161 4252 lib.
3195 4215 3230 4252 v
3260 4217 3270 4249 :
3303 4221 3329 4248 «
3360 4204 3462 4252 Per
3496 4202 3625 4250 istos
3655 4198 3816 4248 cinna-

2221 4289 2376 4325 meos
2419 4279 2473 4325 et
2506 4267 2762 4338 fundique
2810 4274 3082 4338 pendulos
3121 4275 3304 4324 crines
3345 4278 3486 4323 tuos.
3530 4290 3558 4317 »
3601 4267 3816 4322 Ovidius,

2222 4347 2316 4397 lib.
2345 4360 2420 4408 ιιι,
2444 4346 2506 4396 de
2534 4349 2656 4396 Arte
2682 4347 2906 4396 amandi
2933 4361 2950 4393 .-

2348 4453 2559 4503 Femiua
2585 4453 2829 4502 canitiem
2859 4452 3121 4516 germanis
3147 4451 3311 4501 inﬁcit
3338 4452 3537 4511 herbis,

2409 4526 2470 4574 Et
2494 4525 2675 4574 melior
2704 4539 2828 4574 vero
2858 4525 3104 4588 quaeritur
3132 4530 3240 4573 arte
3271 4526 3437 4572 color.

2287 4633 2378 4693 (60)
2432 4634 2621 4683 Manus
2687 4633 2786 4680 Deo
2842 4632 3091 4692 inferunt.
3145 4630 3526 4680 Tertullianus
3585 4624 3765 4677 ibidem
3807 4636 3815 4666 :

2225 4723 2252 4748 «
2286 4705 2386 4753 Ille
2422 4703 2732 4753 indubitate
2772 4701 3092 4766 hujusmodi
3127 4702 3352 4764 ingenia
3393 4698 3729 4751 concinnavit
3770 4697 3816 4740 ut

2225 4776 2280 4823 in
2324 4775 2482 4824 vobis
2526 4779 2714 4838 pareat
2756 4787 2954 4823 manus
2997 4786 3092 4822 vos
3138 4773 3382 4836 quodam
3422 4772 3586 4821 modo
3618 4770 3722 4819 Deo
3752 4766 3817 4814 iu-

2225 4847 2380 4896 ferre.
2415 4865 2442 4890 »

2285 4919 2381 4979 (61)
2423 4917 2563 4980 Opus
2616 4917 2705 4965 Dei
2755 4921 2843 4965 est.
2895 4915 3148 4965 Imitatus
3195 4920 3280 4965 est
3317 4916 3640 4977 magistrum
3679 4919 3818 4980 suum

2224 4977 2555 5052 Cyprianus.
2610 4988 2990 5038 Tertullianus
3042 4989 3189 5037 enim
3236 4988 3290 5036 in
3339 4987 3484 5036 libro
3529 4999 3562 5035 ιι
3606 4984 3665 5034 de
3699 4977 3819 5052 cultu

2223 5051 2540 5121 feminarum
2565 5061 2638 5108 ait
2673 5074 2683 5106 :
2719 5075 2746 5106 «
2777 5059 2938 5120 Quod
2980 5059 3225 5108 nascitur
3263 5071 3405 5121 opus
3441 5058 3540 5107 Dei
3578 5059 3669 5104 est.
3697 5051 3818 5111 Ergo

2224 5128 2374 5194 quod
2403 5130 2629 5192 ﬁngitur
2658 5129 2862 5180 diaboli
2885 5130 3168 5194 negotium
3194 5134 3295 5179 est.
3326 5147 3352 5173 ι)

2287 5201 2388 5263 (62)
2435 5201 2492 5250 Si
2531 5202 2649 5264 quis
2694 5201 2963 5264 pingendi.
3016 5199 3162 5250 Citat
3210 5200 3362 5249 hunc
3410 5199 3592 5248 locum
3624 5196 3821 5245 sanctus

2226 5273 2575 5335 Augustinus
2604 5273 2698 5321 lib.
2734 5285 2810 5332 1v,
2842 5273 2904 5320 de
2933 5271 3178 5320 doctrina
3205 5271 3534 5328 Christiana,
3563 5281 3673 5329 cap.
3698 5264 3766 5312 21-

2289 5332 2387 5408 (63)
2419 5343 2653 5407 Capillos
2683 5343 2964 5406 ﬂammeos.
2994 5343 3372 5393 Tertullianus
3402 5341 3622 5398 ibidem,
3651 5355 3672 5383 ‹ε
3699 5332 3820 5408 male

2226 5403 2302 5465 ac'
2330 5403 2568 5478 pessime
2606 5403 2712 5463 sibi
2753 5415 3112 5477 auspicantur
3151 5413 3410 5463 ﬂammeo
3441 5413 3628 5475 capite.
3656 5429 3679 5452 »
3712 5403 3822 5452 Vide

2230 5486 2325 5536 lib.
2352 5499 2409 5536 ιιι
2437 5485 2900 5536 Observationum
2933 5484 3156 5549 Cuperi,
3188 5499 3304 5549 cap.
3338 5485 3415 5534 14.

2292 5559 2390 5622 (64)
2431 5556 2627 5620 Capilli
2677 5562 2830 5606 erant
2879 5556 3007 5605 albi.
3053 5557 3241 5606 Passio
3285 5559 3597 5606 sanctarum
3648 5553 3820 5622 Perpe-

2228 5620 2335 5678 tua:
2387 5633 2438 5677 et
2493 5627 2796 5678 Felicitatis
2850 5644 2860 5675 :
2915 5646 2942 5670 «
2983 5627 3052 5676 Et
3094 5627 3338 5678 vidimus
3385 5627 3437 5675 in
3488 5625 3674 5675 eodem
3719 5620 3820 5667 loco

2227 5700 2513 5751 sedentem
2554 5699 2710 5763 quasi
2753 5699 3040 5749 hominem
3080 5713 3283 5750 canum
3320 5699 3514 5748 niveos
3553 5694 3819 5744 habentem

2226 5771 2474 5833 capillos.
2507 5789 2534 5816 ν
