3978 6194
188 215 274 270 469
1330 206 1531 270 LIBER
1574 214 1658 269 DE
1701 214 1944 271 HABITU
1984 210 2335 271 VlRGINUM.

184 341 523 411 recognoscat
572 338 701 409 (65),
747 338 821 395 ad
847 356 947 394 sua
993 339 1227 411 praemia
1282 343 1339 394 et
1380 340 1656 411 promissa
1679 358 1777 395 ve—
1802 356 2059 435 Agrege
2097 338 2439 411 virginitatis
2476 337 2677 405 arceri,
2720 353 2790 391 ne
2837 332 3103 405 contagio
3149 350 3251 388 suo
3278 334 3511 387 caateras

182 434 407 489 nientem
454 438 738 488 removeat
776 436 832 489 et
880 433 1181 496 excludat,
1245 433 1544 505 increpans
1585 435 1779 505 vigore

179 525 406 582 censoris
437 526 722 596 etjudicis
758 526 912 582 dicat
938 544 950 582 :
982 526 1136 599 Opus
1166 528 1271 582 hoc
1305 544 1500 583 meum
1531 545 1644 583 non
1673 533 1776 596 est,

179 636 265 675 nec
305 620 494 692 imago
544 626 738 676 nostra
787 625 889 676 est.
950 622 1149 677 Cutem
1205 621 1344 677 falso
1397 622 1779 677 medicamine

176 713 422 785 polluisti,
452 714 669 769 crinem
697 714 958 770 adultero
986 716 1176 769 colore
1206 715 1462 785 mutasti,
1492 732 1777 788 expugna-

174 811 221 861 ta
244 809 320 861 est
364 807 664 862 mendacio
697 808 889 874 facies,
936 807 1121 880 ﬁgura
1147 812 1416 880 corrupta
1459 812 1563 877 est,
1594 810 1779 864 vultus

172 902 370 955 alienus
395 904 498 955 est.
533 902 707 956 Deum
736 901 931 956 videre
958 918 1078 957 non
1107 901 1340 973 poteris,
1371 904 1602 973 quando
1632 904 1778 959 oculi

172 994 241 1048 tui
283 1011 394 1049 non
442 998 575 1048 sunt
611 1011 754 1067 quos
798 997 946 1050 Deus
994 995 1151 1059 fecit,
1202 997 1298 1051 sed
1351 1012 1490 1067 quos
1523 996 1777 1051 diabolus

172 1088 365 1143 infecit.
401 1089 565 1143 illum
614 1093 678 1144 tu
718 1094 925 1144 sectata
951 1105 1030 1157 es,
1084 1090 1286 1144 rutilos
1324 1094 1495 1161 atque
1527 1090 1779 1161 depictos

172 1179 342 1232 oculos
403 1176 511 1248 (66)
564 1180 843 1250 serpentis
888 1179 1109 1235 imitata
1155 1196 1236 1249 es,
1283 1179 1351 1235 de
1398 1179 1630 1234 inimico
1678 1186 1776 1237 tuo

171 1275 415 1344 compta,
474 1289 604 1327 cum
660 1272 755 1327 illo
811 1272 1027 1345 pariter
1072 1277 1130 1328 et
1168 1290 1382 1328 arsura.
1432 1274 1589 1343 Haec,
1644 1291 1775 1342 oro,

168 1366 448 1437 cogitanda
480 1383 595 1422 non
620 1373 755 1422 sunt
783 1368 878 1422 Dei
917 1368 1094 1423 servis
1117 1368 1144 1422 ?
1180 1384 1294 1421 non
1324 1366 1415 1422 die
1458 1384 1687 1439 semper
1713 1384 1777 1423 ac

170 1462 310 1514 nocte
331 1460 643 1515 metuenda
671 1461 781 1531 (67)
806 1461 833 1515 ?
863 1461 1121 1516 Viderint
1142 1461 1283 1533 quid
1314 1461 1421 1516 sibi
1453 1467 1646 1533 nupta:
1676 1478 1777 1532 per

172 1553 407 1624 placendi
436 1554 689 1609 studium
712 1554 781 1609 de
809 1556 1118 1626 conjugum
1146 1555 1346 1610 solatio
1368 1555 1732 1610 blandiantur
1760 1573 1773 1623 ;

171 1663 293 1717 quos
331 1648 469 1702 dum
526 1648 582 1701 in
648 1649 1079 1703 excusationem
1135 1666 1294 1704 suam
1347 1649 1661 1720 proferunt,
1705 1649 1774 1704 ad

1882 434 2139 506 polluant
2165 434 2303 488 dum
2333 433 2498 487 simul
2528 431 2716 503 457
2748 431 2985 502 degunt,
3007 445 3076 483 ne
3101 428 3345 499 perdant
3370 426 3510 480 alias

1881 542 2235 600 quaecunque
2263 525 2579 597 perierunt.

1950 622 2121 676 XVIII.
2176 621 2242 675 Et
2290 620 2564 691 quoniam
2613 617 2979 673 continentiae
3024 617 3240 671 bonum
3262 617 3309 649 ⁷⁵
3343 631 3505 687 quae—

1880 717 2076 781 rimus,
2104 713 2419 785 perniciosa
2448 727 2694 783 qumque
2724 716 2780 767 et
2806 711 3009 765 infesta
3032 709 3363 764 vitemus".
3394 710 3507 763 Nec

1878 809 1974 864 illa
2018 812 2299 880 praetereo
2350 822 2498 878 quae,
2544 806 2677 860 dum
2729 804 3079 876 negligentia
3132 804 3190 856 in
3220 819 3380 857 usum
3411 818 3503 857 ve-

1878 903 2064 971 niunt,
2111 907 2309 957 contra
2344 899 2581 972 pudicos
2619 903 2675 953 et
2718 898 2936 953 sobrios
2971 914 3158 952 mores
3208 895 3500 953 licentiam

1878 997 1980 1051 sibi
2036 996 2107 1050 de
2135 995 2502 1066 usurpatione
2545 994 2825 1049 fecerunt.
2860 991 3144 1056 Quasdam
3173 1006 3289 1044 non
3327 988 3507 1059 pudet

1876 1089 2225 1146 nubentibus
2290 1090 2563 1143 interesse
2624 1086 2775 1158 (68),
2835 1090 2894 1140 et
2952 1086 3012 1138 in
3068 1084 3156 1138 illa
3212 1081 3502 1136 lascivien-

1879 1184 2024 1238 tium
2057 1182 2165 1254 (69)
2192 1182 2453 1237 libertate
2479 1196 2807 1236 sermonum
2852 1178 3135 1249 colloquia
3161 1177 3378 1230 incesta
3399 1175 3502 1227 mi-

1879 1294 2057 1344 scere,
2087 1276 2287 1331 audire
2314 1275 2466 1347 quod
2497 1292 2611 1329 non
2639 1274 2819 1342 decet,
2861 1274 3015 1344 quod
3047 1287 3160 1326 non
3190 1271 3321 1325 licet
3341 1269 3386 1302 ⁷⁷
3418 1268 3505 1322 di-

1877 1387 2025 1439 cere,
2058 1370 2348 1425 observari
2377 1373 2432 1423 et
2460 1386 2580 1422 esse
2605 1372 2915 1440 praesentes
2943 1366 3091 1420 inter
3119 1363 3292 1418 verba
3318 1362 3505 1432 turpia

1879 1467 1936 1519 et
1963 1464 2279 1519 temulenta
2322 1462 2582 1517 convivia
2606 1461 2813 1533 quibus
2853 1459 3153 1513 libidinum
3200 1458 3379 1511 fomes
3409 1472 3501 1509 ac‘

1877 1558 2153 1625 cenditur,
2184 1572 2389 1627 sponsa
2417 1555 2489 1610 ad
2516 1555 2853 1627 patientiam
2871 1552 3074 1624 stupri,
3102 1550 3176 1606 ad
3204 1549 3502 1604 audaciam

1877 1668 2120 1723 sponsus
2152 1650 2264 1721 (70)
2297 1649 2603 1705 animatur.
2633 1649 2765 1712 Quis
2794 1648 2871 1701 illi
2912 1647 2967 1700 in
2990 1644 3204 1716 nuptiis
3229 1645 3385 1698 locus
3415 1646 3501 1696 est

170 1740 482 1795 societatem
583 1742 906 1797 criminosa:
1005 1742 1395 1797 consensionis
1475 1743 1772 1797 asciscant.
1800 1743 1852 1814 Β
1876 1746 2035 1800 cui”
2075 1744 2305 1799 animus
2342 1744 2412 1798 ad
2446 1743 2671 1814 nuptias
2708 1758 2818 1795 non
2852 1747 2953 1807 est,
2990 1745 3088 1794 aut
3115 1738 3496 1809 voluptaria79

170 1832 407 1904 Virgines
453 1840 630 1903 certe,
676 1835 883 1906 quibus
932 1834 1023 1890 hic
1070 1852 1261 1890 sermo
1309 1852 1462 1890 nunc
1514 1836 1772 1905 consulit,

169 1943 275 1997 quae
303 1944 359 1980 se
387 1928 674 1998 ejusmodi
709 1928 925 1982 artibus
954 1928 1321 2000 compserint,
1349 1930 1497 1983 inter
1524 1929 1775 1999 virgines

171 2036 268 2075 non
310 2025 506 2090 putem
560 2022 765 2077 debere
816 2021 1129 2091 numerari,
1180 2022 1283 2077 sed
1327 2026 1603 2094 tanquam
1645 2040 1773 2077 con-

170 2118 319 2169 tactas
347 2130 479 2170 oves
508 2120 565 2170 et
595 2115 880 2171 morbidos
911 2115 1154 2188 pecudes
1182 2118 1227 2150 7‘
1262 2133 1293 2171 a
1323 2121 1517 2171 sancto
1548 2120 1605 2171 et
1630 2133 1773 2186 puro

1878 1839 1989 1893 illic
2017 1845 2073 1893 et
2098 1839 2227 1892 lazla
2253 1854 2375 1892 esse
2413 1854 2538 1908 quaa
2580 1842 2817 1907 possunt
2856 1834 2948 1888 ubi
2983 1836 3039 1888 et
3076 1832 3261 1887 studia
3292 1838 3346 1885 et
3371 1834 3499 1884 vota

1876 1933 2094 1987 diversa
2137 1932 2315 1986 sunt?
2377 1930 2521 1995 Quid
2574 1930 2687 1983 illic
2729 1928 3008 1994 discitur,
3049 1928 3185 1998 quid
3231 1927 3499 1981 videtur?

1876 2023 2162 2085 Quantum
2190 2037 2221 2073 a
2250 2020 2542 2091 proposito
2574 2034 2675 2073 suo
2719 2016 2878 2087 virgo
2906 2016 3115 2082 deﬁcit,
3147 2015 3378 2086 quando
3405 2033 3500 2087 pu-

1875 2116 1996 2170 dica
2038 2114 2148 2185 (Ἠ)
2176 2131 2302 2185 quis
2343 2117 2577 2168 venerat
2608 2110 2899 2181 impudica
2946 2109 3228 2165 discedit?
3252 2110 3500 2182 Corpore

1548 2268 1758 2332 Varia
1815 2266 2149 2330 lectiones.

221 2391 256 2422 ⁷⁴
275 2391 525 2443 Pecudos
573 2393 717 2443 deest
762 2396 814 2442 in
864 2395 972 2445 ΝΟ.
1016 2399 1062 2444 2.
1133 2394 1173 2429 ⁷⁵
1194 2396 1416 2445 Donum
1464 2397 1596 2445 Voss.
1644 2398 1689 2446 1.
1758 2395 1800 2428 ⁷⁸
1820 2395 2075 2445 Vitamus
2117 2395 2272 2444 Oxon.
2313 2408 2377 2442 ea:
2418 2398 2441 2442 ι
2475 2392 2624 2441 codd.
2666 2392 2881 2442 Incesta
2921 2392 3060 2440 Lam.
3126 2389 3169 2422 77
3189 2389 3351 2453 Quod
3390 2402 3501 2439 non

175 2462 355 2524 licet...
387 2464 544 2529 quod
569 2479 682 2515 non
704 2465 864 2516 decet
904 2466 1036 2515 Voss.
1068 2469 1111 2528 l,
1144 2466 1268 2516 Bod.
1294 2471 1338 2515 2.
1409 2466 1450 2501 ⁷³
1471 2466 1610 2529 Quis
1632 2467 1829 2527 illis...,
1854 2466 2061 2531 quibus
2085 2467 2196 2514 Lin.
2224 2462 2348 2514 Bod.
2378 2464 2425 2512 4.
2493 2461 2535 2495 ⁷9
2555 2462 2879 2512 Voluntaria
2912 2461 3034 2511 Thu.

1471 2597 1695 2679 Steph.
1728 2596 1974 2661 Baluzii
2005 2602 2200 2660 notae.

218 2721 304 2782 (ὣ)
358 2723 421 2771 Te
456 2735 571 2773 non
607 2730 956 2789 recognoscat.
996 2724 1182 2775 Julius
1218 2725 1493 2776 Firmicus
1530 2725 1589 2775 in
1631 2723 1773 2775 libro

170 2789 220 2841 de
265 2805 441 2843 errore
498 2793 858 2858 profanarum
900 2795 1213 2860 religionum
1258 2813 1275 2845 :
1326 2812 1356 2845 ‹‹
1387 2796 1529 2847 Cum
1574 2795 1773 2846 cohors

172 2866 325 2911 vestra
371 2863 438 2912 ad
475 2864 722 2916 tribunal
764 2866 1068 2929 judicantis
1114 2868 1216 2917 Dei
1269 2868 1583 2925 accesserit,
1633 2868 1773 2917 nihil

171 2930 427 2984 vobiscum
472 2935 717 2986 afferetis
774 2952 885 3000 quo
930 2939 1084 2989 Deus
1129 2939 1225 3002 qui
1272 2952 1371 2989 vos
1422 2940 1553 2989 fecit
1594 2952 1775 3003 agno-

171 3008 280 3074 scat.
306 3021 334 3052 »
362 3006 744 3072 Hieronymus
780 3011 839 3058 in
884 3010 1129 3074 Epistola
1173 3010 1245 3059 ad
1286 3009 1527 3067 Furiam,
1563 3009 1633 3059 de
1669 3009 1772 3058 Vi-

172 3073 353 3127 duitate
410 3080 730 3131 servanda:
772 3098 799 3127 α
844 3073 966 3143 Qua
1012 3081 1219 3132 ﬁducia
1262 3082 1422 3146 erigit
1461 3082 1530 3131 ad
1568 3081 1773 3132 caelum

172 3146 331 3197 vultus
380 3164 525 3214 quos
571 3152 824 3202 conditor
866 3166 977 3203 non
1016 3155 1283 3217 agnoscit.
1318 3168 1348 3201 ››
1384 3151 1547 3216 Apud
1578 3153 1772 3203 Victo-

172 3228 266 3266 rem
293 3219 574 3272 Vitensem
604 3222 699 3272 lib.
732 3237 787 3283 v,
816 3237 935 3287 cap.
983 3224 1034 3285 9,
1081 3228 1261 3274 exstat
1301 3224 1610 3288 objurgatio
1651 3223 1770 3272 Mu-

172 3288 290 3360 rittaa
375 3292 603 3344 diaconi
684 3294 1137 3360 Carthaginensis
1229 3296 1299 3345 ad
1386 3294 1772 3359 Elpidoforum

172 3358 280 3411 olim
320 3362 713 3427 Christianum,
774 3368 864 3418 cui
900 3358 1099 3418 'fuerat
1165 3358 1476 3431 delegatum
1524 3367 1775 3416 membra

172 3433 527 3486 confessorum
575 3436 781 3488 Christi
822 3439 1111 3502 suppliciis
1166 3438 1548 3503 grassantibus
1590 3438 1772 3487 lania-

172 3516 235 3552 re.
260 3506 338 3555 Ad
369 3508 532 3558 illum
562 3522 693 3573 ergo
746 3510 820 3559 ait
875 3512 1021 3560 inter
1054 3514 1252 3561 caetera
1294 3510 1535 3569 Muritta,
1593 3509 1771 3558 Deum

172 3586 264 3625 non
302 3580 618 3642 agniturum
663 3580 842 3642 illum,
894 3595 1026 3632 cum
1073 3584 1286 3632 venerit
1324 3582 1443 3631 dies
1473 3584 1770 3639 extremus,

171 3650 213 3694 et
252 3646 521 3700 dicturum
566 3667 578 3701 :
620 3669 647 3695 «
707 3652 828 3702 Non
888 3653 1174 3715 conspicio
1236 3651 1453 3701 vultum
1500 3650 1771 3714 signaculi

172 3719 276 3777 mei,
305 3721 679 3772 characterem
725 3735 835 3772 non
883 3723 1046 3773 video
1078 3723 1379 3772 Trinitatis.
1412 3742 1438 3768 »
1472 3723 1773 3785 Imperator

173 3786 543 3843 Constantinus
578 3794 634 3843 in
686 3793 847 3843 titulo
885 3793 1105 3844 Codicis
1153 3793 1527 3844 Theodosiani
1573 3792 1636 3841 de
1664 3793 1773 3841 Poe—

171 3860 351 3913 nis:Si
392 3865 521 3928 quis
560 3865 619 3914 in
662 3864 858 3914 ludum
899 3865 1065 3914 fuerit
1107 3864 1197 3915 vel
1234 3865 1288 3913 in
1347 3863 1631 3914 metallum
1674 3875 1771 3926 pro

175 3932 435 3984 criminum
462 3936 942 3999 deprehensorum
972 3935 1237 4000 qualitate
1263 3935 1578 3995 damnatus,
1607 3935 1773 3983 mini-

175 4014 246 4053 me
267 4006 315 4053 in
361 4004 482 4066 ejus
529 4007 674 4057 facie
720 4006 1012 4068 scribetur,
1056 4007 1190 4055 dum
1238 4010 1293 4057 et
1327 4007 1384 4056 in
1420 4004 1680 4055 manibus
1718 4008 1774 4054 et

174 4072 219 4122 in
262 4078 393 4126 suris
438 4079 619 4142 possit
667 4091 833 4141 pmna
881 4077 1255 4127 damnationis
1312 4091 1421 4127 una
1476 4078 1772 4140 scriptione

175 4146 558 4208 comprehendi,
608 4161 720 4211 quo
767 4148 963 4207 facies,
1034 4160 1159 4211 quas
1227 4147 1296 4197 ad
1351 4147 1770 4196 similitudinem

176 4218 575 4333 pulchritudinis
621 4219 864 4271 ccelestis
902 4223 985 4271 est
1025 4220 1274 4285 ﬁgurata,
1316 4221 1545 4269 minime
1579 4233 1769 4268 macu-

192 4300 216 4333 e
238 4302 307 4333 nr-
336 4306 363 4333 θ

192 4292 307 4337 etnr.
336 4306 363 4337 θ

225 4360 310 4419 (66;
334 4361 568 4424 Depictos
595 4361 790 4412 oculos.
822 4362 1036 4412 Plinius
1067 4362 1163 4413 lib.
1197 4376 1278 4423 x1,
1310 4377 1431 4425 cap.
1460 4362 1521 4412 37
1553 4377 1563 4410 :
1594 4377 1623 4410 «
1654 4360 1772 4410 Pal-

177 4428 332 4488 pebrae
361 4433 413 4481 in
450 4433 611 4497 genis
648 4432 862 4482 homini
905 4435 1204 4497 utrinque;
1245 4432 1573 4483 mulieribus
1606 4433 1769 4482 etiam

1872 2724 2043 2787 nique
2076 2722 2329 2773 infacetis
2354 2723 2567 2772 facetiis
2607 2720 2942 2783 indulgetur.
2982 2717 3160 2769 Omne
3190 2715 3338 2787 enim
3365 2727 3523 2771 con-~

1873 2786 2105 2855 vivium,
2132 2799 2193 2843 ut
2226 2794 2322 2843 lib.
2354 2808 2390 2853 ι,
2432 2807 2551 2857 cap.
2588 2793 2636 2849 2,
2685 2793 2763 2842 ait
2808 2789 3205 2852 Quintilianus,
3246 2786 3502 2837 obscenis

1874 2864 2134 2916 cantibus
2200 2865 2411 2927 strepit,
2487 2863 2747 2927 pudenda
2816 2862 2971 2912 dictu
3040 2862 3376 2924 spectantur.
3432 2857 3505 2906 Et

1874 2936 2209 2987 Prudentius
2265 2937 2321 2985 in
2391 2936 2784 2998 Hamartigenia
2837 2932 2977 2983 dixit
3040 2946 3051 2979 :
3114 2947 3143 2979 <<
3197 2928 3502 2980 Convivale

1874 3008 2104 3058 calentis
2128 3020 2350 3057 carmen
2382 3005 2665 3070 nequitias.
2697 3019 2727 3050 ››

1937 3080 2039 3142 (69)
2089 3080 2150 3128 In
2201 3077 2294 3127 illa
2348 3069 2749 3127 lascivientium.
2822 3075 2902 3123 Ita
2973 3072 3183 3122 habent
3241 3069 3501 3120 undecim

1794 3118 1848 3191 Ο
1873 3118 2017 3200 11851"
2025 3118 2333 3200 velereswet
2348 3118 3289 3207 Editiovbienniii.”l:10nmdisplicet
3316 3118 3500 3189 tamen

1871 3222 2035 3271 lectio
2069 3226 2319 3271 veterum
2368 3220 2695 3280 editionum,
2749 3219 2803 3268 in
2851 3216 3054 3281 quibus
3100 3214 3367 3277 scriptum
3399 3215 3501 3271 est,

1871 3309 1901 3341 «
1936 3294 2078 3342 inter
2132 3292 2284 3341 illam
2334 3291 2715 3341 lascivientem
2778 3288 3107 3339 libertatem.
3163 3303 3191 3330 »
3252 3282 3504 3334 Habetur

1872 3367 2055 3412 autem
2095 3362 2189 3412 illa
2224 3363 2280 3412 in
2323 3363 2574 3426 quinque
2622 3361 2779 3411 libris
2810 3359 3111 3411 veteribus.
3140 3355 3328 3408 Codex
3362 3355 3499 3403 Bec-

1873 3434 2055 3483 censis
2078 3433 2266 3492 habet,
2303 3452 2329 3478 «
2359 3435 2412 3482 in
2441 3433 2536 3482 illa
2562 3432 2817 3483 libertate
2847 3430 3280 3482 convivantium.
3314 3443 3344 3472 »
3369 3426 3501 3475 Las-

1872 3504 2049 3553 civam
2075 3505 2357 3554 licentiam
2387 3504 2525 3554 dixit
2552 3505 2835 3561 Horatius,
2860 3502 2952 3552 lib.
2980 3515 3015 3562 i,
3048 3499 3135 3549 od.
3162 3500 3236 3549 19.

1936 3575 2032 3636 (70)
2065 3576 2144 3625 Ad
2168 3575 2453 3625 audaciam
2494 3589 2731 3639 sponsus.
2775 3573 3151 3633 Hildebertus,
3201 3570 3358 3634 epist.
3388 3570 3450 3620 36
3485 3583 3495 3616 :

1873 3665 1897 3689 α
1930 3647 2197 3696 Nesciunt
2244 3647 2482 3712 virgines
2514 3646 2649 3710 quid
2695 3660 2762 3696 ex
2813 3643 3047 3694 maritali
3088 3643 3329 3700 licentia,
3376 3655 3499 3690 mu-

1874 3717 2063 3767 liebris
2111 3719 2383 3768 sustineat
2427 3716 2731 3766 infirmitas.
2788 3734 2814 3759 »
2871 3714 3181 3776 Descriptio
3262 3714 3500 3764 licentiae

1874 3789 2143 3838 maritalis
2184 3792 2363 3838 exstat
2397 3788 2452 3836 in
2502 3788 2673 3837 veteri
2716 3787 3112 3851 epigrammate
3146 3784 3295 3847 quod
3321 3790 3503 3835 exstat

1872 3861 2016 3910 inter
2041 3864 2200 3909 notas
2232 3859 2488 3911 Salmasii
2516 3859 2587 3908 ad
2631 3858 2922 3923 Scriptores
2950 3856 3195 3906 Historiae
3233 3857 3500 3918 Auguste,

1872 3946 1995 3995 pag.
2024 3932 2119 3980 285

1935 4003 2030 4065 (7t)
2065 4001 2285 4062 Quando
2336 4000 2551 4063 pudica.
2600 4000 2709 4051 Hic
2768 3999 2927 4050 locus
2976 3999 3032 4047 in
3080 4000 3500 4065 exemplaribus

1873 4073 2265 4136 manuscriptis
2321 4077 2377 4122 et
2432 4074 2487 4121 in
2559 4072 2798 4137 vulgatis
2870 4071 3212 4120 editionibus
3283 4072 3501 4122 diverso

1872 4144 2036 4193 modo
2124 4144 2341 4208 legitur.
2397 4143 2620 4194 Etenim
2678 4142 2949 4193 nonnulla
3020 4155 3211 4192 eorum
3291 4142 3502 4193 habent

1872 4232 1900 4263 ‹‹
1936 4215 2230 4277 Quomodo
2260 4215 2464 4279 pudica
2489 4229 2615 4280 quae
2648 4218 2872 4264 venerat
2907 4214 3187 4277 impudica
3217 4213 3502 4265 discedit.»

1872 4287 1996 4335 Alia
2054 4287 2329 4336 contrario
2368 4298 2558 4348 sensu,
2618 4304 2646 4331 «
2703 4284 2926 4349 quando
2969 4283 3302 4349 impudicior
3375 4300 3503 4350 qua:

1872 4361 2100 4408 venerat
2139 4358 2421 4421 impudica
2465 4357 2776 4407 discedit.»
2823 4356 2942 4420 Ego
2985 4358 3219 4419 praefero
3264 4358 3503 4420 priorem

1872 4428 2188 4490 lectionem,
2221 4442 2344 4479 eam
2374 4430 2540 4478 etiam
2566 4428 2635 4477 ob
2660 4442 2888 4478 causam
2921 4428 3073 4491 quod
3107 4427 3420 4491 Cyprianus
3444 4430 3502 4478 in

178 4482 363 4551 infecta:
394 4482 636 4567 quodam
670 4503 854 4553 modo.
900 4482 1093 4553 Tanta.
1116 4482 1203 4553 est
1241 4482 1456 4554 decoris
1498 4502 1771 4552 affectatio
1792 4482 1850 4553 D
1873 4500 2041 4549 simili
2074 4482 2400 4562 argumento
2426 4499 2619 4549 scribit
2643 4499 2709 4548 ad
2750 4482 3015 4548 Donatum
3048 4482 3171 4562 pag:
3192 4482 3227 4548 ἰι
3260 4515 3270 4547 :
3305 4518 3331 4544 «
3359 4499 3498 4561 Quae

176 4572 226 4615 ut
275 4571 548 4636 tingantur
592 4574 743 4625 oculi
788 4588 1074 4639 quoque.»
1124 4574 1501 4639 Hieronymus
1536 4575 1592 4622 in
1640 4573 1769 4637 Epi-

175 4640 290 4690 stola
316 4645 383 4693 ad
412 4645 648 4701 Furiam.
676 4646 745 4695 de
775 4646 1056 4696 Viduitate
1091 4648 1387 4707 servanda,
1427 4648 1502 4695 ait
1542 4662 1553 4695 :
1600 4663 1627 4691 ‹‹
1661 4645 1772 4695 Nec

177 4711 328 4773 orbes,
354 4715 405 4765 id
434 4722 519 4767 est
544 4717 758 4775 oculos,
794 4717 961 4768 stibio
988 4719 1327 4783 fuliginatos.
1356 4738 1384 4766 »

226 4784 307 4845 (67)
352 4788 646 4838 Metuenda.
692 4789 957 4839 Erasmus
1006 4792 1223 4840 monuit
1270 4790 1400 4840 alibi
1449 4789 1557 4852 legi
1599 4787 1774 4836 medi-

177 4854 329 4915 tando,
354 4872 516 4922 quam
554 4860 852 4911 lectionem
883 4873 984 4925 ego
1018 4863 1195 4925 reperi
1234 4863 1289 4911 in
1320 4861 1460 4911 libro
1505 4859 1766 4910 Fuxensi.

226 4927 309 4991 (68)
361 4932 681 4983 Nubentibus
732 4934 997 4983 interesse.
1039 4935 1280 4983 Damnat
1303 4934 1544 4997 virgines
1572 4932 1770 4982 Chris-

180 4995 329 5048 tianas
391 5014 515 5065 qua:
579 5002 785 5065 nuptiis
846 5004 1169 5064 intererant,
1220 5004 1317 5054 ubi
1387 4995 1520 5053 sane
1596 5002 1771 5051 multa

180 5066 398 5139 etiamin
443 5074 811 5125 conventibus
861 5074 1276 5125 houestioribus
1319 5075 1462 5124 ﬁunt
1502 5087 1628 5139 quae
1657 5086 1770 5123 non

179 5138 404 5211 ridentur
459 5158 765 5209 congruere
834 5147 1096 5209 professis
1171 5138 1556 5211 virginitatem.
1630 5146 1769 5195 Nam

182 5207 466 5287 fescennina
513 5207 640 5280 qum
679 5207 1048 5266 cantabantur
1102 5218 1159 5266 in
1207 5207 1414 5281 nuptiis
1466 5217 1769 5267 maximam

181 5277 424 5336 licentiam
468 5277 853 5338 et'lasciviam
899 5288 1259 5340 exhibebant.
1286 5277 1417 5339 'Ista
1459 5289 1670 5339 fortiter
1712 5290 1767 5338 in

184 5347 267 5424 hoc
290 5354 401 5405 loco
425 5362 748 5423 exsequitur
774 5363 1002 5410 sanctus
1038 5361 1257 5424 Martyr.
1298 5360 1674 5423 Hieronymus
1712 5360 1767 5409 in

183 5418 395 5495 Epistola
432 5430 501 5478 ad
541 5418 924 5481 Demetriadem
971 5430 1038 5481 de
1088 5418 1417 5495 Virginitate
1454 5418 1726 5481 servanda
1756 5444 1766 5478 :

184 5505 208 5536 ι
243 5492 433 5549 Stridor
480 5501 699 5552 Punica
743 5503 951 5565 linguas
995 5492 1251 5566 procacia
1299 5502 1398 5552 tibi
1445 5501 1769 5551 fescennina

188 5567 408 5618 cantabit.
436 5592 463 5618 »
515 5573 623 5623 Sed
672 5573 741 5624 de
793 5572 1155 5624 Fescenninis
1211 5573 1339 5624 vide
1382 5573 1658 5622 Muretum
1699 5572 1772 5623 ad

192 5631 436 5710 Catullum.
518 5644 635 5693 Imo
720 5648 947 5695 sanctus
1021 5644 1320 5710 Gregorius
1392 5644 1771 5695 Nazianzenus

192 5702 407 5761 hortatur
460 5714 863 5779 Olympiadem,
916 5728 1041 5779 quae
1089 5702 1344 5766 mvaritata
1394 5721 1528 5777 erat,
1587 5729 1658 5765 ne
1702 5714 1770 5765 ad

194 5782 405 5841 m1Ptiale
450 5787 763 5838 convivium
808 5791 916 5849 eat,
965 5787 1059 5838 ubi
1112 5791 1166 5839 et
1216 5791 1539 5853 perpotatur
1584 5791 1639 5838 et
1675 5786 1771 5839 de-

1871 4570 2075 4633 pudica
2120 4570 2351 4620 fortasse
2400 4569 2469 4619 ad
2526 4568 2909 4632 spectaculum
2965 4572 3213 4618 matrona
3270 4583 3500 4632 proces—

1871 4644 2034 4700 serat,
2068 4639 2137 4689 de
2162 4639 2477 4703 spectaculo
2508 4639 2797 4689 revertitur
2844 4637 3142 4700 impudica.
3176 4657 3203 4683 »
3231 4637 3324 4688 Sic
3353 4638 3497 4687 Mar-

1873 4711 2020 4759 tialis
2046 4710 2137 4760 lib.
2192 4724 2227 4772 ι,
2273 4711 2442 4774 epigr.
2481 4710 2559 4770 30,
2602 4710 2835 4773 loquens
2875 4708 2944 4758 de
2986 4708 3191 4758 Levina
3235 4712 3386 4758 casta
3444 4713 3500 4759 et

1872 4781 1941 4830 ad
1977 4781 2203 4831 balneas
2224 4782 2474 4830 adultera
2500 4782 2575 4829 ait
2600 4794 2616 4827 :
2643 4801 2668 4824 «
2701 4779 2973 4842 Penelope
3017 4779 3188 4838 venit,
3237 4778 3347 4829 abit
3377 4780 3499 4830 He—

1871 4853 2013 4902 lena.
2041 4870 2069 4896 »
2115 4853 2238 4902 Alia
2283 4852 2521 4916 Rigaltio
2556 4864 2715 4902 mens
2752 4850 2869 4899 fuit.
2928 4850 3064 4899 Nam
3121 4850 3409 4900 tamenetsi
3440 4853 3497 4901 in

1872 4927 2138 4973 contextu
2186 4924 2432 4986 posuerit
2465 4923 2778 4980 lectionem,
2813 4934 2979 4984 quam
3018 4934 3119 4984 ego
3157 4922 3408 4985 praefero,
3442 4924 3498 4972 in

1871 4994 2355 5045 observationibus
2393 4995 2509 5044 suis
2551 5007 2673 5044 eam
2711 4992 2885 5056 magis
2931 4992 3148 5056 probat,
3178 5006 3305 5056 quae
3332 4993 3500 5045 habet

1871 5085 1898 5112 ‹‹
1943 5067 2273 5130 impudicior
2319 5080 2446 5131 quae
2485 5069 2725 5125 venerat,
2772 5064 2971 5128 pudica
3014 5064 3264 5115 discedit.
3298 5083 3328 5110 »
3371 5066 3502 5116 Hie-

1872 5151 2138 5200 ronymus
2177 5139 2232 5187 in
2273 5137 2517 5201 Epistola
2566 5137 2636 5186 ad
2680 5136 2955 5188 Salvinam
2995 5135 3061 5184 de
3104 5137 3379 5187 servanda
3406 5137 3492 5187 Vi-

1870 5208 2083 5259 duitate
2125 5224 2136 5257 :
2176 5227 2204 5258 α
2232 5210 2445 5260 Tenere
2496 5222 2584 5258 res
2631 5210 2688 5258 in
2737 5209 2961 5258 feminis
3016 5208 3159 5258 fama
3214 5208 3498 5272 pudicitiae

1869 5287 2026 5332 est.»
2072 5281 2133 5331 ln
2182 5281 2430 5345 Epistola
2491 5280 2696 5331 Oeonis
2737 5279 2809 5330 ad
2872 5280 3118 5330 Paridem
3168 5279 3317 5344 apud
3368 5280 3501 5333 Ovi-

1870 5352 2023 5403 dium
2054 5369 2065 5403 :

2576 5442 2727 5492 Nulla
2752 5440 3053 5505 reparabilis
3079 5445 3187 5489 arte

2061 5517 2197 5566 Lassa
2224 5512 2474 5579 pudicitia
2502 5517 2594 5563 est.
2627 5512 2837 5578 Deperit
2862 5513 2951 5562 illa
2983 5512 3164 5562 semel.

1872 5660 1900 5686 «
1935 5641 2081 5704 Quid
2128 5642 2299 5703 enim,
2342 5657 2371 5689 ιο
2422 5640 2605 5705 inquit
2646 5640 2900 5692 Lucretia
2950 5637 3095 5700 apud
3139 5639 3200 5691 Τ.
3265 5636 3501 5698 Livium,

1872 5731 1900 5759 «
1934 5713 2073 5762 salvi
2103 5716 2186 5761 est
2213 5713 2433 5764 mulieri
2459 5712 2661 5761 amissa
2686 5711 2968 5773 pudicitia
2987 5710 3014 5756 ‘t
3048 5725 3076 5755 ν)
3118 5708 3328 5759 Seneca
3368 5706 3508 5768 Hip-

1870 5786 2067 5851 polyto
2096 5800 2107 5833 :
2139 5802 2169 5833 «
2193 5786 2351 5839 Mens
2378 5783 2717 5853 impudicam
2742 5783 2946 5844 facere
2969 5792 3080 5830 non
3109 5790 3269 5830 casus
3296 5776 3454 5829 solet.
3484 5794 3513 5825 »

3407 202 3512 260 470
3604 160 3617 171 “
