3978 6194
447 284 549 343 471

1334 285 1388 340 8.
1433 285 1746 341 CYPRlANI
1783 283 2057 340 OPERUM
2098 282 2271 338 PARS
2312 284 2377 337 ll.
2419 312 2487 322 —
2525 280 2896 338 OPUSCULA.

3696 289 3789 345 472

445 408 582 464 licet
608 409 770 481 virgo
800 426 863 464 ac
894 412 1086 466 mente
1127 415 1478 481 permaneat,
1509 409 1708 475 oculis,
1742 407 1935 481 458
1968 424 2068 463 au-
2094 419 2153 493 Α
2172 423 2339 461 vacro
2369 406 2528 462 facis.
2572 408 2815 463 Theatra
2838 408 2880 442 ⁸¹
2928 412 3059 462 sunt
3094 407 3331 462 fuediora
3358 425 3471 480 quo
3512 414 3787 467 convenis.

449 503 628 572 ribus,
656 503 858 574 lingua
884 503 1095 559 minuit
1125 504 1218 558 illa
1244 520 1371 575 qua:
1405 502 1679 557 habebat.

519 598 645 652 XIX.
707 597 853 662 Quid
920 614 1054 652 vero
1102 614 1231 669 quae
1285 597 1634 669 promiscuas
1687 597 1915 652 balneas
1969 596 2075 669 (72)

451 690 686 760 adeunt,
719 708 849 762 quae
879 692 1057 747 oculis
1084 692 1152 746 ad
1181 691 1478 747 libidinem
1510 690 1751 746 curiosis
1778 690 1984 762 pudori
2013 706 2077 744 ac

450 784 739 854 pudicitiae
789 801 1029 857 corpora
1074 786 1261 841 dicata
1303 785 1713 857 pr0stit'uunt?
1770 800 1899 856 quas
1943 800 2074 839 cum

450 878 596 932 viros
621 884 791 950 atque
817 897 848 933 a
870 878 1003 934 viris
1025 880 1197 934 nudas
1222 879 1421 934 vident
1442 879 1690 951 turpiter
1702 895 1764 933 ac
1789 877 2074 944 videntur,

452 999 645 1038 nonne
673 972 815 1052 ipsa:
849 975 1179 1030 illecebram
1226 973 1377 1029 vitiis
1420 973 1738 1044 praestant?
1786 988 1974 1027 nonne
2003 971 2073 1026 ad

453 1073 837 1145 corruptelam
885 1078 941 1127 et
985 1069 1257 1140 iujuriam
1307 1083 1467 1121 suam
1514 1066 1793 1121 desideria
1823 1081 2074 1137 praesen-

452 1170 597 1225 tium
645 1166 953 1222 sollicitant
996 1170 1054 1219 et
1104 1162 1395 1216 invitant?
1426 1160 1658 1228 Viderit,
1707 1160 1913 1231 inquis,
1963 1175 2077 1231 qua

455 1262 587 1317 illuc
639 1266 831 1316 mente
875 1258 1003 1330 quis
1044 1256 1276 1321 veniat,
1325 1253 1468 1308 mihi
1513 1256 1736 1308 tantum
1785 1253 2075 1309 reﬁciendi

457 1354 777 1426 corpusculi
797 1369 933 1407 cura
962 1354 1047 1405 est
1078 1355 1135 1404 et
1161 1347 1406 1404 lavandi.
1438 1348 1559 1401 Non
1589 1352 1644 1402 te
1674 1350 1883 1419 purgat
1902 1347 2007 1401 ista
2031 1348 2078 1381 ⁸ο

456 1448 737 1515 defensio,
791 1463 895 1501 nec
942 1444 1181 1499 lasciviae
1234 1448 1291 1497 et
1332 1442 1665 1513 petulantiae
1713 1441 1931 1495 crimen
1980 1458 2075 1496 ex-

456 1549 631 1598 cusat.
677 1540 943 1597 Sordidat
985 1536 1187 1592 lavatio
1217 1536 1341 1603 ista,
1370 1552 1483 1590 non
1509 1534 1708 1602 abluit,
1749 1551 1850 1590 nec
1877 1552 2076 1597 emun-

459 1637 556 1691 dat
597 1633 883 1700 membra,
932 1632 1029 1687 sed
1080 1628 1352 1685 maculat.
1377 1629 1667 1699 Impudice
1699 1632 1759 1682 tu
1789 1629 2079 1684 neminem

2176 505 2530 560 Verecundia
2572 505 2688 560 illic
2743 506 2931 560 omnis
2985 506 3215 561 exuitur
3264 506 3396 575 (73),
3450 507 3616 562 simul
3666 526 3789 564 cum

2176 599 2388 653 amictu
2433 598 2598 654 vestis
2641 598 2833 672 459
2879 600 3067 654 honor
3111 600 3361 670 corporis
3390 616 3456 654 ac
3498 601 3683 672 pudor
3705 621 3797 674 po-

2176 693 2336 747 nitur
2379 691 2516 763 (74),
2560 692 2887 749 denotanda
2919 693 3025 764 (75)
3053 697 3110 748 et
3144 694 3547 749 coutrectanda
3571 696 3674 766 (76)
3703 698 3797 751 vir-

2178 786 2386 857 ginitas
2432 787 2735 841 reveletur.
2791 789 2915 842 Jam
2966 804 3121 843 nunc
3169 787 3470 843 considera
3520 806 3614 857 an,
3671 806 3793 846 cum

2179 880 2378 934 vestita
2404 896 2484 950 es,
2515 880 2842 937 verecunda
2872 881 2946 936 sis
2977 880 3084 953 (77)
3118 881 3266 937 inter
3290 882 3437 936 viros
3466 883 3589 938 talis
3618 884 3703 938 cui
3730 886 3794 939 ad

2178 973 2652 1030 inverecundiam
2686 975 2910 1045 proiicit
2940 974 3177 1030 audacia
3201 975 3493 1031 nuditatis.

2248 1164 2349 1217 ΧΧ.
2404 1163 2491 1218 Sic
2532 1179 2669 1233 ergo
2712 1163 3043 1233 frequenter
3095 1162 3341 1219 Ecclesia
3389 1163 3639 1231 virgines
3680 1183 3798 1221 suas

2179 1256 2420 1328 plangit,
2460 1256 2537 1311 sic
2568 1256 2641 1311 ad
2684 1256 2929 1311 infames
2976 1273 3175 1312 earum
3231 1274 3296 1312 ac
3340 1257 3699 1312 detestabiles
3722 1260 3797 1313 fa-

2178 1350 2341 1405 bulas
2390 1350 2753 1422 ingemiscit,
2804 1351 2883 1405 sic
2910 1350 3015 1406 flos
3052 1351 3345 1422 virginum
3399 1352 3795 1422 exstinguitur,

2181 1444 2370 1499 honor
2396 1444 2765 1499 continentiae
2794 1461 2858 1499 ac
2891 1444 3080 1515 pudor
3114 1444 3355 1499 creditur
3378 1445 3449 1513 3’,
3482 1445 3663 1517 gloria
3690 1463 3800 1500 om-

2181 1538 2269 1593 nis
2303 1554 2367 1592 ac
2401 1537 2653 1607 dignitas
2693 1538 3026 1608 profanatur
3055 1539 3066 1592 l
3107 1538 3197 1593 Sic
3228 1555 3286 1593 se
3321 1540 3802 1610 expugnator(78)

2182 1631 2449 1685 inimicus
2479 1648 2585 1701 per
2611 1636 2760 1686 artes
2813 1647 2939 1685 suas
2968 1631 3167 1686 inserit
3193 1649 3209 1700 ;
3236 1632 3313 1685 sic
3338 1631 3561 1685 insidiis
3602 1648 3698 1703 per
3726 1649 3804 1686 oc-

457 1729 772 1801 conspicis,
816 1726 912 1782 sed
974 1727 1092 1796 ipsa
1137 1722 1479 1794 conspiceris
1523 1722 1831 1793 impudice.
1885 1723 2082 1778 Oculos
2110 1799 2139 1801 Α
2183 1725 2338 1779 culta
2364 1724 2692 1779 fallentibus
2724 1724 2985 1779 diabolus
3027 1725 3272 1796 obrepit.
3319 1725 3428 1792 Sic,
3468 1724 3602 1779 dum
3630 1725 3804 1780 ornari

458 1799 613 1879 tuos_
640 1822 795 1893 turpi
858 1819 1241 1875 oblectatione
1287 1832 1403 1871 non
1464 1816 1669 1887 polluis
1690 1834 1706 1885 ;
1763 1817 1861 1872 sed
1889 1858 1902 1884 ,
1946 1799 2161 1872 dumB
2186 1818 2418 1888 cultius,
2447 1819 2584 1873 dum
2628 1818 2864 1873 liberius
2905 1817 3137 1890 evagari
3164 1819 3416 1890 virgines
3451 1818 3665 1887 volunt,
3693 1836 3803 1874 esse

455 1916 700 1972 oblectas
744 1914 905 1984 alios,
952 1913 1072 1984 ipsa
1115 1911 1405 1982 pollueris.
1454 1910 1845 1981 Spectaculum
1895 1911 1964 1966 de
2004 1913 2084 1966 la-

2187 1912 2438 1984 virgines
2496 1911 2804 1982 desinunt,
2882 1912 3092 1968 furtivo
3152 1912 3431 1979 dedecore
3498 1915 3799 1985 corruptas,

1834 2020 2042 2084 Variae
2085 2020 2423 2086 lectiones.

454 2134 559 2255 ἓξ
598 2131 832 2183 Sordida
886 2130 990 2181 ista
1053 2130 1189 2179 Pem.
1256 2128 1387 2177 Voss.
1431 2128 1478 2178 2.

490 2241 569 2266 ,υι

1578 2127 1619 2161 ⁸⁸
1655 2128 1893 2181 Theatra
1956 2132 2088 2180 Voss.
2141 2132 2160 2180 1
2224 2132 2377 2179 Vetus
2431 2132 2624 2181 lanam.

2727 2130 2770 2166 ⁸³
2805 2130 3052 2182 Caaditur
3096 2132 3281 2195 Neap..
3308 2129 3540 2181 Ponitur
3598 2130 3704 2179 Vat.
3759 2132 3801 2191 1,

1744 2262 1966 2344 Steph.
2017 2261 2262 2327 Baluzii
2306 2269 2501 2327 notae.

520 2376 617 2439 (72)
647 2374 978 2425 Promiscuas
1024 2369 1258 2420 balneas.
1293 2367 1438 2420 Olim
1478 2369 1714 2419 feminas
1748 2369 1918 2419 lavari
1951 2383 2080 2420 cum

454 2449 586 2499 viris
610 2448 830 2509 signum
873 2456 995 2494 esse
1041 2440 1306 2491 adultera
1340 2439 1627 2504 putabant,
1662 2445 1726 2491 ut
1767 2441 1955 2492 videre
1996 2447 2081 2493 est

456 2519 602 2584 apud
650 2516 1075 2580 Quintilianum,
1124 2512 1221 2561 lib.
1269 2525 1326 2571 v,
1366 2525 1486 2575 cap.
1526 2513 1575 2561 9.
1612 2512 1987 2576 Hieronymus
2023 2515 2079 2564 in

453 2592 700 2657 Epistola
747 2588 819 2639 ad
859 2588 1068 2657 Laetam,
1125 2584 1207 2657 de
1238 2585 1589 2657 Institutione
1630 2584 1769 2657 ﬁlim
1808 2601 1819 2632 :
1862 2603 1889 2631 «
1947 2586 2081 2635 Mihi

454 2655 682 2712 omnino
728 2661 783 2709 in
833 2656 1020 2707 adulta
1069 2655 1287 2718 virgine
1346 2655 1564 2705 lavacra
1614 2655 1924 2719 displicent,
1954 2670 2082 2720 qua)

455 2748 514 2784 se
558 2733 732 2796 ipsam
779 2729 944 2779 debet
987 2726 1315 2778 erubescere
1357 2728 1413 2775 et
1452 2724 1660 2774 nudam
1709 2724 1881 2775 videri
1969 2741 2079 2776 non

454 2818 633 2868 posse.
662 2822 689 2848 »
717 2803 788 2852 Et
815 2800 980 2865 paulo
1005 2802 1128 2862 post
1163 2797 1239 2846 ait
1286 2797 1437 2846 illam
1467 2809 1497 2847 e
1542 2797 1820 2868 contrario
1854 2797 2080 2847 balnea-

455 2866 575 2926 rum
615 2874 873 2924 fomentis
910 2872 1119 2934 sopitos
1164 2870 1321 2933 ignes
1361 2868 1647 2917 suscitare.
1697 2866 2079 2916 «Balnearum

455 2949 604 2998 enim
631 2945 799 3006 calor,
844 2947 907 2992 ut
944 2942 1088 2991 idem
1133 2940 1325 2990 scribit
1359 2940 1415 2988 in
1457 2938 1705 3002 Epistola
1736 2938 1806 2987 ad
1838 2939 2078 2999 Furiam,

454 3018 521 3069 de
574 3016 859 3067 Viduitate
894 3012 1182 3073 servanda,
1226 3024 1435 3061 novum
1486 3010 1921 3061 adolescentulm
1951 3024 2079 3060 san-

455 3091 681 3154 guinem
724 3085 988 3137 incendit.
1015 3102 1042 3128 »
1093 3083 1248 3133 Idem
1308 3082 1362 3154 in
1408 3081 1656 3144 Epistola
1699 3080 1771 3130 ad
1814 3081 2077 3154 Rusticani

2180 2371 2300 2421 sine
2350 2371 2463 2421 ulla
2516 2371 2761 2429 evidenti
2822 2384 2989 2421 causa
3051 2370 3222 2420 vitam
3286 2371 3593 2435 suspendio
3648 2370 3802 2420 amit-

2181 2449 2374 2507 terent,
2424 2445 2737 2497 decrevisse
2771 2450 2835 2495 ut
2871 2458 2997 2509 quas
3040 2443 3367 2507 corporibus
3423 2446 3700 2510 suspensis
3721 2443 3803 2494 de-

2180 2521 2414 2566 mortuae
2440 2517 2635 2577 forent,
2663 2529 2744 2566 eas
2792 2527 2986 2565 omnes
3020 2514 3190 2565 nudm
3220 2529 3352 2566 cum
3393 2516 3594 2567 eodem
3620 2516 3803 2579 laqueo

2181 2600 2291 2650 quo
2319 2590 2504 2636 essent
2543 2588 2858 2651 praecincta:
2909 2585 3250 2647 ell'errentur,
3278 2590 3334 2635 et
3378 2590 3507 2650 post
3552 2586 3606 2636 id
3634 2585 3803 2636 decre-

2183 2662 2300 2706 tum
2355 2658 2598 2722 virgines
2668 2657 3039 2707 voluntariam
3113 2660 3348 2705 mortem
3439 2669 3551 2706 non
3617 2656 3803 2721 petisse

2180 2728 2391 2791 pudore
2424 2728 2542 2778 solo
2577 2728 2864 2779 deterritas
2902 2732 3014 2777 tam
3061 2726 3340 2777 inhonesti
3389 2727 3621 2777 funeris.
3654 2726 3804 2778 Clau-

2181 2798 2307 2848 dam
2359 2802 2520 2849 notas
2567 2800 2701 2848 istas
2747 2799 2952 2862 insigni
3005 2800 3130 2848 loco
3182 2797 3387 2848 Valerii
3446 2798 3684 2858 Maximi,
3718 2799 3803 2861 qui

2183 2868 2276 2919 lib.
2309 2882 2387 2930 IV,
2412 2884 2530 2934 cap.
2558 2870 2608 2932 5,
2643 2872 2719 2920 ait
2754 2870 3152 2921 verecundiam
3202 2882 3324 2920 esse
3374 2874 3656 2934 parentem
3701 2884 3803 2919 om-

2181 2940 2266 2988 nis
2294 2939 2517 2989 honesti
2546 2939 2790 3001 consilii,
2825 2939 3057 2990 tutelam
3103 2937 3443 2990 solemnium
3488 2939 3798 3000 ofﬁciorum,

2181 3011 2498 3074 magistram
2528 3011 2883 3070 innocentiae,
2910 3023 3147 3074 eamque
3189 3010 3343 3059 omni
3393 3014 3639 3075 tempore
3662 3010 3793 3059 favo-

2181 3082 2413 3133 rabilem
2456 3095 2569 3147 prae
2597 3095 2657 3132 se
2708 3082 2850 3133 i‘erre
2897 3081 3135 3130 vultum.
3185 3080 3341 3130 Idem
3382 3081 3482 3131 lib.
3528 3095 3602 3141 vx,
3644 3082 3795 3143 cap.t

456 3152 765 3211 monachum
805 3174 821 3205 :
859 3176 887 3203 «
928 3156 1260 3235 Balnearum
1304 3153 1698 3239 fomentanon
1739 3156 1945 3215 quaerat
1985 3152 2155 3239 quiC
2181 3152 2503 3234 pudicitiam
2556 3154 2628 3239 ait
2676 3165 2795 3203 esse
2834 3153 3079 3203 virorum
3121 3152 3327 3215 pariter
3351 3166 3445 3239 ‘ac
3486 3153 3799 3239 feminarum

454 3232 698 3284 calorem
727 3228 1014 3292 sanguinis
1062 3224 1399 3288 jejuniorum
1441 3223 1595 3286 cupit
1636 3223 1838 3286 frigore
1864 3223 2080 3272 exstin—

454 3316 640 3367 guere.
669 3320 695 3346 »
726 3301 899 3349 Elius
928 3296 1253 3367 Spartianus
1291 3294 1456 3344 tradit
1509 3293 1831 3367 Adrianum_
1853 3294 2083 3367 impera-

457 3365 630 3424 torem
673 3372 894 3423 lavacra
951 3382 1049 3432 pro
1101 3366 1328 3416 sexibus
1383 3365 1739 3428 separavisse.
1790 3365 1857 3414 Et
1900 3365 2082 3414 Julius

455 3443 800 3509 Capitolinus
840 3440 1032 3492 scribit
1079 3439 1150 3489 M.
1180 3438 1525 3509 Antoninum
1560 3435 1952 3509 philospphum
1975 3434 2081 3509 _la-

459 3504 623 3565 vacra
661 3514 825 3563 mista
882 3510 1249 3561 submovisse.
1316 3507 1491 3557 Elius
1550 3518 1681 3555 vero
1737 3504 2083 3569 Lampridius

458 3587 618 3637 docet
661 3582 1044 3635 Alexandrum
1083 3580 1350 3632 Severum
1420 3577 1620 3627 balnea
1671 3578 1836 3626 mista
1892 3576 2082 3627 Romw

458 3656 708 3708 exhiberi
754 3653 1125 3718 prohibuisse,
1154 3653 1209 3700 et
1249 3647 1539 3701 eunuchos
1588 3647 1726 3697 nihil
1778 3648 1833 3696 in
1880 3648 2083 3710 palatio

460 3741 655 3779 curare
683 3717 925 3776 voluisse
959 3724 1066 3773 nisi
1100 3722 1329 3773 balneas
1376 3720 1727 3770 feminarum.
1768 3717 2081 3769 Concilium

461 3801 838 3852 Laodicenum
868 3810 1079 3848 canone
1102 3795 1164 3846 30
1196 3810 1205 3843 :
1240 3812 1268 3839 «
1304 3792 1465 3856 Quod
1495 3805 1607 3841 non
1637 3795 1885 3855 oporteat
1914 3792 2083 3841 sacris

461 3873 663 3924 ofﬁciis
721 3869 936 3920 deditos
992 3873 1088 3918 aut
1144 3867 1376 3917 clericos
1441 3868 1538 3914 aut
1597 3863 1945 3914 continentes
1997 3862 2083 3911 vel

462 3958 682 3997 omnem
725 3944 931 3994 laicum
988 3939 1365 3992 Christianum
1425 3936 1644 3986 lavacra
1695 3947 1823 3984 cum
1886 3935 2083 3984 mulie-

458 4018 615 4068 ribus
649 4015 947 4073 celebrare,
989 4012 1118 4076 quia
1151 4010 1274 4061 haec
1318 4007 1465 4072 apud
1505 4011 1696 4072 gentes
1732 4006 2084 4070 reprehensio

459 4091 637 4153 prima
666 4091 763 4137 est.
794 4102 823 4134 ››
853 4085 1022 4136 Recte
1056 4082 1316 4147 profecto.
1356 4079 1513 4153 Nam,
1560 4080 1629 4153 ut
1659 4080 1736 4153 ait
1777 4078 2009 4153 Ovidius
2029 4079 2084 4127 in

459 4149 600 4211 libro
642 4173 699 4211 ni
728 4159 791 4209 de
836 4159 961 4207 Arte
1007 4154 1245 4215 amandi,
1286 4169 1314 4197 α
1360 4151 1558 4202 Celant
1608 4150 1839 4200 furtivos
1884 4149 2086 4200 balnea

459 4234 634 4282 multa
658 4234 843 4295 jocos;
871 4245 899 4275 »
924 4228 1019 4276 ubi
1059 4230 1192 4290 puto
1238 4223 1535 4287 legendum
1572 4222 1747 4295 mista.
1786 4222 1929 4295 Vide
1984 4223 2084 4295 Pa—

459 4306 589 4355 tavii
620 4294 1124 4353 animadversiones
1162 4298 1232 4347 ad
1274 4295 1669 4359 Epiphanium,
1699 4294 1755 4343 in
1782 4294 1981 4345 hasresi
2004 4294 2083 4353 30,

460 4389 588 4438 quas
613 4377 697 4425 est
726 4371 1127 4429 Ebionitarum,
1162 4365 1605 4438 Cotelerium‘in
1645 4366 1792 4438 notis
1830 4364 1900 4438 ad
1943 4364 2087 4438 Con-

460 4436 776 4496 stitutiones
798 4440 1146 4505 apostolicas,
1181 4452 1304 4503 pag.
1338 4437 1423 4488 131
1452 4436 1710 4487 editionis
1743 4436 2083 4496 Parisiensis,

461 4520 515 4566 et
560 4513 922 4578 Beveregium
978 4512 1034 4560 in
1078 4508 1529 4561 annotationibus
1577 4506 1645 4556 ad
1703 4520 1973 4558 canonem
2024 4509 2165 4602 77D

459 4586 804 4636 Trullanum.

523 4658 624 4719 (73)
660 4653 981 4706 Verecundia
1007 4653 1240 4703 exuitur.
1292 4651 1605 4701 Herodotus
1653 4650 1750 4700 lib.
1794 4665 1810 4701 ι
1850 4666 1860 4698 :
1906 4668 1933 4696 «
1967 4650 2087 4700 Mu-

460 4731 563 4780 lier
591 4732 761 4778 exuta
797 4726 983 4776 tunica
1019 4722 1418 4775 verecundiam
1452 4722 1625 4772 exuit.
1654 4737 1682 4768 »
1713 4721 2087 4784 Hieronymus

459 4801 554 4851 lib.
618 4815 655 4859 ι,
710 4798 964 4848 adversus
1007 4795 1351 4845 Jovinianum
1389 4809 1399 4841 :
1445 4811 1472 4839 «
1519 4792 1726 4844 Scribit
1773 4791 2087 4842 Herodotus

459 4871 609 4936 quod
663 4870 861 4920 mulier
896 4882 1023 4919 cum
1067 4869 1218 4917 veste
1258 4865 1483 4929 deponit
1529 4868 1584 4936 et
1620 4863 2087 4915 verecundiam.»

457 4935 693 4995 Ruﬁnus
721 4941 815 4991 lib.
861 4954 899 4999 ι,
960 4941 1015 4988 in
1057 4938 1242 4988 Oscam
1275 4951 1292 4983 :
1337 4952 1367 4983 «
1400 4937 1449 4986 Α
1486 4935 1643 4985 vultu
1683 4948 1786 4985 suo
1816 4947 2086 4985 verecun-

456 5016 624 5075 diam,
680 5025 806 5077 quas
859 5011 999 5061 solet
1056 5008 1387 5059 obscenitati
1436 5006 1893 5070 impedimentum
1946 5019 2085 5068 esse,

456 5086 759 5149 depulerat.
790 5102 815 5127 »
857 5082 1073 5131 Plinius
1116 5079 1211 5129 lib.
1249 5090 1439 5138 xxxv,
1475 5091 1594 5142 cap.
1634 5079 1715 5149 10,
1748 5078 2086 5128 mentionem

454 5148 589 5207 facit
649 5167 807 5205 nova:
872 5155 1061 5215 nuptm
1113 5149 1449 5200 verecundia
1491 5148 1771 5198 notabilis.
1830 5149 2087 5198 Justinus

459 5227 557 5277 lib.
593 5239 695 5277 xw
730 5224 894 5275 tradit
943 5220 1329 5285 Olympiadem
1381 5223 1614 5270 matrem
1661 5219 1964 5269 Alexandri
2015 5220 2083 5270 M.

460 5298 804 5360 expirantem
859 5292 1075 5357 capillis
1126 5295 1182 5339 et
1232 5294 1384 5341 veste
1429 5304 1589 5341 crura
1642 5292 1957 5342 contexisse
2017 5304 2088 5341 ne

460 5368 593 5431 quid
625 5370 810 5431 posset
835 5367 891 5414 in
917 5376 1145 5427 corpore
1179 5364 1301 5426 ejus
1339 5362 1664 5412 indecorum
1696 5362 1885 5412 videri.
1918 5362 1989 5412 Et
2019 5363 2086 5424 Q.

459 5440 687 5490 Curtius
729 5437 826 5487 lib.
880 5450 919 5486 v
960 5437 1033 5486 ait
1081 5435 1413 5484 feminarum
1464 5432 1785 5496 Babyloniae
1835 5434 2089 5484 convivia

459 5510 777 5561 ineuntium
818 5508 872 5557 in
919 5506 1191 5570 principio
1233 5505 1405 5555 fuisse
1453 5504 1770 5556 modestum
1812 5504 2085 5565 habitum,

455 5580 657 5633 deinde
700 5592 918 5629 summa
959 5590 1198 5642 quasque
1246 5577 1484 5628 amicula
1536 5577 1755 5627 exuisse
1796 5576 2088 5640 paulatim-

459 5670 569 5721 que
621 5653 892 5719 pudorem
940 5653 1279 5717 profanasse,
1331 5650 1401 5701 ad
1431 5650 1695 5721 ultimum
1734 5652 1845 5721 ima
1872 5663 2089 5721 corpo-

460 5719 600 5779 rum.
632 5726 759 5790 Qua
792 5724 861 5776 de
904 5737 963 5774 re
993 5722 1120 5772 vide
1159 5722 1503 5773 Ludovicum
1551 5720 1787 5772 Cwlium
1824 5719 2087 5790 Rhodigi-

450 5813 590 5849 num
642 5796 738 5846 lib.
785 5810 839 5857 v,
895 5809 1014 5859 cap.
1075 5795 1148 5844 ll.
1199 5796 1262 5843 A.
1314 5793 1528 5844 Gellius
1572 5791 1667 5841 lib.
1727 5805 1827 5851 xv,
1878 5804 1994 5854 cap.
2037 5789 2089 5839 l0

452 5868 643 5924 scribit
689 5883 756 5921 ex
782 5864 1087 5919 Plutarcho
1132 5864 1372 5917 Milesios
1416 5863 1655 5928 virgines
1698 5862 1938 5913 Milesias
1964 5873 2090 5927 qum

2183 3224 2525 3288 prascipuum
2560 3224 2984 3275 ﬁrmamentum.
3031 3225 3101 3273 At
3129 3235 3241 3272 non
3285 3222 3471 3273 solum
3514 3225 3570 3272 in
3597 3222 3800 3273 feminis

2183 3295 2598 3359 vituperabatur
2660 3295 2902 3353 nuditas,
2960 3294 3058 3344 sed
3102 3295 3267 3344 etiam
3317 3295 3375 3343 in
3431 3296 3577 3344 viris.
3628 3295 3800 3344 Narrat

2184 3366 2333 3415 enim
2360 3366 2661 3416 Massurius
2715 3366 2957 3416 Sabinus
3012 3364 3161 3428 apud
3214 3367 3280 3413 A.
3331 3363 3576 3416 Gellium
3610 3366 3699 3415 lib.
3744 3376 3796 3422 x,

2184 3451 2302 3501 cap.
2336 3440 2413 3499 15,
2441 3437 2723 3488 ﬂaminem
2764 3436 2970 3486 dialem
3011 3449 3123 3486 non
3166 3437 3419 3499 potuisse
3462 3437 3700 3487 tunicam
3724 3436 3798 3484 in-

2185 3511 2375 3559 timam
2400 3523 2603 3561 exuere
2640 3509 2748 3559 nisi
2786 3509 2843 3558 in
2885 3508 3023 3559 locis
3055 3509 3233 3569 tectis,
3271 3521 3341 3559 ne
3376 3508 3484 3559 sub
3517 3508 3654 3559 coalo
3695 3510 3799 3555 tan-

2183 3593 2352 3644 quam
2380 3582 2437 3630 in
2469 3580 2647 3631 oculis
2676 3581 2832 3630 Jovis
2853 3579 3036 3629 nudus
3067 3583 3228 3629 esset.

2242 3653 2337 3714 (74)
2368 3652 2544 3702 Pudor
2578 3653 2815 3715 ponitur.
2860 3651 3128 3714 Quamvis
3181 3652 3259 3700 ita
3314 3652 3586 3715 scriptum
3635 3651 3701 3700 sit
3749 3650 3797 3698 in

2184 3724 2444 3775 omnibus
2468 3725 2581 3775 fere
2620 3724 2779 3774 libris
2827 3724 3222 3787 manuscriptis
3269 3728 3322 3773 et
3374 3725 3430 3772 in
3461 3723 3797 3780 editioribus,

2183 3796 2407 3846 mallem
2453 3800 2637 3846 tamen
2689 3796 2953 3860 scriptum
3013 3795 3184 3845 fuisse
3237 3794 3475 3855 creditur,
3503 3795 3583 3845 uti
3618 3794 3798 3857 legitur

2184 3867 2241 3915 in
2266 3879 2380 3916 uno
2406 3866 2599 3917 codice
2644 3866 2966 3930 Remigiano
3000 3870 3055 3915 et
3102 3866 3157 3914 in
3191 3865 3482 3927 Beccensi,
3523 3869 3576 3915 et
3624 3865 3701 3914 uti
3746 3876 3799 3912 se

2186 3937 2385 4000 legisse
2411 3939 2466 3986 in
2510 3937 2794 3988 veteribus
2842 3937 3055 4001 aliquot
3102 3936 3257 3986 libris
3309 3938 3582 3987 testantur
3621 3933 3795 3987 Morel-

2186 4007 2295 4057 lius
2324 4012 2379 4058 et
2405 4008 2701 4059 Pamelius.
2737 4009 2875 4057 Nam
2906 4007 3072 4071 paulo
3115 4011 3235 4069 post
3278 4008 3407 4058 istic
3451 4006 3609 4058 video
3635 4006 3798 4069 scrip-

2186 4083 2321 4139 tum,
2356 4097 2383 4124 «
2407 4079 2587 4130 honor
2621 4081 2977 4130 continentiae
3006 4091 3070 4128 ac
3101 4077 3279 4141 pudor
3307 4078 3561 4129 cmditur.
3591 4097 3619 4123 τι
3655 4079 3796 4128 Hanc

2184 4151 2483 4201 lectionem
2506 4150 2835 4202 conﬁrmare
2872 4149 3088 4199 videtur
3113 4150 3277 4199 etiam
3313 4149 3493 4201 codex
3520 4149 3795 4200 Cambero-

2187 4223 2375 4272 nensis
2399 4222 2544 4286 apud
2586 4221 2912 4282 Pamelium,
2954 4221 3198 4283 itemque
3242 4220 3388 4270 alius
3428 4220 3798 4284 Neapolitanus

2188 4293 2245 4342 in
2296 4296 2543 4358 margine
2595 4293 2926 4355 exemplaris
2973 4291 3079 4340 mei
3148 4290 3488 4341 Manutianaa
3563 4291 3795 4341 editionis

2187 4368 2429 4426 notatus,
2461 4366 2517 4414 in
2555 4364 2760 4429 quibus
2803 4364 3071 4426 scriptum
3103 4366 3221 4410 erat
3259 4360 3489 4411 (reditur.
3520 4362 3588 4412 Et
3612 4365 3792 4418 tamen,

2187 4450 2508 4501 quanquam
2540 4449 2605 4486 ea
2630 4448 2757 4484 vera
2791 4435 2916 4493 sint,
2948 4445 3057 4482 non
3087 4446 3211 4481 sum
3245 4446 3417 4482 ausus
3444 4436 3654 4483 mutare
3686 4444 3795 4482 con-

2189 4511 2272 4555 tra
2293 4510 2371 4556 tot
2394 4510 2640 4557 veterum
2675 4505 2932 4555 codicum
2978 4507 3034 4554 et
3077 4503 3383 4553 editionum
3414 4505 3790 4554 auctoritatem.

2190 4576 2492 4641 Gregorius
2536 4577 2914 4627 Nazianzenus
2963 4575 3018 4623 in
3057 4575 3303 4625 carmine
3350 4576 3421 4624 ad
3459 4572 3794 4638 Olympiadem

2189 4649 2264 4697 ait
2285 4648 2513 4711 pudoris
2527 4649 2803 4711 jacturam
2826 4646 3161 4709 ﬂagitiorum
3188 4645 3437 4695 omnium
3459 4644 3792 4696 certissimam

2189 4733 2309 4771 esse
2334 4722 2639 4783 parentem.

2252 4780 2351 4853 (75)
2383 4790 2715 4841 Βοηοίαηάα.
2746 4789 2809 4839 Id
2845 4792 2928 4838 est
2969 4786 3322 4838 denudanda.
3370 4787 3511 4837 Vide
3557 4789 3706 4837 notas
3736 4780 3793 4832 ad

2189 4862 2480 4927 epistolam
2505 4862 2584 4912 63.

2249 4938 2346 5000 (76)
2402 4933 2808 4984 Contractanda.
2870 4931 3352 4982 Dissimulandum
3408 4944 3521 4981 non
3565 4933 3645 4980 est
3692 4937 3794 5000 con-

2185 4997 2466 5072 spectumin
2496 5006 2764 5068 scriptum
2798 5016 2920 5054 esse
2949 5004 3005 5052 in
3037 5016 3149 5053 uno
3190 5003 3330 5053 libro
3360 5007 3562 5061 vetere,
3590 4997 3792 5050 laudato

2187 5082 2244 5129 in
2284 5079 2530 5142 margine
2560 5076 2820 5128 editionis
2853 5074 3255 5147 Lugdunensis
3282 5073 3584 5147 a_nni_l5“,
3617 5073 3674 5147 in
3696 5079 3791 5147 quo

2188 5140 2477 5214 descripta
2501 5152 2632 5199 sunt
2660 5147 2825 5197 varias
2851 5145 3120 5198 lectiones
3158 5159 3227 5195 ex
3268 5143 3525 5208 pluribus
3570 5140 3790 5203 antiquis

2188 5222 2477 5273 codicibus
2501 5218 2910 5281 manuscriptis.

2251 5294 2347 5358 (77)
2386 5290 2687 5342 Varecunda
2722 5276 2811 5338 sis.
2852 5287 3043 5339 Codex
3087 5285 3497 5352 Burgundicus,
3522 5276 3791 5333 verecunda

2186 5365 2257 5414 sit
2284 5363 2569 5427 virginitas
2589 5363 2728 5411 inter
2749 5361 2916 5411 viros.

2252 5436 2351 5497 (78)
2375 5423 2761 5498 "Expugnutor.
2813 5431 3044 5481 Veteres
3113 5428 3382 5479 editiones
3463 5428 3518 5476 et
3544 5423 3789 5498 quinque

2189 5493 2315 5555 libri
2334 5493 2572 5556 veteres
2598 5503 2807 5554 habent
2848 5505 3203 5567 expugnatus.
3250 5499 3390 5562 Qua
3425 5497 3588 5564 lectio
3630 5493 3787 5567 potest

2190 5590 2311 5629 esse
2340 5577 2504 5626 bona.
2534 5575 2651 5639 Ego
2680 5579 2863 5625 tamen
2910 5562 3074 5623 aliam
3123 5571 3373 5636 praafero,
3402 5562 3519 5618 tum
3549 5562 3788 5639 quiaha-

2188 5647 2321 5697 bent
2354 5647 2411 5695 in
2457 5635 2793 5695 editibnibus
2833 5644 3065 5694 Mauutii
3105 5635 3160 5694 et
3198 5641 3430 5694 Morellii
3487 5643 3537 5714 et
3586 5635 3789 5714 induo.

2190 5718 2370 5768 decim
2410 5718 2653 5780 antiquis
2696 5715 3006 5775 codicibus,
3044 5720 3163 5764 tum
3204 5714 3368 5763 etiam
3412 5712 3540 5775 quia
3587 5709 3786 5758 intrata

2189 5788 2329 5839 libro
2354 5788 2416 5838 de
2438 5779 2625 5852 Lapsis
2667 5788 2871 5853 legitur
2905 5801 3025 5852 pag.
3066 5788 3158 5837 184
3196 5801 3205 5834 :
3246 5804 3271 5830 «
3308 5784 3532 5834 Hostem
3576 5791 3715 5830 nunc
3739 5779 3787 5826 et

2189 5864 2621 5926 expugnatorem
2647 5859 3017 5913 domesticum
3045 5871 3159 5910 non
3185 5856 3463 5910 haberent.
3489 5871 3515 5901 »
