3978 6194
234 244 330 302 $73

1410 249 1607 305 LIBER
1646 251 1732 304 DE
1771 247 2014 304 HABITU
2058 246 2401 303 VIRGINUM.

3492 251 3596 307 474

229 373 417 428 vidua:
443 378 750 445 antequam
780 378 970 446 nupta:
1000 374 1129 445 (79),
1165 390 1277 430 non
1307 376 1497 430 mariti
1532 377 1628 431 sed
1651 377 1859 433 Christi
1885 388 1941 460 Α
1962 379 2064 444 est,
2092 373 2394 441 secundus,
2424 374 2832 447 sexagenarius
2876 375 3009 445 (83),
3045 379 3225 431 vester
3255 380 3359 431 est.
3404 352 3586 450 461

230 465 544 535 adulteras;
590 484 762 538 quam
808 468 1038 523 fuerant
1075 468 1326 539 praemiis
1366 470 1703 540 ingentibus
1749 471 1860 525 vir-

228 561 395 631 gines
435 560 750 629 destinatas,
791 568 911 616 tam
950 577 1158 633 magna
1196 561 1474 633 supplicia
1514 579 1616 634 pro
1660 564 1867 618 amissa

223 654 568 724 virginitate
594 672 851 710 sensura:

295 749 428 803 XXI.
454 748 658 805 Audite
684 749 877 821 itaque
909 766 998 805 me
1021 751 1095 820 ⁸³,
1118 749 1387 821 virgines,
1423 753 1484 806 ut
1521 757 1862 822 parentem;

221 841 443 906 audite,
490 859 700 913 quasso,
747 859 846 898 vos
894 843 1189 899 timentem
1239 844 1348 915 (80)
1393 844 1602 916 pariter
1640 862 1703 899 ac
1751 862 1866 899 mo-

219 942 506 1005 nentem;
550 936 740 992 audite
791 937 1132 993 utilitatibus
1181 942 1237 993 et
1290 939 1610 994 commodis
1664 940 1864 994 vestris

216 1029 471 1084 fideliter
500 1031 909 1085 consulentem.
943 1032 1130 1086 Estote
1166 1031 1303 1086 tales
1334 1033 1533 1103 quales
1571 1048 1672 1087 vos
1717 1034 1863 1088 Deus

223 1122 439 1178 artifex
469 1124 606 1179 fecit
633 1141 648 1177 :
679 1123 870 1197 460
899 1127 1077 1179 estote
1112 1126 1256 1180 tales
1286 1126 1480 1197 quales
1523 1142 1617 1181 vos
1656 1143 1861 1181 manus

218 1216 417 1272 Patris
441 1217 689 1273 instituit
720 1237 731 1271 :
766 1224 992 1273 maneat
1026 1219 1084 1272 in
1115 1218 1274 1273 vobis
1302 1219 1469 1273 facies
1510 1220 1859 1291 incorrupta,

219 1313 424 1366 cervix
454 1328 616 1383 pura,
648 1312 836 1367 forma
867 1312 1101 1368 sincera.
1135 1313 1257 1367 Non
1287 1313 1608 1369 inferantur
1634 1314 1862 1369 auribus

215 1405 489 1474 vulnera,
517 1422 621 1461 nec
650 1406 886 1461 brachia
925 1407 1179 1462 includat
1208 1412 1307 1462 aut
1341 1408 1480 1462 colla
1511 1407 1582 1462 de
1622 1408 1862 1463 armillis

213 1503 273 1553 et
333 1500 641 1555 monilibus
685 1504 883 1555 catena
928 1500 1208 1571 pretiosa;
1263 1501 1377 1555 sint
1416 1519 1447 1556 a
1490 1502 1861 1573 compedibus

210 1594 421 1649 aureis
474 1594 649 1665 pedes
699 1593 900 1663 liberi,
957 1594 1142 1649 crines
1188 1595 1343 1649 nullo
1396 1596 1584 1650 colore
1638 1596 1857 1663 fucati,

214 1688 388 1742 oculi
431 1687 834 1759 conspiciendo
864 1689 976 1743 Deo
1014 1688 1196 1759 digni.
1237 1688 1609 1744 Celebrentur
1643 1690 1860 1743 lavacra

1968 469 2039 522 Ut
2060 466 2210 538 apud
2237 472 2518 538 martyres
2549 469 2595 503 ⁸9
2627 485 2743 523 non
2786 472 2870 523 est
2899 469 3086 523 carnis
3120 474 3179 523 et
3215 469 3403 524 saeculi
3443 471 3601 541 cogi-

1968 561 2108 617 tatio
2150 558 2283 631 (8’s),
2333 577 2438 615 nec
2482 578 2652 632 parva
2703 567 2760 616 et
2802 563 2939 616 levis
2966 563 3201 617 delicata
3249 564 3600 634 congressio,

1966 655 2044 710 sic
2089 660 2146 709 et
2184 656 2242 709 in
2280 654 2457 722 vobis,
2500 671 2748 727 quarum
2784 656 2852 709 ad
2899 656 3139 726 gratiam
3167 658 3217 692 9°
3264 673 3483 712 merces
3516 674 3601 713 se-

1966 748 2149 803 cunda
2202 754 2305 818 est,
2354 749 2425 803 sit
2473 753 2528 803 et
2573 750 2751 803 virtus
2792 749 2863 803 ad
2906 750 3268 805 tolerantiam
3318 752 3601 821 proxima.

1965 844 2085 897 Non
2114 845 2202 897 est
2231 841 2302 897 ad
2331 858 2542 914 magna
2583 842 2765 897 facilis
2808 859 3092 898 ascensus.
3119 845 3300 909 Quem
3331 844 3599 899 sudorem

1966 935 2343 1007 perpetimur,
2377 953 2551 1008 quem
2599 936 2875 1005 laborem,
2907 953 3038 991 cum
3081 953 3361 992 conamur
3402 954 3598 993 ascen-

1966 1029 2105 1085 dere
2151 1029 2323 1084 colles
2372 1033 2430 1085 et
2471 1028 2706 1085 vertices
2747 1030 3079 1085 montium?
3108 1030 3271 1096 Quid,
3306 1034 3369 1084 ut
3406 1046 3601 1084 ascen-

1965 1124 2168 1179 damus
2193 1124 2265 1178 ad
2295 1124 2500 1178 ccelum
2518 1124 2545 1177 ?
2570 1123 2630 1179 Si
2660 1124 2962 1194 praemium
2989 1123 3412 1195 pollicitationis
3428 1129 3605 1178 atten-

1963 1217 2081 1284 das,
2111 1217 2301 1271 minus
2331 1223 2417 1271 est
2446 1217 2600 1288 quod
2632 1217 2874 1271 laboras.
2911 1217 3318 1272 lmmortalitas
3345 1233 3603 1288 perseve-

1965 1311 2112 1365 ranti
2140 1312 2185 1345 ⁹¹
2236 1311 2423 1378 datur,
2471 1318 2749 1382 perpetua
2788 1312 2895 1365 vita
2945 1311 3322 1382 promittitur,
3356 1326 3603 1382 regnum

1965 1405 2237 1459 Dominus
2270 1404 2589 1476 pollicetur.

2031 1500 2182 1554 XXII.
2243 1498 2472 1554 Servate
2525 1501 2589 1566 θ’,
2644 1499 2925 1571 virgines,
2994 1501 3212 1554 servate
3266 1499 3421 1570 quod
3479 1515 3602 1554 esse

1962 1593 2231 1663 coepistis,
2278 1599 2500 1648 servate
2555 1570 2712 1665 quod
2762 1593 2940 1647 eritis.
2988 1593 3189 1663 Magna
3243 1608 3339 1646 vos
3382 1608 3601 1648 merces

1967 1691 2183 1753 manet,
2216 1686 2521 1758 praemium
2553 1686 2769 1757 grande
2789 1685 3032 1753 virtutis,
3053 1701 3263 1741 munus
3282 1686 3601 1740 maximum

211 1797 368 1835 cum
410 1781 663 1851 feminis,
701 1797 941 1852 quarum
990 1781 1141 1836 inter
1183 1798 1282 1836 vos
1326 1782 1528 1853 pudica
1561 1784 1607 1817 ⁸⁸
1654 1782 1857 1837 lavatio
1880 1760 1936 1831 B
1962 1780 2257 1835 castitatis.
2286 1781 2464 1835 Vultis
2498 1780 2641 1836 scire
2669 1796 2782 1851 quo
2810 1780 2963 1834 malo
2992 1783 3184 1835 careat
3208 1784 3267 1833 et
3295 1779 3435 1851 quid
3461 1778 3599 1833 boni

212 1880 336 1930 est.
376 1874 711 1946 Nuptiarum
743 1876 890 1931 festa
920 1875 1180 1946 improba
1210 1878 1267 1932 et
1288 1876 1545 1931 convivia
1570 1877 1783 1947 (lasciva
1811 1878 1856 1912 ⁸⁵

211 1970 508 2037 vitentur,
567 1985 811 2040 quorum
867 1969 1185 2040 periculosa
1236 1969 1501 2041 contagio
1539 1973 1640 2025 est.
1692 1970 1858 2025 Vince

206 2067 471 2131 vestem,
520 2079 647 2135 quae
698 2063 858 2134 virgo
920 2080 980 2118 es
1035 2063 1190 2134 (8t):
1244 2064 1405 2119 vince
1452 2080 1676 2131 aurum,
1732 2080 1858 2135 qua:

209 2172 470 2210 carnem
496 2156 672 2211 vincis
699 2162 754 2211 et
779 2156 1073 2211 saeculum.
1108 2158 1228 2211 Non
1256 2161 1342 2211 est
1369 2157 1628 2227 ejusdem
1655 2158 1701 2191 ⁸⁸
1742 2173 1856 2212 non

207 2267 398 2322 posse
430 2267 465 2304 a
491 2249 811 2321 majoribus
843 2250 991 2304 vinci
1023 2257 1078 2304 et
1108 2250 1392 2321 imparem
1424 2250 1742 2305 minoribus
1768 2251 1853 2304 in-

204 2345 438 2399 veniri.
470 2346 639 2400 Arcta
666 2344 709 2377 ⁸⁷
741 2350 790 2399 et
822 2350 1053 2413 angusta.
1080 2350 1154 2399 est
1172 2346 1262 2399 via
1284 2360 1404 2414 qua
1424 2345 1570 2400 ducit
1595 2345 1672 2400 ad
1689 2347 1859 2399 vitam

206 2440 474 2502 (Matth,
505 2454 599 2505 vu,
634 2440 742 2508 l4),
790 2438 965 2492 durus
1013 2442 1070 2493 et
1110 2438 1322 2492 arduus
1350 2439 1397 2472 ⁸⁸
1429 2443 1515 2493 est
1555 2438 1721 2493 limes
1759 2439 1858 2509 qui

203 2531 410 2586 tendit
439 2531 506 2585 ad
551 2530 788 2602 gloriam
832 2532 932 2600 (Ib.
968 2534 1075 2599 l3).
1118 2533 1225 2586 Per
1267 2531 1419 2586 hunc
1462 2532 1567 2585 viae
1612 2532 1857 2586 limitem

201 2633 514 2696 martyres
541 2628 814 2695 pergunt,
849 2628 990 2679 eunt
1017 2623 1289 2695 virgines,
1314 2625 1452 2695 justi
1485 2626 1699 2697 quique
1732 2642 1857 2696 gra-

203 2719 483 2773 diuntur.
529 2718 663 2772 Lata
706 2723 763 2772 ct
800 2717 1043 2789 spatiosa
1085 2718 1290 2772 itinera
1334 2718 1528 2773 vitate.
1597 2719 1861 2774 Lethales

206 2813 340 2867 illic
368 2811 651 2866 illecebrae
676 2817 731 2866 et
758 2812 1067 2866 mortiferae
1088 2811 1429 2883 voluptates.
1458 2812 1573 2866 Illic
1599 2812 1862 2867 diabolus

207 2906 520 2960 blanditur
551 2912 613 2960 ut
653 2905 827 2974 fallat,
856 2905 1069 2959 arridet
1108 2910 1167 2959 ut
1207 2911 1431 2973 noceat,
1467 2905 1625 2961 illicit
1666 2913 1727 2960 ut
1768 2922 1861 2960 oc-

210 3000 404 3054 cidat.
442 2999 686 3064 Primus,
720 3015 847 3054 cum
876 3004 1119 3054 centeno
1147 2998 1281 3069 (8'2),
1310 3003 1626 3071 martyrum
1646 3001 1864 3056 fructus

1959 1879 2153 1929 teneat
2189 1874 2559 1929 continentiae
2587 1874 2806 1928 virtus?
2837 1874 3231 1944 Multiplicabo,
3259 1873 3448 1944 inquit
3472 1887 3595 1927 mu-

1957 1967 2081 2022 lieri
2112 1969 2279 2034 Deus,
2314 1970 2569 2023 tristitias
2611 1974 2734 2023 tuas
2777 1974 2828 2021 et
2865 1970 3092 2035 gemitus
3143 1973 3279 2030 tuos,
3310 1973 3359 2021 et
3404 1969 3464 2021 in
3505 1969 3602 2021 tri-

1957 2063 2112 2117 stitia
2141 2062 2187 2095 93
2212 2064 2395 2131 paries
2415 2061 2573 2130 ﬁlios,
2606 2067 2657 2115 et
2688 2063 2959 2115 conversio
2988 2065 3081 2115 tua
3112 2062 3188 2115 ad
3206 2063 3389 2115 virum
3422 2068 3597 2123 tuum,

1958 2161 2010 2210 et
2049 2171 2162 2225 ipse
2204 2158 2290 2209 tui
2331 2155 2708 2210 dominabitur
2754 2154 2933 2221 (Gen.,
2976 2171 3053 2217 ιιι,
3087 2157 3193 2223 l6).
3227 2156 3331 2211 Vos
3379 2154 3449 2208 ab
3494 2155 3601 2209 hac

1958 2249 2238 2304 sententia
2286 2247 2482 2303 liberas
2530 2249 2682 2316 estis,
2735 2265 2833 2303 vos
2884 2249 3197 2303 mulierum
3249 2248 3501 2303 tristitias
3545 2252 3603 2303 et

1958 2343 2207 2414 gemitus
2234 2358 2349 2397 non
2395 2341 2586 2414 462
2631 2342 2862 2397 timetis.
2896 2342 3090 2396 Nullus
3125 2341 3281 2397 vobis
3314 2341 3384 2396 de
3432 2344 3596 2413 partu

1958 2437 2107 2491 circa
2151 2436 2295 2490 filios
2345 2439 2530 2491 metus
2584 2441 2686 2503 est,
2744 2452 2847 2491 nec
2892 2435 3131 2490 maritus
3176 2441 3260 2491 est
3304 2435 3594 2504 dominus,

1960 2529 2059 2585 sed
2115 2529 2384 2584 dominus
2412 2531 2457 2564 9‘
2516 2536 2702 2584 vester
2753 2533 2810 2583 et
2862 2535 3030 2600 caput
3088 2530 3344 2585 Christus
3392 2535 3477 2583 est
3524 2529 3596 2582 ad

1960 2624 2142 2678 instar
2200 2628 2257 2677 et
2312 2622 2489 2677 vicem
2543 2623 2803 2677 masculi.
2851 2623 2986 2678 Sors
3030 2622 3185 2678 vobis
3233 2628 3289 2677 et
3344 2622 3597 2678 conditio

1960 2716 2283 2772 communis
2340 2722 2441 2770 cst.
2496 2717 2717 2771 Domini
2765 2733 2870 2773 vox
2926 2721 3013 2770 est
3064 2716 3121 2770 in
3170 2716 3268 2770 illa
3311 2716 3590 2770 dicentis:

1958 2812 2089 2866 Filii
2114 2810 2298 2865 seculi
2328 2810 2486 2879 hujus
2516 2817 2774 2880 generant
2822 2816 2871 2865 et
2905 2815 3255 2876 generantur.
3285 2810 3389 2875 Qui
3417 2815 3595 2864 autem

1963 2904 2245 2958 habuerint
2272 2903 2640 2973 dignationem
2686 2906 2872 2960 saeculi
2908 2905 3059 2959 illius
3101 2909 3150 2958 et
3189 2906 3599 2958 resurrectionis

1963 3015 1996 3052 a
2024 3000 2273 3059 mortuis,
2310 3013 2415 3052 non
2463 2999 2671 3053 nubunt
2712 2998 2843 3068 (85),
2874 3014 3038 3069 neque
3075 2999 3483 3052 matrimonium
3503 3000 3593 3063 fa-

1600 3119 1810 3182 Varia:
1863 3118 2201 3181 lectiones.

286 3238 327 3271 ³³
348 3238 437 3287 Me
469 3236 611 3284 deest
642 3236 693 3284 in
726 3236 884 3285 Oxon.
953 3235 1074 3285 8‘In
1101 3248 1202 3285 vos
1229 3235 1433 3299 pudica
1461 3238 1693 3301 lmpress.
1723 3239 1835 3299 fere
1862 3249 2046 3285 omnes.
2082 3232 2257 3283 Debet
2289 3234 2343 3283 in
2383 3249 2483 3285 vos
2527 3236 2682 3285 Oxon.
2748 3232 2790 3267 ⁸⁵
2817 3233 3146 3284 Temulenta
3186 3233 3293 3280 Ver.
3362 3232 3404 3265 ⁸ο
3424 3231 3596 3295 Ejus-

210 3312 353 3361 dem
384 3309 609 3357 virtutis
635 3310 689 3355 et
722 3306 892 3355 animi
934 3307 1065 3354 Voss.
1094 3306 1146 3355 2.
1214 3306 1255 3337 ⁸⁷
1275 3307 1459 3356 Addit.
1486 3308 1601 3356 Lin.
1629 3307 1821 3358 Parem
1844 3320 1905 3357 se
1930 3305 2219 3367 integritas
2248 3309 2467 3367 prastat
2498 3308 2555 3355 in
2582 3304 2862 3366 omnibus,
2894 3317 2995 3354 nec
3032 3303 3241 3353 bonum
3271 3301 3600 3365 virginitatis

206 3380 414 3431 cultus
462 3379 711 3427 infamet.
804 3375 846 3408 ⁸³
868 3379 1070 3428 Arctus
1115 3377 1241 3427 Bod.
1290 3379 1336 3428 2.

210 3451 348 3501 Tim.
392 3451 532 3499 Foss.
590 3448 739 3498 Corb.
791 3449 902 3498 Mli.
1002 3448 1562 3500 “Perseverantibus
1612 3452 1737 3500 Bod.
1772 3453 1814 3500 1.

205 3528 255 3556 ἰ
284 3522 584 3583 Dominus,
616 3521 889 3570 Dominus
918 3520 1069 3571 Deus
1096 3525 1296 3571 vester.
1334 3521 1458 3571 Bod.
1492 3524 1537 3583 l,
1566 3523 1615 3583 2,
1648 3524 1694 3572 4.

1435 3378 1799 3443 8’Martyrem
1842 3380 1996 3429 Oxon.
2051 3378 2319 3438 Martyres
2366 3377 2487 3426 Thu.
2539 3376 2686 3426 Coro.

1917 3450 2210 3504 9'Servate
2253 3450 2403 3515 quod
2446 3448 2661 3500 debetis
2714 3449 2850 3499 Foss.

2793 3377 2833 3406 νδ
2857 3374 2944 3426 Ad
2989 3374 3221 3437 gratiam
3271 3373 3392 3422 Bod.
3448 3374 3490 3431 ι,
3543 3374 3591 3423 2.

2793 3461 2850 3497 ss.
2953 3446 2994 3478 93
3018 3445 3163 3497 Cum
3216 3444 3433 3495 tristitia
3484 3442 3591 3491 Ver-

1526 3634 1750 3715 Steph.
1800 3633 2045 3698 Baluzii
2092 3640 2288 3698 notae.

274 3758 389 3843 (:19)
438 3754 616 3843 νςάυξ
659 3758 949 3843 antequam
992 3760 1183 3843 nuptae.
1220 3755 1593 3843 Hierpnymus
1618 3756 1931 3843 iqu‘pi-C

208 3831 360 3879 stola
424 3828 492 3877 ad
559 3826 911 3889 Eustochium,
993 3826 1062 3877 de
1144 3827 1414 3878 servanda
1478 3828 1850 3891 Virginitate:

210 3922 239 3946 «
278 3899 494 3950 Videas
522 3898 815 3963 plerasque
861 3898 1057 3948 viduas
1096 3902 1394 3963 antequam
1445 3904 1648 3962 nuptas
1678 3898 1857 3948 infeli-

210 3987 340 4023 cem
376 3970 774 4021 conscientiam
804 3970 1032 4019 mentita
1059 3973 1275 4020 tantum
1303 3974 1458 4021 veste
1494 3974 1797 4034 protegere.
1824 3986 1853 4016 ››

210 4046 275 4095 In
309 4043 578 4106 Apol09ia
609 4040 809 4105 Aputeii
851 4055 867 4089 :
909 4058 937 4091 α
962 4041 1218 4091 Fortasse
1264 4041 1449 4093 adhuc
1493 4040 1658 4091 vidua
1698 4047 1854 4091 ante-

210 4129 393 4180 quam
432 4117 609 4176 nupta
644 4112 794 4161 domi
833 4111 1070 4163 sedisset
1116 4126 1145 4158 a
1187 4111 1437 4174 Ovidius,
1470 4112 1563 4161 lib.
1594 4124 1631 4161 Il
1664 4111 1853 4162 Fasto-

212 4202 366 4243 rum,
390 4201 421 4231 α
446 4183 643 4232 Vidua:
669 4186 883 4233 cessate
909 4180 1127 4244 puellm.
1157 4198 1186 4227 »

276 4258 389 4319 (80)
430 4256 725 4304 Timentem.
774 4254 932 4302 Hanc
971 4253 1271 4304 lectionem
1315 4253 1618 4316 pmferunt
1659 4267 1854 4305 omnes

210 4330 332 4378 fere
372 4331 586 4375 veteres
627 4325 751 4374 libri
795 4329 848 4374 et
885 4323 1169 4374 editiones.
1217 4324 1497 4375 Pamelius
1537 4325 1720 4388 posuit
1760 4324 1854 4371 do-

207 4406 445 4457 centem;
490 4410 659 4461 quam
702 4398 995 4447 lectionem
1041 4409 1142 4459 ego
1193 4397 1369 4459 reperi
1417 4397 1472 4444 in
1513 4410 1609 4447 sex
1650 4396 1857 4447 codici-

211 4473 324 4522 bus
374 4470 638 4533 autiquis,
690 4469 745 4517 in
788 4483 1028 4533 quorum
1070 4482 1181 4518 uno
1220 4469 1399 4532 primo
1446 4469 1713 4532 scriptum
1752 4468 1852 4518 fuit

211 4547 506 4598 timentem,
553 4540 652 4589 sed
700 4545 888 4603 postea
934 4540 988 4588 id
1034 4539 1279 4589 deletum
1331 4543 1413 4589 est
1460 4542 1521 4587 ut
1577 4539 1854 4590 scribere-

214 4621 309 4665 tur
360 4613 640 4663 docontem.
681 4612 787 4661 Alii
833 4624 1066 4661 numero
1102 4611 1295 4675 viginti
1332 4610 1538 4662 habent
1580 4612 1851 4661 timentem.

213 4689 310 4737 Ait
362 4698 493 4747 ergo
539 4682 850 4746 Cyprianus
898 4683 1089 4733 timere
1137 4695 1197 4732 se
1240 4695 1338 4745 pro
1383 4682 1691 4746 virginibus
1739 4684 1855 4733 Deo

213 4757 442 4813 dicatis,
491 4754 538 4802 si
586 4766 697 4803 non
740 4752 1152 4803 observaverint
1201 4753 1371 4802 vitam
1420 4756 1700 4818 proposito
1753 4769 1855 4805 suo

214 4829 656 4889 congruentem;
686 4822 936 4886 adeoque
978 4825 1102 4873 illas
1131 4822 1392 4874 admonet
1426 4828 1488 4874 ut
1524 4826 1581 4874 in
1611 4826 1855 4889 incoapto

218 4900 598 4962 perseverent.

282 4970 389 5029 (8t)
449 4969 573 5028 Qum
621 4967 767 5030 virgo
827 4980 894 5015 es.
948 4966 1139 5017 Postea
1190 4966 1443 5030 sequitur
1501 4967 1557 5015 in
1615 4966 1856 5018 editione

215 5040 457 5101 Erasmi,
502 5051 571 5088 ex
616 5051 725 5100 qua
770 5038 894 5087 aliae
937 5042 1292 5101 acceperunt,
1346 5051 1460 5101 qua
1514 5038 1618 5086 Deo
1669 5038 1853 5088 servis.

214 5114 288 5161 At
327 5123 452 5175 ego,
486 5122 615 5159 cum
654 5107 801 5157 istud
835 5122 947 5159 non
978 5110 1283 5160 invenerim
1319 5109 1424 5158 nisi
1463 5109 1518 5157 in
1546 5122 1658 5159 uno
1685 5111 1853 5160 veteri

602 5184 789 5229 autem
836 5158 893 5228 in
936 5158 1196 5229 omnibus
1234 5158 1375 5239 aliis,
1414 5179 1469 5228 id
1513 5184 1594 5230 est
1640 5158 1933 5244 viginti,D

214 5256 274 5302 in
314 5252 509 5316 primis
550 5264 680 5301 vero
715 5251 769 5299 in
809 5250 1189 5315 Seguieriano,
1224 5250 1539 5300 existimavi
1581 5264 1692 5300 non
1728 5264 1849 5301 esse

215 5323 505 5387 Cypriani,
539 5325 596 5371 et
620 5321 870 5371 additum
908 5322 1079 5371 fuisse
1109 5336 1139 5371 a
1178 5321 1420 5385 quodam
1446 5321 1715 5382 studioso,
1745 5322 1850 5371 for-

217 5397 383 5445 tassis
408 5395 466 5443 in
491 5393 760 5455 margine,
784 5406 878 5456 per
892 5393 1137 5457 speciem
1162 5393 1646 5456 interpretationis.
1668 5392 1859 5456 Itaque

218 5466 490 5531 expunxi

287 5538 383 5599 (82)
430 5538 562 5587 Cum
610 5539 838 5585 cmteno.
885 5534 1107 5586 Retinui
1156 5534 1303 5585 hanc
1357 5535 1673 5594 lectionem,
1728 5534 1860 5597 quia

222 5612 399 5658 exstat
446 5609 503 5657 in
544 5606 805 5657 omnibus
839 5606 1081 5670 antiquis
1119 5604 1430 5663 codicibus,
1458 5605 1622 5656 etiam
1658 5605 1716 5654 in
1759 5604 1858 5655 Se-

223 5681 531 5741 guieriano,
574 5682 629 5728 et
672 5679 727 5726 iu
779 5676 1117 5727 editionibus
1158 5690 1288 5741 qum
1334 5676 1712 5727 Manutianam
1753 5688 1857 5724 an-

226 5754 589 5801 tecesserunt.
626 5748 958 5799 Prudentius
988 5750 1042 5798 in
1072 5748 1332 5800 Carmine
1367 5750 1430 5798 «Ie
1465 5752 1645 5795 murta
1673 5750 1861 5809 Agnete

226 5822 302 5870 ait
336 5838 344 5871 :

2206 3755 2380 3819 Cingit
2401 3752 2611 3804 coronis
2641 3752 2840 3801 interea
2866 3750 3015 3799 Deus‘

2206 3817 2443 3875 Frontem
2469 3823 2670 3872 duabus
2699 3819 2939 3883 martyris
2964 3817 3195 3868 innubae.

2204 3897 2366 3945 Unam
2394 3893 2702 3956 decemplex
2727 3890 2868 3940 edita
2903 3890 3095 3953 septies

2204 3968 2405 4016 Merces
2428 3963 2648 4028 perenni
2682 3963 2879 4012 lumine
2910 3961 3141 4011 conﬁcit.

2203 4039 2467 4086 Centenus
2491 4038 2631 4085 extat
2657 4034 2859 4084 fructus
2887 4032 2940 4081 in
2969 4033 3147 4081 altera.

1957 4130 2018 4179 In
2061 4130 2255 4180 codice
2300 4130 2586 4182 Pithceano
2628 4133 2684 4179 et
2720 4128 2778 4177 in
2824 4125 3134 4176 Veronensi
3177 4124 3381 4185 legitur
3424 4122 3588 4171 istic:

1956 4201 2165 4251 Primus
2202 4214 2317 4251 cum
2358 4201 2655 4250 centesimo.
2708 4200 3087 4262 Hieronymus
3130 4197 3187 4246 in
3237 4194 3480 4259 Epistola
3521 4192 3594 4241 ad

1957 4271 2313 4329 Eustochium,
2354 4272 2422 4323 de
2461 4271 2732 4322 servanda
2764 4271 3090 4333 Virginitate
3124 4285 3135 4316 :
3177 4286 3203 4311 ‹‹
3237 4265 3593 4317 Centesimus

1956 4348 2011 4392 et
2033 4345 2412 4407 sexagesimus
2456 4345 2668 4392 fructus
2705 4342 2773 4391 de
2803 4355 2917 4390 uno
2955 4345 3085 4391 sunt
3115 4341 3327 4390 semine
3363 4340 3594 4388 castita-

1955 4415 2042 4463 tis.
2090 4434 2116 4460 »
2158 4416 2405 4466 Joannes
2458 4414 2897 4466 Saresberiensis
2946 4413 3039 4462 lib.
3086 4426 3202 4472 vm,
3255 4410 3594 4468 Policratici,

1957 4498 2074 4549 cap.
2111 4488 2158 4535 ll
2198 4502 2207 4534 :
2237 4503 2266 4536 ‹‹
2296 4488 2415 4537 Non
2447 4492 2632 4536 tamen
2668 4484 2815 4549 quod
2842 4484 3120 4547 coujugali
3154 4481 3443 4532 detraham
3470 4493 3586 4529 cas-

1956 4558 2114 4619 titati,
2160 4559 2258 4608 sed
2303 4559 2669 4610 centesimum
2719 4559 2811 4605 aut
2864 4555 3271 4616 sexagesimum
3327 4552 3588 4605 fructum,

1957 4629 2084 4678 licet
2134 4628 2202 4678 de
2252 4629 2435 4679 radice
2487 4626 2750 4676 tricesimi
2798 4625 3024 4683 oriatur,
3075 4623 3305 4670 minime
3359 4619 3591 4669 arbitror

1955 4700 2234 4750 tricesimo
2259 4696 2714 4763 comparandum.
2749 4711 2778 4741 »

2018 4771 2117 4833 (83)
2146 4760 2561 4834 Sexagenarius.
2608 4766 2940 4817 Prudentius
2975 4764 3011 4813 l.
3060 4776 3096 4812 tt
3138 4762 3386 4812 adversus
3439 4760 3591 4821 Sym-

1959 4842 2199 4892 machum
2227 4858 2243 4889 .-

2111 4946 2238 4994 Sunt
2261 4948 2312 4993 et
2340 4940 2633 5005 virginibus
2663 4938 3015 5004 pulcherrima
3040 4937 3254 5002 praemia
3279 4933 3487 4986 nostris.

1956 5040 2025 5090 Et
2056 5053 2183 5089 mox
2212 5054 2222 5086 :
2683 5025 2693 5033 ’

2111 5140 2207 5190 Hic
2230 5139 2406 5190 decies
2438 5138 2551 5187 seni
2582 5137 2896 5201 rediguntur
2924 5136 2978 5185 in
3011 5136 3200 5186 horrea
3229 5136 3445 5186 fructus.

2014 5244 2114 5305 (84)
2156 5241 2435 5307 Cagitatio.
2485 5241 2565 5290 Ita
2614 5253 2810 5290 omnes
2857 5240 2969 5290 fere
3019 5239 3145 5290 libri
3188 5242 3419 5290 veteres.
3463 5240 3587 5290 Duo

1952 5321 2137 5367 tamen
2194 5314 2405 5365 habent
2460 5312 2769 5363 colluctatio.
2828 5315 2888 5362 In
2948 5313 3257 5363 Veronensi
3316 5315 3587 5376 scriptum

1957 5388 2136 5452 primo
2166 5387 2269 5436 fuit
2298 5385 2624 5437 colluctatio.
2652 5385 2749 5435 sed
2781 5398 2946 5448 supra
2984 5384 3187 5434 lineam
3219 5386 3485 5447 scriptum
3514 5388 3598 5434 est

1958 5458 2226 5521 cogitatio.

2021 5532 2119 5592 (83)
2174 5530 2290 5579 Non
2336 5528 2557 5577 nubunt.
2612 5526 2803 5578 Codex
2870 5526 3183 5583 Fuxensis,
3236 5538 3342 5575 non
3408 5525 3597 5575 nubent

1959 5616 2126 5668 neque
2168 5602 2450 5652 nubentur.
2501 5599 2903 5664 Seguierianus
2946 5603 2997 5649 et
3051 5612 3201 5648 unus
3249 5598 3389 5646 alius
3440 5600 3599 5647 vetus

1957 5688 2067 5725 non
2120 5672 2394 5724 nubuntur
2444 5677 2683 5723 tantum.
2749 5669 3009 5721 Nuboudi
3061 5669 3401 5719 vocabulum
3448 5681 3599 5730 saepe

1958 5746 2231 5811 reperitur
2281 5746 2338 5795 in
2389 5742 2687 5801 obscaenis,
2736 5745 2793 5791 ut
2844 5745 2967 5805 post
3015 5739 3263 5811 Lipsium
3316 5740 3605 5811 annotavit

1958 5809 2043 5868 vir
2071 5817 2427 5870 doctissimus
2468 5817 2712 5868 Joannes
2752 5813 2805 5862 S.
2854 5814 3059 5864 ldenus
3096 5809 3193 5858 lib.
3236 5822 3288 5857 v.
3325 5820 3442 5868 cap.
3474 5809 3502 5855 4
3542 5810 3608 5860 de
