3978 6194
373 225 378 232 “
449 259 552 317 475

1377 262 1433 319 S.
1476 265 1787 320 CYPRIANI
1827 267 2100 321 OPERUM
2140 267 2315 321 PARS
2346 267 2410 320 II.
2441 294 2508 306 —-
2545 264 2918 323 OPUSCULA.
3704 275 3794 328 47.6

451 389 622 442 ciunt.
676 389 856 458 Neque
909 389 1049 442 enim
1100 390 1364 459 incipient
1423 393 1601 445 mori:
1655 392 1888 460 aequales
1943 394 2085 445 enim
2107 393 2443 474 Astrantur
2469 391 2541 445 ad
2587 408 2853 462 regnum.
2902 393 3010 445 Nec
3050 391 3156 445 hoc
3191 392 3354 463 jubet
3393 394 3681 462 Dominus,
3709 400 3796 454 sed

448 489 572 536 sunt
614 484 816 551 angelis
856 485 970 544 Dei,
1004 498 1125 537 cum
1165 486 1274 538 sint
1312 486 1416 554 filii
1450 487 1862 538 resurrectionis
1905 486 2078 554 (Lua,

452 592 540 643 xx,
588 576 798 644 31-36).
846 576 1007 640 Quod
1051 577 1226 630 futuri
1263 594 1460 631 sumus
1498 579 1619 647 jam
1665 595 1762 633 vos
1799 595 1917 632 esse
1970 596 2080 633 coe-

449 668 610 738 pistis
643 669 773 738 (86).
808 671 915 722 Vos
961 671 1390 725 resurrectionis
1430 671 1670 742 gloriam
1714 672 1823 742 (87)
1873 673 1929 726 in
1975 673 2080 728 isto

449 763 654 816 saeculo
679 763 796 834 jam
829 765 1057 832 tenetis,
1090 781 1196 836 per
1238 766 1514 819 saeculum
1558 766 1679 819 sine
1723 767 1911 821 saeculi
1947 784 2078 821 con-

449 856 675 927 tagione
705 858 972 912 transitis.
1007 861 1147 914 Cum
1181 865 1349 913 castae
1396 861 1774 930 perseveratis
1818 866 1874 914 et
1904 861 2078 932 virgi-

453 967 551 1004 nes
584 951 715 1020 (88),
746 953 965 1022 angelis
993 954 1086 1007 Dei
1122 953 1256 1006 estis
1284 957 1550 1024 mquales.
1582 956 1823 1008 Tantum
1855 959 2083 1009 maneat

451 1050 506 1098 et
561 1045 724 1099 duret
782 1045 957 1099 solida
1004 1051 1062 1100 et
1107 1047 1276 1100 illaesa
1330 1048 1645 1118 virginitas,
1700 1052 1755 1102 et
1807 1051 1867 1101 ut
1913 1049 2082 1120 erepit

452 1137 690 1204 fortiter,
718 1139 932 1209 jugiter
959 1146 1312 1210 perseveret;
1360 1156 1462 1194 nec
1512 1142 1811 1195 monilium
1858 1146 1957 1195 aut
1988 1159 2079 1197 ve-

453 1232 624 1286 stium
651 1239 868 1303 quaerat
888 1238 1244 1302 ornamenta,
1269 1235 1366 1289 sed
1391 1252 1639 1290 morum.
1666 1238 1837 1290 Deum
1860 1242 2083 1308 spectet

451 1330 508 1379 et
538 1326 764 1393 cmlum,
810 1343 993 1399 neque
1039 1329 1228 1382 oculos
1270 1329 1339 1382 ad
1387 1329 1631 1383 sublime
1677 1335 1969 1400 porrectos
2010 1332 2082 1386 ad

455 1421 640 1473 carnis
667 1424 720 1475 et
751 1422 950 1476 mundi
993 1423 1510 1493 concupiscentiam
1560 1424 1844 1494 deprimat
1881 1429 1978 1479 aut
2013 1426 2080 1480 ad

455 1517 686 1568 terrena
715 1515 761 1548 95
794 1515 1060 1585 deponat.

529 1607 722 1680 463
769 1609 986 1664 XXXIII.
1030 1610 1215 1664 Prima
1265 1611 1543 1666 sententia
1589 1628 1836 1666 crescere
1886 1619 1941 1667 et
1982 1631 2083 1684 ge-

457 1718 657 1755 nerare
693 1705 983 1774 praecepit,
1015 1704 1263 1758 secunda
1289 1705 1700 1760 continentiam
1723 1707 1916 1760 suasit.
1942 1709 2080 1762 Cum

2187 484 2480 548 hortatur;
2525 501 2628 539 nec
2662 487 2868 556 jugum
2913 485 3266 539 necessitatis
3303 487 3558 558 imponit,
3588 493 3794 560 quando

2185 582 2414 631 maneat
2442 578 2748 633 voluntatis
2775 579 3077 633 arbitrium
3110 580 3374 634 liberum.
3405 581 3520 636 Sed
3550 599 3673 637 cum
3707 587 3792 639 ba-

2182 671 2489 726 bitationes
2546 674 2653 742 (89)
2705 673 2916 726 multas
2968 673 3122 743 apud
3181 675 3403 728 Patrem
3455 692 3616 730 suum
3665 677 3798 735 dicat

2189 769 2394 834 (Joan.,
2426 782 2535 832 xw,
2569 771 2643 832 ‘2),
2675 766 2922 820 melioris
2949 767 3262 821 habitaculi
3301 769 3542 839 hospitia
3575 771 3794 826 demon-

2183 862 2352 914 strat.
2401 859 2738 914 Ilabitacula
2791 861 2896 913 ista
2950 860 3184 914 meliora
3233 878 3327 916 vos
3375 862 3585 933 petitis,
3625 867 3796 920 carnis

2183 953 2469 1008 desideria
2509 959 2844 1021 castrantes,
2891 955 3122 1025 majoris
3163 955 3363 1026 gratiae
3407 957 3700 1027 prmmium
3740 960 3794 1013 in

2183 1048 2504 1102 ccelestibus
2554 1047 2842 1102 obtinetis.
2900 1049 3116 1102 Omnes
3159 1049 3387 1120 quidem
3423 1050 3520 1120 qui
3562 1051 3630 1104 ad
3665 1051 3793 1107 divi-

2183 1157 2323 1195 num
2355 1141 2641 1195 lavacrum
2679 1142 2790 1212 (90)
2835 1142 3104 1212 baptismi
3143 1142 3584 1197 sanctiﬁcatione
3610 1160 3792 1214 perve-

2185 1235 2370 1303 niunt,
2404 1235 2702 1290 hominem
2734 1236 2851 1290 illic
2881 1240 3131 1290 veterem
3166 1236 3351 1307 gratia
3375 1237 3581 1291 lavacri
3611 1239 3797 1294 saluta-

2184 1330 2262 1382 ris
2291 1332 2610 1400 exponunt,
2647 1335 2701 1384 et
2729 1330 2983 1384 innovati
3005 1330 3214 1400 Spiritu
3250 1335 3463 1396 sancto,
3491 1347 3522 1384 a
3550 1332 3796 1388 sordibus

2185 1422 2536 1494 contagionis
2580 1423 2826 1494 antiquas
2871 1423 3077 1479 iterata
3135 1424 3421 1478 nativitate
3475 1430 3790 1495 purgantur.

2185 1516 2295 1571 Sed
2327 1517 2634 1571 nativitatis
2667 1518 2886 1571 iterata:
2924 1518 3080 1572 vobis
3121 1519 3303 1588 major
3340 1519 3608 1573 sanctitas
3634 1525 3686 1574 et
3710 1537 3790 1574 ve-

2186 1611 2326 1664 ritas
2355 1611 2648 1681 competit,
2682 1611 2890 1681 quibus
2918 1611 3196 1666 desideria
3232 1612 3354 1682 jam
3392 1612 3577 1666 carnis
3604 1617 3658 1666 et
3687 1630 3796 1667 cor-

2187 1705 2337 1774 poris
2372 1704 2532 1758 nulla
2561 1708 2713 1759 sunt.
2745 1705 2876 1760 Sola
2906 1705 2962 1758 in
2998 1705 3152 1759 vobis
3182 1723 3309 1776 qua:
3348 1711 3480 1760 sunt
3515 1707 3725 1760 virtutis
3752 1712 3802 1761 et

455 1794 641 1848 adhuc
689 1796 847 1849 rudis
892 1797 1138 1850 mundus
1185 1801 1241 1850 et
1287 1799 1470 1851 inanis
1520 1803 1606 1853 est
1646 1801 1713 1867 9°,
1761 1801 1983 1870 copiam
2035 1774 2417 1869 97Bspiritus
2458 1799 2529 1852 ad
2575 1799 2815 1869 gloriam
2859 1805 3256 1853 remanserunt
3295 1801 3364 1854 9⁸.
3415 1800 3661 1871 Apostoli
3711 1817 3800 1853 vox

455 1888 802 1942 fecunditate
847 1894 1184 1959 generantes
1228 1909 1639 1963 prOpagamur,
1682 1901 1738 1948 et
1783 1895 2086 1948 crescimus

457 1981 529 2034 ad
561 1981 798 2036 humani
827 1984 1054 2053 generis
1079 1991 1454 2055 augmentum
1480 2003 1491 2040 :
1527 2004 1656 2041 cum
1690 1988 1812 2059 jam
1843 1988 2086 2042 refertus

454 2078 538 2127 est
584 2075 735 2128 orbis
791 2082 847 2130 et
893 2077 1144 2131 mundus
1187 2079 1473 2149 impletus,
1513 2081 1608 2151 qui
1652 2098 1862 2152 capere
1908 2081 2082 2136 conti-

455 2169 706 2224 nentiam
773 2175 1028 2240 possunt,
1090 2173 1409 2244 spadonum
1465 2191 1622 2229 more
1671 2175 1943 2245 viventes,
1991 2193 2082 2230 ca-

2187 1898 2288 1959 est,
2321 1909 2495 1963 quem
2528 1891 2801 1946 Dominus
2834 1909 2926 1946 vas
2964 1893 3256 1948 electionis
3296 1910 3414 1947 suae
3457 1893 3614 1961 dixit,
3643 1909 3798 1964 quem

2186 1986 2258 2040 ad
2312 1986 2632 2057 promenda
2684 1987 2731 2020 99
2781 1986 3055 2041 mandata
3110 1987 3361 2042 coelestia
3413 1989 3559 2042 Deus
3608 1988 3796 2041 misit:

2189 2080 2381 2153 464
2411 2082 2626 2135 Primus
2659 2082 2831 2141 homo,
2865 2079 3072 2151 inquit,
3103 2081 3167 2136 de
3195 2088 3352 2136 terrae
3379 2082 3524 2143 limo,
3552 2082 3799 2136 secundus

2189 2177 2338 2230 homo
2368 2176 2432 2229 de
2472 2175 2598 2229 cozlo
2631 2175 2725 2228 ’9'.
2757 2176 2946 2242 Qualis
2982 2176 3077 2230 ille
3104 2176 3168 2230 de
3206 2177 3352 2242 limo,
3386 2177 3521 2230 tales
3551 2183 3599 2230 et
3625 2178 3714 2245 qui
3744 2177 3799 2229 de

1830 2343 2038 2406 Varias
2096 2342 2433 2406 lectiones.

514 2495 554 2522 "5
577 2493 687 2543 Nec
730 2493 798 2542 ad
837 2498 1053 2544 terrena
1096 2495 1217 2544 Bod.
1250 2494 1296 2543 2.
1367 2497 1408 2527 ³⁸
1431 2497 1590 2546 Esset
1639 2498 1794 2547 Oxon.
1839 2512 1901 2546 ex
1940 2497 2174 2548 omnibus
2220 2512 2335 2546 mss.
2371 2498 2468 2548 Est
2506 2499 2660 2562 Impr.
2727 2497 3030 2561 97C0piosa
3075 2500 3164 2547 Ar.
3209 2497 3386 2561 Cepia
3434 2494 3794 2548 fmcunditatis

453 2563 577 2635 Iliad.
609 2566 649 2625 t,
674 2563 720 2611 2.
760 2564 869 2613 Ver.
913 2565 1041 2613 Voss.
1076 2568 1118 2616 t.
1187 2565 1228 2600 τε
1246 2567 1333 2618 Ad
1359 2568 1590 2635 gloriam
1620 2569 1776 2618 deest.
1818 2572 1868 2620 in
1899 2573 1984 2620 Ar.
2012 2571 2118 2620 ΜΚ.
2189 2571 2231 2600 τη
2254 2568 2621 2621 Promerenda
2658 2570 2765 2618 ΜΗ.
2835 2570 2899 2598 9'”
2928 2567 3221 2619 Secundus
3250 2568 3319 2620 de
3349 2569 3494 2620 cmlo
3526 2567 3640 2616 Tim.
3671 2566 3794 2614 Foss.

457 2632 602 2682 Coro.

1747 2761 1970 2842 Steph.
2022 2760 2267 2824 Baluzii
2311 2765 2509 2823 notae.

444 2911 568 2972 jure
593 2910 835 2958 naturali
864 2912 910 2959 et
937 2912 1184 2974 gentium,
1213 2917 1267 2962 et
1307 2927 1407 2963 nos
1445 2927 1667 2978 quoque
1698 2915 1826 2964 alibi
1857 2916 2076 2963 monui-

451 2995 594 3029 mus.
634 2980 702 3030 Et
743 2981 817 3030 ita
857 2982 1076 3032 videtur
1119 2985 1285 3034 etiam
1329 2986 1570 3035 sensisse
1613 2985 1838 3035 Servius
1890 3001 2078 3050 gram-

453 3053 691 3101 maticus
737 3053 792 3101 in
831 3054 1143 3104 secundum
1192 3057 1436 3105 .Eneidos
1484 3072 1500 3104 :
1551 3075 1575 3099 «
1619 3058 1893 3121 Innuptae,
1952 3072 2078 3121 quae

451 3137 737 3186 nunquam
777 3125 957 3173 nubit.
995 3127 1129 3174 Nam
1159 3128 1312 3191 virgo
1343 3132 1521 3190 potest
1548 3132 1603 3178 et
1628 3128 1854 3178 nubere.
1887 3146 1913 3176 >>
1951 3131 2081 3177 'l‘cr-

453 3195 720 3242 tullianus
776 3194 868 3243 lib.
918 3209 974 3244 iv
1026 3196 1284 3246 Adversus
1334 3201 1657 3248 Marcionem
1702 3215 1711 3246 :

450 3267 804 3316 matrimonio
865 3267 1078 3318 nubere
1147 3269 1482 3318 adulterium
1551 3275 1650 3320 est.
1707 3290 1734 3316 »
1811 3271 1960 3320 Idem
2028 3273 2081 3319 in

451 3336 776 3400 Apologetico
835 3351 1002 3400 agens
1053 3338 1119 3389 de
1170 3341 1551 3391 Incarnatione
1605 3341 1808 3390 Christi
1863 3343 1933 3390 ait
1982 3341 2083 3390 Dei

455 3407 658 3457 Filium
724 3408 937 3458 nullam
1000 3409 1070 3458 de
1135 3410 1478 3473 impudicitia
1546 3411 1750 3462 habere
1815 3417 2080 3472 matrem,

453 3496 481 3522 «
514 3479 682 3528 etiam
731 3493 898 3542 quam
947 3479 1237 3530 videbatur
1288 3481 1491 3532 habere
1551 3497 1663 3531 non
1723 3487 2000 3546 nupserat.
2054 3499 2081 3527 ι)

454 3549 558 3600 Ubi
609 3552 962 3601 manifestum
1009 3556 1092 3602 est
1140 3565 1334 3602 vocem
1380 3558 1633 3615 nupserat
1678 3556 1915 3617 positam
1958 3567 2081 3603 esse

451 3633 549 3685 pro
576 3622 815 3672 coitione
836 3623 1085 3673 mulieris
1121 3637 1251 3673 cum
1281 3625 1414 3672 viro.
1454 3624 1681 3686 Alioqui
1713 3623 1912 3673 falsum
1939 3629 2083 3675 esset

452 3693 601 3756 quod
624 3695 699 3743 ait
722 3694 1116 3757 Tertullianus,
1132 3709 1260 3745 cum
1289 3700 1499 3745 certum
1517 3697 1588 3744 sit
1610 3697 1832 3745 Mariam
1849 3701 2080 3746 matrem

452 3765 656 3815 Christi
687 3766 911 3817 ductam
940 3767 1109 3818 fuisse
1141 3782 1170 3816 a
1196 3767 1459 3830 Josepho,
1483 3771 1712 3830 nuptam
1737 3767 1909 3817 fuisse
1930 3769 2080 3818 Jose-

450 3837 581 3900 pho,
597 3851 833 3888 uxorem
855 3839 973 3900 ejus
993 3839 1181 3898 fuisse,
1196 3842 1250 3886 et
1271 3842 1558 3902 pr0pterea
1582 3837 1865 3888 Christum
1888 3839 2051 3888 existi
2067 3865 2080 3874 -

450 3914 661 3958 matum
691 3910 867 3959 ﬁlium
899 3911 1057 3971 fabri,
1081 3913 1212 3974 quia
1232 3912 1382 3960 ﬁlius
1407 3913 1527 3973 ejus
1548 3911 1798 3961 mulieris
1819 3915 1934 3960 erat
1954 3923 2080 3974 quae

450 3980 591 4045 fabri
621 3995 760 4030 uxor
789 3985 919 4043 erat,
945 3983 1076 4045 quia
1110 3982 1258 4032 ﬁlius
1295 3986 1379 4032 est
1408 3996 1574 4045 quem
1603 3983 1810 4046 nuptias
1845 3981 2079 4030 demon-

450 4057 638 4102 strant.
665 4053 811 4104 Hinc
840 4054 895 4102 in
921 4054 1149 4104 scholiis
1175 4055 1350 4103 sancti
1381 4053 1573 4117 Cyrilli
1605 4054 1672 4104 de
1693 4055 2080 4103 Incarnatione

449 4125 671 4174 Domini
695 4139 813 4188 cap.
846 4127 907 4176 23
929 4126 1130 4188 legitur
1158 4141 1168 4173 :
1200 4143 1228 4169 «
1258 4126 1429 4174 Natus
1455 4129 1536 4174 est
1568 4127 1715 4174 enim
1748 4139 1814 4174 ex
1847 4125 2076 4187 virgine,

449 4201 504 4248 et
525 4197 679 4246 solus
709 4195 877 4246 habet
904 4201 1132 4246 matrem
1173 4197 1484 4258 innuptam,
1522 4215 1549 4241 »
1578 4197 1633 4245 id
1674 4200 1754 4245 est
1790 4195 2076 4258 virginem,

451 4282 576 4331 quae
602 4282 713 4316 non
745 4281 1039 4330 congressa
1070 4273 1186 4318 erat
1209 4281 1337 4317 cum
1366 4269 1578 4316 marito.
1605 4269 1742 4317 Nam
1766 4272 1820 4316 et
1843 4266 2078 4315 Ruﬁnus

449 4339 543 4388 lib.
593 4353 643 4396 ι,
686 4353 805 4403 cap.
843 4341 875 4388 6
915 4340 1044 4388 Hist.
1081 4339 1275 4398 eccles.,
1323 4339 1614 4401 innuptam
1658 4337 1795 4386 dixit
1834 4351 1932 4401 pro
1974 4339 2078 4387 vir—

448 4411 595 4470 gine.
644 4411 745 4459 Pro
787 4424 898 4473 quo
945 4410 1321 4472 Hieronymus
1364 4411 1418 4458 in
1462 4410 1620 4458 initio
1663 4411 1788 4458 libri
1830 4411 2078 4459 adversus

447 4481 745 4530 Helvidium
795 4481 933 4543 dixit
986 4481 1212 4530 Mariam
1268 4481 1440 4530 fuisse
1493 4484 1722 4531 matrem
1777 4485 2076 4544 antequam

2178 2927 2294 2962 sam
2332 2927 2469 2972 esse,
2499 2913 2704 2976 quippe
2748 2927 2875 2976 quae
2921 2925 3208 2975 nunquam
3242 2925 3372 2960 cum
3414 2911 3608 2960 marito
3652 2921 3794 2958 exer-

2181 2985 2356 3034 cuerit
2393 2985 2685 3047 conjugale
2722 2983 3136 3042 commercium,
3174 2984 3310 3042 sive,
3355 2984 3418 3031 ut
3457 2981 3645 3044 loquar
3680 2992 3794 3029 cum

2179 3057 2480 3113 Lactantio,
2513 3069 2804 3118 nunquam
2851 3068 2947 3117 per
2984 3055 3283 3117 voluptatis
3319 3051 3610 3102 illecebras
3646 3063 3795 3113 θορυ-

2181 3127 2290 3175 lata
2335 3131 2418 3174 est
2464 3140 2592 3175 cum
2636 3126 2848 3175 marito.
2901 3125 3036 3175 Vide
3075 3125 3287 3174 Erasmi
3330 3123 3708 3172 adnotationes
3746 3122 3792 3168 in

1757 3172 1794 3248 ἐξ
1813 3172 2079 3250 Είᾷηὲτίίθ
2101 3172 2154 3244 C
2181 3172 2835 3248 ἰέυὲιοίὂοιὶιῖὧεῖίῶέέῖ.

2247 3269 2342 3328 (86)
2381 3269 2500 3317 Jam
2547 3283 2636 3319 ros
2679 3283 2784 3318 esse
2827 3269 3075 3332 coep-istis.
3120 3269 3498 3330 Hieronymus
3543 3267 3597 3314 in
3641 3278 3791 3326 expo-

2184 3341 2382 3390 sitione
2425 3341 2620 3404 psalmi
2662 3355 2816 3400 xuv,
2857 3341 2928 3389 ad
2959 3341 3288 3402 Principiam
3326 3355 3342 3387 :
3369 3356 3397 3387 <<
3427 3338 3604 3389 Sexus
3635 3336 3791 3384 devo—

2185 3416 2336 3459 ratur
2381 3427 2410 3459 a
2459 3413 2688 3474 virgine.
2737 3411 3018 3462 Christum
3065 3415 3246 3474 portat
3292 3411 3348 3459 in
3401 3413 3638 3472 pectore.
3681 3407 3791 3455 Jam

2184 3481 2422 3543 possidet
2449 3482 2596 3545 quod
2621 3483 2808 3531 futura
2837 3487 2936 3531 est.
2973 3498 3001 3528 »
3032 3482 3178 3532 Idem
3210 3482 3263 3529 in
3297 3481 3542 3544 Epistola
3578 3477 3645 3527 ad
3674 3478 3790 3525 Eus-

2183 3552 2424 3612 tochium,
2469 3553 2538 3602 de
2578 3552 2844 3603 Custodia
2887 3553 3213 3616 virginitatis
3254 3568 3264 3600 :
3313 3570 3340 3596 «
3383 3550 3595 3608 Gaude,
3636 3561 3788 3604 soror.

2182 3622 2380 3683 gaude,
2413 3623 2546 3684 ﬁlia,
2577 3623 2772 3686 gaude,
2803 3625 2877 3672 mi
2916 3624 3088 3687 virgo,
3119 3625 3246 3686 quia
3289 3622 3440 3686 quod
3481 3622 3601 3671 alia:
3637 3620 3789 3669 simu-

2182 3693 2297 3742 lant
2322 3699 2381 3743 tu
2413 3707 2538 3744 vere
2565 3708 2686 3744 esse
2716 3696 2948 3758 cmpisti.
2977 3710 3005 3740 »

2245 3767 2347 3828 (87)
2379 3765 2633 3816 Gloriam.
2668 3768 2985 3817 Lectionem
3021 3767 3253 3830 gratiam
3293 3765 3593 3828 praeferunt
3617 3774 3789 3812 omnes

2182 3837 2294 3886 fere
2324 3837 2448 3886 libri
2477 3841 2691 3886 veteres
2717 3841 2772 3886 et
2807 3841 3020 3886 veteres
3051 3835 3340 3886 editiones.
3374 3837 3649 3886 Manutius
3686 3846 3788 3881 ma-

2181 3909 2284 3958 luit
2312 3909 2564 3971 gloriam.
2593 3910 2739 3959 Hinc
2779 3913 3116 3972 acceperunt
3149 3909 3484 3972 posteriores
3519 3906 3784 3957 editiones.

2182 3980 2298 4042 Ego
2342 3983 2421 4029 tot
2450 3985 2699 4030 veterum
2739 3980 3139 4044 exemplarium
3185 3983 3238 4029 et
3275 3979 3582 4029 editionum
3618 3979 3787 4026 contra

2180 4049 2547 4100 scribentium
2574 4053 2956 4102 auctoritatem
2984 4055 3342 4101 contemnere
3380 4065 3492 4100 non
3526 4048 3707 4099 audeo.
3737 4045 3786 4095 Si

2181 4122 2305 4184 quis
2333 4126 2517 4172 tamen
2543 4125 2755 4172 mavult
2778 4123 3033 4186 gratiam,
3056 4121 3268 4184 judicio
3296 4136 3400 4171 suo
3426 4123 3646 4171 fruatur.

2243 4193 2340 4254 (88)
2373 4195 2540 4243 Casta:
2574 4195 2923 4258 perseveratis
2964 4199 3014 4242 et
3050 4197 3298 4257 virgines.
3333 4195 3698 4257 Hieronymus
3736 4191 3782 4238 in

2181 4262 2426 4326 Epistola
2473 4265 2544 4313 ad
2589 4265 2942 4322 Eustochium,
2987 4265 3055 4316 de
3105 4266 3369 4316 Custodia
3418 4263 3730 4329 virginitatis
3773 4274 3781 4305 :

2183 4352 2208 4381 α
2241 4335 2312 4384 Et
2373 4336 2502 4398 quia
2550 4337 2874 4386 maritorum
2935 4341 3181 4400 expertas
3238 4341 3368 4386 sunt
3429 4337 3780 4389 dominatum,

2179 4410 2344 4456 castas
2375 4412 2645 4456 vocantur
2675 4411 2727 4457 et
2754 4421 2969 4457 nonnae.
3007 4423 3033 4455 ›>
3060 4408 3210 4470 Quid
3233 4409 3342 4457 sint
3381 4420 3583 4457 nonnaa
3617 4415 3782 4469 quaere

2181 4478 2234 4525 in
2266 4478 2548 4528 Glossario
2576 4479 2767 4528 Latino
2803 4478 3016 4541 Cangii.

449 4557 700 4615 nuptam,
733 4553 827 4616 qui
859 4552 1121 4601 nimirum
1153 4556 1485 4615 conceperat
1526 4566 1593 4602 ex
1638 4551 1846 4614 Spiritu
1884 4543 2077 4601 sancto
2097 4545 2156 4615 D
2243 4551 2341 4610 (89)
2375 4549 2753 4600 Habitationes.
2785 4550 2973 4601 Codex
3003 4549 3275 4599 Fuxensis
3299 4550 3612 4599 mansiones.
3641 4543 3780 4608 Quod

446 4628 744 4687 antequam
782 4637 850 4673 ex
876 4637 1075 4685 sponsa
1107 4622 1266 4673 ﬁeret
1299 4637 1440 4672 uxor
1468 4623 1717 4686 Josephi.
1752 4623 1817 4672 Et
1846 4628 2078 4672 sanctus

450 4695 778 4744 Ambrosius
823 4696 876 4744 in
908 4694 1156 4758 Epistola
1204 4694 1266 4743 de
1302 4696 1502 4744 Bonoso
1543 4697 1779 4756 episcopo
1816 4699 2077 4744 accusato

450 4769 504 4816 in
539 4766 751 4831 synodo
788 4766 1068 4830 Capueusi
1105 4765 1253 4830 quod
1297 4765 1507 4816 diceret
1545 4767 1771 4816 Mariam
1810 4766 2075 4828 virginem

449 4837 711 4890 habuisse
755 4839 939 4900 plures
987 4837 1190 4887 liberos
1237 4851 1247 4884 :
1298 4855 1322 4881 ‹‹
1370 4838 1562 4900 Neque
1613 4838 1762 4887 enim
1821 4837 2077 4901 elegisset

445 4912 716 4960 Dominus
753 4910 916 4959 Jesus
952 4910 1101 4959 nasci
1143 4923 1238 4972 per
1273 4910 1562 4972 virginem,
1595 4910 1640 4956 si
1676 4922 1798 4958 eam
1837 4909 2078 4970 judicas~

446 4987 529 5033 set
556 4988 664 5032 tam
700 4983 1139 5031 incontinentem
1186 4983 1298 5031 fore
1340 4985 1399 5029 ut
1436 4981 1573 5030 illud
1616 4979 1857 5044 genitale
1887 4980 2076 5029 Domi-

447 5056 557 5104 nici
593 5054 855 5118 corporis,
894 5054 1045 5102 illam
1084 5052 1266 5101 aulam
1310 5052 1473 5114 R'e-gis
1515 5053 1707 5102 mterni
1747 5052 2078 5102 concubitus

446 5126 676 5175 humani
735 5125 949 5174 semine
1000 5123 1430 5186 coinquinasset.
1478 5143 1504 5167 »
1550 5122 1858 5182 Caeterum,
1912 5126 1974 5171 ut
2022 5123 2075 5172 id

447 5210 674 5260 quoque
709 5197 886 5245 obiter
930 5197 1133 5255 dicam,
1167 5194 1439 5256 Rigaltius
1484 5193 1777 5243 arbitratus
1812 5198 1892 5244 est
1925 5193 2076 5242 hunc

447 5269 628 5317 locum
686 5281 754 5318 ex
813 5267 1136 5329 Apologetico
1187 5267 1513 5315 Tertulliani
1576 5267 1658 5315 sic
1719 5265 2077 5314 scribendum

448 5355 569 5391 esse
606 5347 668 5390 ut
697 5341 915 5390 dicatur
944 5340 1229 5391 Christum
1261 5338 1472 5387 nullam
1500 5339 1562 5388 de
1585 5339 1841 5401 pudicitia
1873 5339 2077 5388 habere

449 5416 700 5471 matrem,
734 5414 865 5476 quia
904 5410 1127 5462 videbat
1170 5410 1426 5459 Latinum
1467 5411 1742 5459 Latinium
1787 5416 1841 5460 et
1887 5411 2076 5460 Pame-

447 5485 583 5532 lium
611 5485 681 5532 ita
707 5484 906 5547 legisse
938 5484 992 5531 in
1024 5481 1358 5545 quibusdam
1392 5482 1622 5531 vetustis
1647 5481 2072 5545 exemplaribus.

446 5555 562 5618 Ego
600 5561 788 5605 contra
826 5559 957 5617 puto
992 5551 1336 5602 retinendam
1378 5565 1496 5602 esse
1544 5554 1839 5602 lectionem
1887 5553 2074 5614 vulga-

450 5632 579 5686 tam,
629 5639 753 5688 qum
799 5625 1298 5675 vetustissimorum
1339 5627 1393 5671 et
1440 5625 1772 5685 Optimorum
1815 5622 2074 5674 codicum

447 5698 772 5746 auctoritate
823 5698 1042 5752 nititur,
1094 5701 1150 5742 ut
1203 5707 1402 5743 sensus
1451 5701 1523 5744 Sit
1576 5693 1778 5746 Christi
1841 5699 2074 5743 matrem

446 5769 656 5818 nullam
709 5767 1064 5832 impudicitiae
1108 5766 1308 5822 labem,
1355 5779 1464 5814 non
1517 5767 1743 5828 quidem
1797 5766 2073 5815 obscaenas

445 5841 842 5893 attrectationis
886 5840 1162 5905 injuriam,
1207 5842 1269 5887 ut
1309 5837 1494 5890 Ruﬁni
1536 5837 1721 5888 verbis
1760 5841 1900 5898 utar,
1953 5849 2076 5902 pas-

2180 4621 2411 4670 fortasse
2459 4621 2659 4671 melius
2707 4627 2805 4672 est.
2857 4623 2995 4672 Nam
3042 4621 3093 4670 in
3143 4622 3322 4685 capite
3373 4635 3470 4671 xw
3521 4617 3781 4681 Evangelii

2179 4692 2488 4742 seCundum
2523 4694 2814 4755 Joannem,
2853 4694 2922 4743 ad
2958 4692 3107 4757 quod
3138 4694 3264 4742 istic
3309 4694 3529 4756 respicit
3568 4691 3780 4755 Cypria—

2178 4777 2302 4824 nus,
2331 4764 2532 4828 legitur
2560 4765 2615 4813 in
2643 4765 2884 4815 editione
2921 4765 3160 4827 Vulgata
3188 4779 3198 4811 :
3234 4767 3293 4813 In
3317 4766 3470 4813 domo
3509 4763 3674 4812 Patris
3696 4759 3781 4807 mei

2178 4835 2474 4884 mansiones
2525 4835 2696 4885 multa:
2734 4841 2871 4885 sunt.
2925 4835 3035 4886 Sed
3080 4835 3173 4885 hic
3222 4837 3544 4885 meminisse
3590 4834 3781 4896 oportet

2178 4904 2518 4970 Cyprianum
2565 4907 2673 4956 alia
2716 4909 2968 4957 versione
3017 4921 3179 4956 usum
3220 4920 3342 4958 esse
3385 4921 3550 4970 quam
3591 4919 3650 4955 ea
3685 4915 3778 4965 qua

2177 4990 2279 5026 nos
2312 4979 2538 5026 utimur.

2239 5049 2340 5110 (90)
2369 5049 2448 5098 Ad
2474 5049 2714 5098 divinum
2745 5049 3038 5099 lavacrum.
3073 5050 3152 5099 Ita
3182 5051 3340 5113 posui
3381 5053 3602 5100 secutus
3630 5045 3777 5095 ﬁdem

2179 5121 2344 5169 unius
2375 5121 2500 5170 libri
2534 5121 2644 5169 mei
2678 5122 2894 5170 veteris.
2932 5122 3116 5184 Atque
3143 5133 3206 5170 ea
3238 5122 3399 5170 lectio
3426 5121 3559 5170 mihi
3587 5117 3778 5166 videtur

2178 5193 2402 5255 optima.
2447 5193 2583 5244 Nam
2629 5192 2736 5242 alia
2783 5196 2864 5241 est
2909 5191 3207 5242 admodum
3255 5193 3523 5250 intricata,
3562 5202 3679 5254 quas
3714 5187 3778 5234 ita

2178 5261 2343 5312 habet
2388 5278 2399 5310 ε
2448 5283 2475 5308 σι
2515 5263 2722 5314 Omnes
2761 5262 2987 5327 quidem
3034 5264 3131 5327 qui
3178 5263 3249 5312 ad
3293 5264 3554 5327 divinum,
3592 5268 3776 5309 munus

2177 5340 2232 5382 et
2290 5335 2525 5397 patrium
2578 5335 2835 5398 baptismi
2886 5335 3326 5384 sanctificatione
3383 5332 3776 5398 perveniunt.»

2179 5405 2326 5478 Quid
2377 5408 2524 5456 enim
2576 5407 2666 5478 hic
2711 5408 2844 5478 facit
2892 5420 3000 5456 vox
3041 5407 3277 5469 patrium
3297 5407 3325 5456 1’
3370 5406 3436 5455 Et
3487 5410 3659 5478 tamen
3695 5399 3774 5478 illa.

2177 5477 2415 5528 habetur
2455 5478 2510 5526 in
2547 5477 2738 5528 codice
2778 5477 3140 5542 Seguicriano
3185 5484 3239 5528 et
3277 5480 3332 5528 in
3374 5492 3471 5528 sex
3511 5477 3642 5524 aliis.
3679 5471 3775 5521 Alii

2177 5553 2385 5611 septem
2450 5552 2504 5597 et
2570 5552 2786 5598 veteres
2860 5548 3489 5612 editioneslpraeterunt
3537 5545 3772 5611 patrimo-

2175 5597 2337 5676 nium,
2369 5621 2664 5670 Beccensis
2698 5621 2951 5682 patriam.
2985 5621 3096 5672 Sed
3141 5597 3584 5694 iiiillumphoruin
3607 5627 3771 5694 voea-

2174 5692 2432 5741 bulorum
2459 5693 2716 5755 congruit
2743 5692 2874 5742 huic
2915 5692 3054 5756 loco,
3089 5699 3208 5746 mea
3253 5692 3474 5757 quidem
3503 5689 3768 5740 sententia.

2176 5761 2234 5812 Si
2278 5766 2402 5826 quis
2440 5768 2624 5813 tamen
2668 5764 2864 5815 horum
2903 5766 3226 5817 alterutrum
3267 5765 3498 5818 retinere
3540 5757 3768 5812 voluerit,

2175 5848 2287 5886 non
2321 5848 2586 5900 repugno.
