3978 6194
191 232 277 287 477

1542 236 1739 291 LIBER
1782 236 1869 291 DE
1908 236 2156 291 LAPSlS.

3420 237 3525 293 478

192 363 323 421 timo,
364 364 416 412 et
458 359 635 468 qualis
672 360 891 414 catastis
911 403 926 424 ,
971 362 1106 415 tales
1141 365 1192 415 et
1237 361 1484 415 ccelestes.
1529 361 1797 428 Quomodo
1820 396 1875 468 Α
1899 378 2051 431 vare,
2081 361 2341 432 diligere,
2371 346 2610 433 implere
2636 361 2893 430 debetis;
2923 379 3051 434 quae
3081 362 3192 418 Deo
3214 364 3271 418 et
3298 361 3521 420 Christo

184 455 513 524 portavimus
537 452 643 521 (9t)
673 455 965 522 imaginem
1000 454 1112 524 ejus
1146 458 1244 524 qui
1278 455 1344 509 de
1376 457 1502 510 limo
1540 463 1638 524 est,
1664 473 1793 527 por-

190 555 341 601 temus
366 553 416 600 et
446 549 733 614 imaginem
774 548 887 617 ejus
927 551 1024 617 qui
1062 549 1127 602 de
1169 550 1293 603 c0310
1329 554 1404 603 est
1446 550 1484 615 (Ι
1530 549 1676 612 Cor.,
1704 567 1795 613 xv,

185 640 369 709 47-49).
424 640 577 694 Hanc
622 639 943 711 imaginem
1004 642 1300 713 virginitas
1356 645 1565 713 portat,
1612 647 1801 715 portat

188 733 493 803 integritas,
524 734 793 789 sanctitas
820 737 1007 805 portat
1047 740 1105 790 et
1134 735 1374 802 veritas;
1415 740 1645 806 portant
1686 736 1796 790 dis-

184 826 391 898 ciplinae
422 828 526 882 Dei
554 844 858 896 memores,
882 829 1170 898 justitiam
1201 845 1330 883 cum
1364 829 1640 899 religione
1675 830 1799 885 reti-

185 926 394 988 nentes,
453 921 681 977 stabiles
733 922 793 976 in
848 921 993 989 ﬁde,
1043 922 1293 977 humiles
1340 923 1399 977 in
1453 922 1674 992 timore,
1729 924 1799 978 ad

184 1030 401 1069 omnem
428 1015 801 1070 tolerantiam
820 1015 1012 1084 fortes,
1029 1015 1099 1070 ad
1119 1016 1511 1071 sustinendam
1533 1016 1800 1086 injuriam

184 1108 360 1176 mites,
396 1108 474 1162 ad
502 1108 825 1163 faciendam
853 1109 1298 1164 misericordiam
1318 1110 1527 1179 faciles,
1550 1110 1802 1166 fraterna

183 1218 306 1271 pace
338 1201 646 1256 unanimes
676 1205 851 1274 atque
883 1202 1215 1258 concordes.

242 1296 410 1351 XXIV.
444 1296 584 1361 Quae
615 1312 714 1351 vos
740 1297 987 1368 singula,
1014 1314 1047 1352 o
1079 1297 1245 1353 bonae
1295 1297 1566 1370 virgines,
1600 1299 1798 1354 obser-

1898 461 2176 523 vacantes,
2210 457 2282 510 ad
2319 457 2644 524 Dominum,
2675 458 2765 511 cui
2802 473 2899 512 vos
2931 456 3174 524 dicastis,
3204 461 3260 512 et
3304 456 3521 527 majore

1900 556 1957 605 et
1985 550 2225 605 meliore
2247 554 2409 621 parte
2436 550 2783 620 praeceditis.
2813 552 3093 605 Provecta:
3125 551 3309 619 annis,
3325 550 3521 621 junio-

1898 644 2057 699 ribus
2118 644 2285 698 facite
2354 644 2788 714 magisterium;
2855 643 3107 699 minores
3161 648 3319 711 natu,
3374 661 3524 715 pree-

1898 738 2027 793 bete
2082 739 2189 809 (9'2)
2238 737 2601 810 comparibus
2642 737 3098 793 incitamentum.
3142 737 3523 793 Hortamentis

1898 849 1997 887 vos
2026 832 2242 886 mutuis
2269 832 2525 898 excitate,
2555 831 2774 886 aemulis
2817 831 2888 885 de
2924 831 3130 885 virtute
3171 830 3523 886 documentis

1898 927 1966 981 ad
2012 926 2250 996 gloriam
2296 931 2614 997 provocate.
2663 926 2870 979 Durate
2915 925 3156 992 fortiter,
3196 924 3522 995 spiritaliter

1899 1019 2140 1091 pergite,
2208 1019 2497 1091 pervenite
2559 1018 2820 1074 feliciter.
2873 1019 3116 1073 Tantum
3174 1020 3522 1072 mementote

1898 1119 2033 1168 tunc
2059 1113 2258 1183 nostri,
2287 1129 2418 1167 cum
2453 1112 2688 1184 incipiet
2718 1111 2775 1167 in
2811 1112 2972 1167 vobis
3008 1111 3302 1183 virginitas
3339 1110 3520 1166 hono-

1900 1207 2015 1262 rari
2047 1206 2178 1279 (93).

1471 1455 1695 1538 Steph.
1741 1456 1989 1521 Baluzii
2032 1462 2228 1521 notae.

238 1581 327 1642 (9t)
365 1581 633 1641 Quomodo
661 1583 1003 1646 portavimus.
1045 1582 1234 1634 Refert
1273 1583 1419 1633 hanc
1462 1587 1798 1647 postremam

181 1649 289 1700 libri
342 1652 505 1701 istius
554 1658 768 1716 partem
813 1657 1039 1705 sanctus
1091 1654 1438 1717 Augustinus
1479 1653 1575 1704 lib.
1624 1668 1681 1705 xv
1736 1657 1800 1706 de

181 1722 421 1771 Doctrina
453 1722 783 1786 Christiana,
819 1738 938 1789 cap.
971 1727 1050 1776 2i.

236 1793 330 1855 {92)
360 1795 598 1844 Minores
638 1802 765 1846 natu
798 1796 1032 1861 praebete.
1065 1797 1193 1847 Post
1228 1797 1334 1846 ista
1377 1797 1672 1854 Pamelius.
1704 1799 1796 1847 cui

178 1864 447 1926 prteiverat
478 1864 648 1916 editio
670 1880 795 1931 quae
826 1867 1029 1917 dicitur
1052 1867 1258 1929 Gravii,
1287 1867 1491 1931 adjecit
1511 1881 1579 1918 ex
1605 1867 1795 1919 codice

180 1936 564 1999 Afﬂigemiensi
616 1943 671 1989 et
722 1952 792 1989 ex
844 1938 1184 1998 Coloniensi,
1218 1937 1516 2001 majoribus
1558 1938 1792 1989 ministe-

179 2006 329 2067 rium;
356 2007 533 2073 idque
574 2011 782 2073 Optime
826 2010 1097 2073 quadrare
1136 2011 1229 2059 ait.
1258 2009 1374 2072 Ego
1420 2022 1531 2059 non
1574 2008 1793 2073 disputo

181 2090 238 2125 an
272 2080 478 2141 optime
523 2080 771 2143 quadret.
799 2079 942 2130 Illud
986 2083 1204 2130 tantum
1253 2080 1357 2141 aio,
1398 2093 1482 2130 me
1519 2079 1646 2130 ideo
1694 2094 1792 2130 ex-

179 2150 423 2210 punxisse
458 2150 587 2201 haec
612 2150 724 2201 duo
749 2152 1041 2214 vocabula,
1078 2152 1208 2216 quia
1234 2150 1330 2200 illa
1367 2164 1480 2201 non
1518 2151 1705 2200 inveni
1734 2151 1792 2200 in

181 2219 403 2282 antiquis
440 2219 804 2282 editionibus,
833 2236 1014 2287 neque
1058 2223 1113 2272 in
1152 2222 1270 2272 ullo
1308 2234 1500 2272 eorum
1544 2224 1793 2271 veterum

181 2290 569 2352 exemplarium
618 2293 825 2357 quibus
862 2308 997 2344 usus
1037 2306 1183 2355 sum,
1218 2292 1274 2343 id
1310 2296 1391 2343 est
1434 2293 1628 2356 viginti
1662 2306 1795 2355 sep-

184 2362 294 2407 tem.

232 2431 317 2489 (93)
352 2431 652 2495 Virginitas
680 2434 951 2485 honorari.
986 2435 1045 2484 Id
1085 2438 1185 2495 est,
1213 2450 1342 2486 cum
1382 2436 1439 2484 in
1475 2434 1633 2485 vobis
1674 2436 1794 2485 Do-

182 2500 350 2550 minus
373 2505 705 2566 martyrium
735 2509 963 2569 coeperit
1000 2505 1279 2565 honorari,
1310 2510 1371 2555 ut
1408 2507 1674 2569 scriptum
1712 2510 1797 2557 est

181 2570 228 2619 in
263 2571 397 2623 libro
434 2574 505 2623 de
538 2576 713 2624 Laude
755 2578 1019 2640 martyrii,
1055 2590 1181 2641 pag.
1223 2577 1335 2638 352,
1373 2576 1594 2641 quando
1639 2578 1797 2641 ignes

184 2647 264 2691 aut
282 2657 497 2706 cruces,
528 2651 591 2695 ut
618 2647 694 2695 ait
722 2647 777 2695 in
809 2646 916 2697 hoc
947 2647 1066 2709 ipso
1106 2647 1246 2696 libro
1274 2647 1335 2696 de
1370 2647 1569 2696 Habitu
1620 2646 1793 2708 Virgi-

182 2726 307 2773 num,
334 2729 454 2780 pag.
490 2718 603 2778 175,
632 2721 857 2768 sanctus
892 2722 1116 2781 martyr,
1148 2722 1244 2767 aut
1285 2719 1489 2769 ferrum
1529 2718 1618 2768 vel
1667 2719 1794 2767 bes-

184 2786 272 2835 tias
297 2790 586 2850 patiemini
625 2793 688 2839 ut
721 2803 982 2840 coronam
1026 2791 1279 2854 martyrii
1319 2790 1616 2855 accipiatis.
1659 2791 1794 2839 Pru-

186 2856 386 2908 dentius
436 2861 498 2909 in
556 2862 801 2912 carmine
853 2862 917 2911 de
965 2866 1151 2912 sancto
1199 2863 1487 2913 Fructuoso
1535 2862 1796 2926 episcopo

1900 1585 2299 1635 Tarraconensi
2326 1599 2337 1632 :
2370 1600 2401 1632 «
2442 1583 2646 1634 Carcer
2680 1580 3025 1633 Christicolis
3058 1580 3262 1645 gradus
3303 1590 3525 1630 corona

1899 1660 1997 1707 est.
2040 1674 2068 1703 ››
2110 1656 2486 1719 Hieronymus
2519 1655 2575 1704 in
2614 1654 2938 1717 Quaestione
2978 1655 3028 1703 lt
3068 1652 3136 1702 ad
3172 1650 3468 1701 Hedibiam
3508 1665 3520 1699 :

1898 1745 1927 1778 (‹
1952 1728 2291 1792 Triumphus
2316 1729 2418 1778 Dei
2447 1730 2531 1778 est
2554 1728 2736 1790 passio
2762 1729 3068 1788 martyrum
3099 1729 3154 1774 et
3183 1736 3281 1787 pro
3318 1721 3527 1772 Christi

1895 1799 2121 1848 nomine
2158 1798 2369 1848 cruoris
2409 1796 2605 1848 effusio
2647 1800 2703 1847 et
2749 1797 2891 1846 inter
2933 1798 3206 1845 tormenta
3245 1792 3455 1842 latitia.
3495 1807 3524 1835 »

1894 1869 2194 1932 Virginitas
2226 1869 2395 1933 igitur
2431 1868 2627 1932 incipit
2672 1867 2931 1917 honorari
2971 1879 3103 1916 cum
3136 1864 3296 1933 ivirgo
3338 1860 3526 1933 Chris-

1893 1941 2038 1990 tiana
2082 1932 2275 2003 incipit
2311 1940 2423 2002 pati
2449 1952 2547 2001 pro
2591 1938 2816 1987 nomine
2851 1935 3076 1987 Christi.
3117 1932 3428 1996 Cyprianus
3466 1932 3525 1980 in

1893 2011 2033 2061 libro
2057 2012 2120 2061 de
2149 2012 2354 2059 Unitate
2387 2010 2643 2070 Ecclesiae,
2678 2023 2800 2073 pag.
2823 2008 2911 2057 201
2949 2022 2960 2054 :
2995 2025 3023 2053 ‹‹
3052 2005 3339 2056 Confessio
3363 2015 3525 2053 exor-

1892 2082 2046 2131 dium
2076 2082 2264 2143 glorise
2294 2085 2396 2140 est,
2432 2094 2542 2130 non
2568 2080 2828 2129 meritum
2850 2080 2963 2141 jam
2997 2087 3234 2135 corona,
3264 2087 3368 2125 nec
3392 2086 3526 2137 per—

1892 2153 2007 2204 ﬁcit
2032 2151 2273 2213 laudem,
2300 2151 2398 2204 sed
2427 2152 2607 2203 initiat
2642 2150 2986 2215 dignitatem,
3011 2167 3041 2195 »
3067 2151 3122 2199 et
3150 2148 3311 2210 epist.
3344 2146 3419 2206 t7,
3451 2143 3526 2192 ad

1891 2227 2177 2286 Martyres,
2197 2237 2321 2287 pag.
2356 2222 2447 2272 159
2479 2237 2490 2269 :
2521 2239 2549 2269 α
2578 2220 2841 2271 Fustibus
2870 2221 3001 2271 cassi
3025 2220 3179 2283 prius
3207 2217 3451 2282 graviter
3471 2216 3527 2265 et.

1893 2293 2082 2344 afﬂicti
2126 2306 2225 2358 per
2273 2292 2548 2357 ejusmodi
2598 2305 2790 2355 pcnnas
2842 2291 3102 2340 initiastis
3157 2287 3527 2358 confessionis

1893 2370 2089 2415 vestrae
2130 2356 2365 2429 gloriosa
2406 2363 2721 2429 primordia.
2774 2380 2802 2409 »
2838 2361 2972 2412 Inde
3010 2360 3102 2411 illa
3149 2359 3375 2424 querela
3423 2356 3525 2407 Se-

1893 2436 2096 2487 cunde
2121 2428 2348 2500 virginis
2384 2428 2439 2486 et
2472 2435 2746 2499 martyris,
2788 2448 2915 2498 quas
2950 2447 3081 2484 cum
3113 2430 3327 2482 videret
3368 2428 3524 2480 Ruﬁ-

1892 2521 2021 2557 nam
2047 2520 2291 2558 sororem
2326 2520 2486 2557 suam
2525 2505 2813 2570 flagellari,
2845 2504 3107 2555 clamavit
3140 2502 3209 2552 ad
3231 2500 3478 2565 judicem
3510 2516 3522 2549 :

1895 2596 1923 2625 «
1963 2578 2077 2629 Cur
2119 2592 2364 2629 sororem
2405 2592 2588 2628 meam
2637 2576 2809 2640 gloria
2865 2575 3063 2634 efﬁcis,
3102 2587 3192 2625 me
3237 2586 3366 2623 vero
3408 2574 3525 2636 ejus

1893 2649 2082 2713 glorias
2110 2662 2222 2698 non
2264 2648 2466 2711 pateris
2506 2661 2626 2699 esse
2667 2647 3027 2711 participem?
3059 2664 3086 2691 »
3132 2644 3423 2696 Celerinus
3467 2644 3524 2691 in

1893 2719 2140 2783 Epistola
2163 2719 2233 2768 ad
2260 2719 2568 2779 Lucionum,
2590 2732 2715 2783 pag.
2740 2718 2836 2768 29:
2867 2735 2893 2763 «
2916 2718 3011 2769 Sic
3034 2717 3263 2767 coronet
3282 2718 3335 2765 te
3360 2715 3525 2777 cujus

1894 2802 2097 2840 nomen
2128 2788 2418 2840 confessus
2441 2801 2520 2838 es.
2557 2807 2584 2835 »

1138 3211 1580 3318 LIBER
1641 3211 1824 3317 DE
1894 3209 2395 3318 LAPSIS
2460 3184 2544 3263 (ί)

190 3624 563 3679 Aacuuunruu.
608 3656 677 3665 —
722 3627 1000 3682 Pollicitus
1044 3634 1159 3683 erat
1205 3631 1524 3698 frequenter
1570 3629 1802 3700 Cypria-
1828 3641 1882 3714 ρ

251 3727 361 3774 nus,
407 3714 505 3767 ubi
543 3717 784 3784 primum
828 3733 943 3786 pum
985 3719 1229 3772 Ecclesia
1275 3718 1496 3772 reddita
1544 3720 1711 3784 foret,
1760 3738 1812 3779 se

248 3803 426 3856 certius
455 3804 593 3870 quid
642 3806 975 3873 scripturum
1012 3806 1078 3860 de
1118 3808 1327 3860 ratione
1370 3807 1643 3875 lapsorum
1672 3824 1684 3861 :
1715 3808 1809 3863 hoc

249 3890 406 3955 igitur
463 3891 599 3946 libro
630 3895 912 3962 promissis
959 3897 1249 3961 satisfecit.
1278 3897 1349 3948 Et
1393 3897 1451 3948 in
1494 3898 1713 3965 primis,
1744 3899 1808 3953 ob

251 3981 418 4035 oculos
479 3980 670 4054 465
720 3985 901 4053 positu
954 4000 1073 4038 cum
1122 3984 1326 4053 gaudio
1371 3990 1481 4038 tam
1525 3987 1805 4054 insperata

254 4069 488 4124 Ecclesia
522 4086 683 4140 pace,
715 4076 763 4126 et
804 4075 1168 4139 confessorum
1207 4079 1618 4144 ceterorumque
1663 4081 1809 4131 stan-

256 4159 381 4213 tium
406 4162 467 4214 in
493 4160 602 4228 fide
630 4164 940 4215 constantia
965 4166 1016 4216 et
1036 4162 1229 4216 deinde
1255 4178 1373 4216 cum
1399 4163 1581 4217 dolore
1604 4178 1807 4220 summa

255 4246 519 4315 lapsorum
547 4251 745 4311 ruinis,
781 4266 844 4304 ac
866 4252 1251 4320 persecutionis
1290 4254 1586 4320 praterilae
1629 4255 1807 4307 causis

262 4337 559 4405 explicatis,
615 4339 919 4409 disciplina
962 4356 1147 4410 nempe
1197 4342 1437 4410 neglectu
1487 4348 1537 4395 et
1572 4346 1808 4412 peccatis

252 4424 483 4489 ﬁdelium
509 4444 526 4491 ;
556 4430 796 4494 graviter
834 4430 1079 4498 increpat
1110 4430 1287 4499 lapsos
1324 4430 1488 4499 quod,
1516 4431 1591 4485 ad
1623 4434 1807 4501 prima

252 4515 424 4567 statim
448 4515 610 4569 verba
641 4518 901 4570 minantis
930 4519 1141 4572 inimici
1162 4519 1324 4573 idolis
1354 4521 1803 4588 sacriﬁcaverint,

257 4606 301 4652 et
327 4617 429 4656 non
453 4606 661 4673 potius,
681 4603 851 4672 juxta
890 4604 1091 4660 Christi
1116 4608 1423 4674 consilium,
1448 4610 1759 4663 secesserint
1789 4625 1803 4659 :

254 4690 366 4743 item
404 4693 550 4761 quod
581 4692 693 4759 iam
741 4697 1017 4763 sacriﬁciis
1076 4696 1357 4761 maculati,
1394 4701 1582 4752 contra
1621 4699 1802 4752 Evan-

259 4780 375 4845 gelii
417 4783 604 4850 legem,
652 4788 781 4836 ante
825 4785 1049 4853 expiata
1093 4785 1312 4848 delicta,
1364 4792 1493 4840 ante
1536 4788 1802 4841 ewomolo-

261 4871 393 4935 gesin
457 4874 703 4926 criminis
746 4873 953 4938 factum
1012 4876 1121 4927 vim
1167 4877 1436 4939 inferrent
1488 4877 1697 4945 corpori
1757 4881 1807 4930 et

254 4962 503 5026 sanguini
526 4963 759 5024 Domini,
788 4967 838 5016 et
881 4964 1412 5018 communicationem
1452 4980 1515 5017 ac
1546 4980 1737 5034 pacem
1767 4981 1803 5019 a

1979 3633 2305 3701 quibusdam
2376 3635 2702 3704 presbyteris
2774 3635 2886 3687 sine
2958 3631 3191 3701 episcopi
3264 3628 3533 3682 sententia

1979 3728 2377 3791 emtorquerent.
2432 3725 2725 3778 Deterritos
2768 3720 3002 3791 proinde
3052 3719 3293 3773 vindicta
3341 3716 3534 3770 divina

1981 3811 2255 3879 lapsorum
2334 3813 2542 3881 aliquot
2623 3813 2719 3880 qui
2793 3810 3012 3879 indigne
3078 3807 3537 3861 communicarent

1979 3898 2172 3970 (obiter
2220 3901 2498 3970 interjecta
2541 3902 2809 3955 mentione
2848 3899 3282 3959 libellaticorum,
3317 3895 3461 3964 quod
3500 3908 3535 3947 a

1979 3992 2203 4044 crimine
2262 4006 2369 4044 non
2431 3990 2857 4058 ercusarentur),
2925 3992 2976 4042 et
3025 3988 3293 4041 animatos
3351 4000 3536 4039 eorum

1979 4080 2220 4148 exemplo
2264 4082 2381 4149 qui,
2434 4081 2678 4149 quamvis
2726 4078 2877 4132 nullo
2929 4076 3181 4145 sacriﬁcii
3222 4079 3319 4128 aut
3369 4074 3538 4128 libelli

1977 4170 2220 4235 facinore
2250 4170 2545 4230 constricti,
2576 4169 2829 4238 quoniam
2860 4171 3038 4221 tamen
3071 4165 3136 4219 de
3161 4165 3255 4218 hoc
3279 4162 3365 4217 vel
3392 4164 3534 4230 cogi-

1982 4264 2253 4318 taverunt,
2301 4259 2395 4311 hoc
2429 4260 2606 4327 ipsum
2643 4256 2798 4326 apud
2832 4255 3129 4311 sacerdotes
3161 4254 3258 4307 Dei
3292 4252 3535 4306 dolenter

1978 4352 2028 4401 et
2075 4347 2392 4415 simpliciter
2433 4348 2758 4415 conﬁtentes,
2788 4344 3178 4413 emomologesin
3218 4340 3532 4410 faciebant;

1977 4437 2051 4490 ad
2080 4439 2465 4504 confessionem
2491 4436 2694 4497 delicti,
2729 4435 2803 4488 ad
2838 4434 3213 4504 poanitentiam
3240 4431 3534 4501 publicam,

1978 4527 2051 4580 ad
2074 4528 2499 4593 satisfactionem
2521 4525 2739 4593 plenam
2767 4524 2950 4578 multis
2976 4523 3244 4576 hortatur.
3268 4523 3537 4575 Postremo

1974 4617 2144 4669 vitari
2166 4620 2342 4669 monet
2378 4614 2731 4675 Novatiunos,
2761 4613 3051 4677 con/utens
3085 4609 3384 4677 Scripturis
3423 4606 3532 4659 ali-

1977 4709 2107 4773 quot
2131 4704 2351 4757 illorum
2372 4702 2616 4755 hatresin.

1978 4964 2017 5015 Ι.
2051 4962 2159 5015 Pax
2207 4975 2354 5026 ecce,
2397 4956 2746 5013 dilectissimi
2780 4957 2997 5026 fratres,
3042 4955 3302 5011 Ecclesia?
3348 4954 3539 5009 reddi-

1458 5106 1680 5188 Steph.
1729 5105 1975 5170 Baluzii
2019 5108 2218 5167 notae.

248 5235 494 5333 (Do-Libri
526 5240 711 5333 istius,
755 5244 817 5290 ut
836 5240 920 5333 (ab
963 5240 1087 5292 aliis
1124 5244 1262 5333 jam:
1286 5242 1644 5293 observatum
1694 5246 1878 5333 est,D

248 5317 300 5333 nn
329 5321 500 5333 ιΑ-ςιισκ
549 5312 653 5333 nail
688 5312 801 5333 ἔοι-..
886 5313 1149 5333 --.ι-2,..---
1181 5326 1240 5333 Α..
1271 5316 1316 5333 ..ι
1368 5315 1419 5333 ιιι
1482 5326 1587 5333 ..--
1634 5315 1695 5333 nn
1746 5318 1793 5333 ,ιι

198 5307 504 5378 mentionem
526 5312 656 5360 facit
687 5312 803 5374 ipse
835 5311 1151 5375 Cyprianus
1178 5313 1333 5376 epist.
1366 5315 1447 5374 51,
1482 5326 1602 5378 pag.
1632 5315 1714 5375 66,
1742 5318 1797 5363 et

198 5372 397 5446 Pontius
432 5372 725 5431 diaconus'
749 5383 803 5431 in
856 5372 980 5431 Vita
1025 5385 1162 5446 ejus,
1195 5372 1315 5432 tum
1357 5372 1524 5433 etiam
1555 5372 1801 5435 'sanctus

197 5444 508 5523 éugustinus
535 5456 592 5501 et
618 5456 845 5502 sanctus
874 5444 1202 5517 Fulgentius
1224 5454 1281 5502 in
1306 5453 1443 5505 locis
1472 5454 1615 5504 infra
1645 5459 1804 5505 nota-

200 5516 268 5587 tis.
291 5518 501 5571 Addunt
530 5522 704 5587 aliqui
732 5516 1037 5575 Eusebium
1062 5523 1484 5587 Cmsariensem,
1514 5525 1612 5577 sed
1639 5527 1796 5577 falso.

202 5584 399 5652 Decepit
432 5605 525 5643 eos
555 5584 921 5658 indiligentia.
952 5595 1096 5647 Cum
1135 5598 1288 5647 enim
1327 5584 1568 5648 Ruﬁnus
1612 5598 1806 5649 Latine

202 5661 396 5734 verterit
422 5664 718 5716 Historiam
754 5668 1195 5719 ecclesiasticam
1230 5668 1480 5729 Eusebii,
1516 5668 1806 5720 credentes

205 5728 337 5779 illum
363 5747 479 5785 eam
517 5738 749 5787 vertisse
782 5737 1110 5801 simpliciter
1147 5742 1200 5788 et
1238 5740 1378 5789 nihil
1415 5728 1692 5789 addidisse
1735 5737 1804 5789 de

206 5808 306 5863 suo,
327 5804 424 5855 sibi
452 5812 845 5872 persuaserunt
876 5822 938 5858 ea
967 5822 1093 5875 quae
1123 5810 1180 5860 in
1218 5811 1517 5877 interprete
1547 5811 1805 5875 leguntur

1900 5240 1969 5291 de
1996 5240 2106 5290 hoc
2129 5238 2394 5303 Cypriani
2422 5237 2565 5288 libro
2595 5240 2808 5288 exstare
2835 5237 2999 5287 etiam
3030 5233 3177 5299 apud
3202 5233 3533 5287 Eusebium.

1901 5311 2062 5376 Quod
2093 5323 2289 5360 verum
2319 5321 2433 5358 non
2459 5312 2557 5358 est.
2588 5309 2724 5358 Haec
2752 5311 2885 5357 sunt
2912 5305 3289 5376 verbaRuﬁni
3322 5321 3333 5353 :
3366 5325 3392 5351 «
3419 5303 3539 5376 Cy—

1900 5374 2125 5447 prianus
2163 5381 2231 5431 de
2267 5380 2371 5441 his,
2399 5396 2428 5427 »
2467 5379 2522 5428 id
2563 5386 2645 5429 est
2681 5380 2745 5429 de
2783 5377 2946 5440 lapsis
2973 5392 3003 5424 ‹‹
3042 5375 3245 5425 librum
3287 5374 3541 5438 magniﬁ-

1901 5454 2220 5506 centissime
2245 5453 2515 5515 scriptum
2546 5450 2734 5509 edidit,
2763 5450 2819 5498 in
2850 5462 2963 5513 quo
2993 5451 3049 5497 et
3080 5449 3262 5511 lapsos
3308 5447 3376 5495 ad
3421 5457 3537 5507 pm-

1902 5527 2195 5576 niteutiam
2222 5520 2595 5575 cohortandos
2625 5526 2680 5573 et
2709 5521 3155 5571 contradicentes
3183 5519 3397 5568 alienos
3418 5528 3539 5564 esse

1902 5615 1931 5650 a
1968 5597 2177 5650 Christi
2206 5594 2515 5647 visceribus
2538 5593 2751 5643 statuit.
2785 5612 2811 5640 ››
2841 5593 3007 5642 Hunc
3048 5604 3211 5654 porro
3243 5589 3446 5639 librum
3487 5590 3543 5634 et

1901 5670 2104 5721 librum
2136 5669 2199 5719 de
2234 5669 2442 5719 Unitate
2466 5664 2709 5725 Ecclesiae
2735 5665 3057 5728 frequenter
3083 5664 3213 5714 citat
3238 5658 3544 5718 Venericus

1906 5741 2283 5794 Vercelleusis
2307 5742 2626 5807 episcopus.
