3978 6194
406 294 509 350 479

1346 295 1400 351 S.
1442 294 1754 351 CYPRIANI
1791 295 2067 351 OPERUM
2109 296 2279 350 PARS
2307 297 2348 350 l.
2393 326 2454 337 —
2486 295 2851 353 OPUSCULA.

3664 297 3765 350 480

413 424 472 473 ta
505 420 578 490 (2)
609 421 712 489 est,
743 423 820 486 et,
854 418 1007 488 quod
1035 418 1263 474 difﬁcile
1296 419 1806 491 nuperincredulis
1828 436 1889 473 ac
1920 436 2035 490 per-
2062 438 2117 508 Α
2143 436 2254 491 que
2294 420 2600 489 velamine,
2632 436 2743 492 quo
2785 420 2898 475 illic
2941 418 3282 475 velabantur
3326 419 3767 475 sacrificantium

412 512 542 566 ﬁdis
568 511 914 583 impossibile
945 512 1261 581 videbatur,
1286 531 1391 584 ope
1410 519 1582 584 atque
1605 513 1824 567 ultione
1850 512 2040 567 divina

414 605 682 659 securitas
723 611 914 660 nostra
962 612 1223 676 reparata
1264 609 1368 660 est.
1416 609 1475 660 In
1519 606 1776 660 laetitiam
1821 610 2043 662 mentes

417 699 678 763 redeunt,
736 704 812 767 et,
866 702 1205 770 tempestate
1261 716 1543 772 pressurae
1594 715 1657 753 ac
1702 700 1850 753 nube
1900 701 1914 733 ¹
1967 700 2041 769 (3)

416 792 697 860 discussa,
766 793 1148 863 tranquillitas
1208 811 1271 848 ac
1338 792 1614 847 serenitas
1678 792 2041 847 refulserunt.

418 886 631 940 Dandae
674 885 871 940 laudes
921 887 1057 956 Deo,
1106 893 1160 940 et
1207 887 1481 941 beneﬁcia
1527 887 1649 957 ejus
1697 902 1762 940 ac
1805 902 2048 940 munera

417 996 544 1034 cum
578 980 892 1050 gratiarum
923 981 1146 1034 actione
1190 980 1549 1050 celebranda,
1583 980 1841 1051 quamvis
1878 994 2046 1051 agere

418 1075 614 1127 nostra
642 1089 751 1127 vox
778 1074 799 1106 ²
832 1089 937 1127 nec
969 1074 1026 1127 in
1069 1074 1459 1144 persecutione
1497 1073 1812 1128 cessaverit.
1856 1074 2047 1143 Neque

419 1165 575 1219 enim
609 1168 827 1219 tantum
858 1167 1086 1221 inimico
1132 1165 1324 1239 466
1370 1167 1544 1220 licere
1592 1169 1781 1237 potest
1810 1171 1870 1220 ut
1909 1182 2045 1230 non,

423 1260 523 1330 qui
549 1260 854 1314 Dominum
886 1256 1001 1314 toto
1031 1261 1198 1314 corde
1228 1266 1283 1315 et
1311 1260 1500 1314 anima
1534 1265 1591 1315 et
1617 1260 1824 1314 virtute
1856 1258 2044 1330 diligi-

423 1368 550 1407 mus
578 1354 620 1419 ³,
648 1353 1075 1408 benedictiones
1103 1354 1224 1423 ejus
1250 1357 1307 1407 et
1346 1353 1542 1407 laudes
1571 1369 1803 1424 semper
1827 1359 1881 1408 et
1924 1353 2048 1407 ubi-

424 1462 534 1516 que
562 1462 688 1500 cum
726 1446 913 1517 gloria
960 1446 1361 1517 przedicemus.
1396 1448 1699 1517 Exoptatus
1745 1447 1889 1501 votis
1925 1464 2048 1501 om-

423 1540 585 1593 nium
617 1540 690 1610 (4)
713 1539 834 1593 dies
850 1540 1022 1606 venit,
1056 1546 1133 1606 et,
1162 1544 1287 1610 post
1307 1540 1496 1610 longae
1516 1540 1693 1594 noctis
1718 1540 2051 1596 horribilem

419 1636 741 1703 tetramque
775 1633 1099 1704 caliginem,
1120 1634 1347 1688 Domini
1376 1634 1500 1688 luce
1528 1634 1779 1689 radiatus
1802 1635 2053 1690 mundus

422 1726 602 1780 eluxit
628 1729 671 1780 ‘.

2144 514 2327 586 capita
2387 514 2623 585 captiva,
2691 519 2862 584 caput
2918 519 3167 568 vestrum
3233 513 3473 568 liberum
3539 513 3763 567 mansit.

2147 610 2321 664 Frons
2366 625 2494 663 cum
2541 609 2704 680 signo
2738 609 2836 663 Dei
2868 624 3033 679 pura,
3063 608 3274 663 diaboli
3303 623 3579 662 coronam
3624 608 3772 663 ferre

2148 720 2260 756 non
2328 703 2541 774 potuit,
2609 718 2829 757 coronae
2892 719 2951 757 se
3015 702 3240 757 Domini
3306 702 3615 756 reservavit
3678 704 3768 771 (7).

2146 798 2325 861 Quam
2352 812 2450 852 vos
2478 798 2603 852 laete
2635 797 2760 851 sinu
2789 798 2811 832 9
2852 813 2953 851 suo
2993 796 3198 868 excipit
3225 797 3271 830 ⁸ο
3313 800 3499 850 mater
3534 794 3774 850 Ecclesia

2148 892 2217 946 de
2250 892 2443 962 praelio
2469 894 2817 947 revertentes
2844 891 2857 944 l
2889 907 3063 962 quam
3096 890 3281 957 beata,
3312 906 3480 960 quam
3523 889 3774 960 gaudens

2148 990 2337 1058 portas
2368 1002 2495 1040 suas
2535 984 2735 1056 aperit,
2766 990 2830 1040 ut
2866 983 3126 1038 adunatis
3165 983 3491 1054 agminibus
3531 983 3771 1051 intretis,

2150 1081 2220 1135 de
2261 1080 2422 1134 hoste
2452 1084 2733 1150 prostrato
2761 1078 3015 1149 trophaea
3042 1077 3388 1132 referentes!
3419 1077 3563 1131 Cum
3584 1076 3777 1131 trium-

2150 1174 2458 1245 phantibus
2483 1172 2617 1227 viris
2649 1177 2703 1227 et
2728 1172 2957 1226 feminas
2977 1172 3235 1239 veniunt,
3267 1185 3395 1242 quas
3419 1186 3555 1225 cum
3578 1172 3778 1226 saeculo

2152 1267 2487 1322 dimicantes
2518 1269 2585 1335 “,
2610 1283 2813 1321 sexum
2845 1282 3069 1336 quoque
3111 1265 3367 1320 vicerunt
3411 1266 3509 1334 (8).
3542 1264 3784 1319 Veniunt

2152 1367 2208 1417 et
2258 1362 2553 1434 geminata
2594 1360 2814 1415 militiae
2860 1376 2975 1414 suae
3008 1360 3184 1434 gloria
3231 1359 3501 1429 virgines,
3530 1361 3589 1413 et
3627 1358 3783 1428 pueri

2154 1472 2336 1510 annos
2385 1473 2514 1510 suos
2558 1454 2859 1508 virtutibus
2906 1455 2975 1523 (9)
3026 1458 3402 1508 transeuntes.
3453 1452 3684 1507 Necnon
3730 1456 3783 1507 et

2154 1556 2373 1605 caeteras
2401 1548 2672 1604 stantium
2701 1548 2809 1618 (10)
2840 1547 3146 1602 multitudo
3177 1545 3363 1619 467
3392 1548 3641 1600 vestram
3674 1546 3783 1617 glo-

2156 1644 2301 1699 riam
2334 1642 2613 1715 sequitur,
2658 1642 2925 1713 proximis
2955 1645 3012 1695 et
3049 1657 3197 1712 pene
3244 1639 3571 1711 conjunctis
3609 1639 3781 1694 laudis

2156 1738 2479 1808 insignibus
2522 1737 2763 1807 vestigia
2789 1741 2975 1790 vestra
3017 1735 3337 1790 comitatur.
3372 1735 3589 1790 Eadem
3633 1737 3688 1788 et
3723 1734 3780 1789 in

498 1821 562 1873 ll.
602 1821 989 1886 Confessores,
1024 1822 1316 1892 praeconio
1360 1822 1500 1876 boni
1543 1822 1787 1876 nominis
1818 1823 1838 1856 δ
1877 1822 2055 1876 claros

2166 1833 2264 1886 illis
2303 1831 2596 1885 sinceritas
2638 1830 2842 1896 cordis,
2873 1831 3073 1883 eadem
3114 1828 3246 1882 ﬁdei
3295 1828 3513 1883 tenacis
3552 1829 3775 1898 integri-

425 1918 481 1966 et
522 1913 746 1967 virtutis
774 1931 836 1967 ac
868 1915 998 1968 fidei
1026 1915 1288 1969 laudibus
1315 1916 1611 1985 gloriosos,
1634 1916 1777 1970 laetis
1794 1931 2057 1987 conspec-

425 2006 577 2061 tibus
620 2007 931 2074 intuemur,
984 2009 1193 2063 sanctis
1238 2009 1440 2063 osculis
1480 2008 1857 2074 adhaarentes,
1906 2008 2052 2062 desi-

427 2099 652 2154 deratos
706 2101 800 2155 diu
859 2101 1187 2172 inexplebili
1246 2102 1554 2174 cupiditate
1604 2103 2053 2174 complectimur.

428 2193 601 2248 Adest
665 2194 916 2249 militum
985 2196 1187 2251 Christi
1255 2197 1459 2251 cohors
1520 2196 1759 2251 candida
1812 2197 1904 2266 (5),
1960 2196 2057 2267 qui

429 2288 841 2358 persecutionis
871 2290 1127 2359 urgentis
1152 2290 1425 2345 ferociam
1455 2289 1847 2344 turbulentam
1870 2289 2057 2345 stabili

425 2382 827 2452 congressione
856 2383 1171 2453 fregerunt,
1202 2384 1384 2454 parati
1418 2384 1487 2438 ad
1516 2383 1849 2453 patientiam
1874 2400 2058 2438 carce-

426 2475 525 2541 ris,
579 2476 782 2530 armati
827 2476 898 2530 ad
940 2477 1298 2531 tolerantiam
1351 2478 1570 2531 mortis.
1618 2476 1998 2548 Repugnastis
2036 2478 2057 2510 δ

426 2568 654 2623 fortiter
695 2570 919 2635 saaculo,
951 2570 1342 2641 spectaculum
1383 2571 1694 2642 gloriosum
1737 2570 2060 2640 praebuistis

429 2662 544 2716 Deo
574 2664 616 2729 7,
648 2664 922 2717 secuturis
948 2664 1216 2718 fratribus
1256 2664 1441 2718 fuistis
1468 2664 1748 2734 exemplo.
1780 2663 2060 2734 Religiosa

428 2770 532 2808 vox
543 2756 826 2810 Christum
843 2758 864 2790 ⁸
886 2755 1071 2810 locuta
1086 2761 1187 2822 est,
1208 2758 1263 2810 in
1281 2774 1451 2827 quem
1471 2774 1528 2811 se
1550 2756 1727 2811 semel
1750 2756 2057 2810 credidisse

429 2850 686 2903 confessa
713 2854 815 2904 est.
847 2850 1095 2905 lllustres
1121 2867 1345 2917 manus,
1386 2867 1513 2922 qua:
1552 2867 1665 2905 non
1707 2851 1812 2904 nisi
1859 2850 2060 2904 divinis

429 2942 695 3012 operibus
760 2950 1175 3013 assueverant,
1254 2944 1540 2998 sacriﬁciis
1615 2944 1909 3015 sacrilegis
1990 2945 2059 3014 (6)

428 3036 776 3090 restiterunt.
822 3038 1177 3092 Sauctiﬁcata
1222 3055 1323 3092 ora
1374 3039 1696 3093 cmlestibus
1745 3038 1901 3105 cibis,
1938 3042 2062 3108 post

428 3145 631 3199 corpus
656 3133 711 3183 et
754 3132 1094 3202 sanguinem
1136 3131 1380 3197 Domini,
1424 3133 1663 3202 profana
1703 3132 1970 3201 contagia
2008 3135 2063 3183 et

2157 1931 2259 1979 tas.
2300 1925 2647 1979 lnconcussis
2689 1928 3105 1995 praeceptorum
3151 1922 3463 1977 cmlestium
3512 1921 3779 1976 radicibus

2157 2021 2319 2075 nixos
2369 2023 2426 2072 et
2474 2017 2821 2089 evangelicis
2865 2016 3263 2072 traditionibus
3308 2016 3625 2081 roboratos,
3674 2032 3777 2068 non

2157 2112 2483 2184 praescripta
2517 2111 2732 2178 exsilia,
2762 2127 2878 2166 non
2907 2109 3182 2165 destinata
3214 2112 3527 2175 tormenta,
3564 2125 3675 2163 non
3705 2109 3778 2163 rei

2159 2206 2457 2261 familiaris
2523 2205 2727 2259 damna
2791 2205 2941 2273 (11),
3013 2221 3130 2258 non
3195 2204 3453 2275 corporis
3519 2202 3780 2273 supplicia

2158 2306 2506 2355 terruerunt.
2553 2299 2931 2370 Explorandae
2986 2298 3097 2369 (t2)
3137 2296 3272 2352 tidei
3320 2296 3780 2368 praeﬁniebantur

2161 2395 2298 2448 dies.
2328 2394 2435 2449 Sed
2459 2394 2556 2464 qui
2580 2394 2784 2447 saeculo
2804 2392 3161 2446 renuntiasse
3176 2408 3232 2446 se
3254 2391 3546 2458 meminit,
3570 2389 3779 2444 nullum

2160 2489 2348 2543 saeculi
2382 2488 2533 2542 diem
2564 2486 2752 2553 novit;
2779 2503 2882 2540 nec
2924 2492 3191 2555 tempora
3231 2488 3460 2539 terrena
3479 2484 3601 2555 jam
3631 2498 3776 2538 com-

2159 2588 2325 2654 putat
2353 2582 2453 2653 qui
2481 2581 2859 2636 aaternitatem
2888 2580 2957 2633 de
2988 2580 3102 2634 Deo
3131 2583 3336 2650 sperat.

2232 2752 2322 2806 lll.
2382 2750 2558 2803 Nemo
2616 2749 2683 2814 1’,
2742 2747 2950 2802 fratres
2997 2745 3368 2812 dilectissimi,
3422 2762 3594 2799 nemo
3643 2746 3779 2799 hanc

2163 2844 2398 2916 gloriam
2430 2842 2671 2901 mutilet.
2705 2857 2875 2895 nemo
2909 2841 3292 2911 incorruptam
3323 2840 3599 2894 stantium
3620 2837 3780 2891 firmi-

2162 2944 2331 2993 tatem
2374 2931 2648 3007 'maligna
2699 2934 3105 2989 obtrectatione
3156 2933 3439 2987 debilitet.
3486 2934 3625 2987 Cum
3672 2931 3779 2985 dies

2164 3031 2508 3102 negantibus
2526 3032 2570 3063 ¹³
2593 3029 2941 3100 praestitutus
2956 3026 3213 3094 excessit,
3233 3026 3497 3097 quisquis
3512 3026 3779 3097 professus

2163 3127 2307 3181 intra
2339 3124 2489 3178 diem
2522 3140 2635 3178 non
2680 3126 2785 3188 est,
2813 3121 3195 3179 Christianum
3233 3137 3292 3174 se
3335 3136 3462 3173 esse
3506 3120 3779 3173 confessus

427 3221 711 3277 idolorum
741 3224 1007 3295 reliquias
1037 3229 1395 3294 respuerunt,
1431 3225 1513 3278 Ab
1544 3225 1717 3295 impio
1759 3226 2053 3278 scelerato-
2083 3210 2136 3281 C
2164 3224 2249 3274 est
2282 3222 2347 3273 η.
2378 3218 2601 3272 Primus
2631 3219 2714 3269 est
2740 3214 2987 3269 νίοῑοτίω
3016 3214 3231 3279 titulus,
3264 3212 3569 3284 gentilium
3610 3212 3774 3265 mani-

1805 3406 2012 3469 Variae
2070 3404 2409 3467 lectiones.

492 3567 680 3619 'Nube
711 3568 960 3618 discussa
1002 3574 1057 3618 et
1094 3570 1332 3631 caligine
1371 3571 1605 3621 discissa
1640 3571 1731 3620 Ar.
1776 3570 1881 3620 ΝΟ.
1929 3572 1973 3619 1.
2018 3567 2139 3619 Bod.
2177 3571 2222 3613 2.
2272 3572 2408 3620 Lam.
2452 3565 2596 3613 Ebor.
2640 3564 2989 3626 Tempestate
3022 3575 3208 3627 pressa
3264 3563 3397 3610 Voss.
3439 3568 3485 3611 3.
3531 3560 3683 3611 Nube
3731 3566 3778 3611 et

424 3638 663 3701 caligine
688 3639 842 3686 Oxon.
877 3639 1063 3701 Rigalt.
1131 3644 1149 3671 ²
1176 3639 1366 3690 Nostra
1397 3655 1504 3690 vox
1530 3641 1796 3690 convenit
1824 3640 1946 3688 Bod.
1978 3640 2022 3689 1.
2094 3642 2110 3670 ³
2138 3637 2247 3688 Nos
2275 3641 2371 3703 qui
2395 3641 2575 3690 Deum
2604 3639 2717 3685 toto
2767 3632 2933 3684 corde
2960 3636 3013 3683 et
3053 3634 3238 3682 animo
3270 3632 3576 3694 diligimus,
3600 3631 3777 3703 bene-

425 3707 695 3759 dictiones
729 3711 849 3772 ejus
890 3714 943 3759 et
988 3709 1182 3761 laudes
1220 3725 1331 3760 non
1373 3712 1503 3759 Voss.
1533 3712 1577 3760 3.
1661 3713 1681 3743 ⁴
1704 3710 1891 3760 Eluxit
1922 3713 1977 3759 et
2002 3709 2347 3759 confessoros
2384 3708 2510 3759 Bod.
2545 3712 2588 3755 ι.

425 3779 566 3826 Lam.
605 3780 724 3828 Bod.
761 3782 809 3830 3.
876 3780 897 3813 ⁸
920 3780 1314 3845 Repugnantes
1344 3783 1467 3832 Bod.
1517 3785 1558 3845 1,
1590 3783 1635 3833 3.
1714 3782 1732 3815 ⁷
1756 3783 1935 3832 Deum
1976 3782 2252 3832 secuturis
2302 3782 2429 3829 Voss.
2469 3781 2511 3829 1.

2669 3704 2691 3737 ⁸
2715 3703 2970 3754 Numinis
3000 3703 3116 3752 Ben.
3156 3702 3410 3752 Luminis
3445 3703 3537 3751 Ar.
3574 3702 3698 3751 Voss.
3734 3699 3772 3745 t.

2588 3776 2607 3807 ⁸
2631 3774 2831 3826 Christi
2873 3772 2995 3821 Bod.
3038 3773 3083 3834 1,
3120 3775 3167 3822 4.
3245 3772 3471 3821 9Lzetos
3510 3771 3565 3820 in
3604 3770 3773 3818 sinum

435 3850 567 3897 Voss.
596 3851 642 3911 1,
663 3852 712 3912 2,
737 3852 781 3900 3.
808 3852 957 3902 Lmto
987 3838 1113 3902 simi
1140 3854 1300 3904 Oxon.
1332 3854 1488 3919 Impr.
1548 3838 1598 3886 ’ίο
1620 3853 1850 3918 Excepit
1878 3853 2000 3902 Bod.
2046 3855 2086 3908 t,
2130 3856 2175 3912 Io,
2221 3853 2356 3901 Lam.
2432 3851 2467 3880 ¹¹
2488 3848 2632 3900 Cum
2662 3844 2890 3919 secula
2911 3856 3119 3919 sexuft
3142 3855 3368 3919 (109199
3411 3841 3534 3919 30f?-
3594 3842 3638 3898 ¹›
3657 3840 3704 3919 f3:
3731 3838 3772 3885 ⁴’

429 3921 566 3969 Lam.
601 3909 747 3971 sbo'r.
788 3922 921 3971 Voss.
954 3924 1000 3984 t,
1032 3923 1080 3973 3.
1109 3924 1232 3973 Tim.
1260 3909 1418 3972 σοιεῡῖ
1450 3925 1564 3974 Vat.
1592 3925 1636 3975 2.
1669 3909 1792 3974 ΜΒΓ
1849 3928 1885 3956 η
1908 3925 2073 3975 Nemo

2166 3909 2356 3983 ratres,
2389 3934 2555 3972 nemo
2604 3920 2735 3968 Voss.
2772 3919 2816 3968 1.
2862 3916 3001 3965 Lam.
3033 3915 3142 3964 ΜΒ.
3216 3912 3610 3977 "Negantium
3657 3909 3773 3955 Van.

434 3994 479 4054 1,
506 3993 552 4042 3.
627 3996 662 4025 ¹⁴
682 3993 754 4045 Se
777 4006 890 4043 non
920 3996 1004 4045 est
1033 3994 1359 4045 confessus?
1385 3996 1524 4044 Lam.

1729 4132 1952 4214 Steph.
2012 4131 2259 4195 Baluzii
2301 4135 2497 4193 notae.

500 4295 568 4357 (2)
609 4297 722 4345 Pax
760 4294 1001 4345 Ecclesiae
1047 4294 1274 4345 reddita.
1323 4294 1451 4344 Post
1508 4295 1724 4346 obitum
1773 4296 1962 4357 Decii,
2009 4299 2071 4346 ut
2170 4296 2319 4357 regio
2348 4297 2403 4344 et
2433 4293 2486 4341 in
2515 4289 2910 4354 Moyssiacensi
2943 4288 3163 4351 legitur,
3196 4302 3225 4334 «
3255 4300 3432 4337 annos
3456 4300 3586 4336 suos
3614 4283 3773 4334 conti-

434 4366 676 4415 ostendit
698 4366 1026 4415 Pearsonius
1050 4366 1105 4414 in
1129 4366 1441 4416 Annalibus
1475 4366 1836 4430 Cyprianicis.

499 4437 571 4497 (3)
615 4435 776 4485 Nube.
829 4436 1100 4501 Rigaltius
1140 4436 1352 4486 addidit
1400 4442 1445 4487 et
1488 4438 1726 4501 caligine.
1768 4437 1876 4488 Sed
1924 4437 2068 4488 hanc

435 4506 799 4569 additionem,
830 4522 954 4571 quae
978 4508 1129 4557 haud
1164 4508 1335 4558 dubie
1364 4512 1449 4559 est.
1483 4523 1548 4559 ex
1580 4510 1928 4574 glossemate,
1953 4524 2064 4558 non

2168 4366 2372 4415 nentiaa
2418 4362 2734 4413 virtutibus.
2779 4377 2809 4408 ››
2860 4359 3003 4410 Cum
3058 4361 3244 4408 autem
3290 4371 3396 4406 vox
3460 4358 3774 4407 Continenti:

2168 4438 2310 4488 desit
2356 4437 2411 4485 in
2456 4440 2568 4483 tam
2619 4433 2810 4483 multis
2861 4430 3105 4495 antiquis
3152 4427 3458 4490 codicibus,
3503 4443 3625 4479 cum
3677 4439 3771 4475 non

2168 4508 2461 4558 conveniat
2489 4505 2619 4555 huic
2642 4506 2783 4565 loco,
2821 4507 2883 4553 ut
2908 4503 2981 4552 ait
3010 4502 3275 4561 Latinius,
3306 4500 3468 4551 nobis
3497 4499 3666 4548 visum
3703 4499 3772 4545 est

434 4583 741 4641 agnoscunt
783 4567 904 4630 aliae
950 4580 1221 4630 editiones
1257 4593 1362 4631 nec
1399 4580 1522 4631 libri
1556 4567 1787 4631 vveteres.
1832 4567 2144 4645 ltepertaD
2169 4580 2316 4629 illam
2349 4591 2470 4629 esse
2503 4576 2814 4628 delendam.
2848 4574 2993 4626 Sane
3018 4573 3293 4623 Pamelius
3321 4572 3475 4645 illam
3503 4570 3690 4635 adjecit
3714 4579 3771 4645 ex

434 4656 519 4700 est
565 4652 622 4700 in
662 4651 883 4701 duobus
926 4654 1161 4711 tantum,
1199 4653 1251 4701 in
1306 4665 1420 4701 uno
1466 4652 1726 4702 nimirum
1778 4654 1945 4716 regio,
1996 4665 2062 4701 ex

434 4736 545 4786 quo
572 4727 705 4786 puto
735 4724 1031 4787 Rigaltium
1063 4724 1361 4786 accepisse,
1393 4727 1447 4774 et
1472 4725 1529 4773 in
1557 4724 1968 4787 Moyssiacensi.

499 4796 567 4857 (4)
608 4796 744 4846 Votis
773 4796 1025 4846 omnium.
1058 4793 1249 4846 Codex
1277 4795 1573 4857 Fuxensis,
1604 4794 1808 4846 vocibus
1847 4801 1896 4843 et
1939 4794 2066 4845 votis

432 4865 690 4917 omnibus.

499 4940 562 5001 (5)
593 4938 787 4988 Cohors
811 4937 1061 4987 candida.
1095 4938 1474 4988 Tertullianus
1503 4939 1556 4987 in
1600 4938 1741 4988 libro
1775 4951 1793 4987 ι
1831 4938 1898 4987 ad
1928 4952 2065 4987 uxo-

434 5023 543 5059 rem
574 5026 590 5057 .·
619 5028 647 5055 α
673 5010 810 5059 Tota
837 5010 929 5058 illa
960 5009 1211 5059 Ecclesia
1240 5008 1476 5059 candida
1508 5009 1575 5058 de
1601 5009 1892 5059 sanctitate
1931 5022 2065 5059 con-

436 5080 713 5130 scribitur.
745 5098 774 5126 »
814 5080 916 5131 Ubi
956 5080 1084 5131 vide
1122 5079 1444 5142 Rigaltium.
1487 5080 1641 5131 Idem
1685 5080 2067 5131 Tertullianus

437 5153 493 5200 in
530 5151 669 5201 libro
699 5151 761 5201 de
806 5151 1018 5202 Corona
1043 5168 1061 5200 :
1092 5170 1119 5197 «
1144 5151 1215 5201 Et
1244 5150 1312 5199 de
1354 5153 1601 5214 martyrii
1636 5166 1839 5202 corona
1878 5152 2069 5203 laurea

436 5222 637 5271 melius
677 5222 1041 5272 coronandus.
1082 5238 1112 5269 »
1151 5220 1291 5270 Vide
1339 5226 1499 5271 notas
1533 5224 1762 5272 Joannis
1801 5223 2067 5273 Ludovici

434 5292 503 5343 de
533 5294 583 5341 la
610 5292 787 5343 Cerda
822 5307 941 5356 pag.
982 5294 1092 5343 619.
1124 5294 1208 5342 De
1243 5304 1423 5341 massa
1461 5292 1698 5341 candida
1737 5292 1865 5342 vide
1900 5294 2068 5342 Baro-

436 5366 592 5412 nium
626 5378 710 5412 an.
741 5363 827 5413 261
853 5368 905 5413 et
928 5364 1038 5414 303.

500 5436 562 5494 (6)
593 5435 883 5497 Sacri/ictis
909 5434 1199 5497 sacrilegis.
1225 5433 1446 5497 Septem
1474 5435 1600 5485 libri
1631 5438 1843 5486 veteres
1864 5434 2072 5485 habent

435 5505 709 5569 sacriﬁciis
744 5519 806 5553 ac
835 5505 1121 5569 sacrilegis.

501 5577 568 5637 (7)
596 5576 912 5627 Reservavit.
942 5577 1065 5626 Duo
1100 5576 1226 5626 libri
1253 5578 1466 5625 veteres
1496 5577 1836 5640 mancipauit.

502 5648 569 5709 (8)
592 5648 787 5697 Sexum
811 5648 1066 5697 vicerunt.
1098 5647 1295 5710 Supra,
1330 5646 1485 5709 epist.
1518 5648 1595 5709 31,
1626 5664 1653 5694 (‹
1674 5659 1811 5698 sexu
1836 5660 1937 5696 suo
1967 5646 2074 5695 for-

440 5717 625 5768 tiores.
650 5736 676 5763 »
713 5718 815 5769 Ubi
840 5718 966 5769 vide
998 5724 1171 5768 notas.

501 5791 571 5849 (9)
603 5792 636 5837 ,1
650 5802 779 5839 unos
803 5802 923 5837 suos
957 5788 1251 5839 virtutibus.
1287 5787 1366 5839 Ita
1406 5793 1620 5840 veteres
1662 5789 1951 5848 editiones,
1990 5788 2069 5836 vi-

437 5861 574 5922 ginti
604 5864 653 5909 et
685 5864 793 5913 tres
824 5859 948 5911 libri
974 5861 1163 5923 nostri,
1195 5864 1244 5911 et
1273 5866 1513 5926 quatuor
1540 5861 1849 5924 Anglicani.
1874 5861 1935 5911 In
1960 5872 2071 5911 uno

2164 4650 2405 4700 editione
2461 4662 2589 4713 quas
2628 4648 2832 4697 dicitur
2870 4646 3054 4697 Gravii
3102 4650 3158 4695 et
3210 4658 3277 4694 ex
3333 4643 3572 4708 quodam
3624 4638 3772 4713 veteri

2165 4721 2322 4771 libro.
2360 4711 2568 4771 Verum
2599 4719 2744 4770 idem
2776 4718 3024 4768 Latinius
3044 4716 3375 4780 jampridem
3416 4711 3771 4780 pronuntiavit

2166 4806 2289 4843 eam
2320 4792 2702 4841 auctoritatem
2729 4789 2867 4840 tanti
2895 4802 3007 4838 non
3044 4801 3165 4838 esse
3199 4792 3263 4837 ut
3300 4786 3625 4851 persuadere
3661 4794 3771 4848 pos-

2166 4865 2237 4913 sit
2268 4875 2465 4914 vocem
2494 4862 2639 4915 hanc
2664 4874 2784 4913 esse
2810 4858 3170 4911 retinendam.

2229 4934 2332 4997 (ιο)
2376 4934 2655 4984 Statilium.
2711 4932 2940 4983 Veteres
2992 4930 3286 4991 editiones,
3351 4928 3524 4979 codex
3569 4925 3772 4989 Seguie-

2166 5005 2374 5064 rianus,
2425 5003 2989 5067 Gratianopolitanus,
3034 5002 3311 5053 recentior
3358 4999 3680 5054 Victorinus,
3723 4998 3769 5045 et

2171 5090 2317 5126 unus
2372 5075 2675 5126 Vaticanus
2732 5073 2939 5122 habent
2993 5072 3460 5122 circumstantium.
3514 5068 3617 5120 Sed
3664 5067 3770 5116 haac

2168 5147 2336 5198 lectio
2388 5146 2537 5197 bona
2585 5158 2696 5195 non
2754 5148 2857 5205 est,
2918 5143 3291 5194 Lamonianus
3356 5141 3523 5193 habet
3576 5139 3770 5189 adstan-

2172 5220 2320 5268 tium.

2234 5292 2336 5352 (tt)
2373 5290 2599 5338 Damna.
2627 5289 2763 5337 Haec
2792 5302 2898 5337 vox
2929 5287 3083 5337 deest
3111 5287 3167 5335 in
3197 5286 3438 5350 antiquis
3462 5281 3769 5335 editionibus

2172 5366 2226 5412 et
2251 5364 2303 5409 in
2329 5361 2586 5411 tredecim
2616 5360 2769 5409 libris
2815 5359 3090 5408 veteribus
3128 5358 3391 5408 Erasmus
3430 5356 3637 5419 adjecit.
3666 5354 3765 5402 Non

2171 5434 2348 5494 reperi
2369 5436 2553 5481 autem
2579 5431 2731 5481 illam
2759 5432 2866 5480 nisi
2891 5432 2945 5480 in
2971 5431 3219 5494 quinque
3243 5429 3544 5481 codicibus.
3568 5422 3767 5476 Retinui

2171 5508 2374 5563 tamen,
2401 5502 2531 5564 quia
2558 5501 2780 5552 videtur
2804 5503 3137 5552 necessaria.

2230 5573 2329 5635 (12)
2361 5563 2732 5635 Eatplorandae.
2768 5573 2926 5622 Hanc
2961 5573 3258 5624 lectionem
3291 5571 3549 5623 exhibent
3583 5563 3765 5643 s_ex_de-

2174 5645 2282 5696 cim
2309 5648 2494 5693 vetera
2526 5643 2880 5707 exemplaria.
2911 5642 3101 5695 Codex
3137 5643 3422 5694 Remensis
3453 5639 3618 5690 sancti
3654 5637 3765 5707 Drio-

2173 5715 2318 5779 nysii
2366 5713 2532 5764 habet
2578 5729 2588 5761 :
2632 5705 3012 5778 Eipugnandze
3056 5715 3178 5777 ﬁdei
3218 5711 3608 5779 prwﬁgebnntur
3648 5705 3760 5755 dies.

2174 5785 2592 5849 Burgundicus,
2649 5786 3165 5851 praenuntiabantur.
3224 5786 3446 5835 Veteres
3501 5778 3764 5833 editiones:

2172 5855 2612 5924 pertimebanlur.
