3978 6194
214 180 292 234 ist
782 179 789 184 ’
1540 173 1736 231 LIBER
1777 178 1862 231 DE
1905 174 1982 232 LA
1992 175 2146 230 PSlS.

3425 182 3527 236 482
3556 186 3559 189 Α

209 308 297 362 bus
346 305 752 376 apprehensum
808 303 1104 358 Dominum
1162 304 1462 358 conﬁteri:
1514 304 1796 358 secundus
1820 305 2129 388 Apropria
2175 308 2231 357 et
2271 305 2478 359 sanitas
2524 305 2738 375 privata
2779 305 3091 375 blanditur,
3126 308 3352 377 quando
3400 308 3525 378 plus

208 401 266 454 ad
318 400 541 469 gloriam
602 398 814 468 gradus
868 400 912 432 ‘5
968 401 1055 451 est
1106 404 1269 452 cauta
1323 397 1633 452 secessione
1690 398 1795 468 (13)

205 493 523 548 subtractum
571 493 814 547 Domino
860 494 1136 547 reservari
1164 494 1228 545 “3.
1274 492 1372 547 Illa
1402 491 1647 563 publica,
1680 492 1799 546 haec

204 588 395 659 privata
451 587 730 641 confessio
788 589 892 641 est.
940 587 1036 641 ille
1068 586 1325 656 judicem
1373 585 1563 640 saeculi
1607 586 1795 651 vincit,

200 682 276 736 hic
300 685 590 737 contentus
617 682 729 735 Deo
775 698 875 735 suo
912 680 1104 751 judice
1149 678 1553 735 conscientiam
1596 694 1799 749 puram

199 776 360 831 cordis
398 775 722 845 integritate
767 775 1027 829 custodit.
1075 773 1193 828 Illic
1237 772 1518 828 fortitudo
1564 789 1795 843 promp-

199 872 311 936 tior,
356 870 443 923 hic
493 869 805 924 sollicitudo
850 868 1118 924 securior.
1160 869 1256 923 Ille
1300 867 1796 939 apprOpinquante

199 965 315 1018 hora
346 979 462 1033 sua,
491 965 609 1034 jam
655 969 916 1019 maturus
962 964 1225 1018 inventus
1262 968 1381 1029 est;
1431 961 1521 1015 hic
1563 962 1797 1015 fortasse

196 1058 393 1112 delatus
414 1063 500 1112 est
522 1058 639 1129 qui,
663 1058 1011 1129 patrimonio
1034 1057 1318 1122 derelicto,
1345 1056 1552 1110 ideirco
1571 1054 1801 1109 secessit

193 1153 306 1222 quia
356 1169 466 1205 non
515 1156 639 1206 erat
689 1158 1041 1223 negaturus:
1093 1152 1461 1206 conﬁteretur
1511 1149 1706 1220 utique
1753 1148 1799 1202 si

192 1245 372 1299 fuisset
401 1249 460 1299 et
487 1246 607 1317 ipse
638 1248 926 1302 detentus.

254 1342 334 1394 lV.
369 1341 477 1394 Has
503 1344 819 1411 martyrum
858 1339 1105 1395 ecelestes
1143 1354 1402 1405 coronas,
1436 1338 1535 1391 has
1575 1337 1793 1391 confes-

193 1450 364 1488 eorum
424 1434 637 1506 glorias
700 1435 1003 1505 spiritales,
1060 1434 1160 1487 has
1224 1431 1495 1486 stantium
1550 1431 1795 1485 fratrum

193 1530 449 1583 maximas
506 1528 853 1599 eximiasque
901 1527 1138 1582 virtutes
1183 1526 1441 1581 maestitia
1498 1542 1612 1580 una
1663 1541 1793 1579 con-

193 1622 376 1690 tristat,
409 1622 567 1694 quod
598 1623 851 1676 avulsam
879 1624 1203 1676 nostrorum
1246 1620 1522 1675 viscerum
1564 1622 1791 1690 partem

191 1690 448 1771 violentus
482 1714 677 1788 468
725 1715 987 1770 inimicus
1032 1714 1421 1787 p0pulationis
1463 1730 1579 1768 suae
1611 1690 1874 1783 strageB

191 1810 393 1881 dejecit.
422 1810 570 1874 Quid
607 1811 717 1865 hoc
749 1810 869 1863 loco
906 1809 1131 1876 faciam,
1162 1808 1512 1863 dilectissimi
1550 1808 1799 1861 fratres?

192 1906 446 1959 fluctuans
494 1904 649 1959 vario
707 1903 916 1957 mentis
971 1907 1130 1969 aestu,
1178 1903 1312 1973 quid
1366 1905 1464 1957 aut
1506 1900 1797 1973 quomodo

192 1997 406 2053 dicam?
451 1996 740 2068 Lacrymis
784 1996 968 2068 magis
1006 2012 1180 2067 quam
1223 1996 1408 2050 verbis
1447 2012 1587 2066 opus
1615 2000 1703 2049 est
1726 1994 1797 2047 ad

191 2091 609 2163 exprimendum
642 2093 682 2125 '7
716 2091 967 2145 dolorem
1000 2107 1115 2161 quo
1145 2089 1397 2161 corporis
1428 2089 1605 2145 nostri
1633 2090 1799 2159 plaga

193 2185 429 2240 deﬂenda
459 2191 564 2247 est,
600 2202 712 2256 quo
740 2184 937 2263 populi
965 2184 1274 2256 aliquando
1297 2183 1590 2239 numerosi
1615 2182 1797 2237 multi-

191 2280 300 2349 ple:
332 2279 706 2334 lamentauda
749 2279 972 2349 jactura
1011 2282 1111 2333 est.
1140 2278 1273 2342 Quis
1309 2277 1463 2332 enim
1510 2276 1587 2331 sic
1622 2276 1799 2331 durus

191 2378 273 2426 aut
300 2374 519 2427 ferreus
545 2374 678 2444 (14),
708 2373 833 2444 quis
863 2372 941 2426 sic
969 2372 1236 2426 fraterna:
1262 2370 1549 2426 charitatis
1576 2371 1622 2404 ¹⁸
1652 2369 1797 2424 obli-

189 2472 283 2535 tus,
312 2467 405 2539 qui
441 2467 599 2521 inter
627 2482 861 2521 suorum
892 2466 1269 2521 multiformes
1311 2465 1504 2520 ruinas
1543 2468 1601 2519 et
1630 2464 1799 2536 lugu-

190 2561 303 2615 bres
327 2579 389 2616 ac
414 2561 630 2617 multos
651 2561 909 2632 squalore
930 2559 1222 2615 deformes
1243 2559 1515 2631 reliquias
1538 2558 1802 2613 constitu-

190 2661 265 2710 tus
292 2656 467 2711 siccos
493 2655 689 2710 oculos
720 2661 917 2709 tenere
948 2654 1273 2725 prmvaleat,
1304 2669 1427 2723 nec,
1466 2657 1802 2723 erumpente

190 2750 359 2803 statim
415 2750 582 2817 ﬂetu,
640 2748 795 2821 prius
847 2748 1094 2820 gemitus
1150 2764 1277 2802 suos
1326 2746 1585 2818 lacrymis
1631 2762 1801 2817 quam

190 2861 305 2900 voce
350 2845 698 2916 depromat?
751 2843 943 2909 Doleo,
1005 2841 1230 2910 fratres,
1276 2841 1441 2897 doleo
1491 2840 1801 2909 vobiscum,

190 2954 277 2993 nec
333 2940 476 2995 mihi
546 2938 617 2993 ad
675 2937 974 2993 leniendos
1023 2936 1249 2991 dolores
1302 2951 1454 2990 meos
1504 2934 1806 3004 integritas

1900 404 2092 470 pastor
2116 398 2173 452 in
2206 399 2398 469 gregis
2434 400 2521 452 sui
2564 400 2796 454 vulnere
2842 401 3193 456 vulneretur.
3224 402 3365 456 Cum
3408 402 3522 455 sin-
3600 392 3605 397 ’

1901 492 2048 563 gulis
2072 498 2269 563 pectus
2302 509 2494 548 meum
2522 493 2743 565 cepulo,
2774 495 3033 549 maeroris
3061 499 3119 550 et
3144 496 3357 550 funeris
3380 514 3524 566 pon-

1901 586 2038 640 dera
2063 587 2316 640 luctuosa
2346 586 2641 657 participo.
2675 588 2813 641 Cum
2860 588 3255 659 plangentibus
3294 589 3526 660 plango,

1899 697 2029 733 cum
2060 680 2404 734 deilentihus
2441 680 2641 749 deﬂeo,
2671 697 2798 735 cum
2838 682 3159 751 jacentibus
3194 683 3385 752 jacere
3434 700 3523 738 me

1900 774 2091 829 credo.
2121 773 2328 829 Jaculis
2368 774 2474 828 illis
2520 775 2833 846 grassantis
2859 775 2902 809 ¹⁹
2934 774 3153 829 inimici
3191 792 3320 830 mea
3361 777 3529 832 simul

1901 869 2158 923 membra
2210 884 2476 940 percussa
2521 874 2670 935 sunt,
2700 868 2993 923 saevientes
3034 868 3210 938 gladii
3254 886 3355 940 per
3400 887 3532 925 mea

1899 962 2110 1018 viscera
2143 963 2515 1017 transierunt.
2547 961 2825 1016 lmmunis
2854 967 2910 1016 et
2938 961 3083 1015 liber
3114 980 3147 1016 a
3183 964 3529 1032 persecutio-

1899 1057 1986 1109 nis
2011 1057 2238 1110 incursu
2264 1057 2376 1123 (15)
2405 1056 2575 1110 fuisse
2616 1072 2728 1110 non
2772 1059 2959 1126 potest
2997 1056 3241 1109 animus.
3291 1057 3353 1109 In
3397 1074 3526 1128 pro-

1899 1151 2090 1206 stratis
2118 1150 2226 1220 (16)
2254 1150 2524 1205 fratribus
2555 1156 2611 1205 et
2637 1166 2728 1204 me
2755 1150 3065 1220 prostravit
3094 1149 3353 1204 affectus.

1968 1246 2031 1298 V.
2068 1244 2346 1298 Habenda
2372 1250 2563 1298 tamen
2606 1249 2710 1311 est,
2744 1244 2946 1297 fratres
2989 1243 3365 1311 dilectissimi,
3394 1243 3533 1298 ratio

1898 1338 2171 1406 veritatis,
2199 1355 2305 1392 nec
2358 1338 2435 1392 sic
2474 1342 2730 1393 mentem
2763 1337 2933 1392 debet
2972 1341 3029 1392 et
3068 1354 3299 1392 sensum
3337 1354 3530 1408 perse-

1899 1432 2144 1488 cutionis
2203 1432 2425 1486 infestas
2474 1432 2772 1486 tenebrosa
2812 1432 2860 1464 ²⁰
2911 1431 3095 1501 caligo
3150 1447 3411 1500 caecasse,
3472 1435 3535 1485 ut

1899 1527 2040 1581 nihil
2106 1526 2444 1581 remanserit
2503 1526 2641 1580 lucis
2709 1529 2767 1579 et
2836 1524 3069 1579 luminis
3133 1524 3283 1580 unde
3346 1525 3535 1579 divina

1897 1625 2180 1692 praecepta
2208 1620 2452 1691 perspici
2482 1620 2725 1690 possint.
2762 1619 2816 1674 Si
2844 1619 3019 1674 cladis
3048 1635 3220 1674 causa
3245 1620 3533 1688 cognosci-

1902 1721 2012 1780 tur,
2041 1720 2097 1769 et
2124 1714 2348 1768 medela
2376 1714 2627 1769 vulneris
2656 1713 2967 1781 invenitur,
2996 1711 3268 1767 Dominus
3294 1713 3529 1782 probari

1898 1808 2181 1863 familiam
2213 1824 2375 1862 suam
2402 1808 2619 1876 voluit;
2654 1810 2711 1861 et
2731 1806 2867 1878 quia
2895 1806 3164 1861 traditam
3194 1805 3357 1859 nobis
3383 1805 3530 1860 divi-

1899 1902 2050 1955 nitus
2069 1901 2424 1971 disciplinam
2440 1917 2544 1972 pax
2564 1900 2737 1972 longa
2750 1902 3086 1971 corruperat
3101 1899 3235 1970 (t7),
3245 1899 3531 1970 jacentem

1900 1996 2069 2051 fidem
2099 1999 2156 2050 et
2178 2011 2325 2065 pene
2348 1995 2418 2061 9‘,
2442 1999 2504 2049 ut
2530 1992 2723 2067 469
2745 1995 2823 2048 ita
2856 1994 3119 2060 dixerim,
3152 1993 3533 2049 dormientem

1900 2105 2142 2143 censura
2203 2087 2446 2143 caelestis
2512 2088 2732 2155 erexit;
2801 2103 3049 2159 cumque
3113 2104 3216 2143 nos
3279 2087 3527 2158 peccatis

1901 2183 2111 2238 nostris
2165 2183 2412 2255 amplius
2464 2198 2833 2245 mererentur
2866 2182 3002 2252 (18),
3055 2180 3533 2237 clementissimus

1899 2277 2174 2333 Dominus
2217 2275 2293 2330 sic
2332 2282 2533 2331 cuncta
2577 2276 3051 2342 moderatusest,
3107 2279 3169 2329 ut
3211 2276 3318 2331 hoc
3367 2293 3537 2331 omne

1907 2370 2065 2443 quod
2096 2374 2322 2442 gestum
2352 2375 2436 2426 est
2464 2369 2777 2441 exploratio
2798 2370 2990 2440 potius
3018 2385 3190 2440 quam
3216 2370 3535 2441 persecutio

1901 2466 2211 2519 videretur.

1977 2559 2059 2613 Vl.
2118 2557 2433 2613 Studebant
2480 2558 2745 2629 augendo
2788 2558 3142 2629 patrimonio
3194 2557 3429 2630 singuli,
3480 2559 3538 2615 et

1903 2652 2059 2706 obliti
2091 2652 2226 2723 quid
2255 2651 2550 2707 credentes
2578 2659 2676 2705 aut
2706 2651 2809 2707 sub
2828 2653 3101 2724 apostolis
3122 2658 3254 2708 ante
3272 2652 3540 2709 fecissent

1907 2750 2005 2801 aut
2045 2761 2280 2817 semper
2323 2745 2513 2801 facere
2550 2745 2844 2813 deberent,
2876 2746 3179 2801 insatiabili
3214 2745 3539 2819 cupiditatis

1906 2840 2111 2895 ardore
2142 2839 2481 2910 ampliandis
2518 2839 2880 2895 facultatibus
2921 2840 3289 2896 incubabant.
3320 2840 3439 2896 Non
3475 2840 3537 2895 in

1908 2933 2356 2989 sacerdotibus”
2376 2933 2586 3005 religio
2608 2934 2826 3002 devota,
2845 2950 2957 2989 non
2979 2934 3039 2989 in
3065 2934 3343 2990 ministris
3362 2934 3409 2969 ⁵³³
3427 2934 3541 3007 (19)

1550 3043 1762 3108 Variae
1818 3043 2157 3108 lectiones.

246 3159 517 3211 “Gradus
556 3161 658 3217 est,
706 3170 833 3208 cum
883 3156 1011 3220 quis
1053 3168 1113 3205 se
1149 3156 1282 3205 Voss.
1320 3156 1361 3204 1.

191 3232 295 3281 Bod.
335 3232 381 3281 2.
465 3230 510 3264 '3
547 3229 641 3281 Sic
688 3228 864 3280 cladis
904 3229 1041 3277 Lam.

189 3315 311 3422 pene
355 3303 501 3352 Lam.
558 3299 677 3349 Bod.
727 3300 773 3349 2.
874 3301 915 3330 ²²
947 3296 1281 3348 Sacerdotiis
1330 3296 1452 3347 Bod.
1506 3302 1549 3357 1,
1602 3297 1647 3346 4.

230 3385 388 3422 ronov.

1452 3154 1491 3186 ¹⁶
1521 3152 1775 3205 Servavit
1824 3152 1958 3203 Voss.
2004 3155 2049 3203 l.

1148 3226 1184 3258 *θ
1218 3225 1611 3277 Grassantibus
1664 3227 1771 3275 Lin.
1814 3225 1922 3274 ΝΟ.
1961 3226 2007 3274 2.
2107 3226 2148 3257 ⁸⁸³
2182 3225 2402 3276 Infestae
2452 3225 2499 3274 11)

1148 3298 1281 3346 otiis
1330 3296 1452 3347 Bod.
1506 3302 1549 3347 1.
1602 3297 1647 3346 4.
1749 3299 1789 3327 ³³
1823 3295 2142 3347 Ministeriis
2195 3296 2317 3345 Bod.
2370 3296 2417 3347 2.
2472 3298 2499 3344 4

2304 3331 2317 3345 ο
2372 3329 2417 3357 Β,
2472 3329 2517 3344 ⁴σο

2137 3152 2174 3186 '7
2206 3153 2628 3206 Extendendum
2665 3156 2759 3207 Ar.
2791 3157 2929 3205 Lam.
2973 3156 3094 3209 Ben.
3132 3154 3279 3208 Ebor.
3332 3156 3440 3207 ΝΟ.
3489 3157 3542 3206 2.

2107 3226 2148 3257 ⁸⁸³
2182 3225 2402 3276 Infestae
2452 3225 2776 3276 illecebrosa
2838 3228 2970 3278 Voss.
3029 3230 3075 3288 1,
3124 3227 3171 3277 3.
3272 3231 3312 3261 ²¹
3353 3227 3424 3277 Et
3479 3230 3545 3276 ut

2576 3295 2694 3345 Thu.
2758 3297 2897 3346 Foss.
2959 3299 3099 3347 Lam.
3148 3300 3347 3349 Manut.
3406 3298 3542 3362 Lips.

1486 3446 1706 3529 Steph.
1758 3445 2002 3510 Baluzii
2048 3453 2242 3510 notae.

242 3558 332 3621 (13)
391 3558 573 3608 Cauta
616 3558 914 3608 secessione.
970 3556 1051 3607 De
1102 3556 1207 3606 hac
1254 3554 1569 3606 secessione
1624 3554 1799 3604 sancti

189 3632 423 3693 Martyris
476 3630 565 3679 sic
616 3628 804 3679 scribit
856 3629 1000 3679 inter
1041 3628 1147 3679 alia
1195 3627 1424 3677 Pontius
1468 3626 1736 3676 diaconus
1788 3640 1797 3673 :

188 3718 210 3745 α
239 3701 497 3766 Sequitur
533 3705 591 3749 ut
622 3699 920 3763 probemus
952 3712 1234 3750 secessum
1271 3699 1429 3748 illum
1469 3712 1580 3748 non
1619 3698 1800 3747 homi-

186 3775 261 3822 nis
294 3772 752 3836 pusillanimitate
788 3775 1140 3834 conceptum,
1172 3771 1292 3831 sed,
1331 3771 1494 3820 sicuti
1539 3774 1642 3831 est,
1672 3782 1801 3819 vere

187 3843 335 3892 fuisse
360 3844 641 3893 divinum.
669 3858 699 3889 ››
727 3842 821 3893 Sic
845 3843 915 3893 de
945 3843 1115 3892 Paulo
1146 3842 1374 3892 eremita
1414 3842 1489 3889 ait
1527 3841 1801 3902 Hierony-

187 3927 297 3963 mus
338 3930 350 3962 :
390 3935 417 3961 «
465 3914 613 3966 Cum
655 3915 1055 3978 persecutionis
1097 3912 1339 3977 procella
1383 3912 1698 3972 denotaret,
1744 3912 1800 3960 in

187 3986 353 4035 villam
403 3986 762 4036 remotiorem
810 3991 864 4035 et
909 3986 1261 4035 secretiorem
1304 3984 1548 4034 recessit.
1589 4000 1615 4031 »
1663 3982 1802 4033 Vide

187 4056 371 4107 librum
402 4056 740 4108 Tertulliani
768 4056 831 4105 de
863 4057 1015 4119 Fuga
1043 4058 1101 4104 in
1131 4056 1508 4120 persecutione.

238 4130 323 4187 (14)
357 4131 534 4179 Durus
553 4133 647 4177 aut
670 4126 894 4190 ferreus.
923 4127 1120 4178 Cicero
1144 4128 1361 4177 actione
1380 4126 1428 4187 Ξ,
1457 4127 1513 4175 111
1537 4126 1766 4177 Verrem
1789 4141 1799 4174 :

185 4217 207 4244 α
236 4200 367 4261 Quis
392 4205 510 4250 tam
540 4200 645 4249 fuit
679 4200 774 4249 illo
814 4201 1061 4262 tempore
1098 4196 1273 4248 durus
1311 4211 1377 4250 ac
1416 4198 1646 4260 ferreus,
1678 4199 1805 4261 quis

186 4275 283 4320 tam
314 4272 701 4323 inhumanus?
729 4286 758 4319 »
782 4270 1073 4321 Juvenalis
1103 4270 1281 4321 Satira
1306 4285 1323 4321 1
1354 4284 1365 4318 :

822 4370 950 4419 Nam
974 4369 1093 4433 quis
1117 4368 1308 4432 iniqua:

349 4442 478 4491 Tam
506 4441 707 4504 patiens
733 4439 876 4489 urbis
905 4444 1008 4491 tam
1039 4440 1237 4489 ferreus
1261 4443 1317 4488 ut
1344 4442 1515 4489 teneat
1542 4439 1622 4488 se!

240 4545 327 4609 (l5)
371 4548 610 4596 Incursu.
659 4544 851 4596 Codex
898 4544 1174 4597 Fuxeusis
1226 4547 1436 4609 impetu.
1472 4544 1645 4593 Paulo
1684 4546 1807 4605 post

185 4612 232 4663 in
255 4615 355 4666 hoc
376 4618 500 4680 ipso
530 4616 669 4667 libro
698 4634 708 4665 :
739 4633 766 4665 ‹‹
792 4617 906 4669 Νο0
945 4622 1247 4681 prostratus
1290 4621 1372 4667 est
1405 4614 1807 4679 persecutionis

186 4685 397 4805 ilmpetu.
430 4707 460 4734 »
489 4687 630 4738 Vide
655 4702 781 4752 quae
806 4690 869 4738 de
900 4689 1117 4740 incursu
1147 4688 1461 4739 notavimus
1498 4686 1565 4736 ad
1597 4686 1801 4750 episto-

207 4770 301 4805 am.

207 4770 301 4807 am.

242 4830 328 4888 (l6)
369 4830 431 4879 In
464 4831 773 4896 prostratis.
816 4831 1051 4895 Optatus
1091 4831 1184 4881 lib.
1222 4846 1236 4881 1
1274 4846 1335 4879 :«
1369 4829 1681 4880 Nonnullos
1719 4829 1805 4879 fu—

189 4905 388 4950 nestam
410 4904 706 4965 prostravit
734 4905 791 4953 in
821 4908 1073 4954 mortem.
1103 4918 1132 4951 ››

242 4972 329 5032 (17)
380 4958 501 5023 Pax
551 4972 705 5038 longa
760 4981 1088 5039 corruperat.
1140 4974 1379 5026 Sanctus
1436 4958 1887 5038 Augustinus,D

188 5042 235 5089 in
275 5043 517 5107 Epistola
565 5046 636 5094 ad
672 5046 1001 5109 Boni/“actum
1040 5049 1273 5097 comitem
1304 5062 1320 5094 :
1352 5066 1378 5089 ‹‹
1414 5046 1613 5096 Ι)001111
1658 5048 1807 5095 0111111

188 5125 271 5183 eos
303 5116 620 5166 sollicitudo
654 5131 794 5181 quos
833 5119 1174 5183 negligentes
1212 5118 1483 5167 securitas
1527 5118 1752 5167 fecerat.
1782 5137 1809 5163 »

189 5180 456 5245 Sulpicius
513 5180 767 5247 Severus,
816 5180 1007 5239 1111Ῐ11⁷
1042 5202 1209 5238 sacra
1252 5188 1494 5238 Histeriae
1521 5204 1536 5236 :
1566 5206 1593 5233 ‹‹
1640 5190 1811 5238 Pleri-

190 5267 287 5317 que
314 5271 509 5308 eorum
533 5259 698 5324 longa
734 5274 957 5310 rursum
991 5273 1126 5324 pace
1156 5260 1417 5323 corrupti.
1457 5277 1482 5304 »
1512 5258 1579 5308 Et
1621 5260 1762 5309 infra
1796 5276 1806 5308 :

193 5343 216 5369 α
247 5325 479 5380 Rursum
521 5332 765 5395 corrupti
803 5333 982 5395 longae
1022 5332 1175 5395 pacis
1212 5332 1359 5381 malo
1400 5329 1560 5380 idolis
1593 5331 1811 5381 libave-

195 5404 326 5449 runt.
373 5419 403 5447 »
459 5400 706 5453 Velleius
762 5403 1110 5461 Paterculus,
1163 5402 1256 5453 lib.
1309 5416 1345 5452 11
1393 5418 1404 5451 :
1455 5420 1483 5448 «
1526 5402 1813 5452 Pannonia

196 5467 420 5522 insolens
466 5474 646 5537 longie
688 5476 842 5539 pacis
888 5475 1068 5525 bonis.
1116 5495 1143 5522 »
1191 5476 1261 5527 Et
1306 5475 1555 5533 Tacitus,
1607 5474 1703 5524 lib.
1754 5486 1814 5525 IV

198 5543 468 5594 Annalium
515 5546 675 5596 tradit
727 5547 981 5597 Pisonem
1038 5547 1211 5597 fuisse
1260 5561 1394 5610 pace
1448 5547 1810 5597 incuriosum.

198 5610 489 5679 Iuvenalis,
528 5617 639 5668 Sat.
682 5631 745 5669 vr
792 5633 806 5668 :
850 5636 877 5663 «
924 5618 1086 5668 Nunc
1137 5619 1375 5681 patimur
1433 5620 1612 5682 longas
1660 5616 1814 5680 pacis

199 5686 343 5734 mala.
384 5706 411 5731 »
454 5688 708 5741 Lucanus
751 5690 847 5740 lib.
880 5703 916 5739 v
947 5705 956 5738 :
986 5706 1016 5738 «
1045 5690 1347 5755 Longaque
1389 5690 1444 5739 111
1485 5701 1620 5752 pace
1662 5689 1815 5751 quie-

200 5756 275 5805 tos
310 5757 578 5811 bellorum
626 5762 841 5827 primus
886 5763 1088 5827 sparsit
1131 5762 1299 5813 furor.
1348 5779 1377 5807 »
1428 5759 1711 5812 Modestus
1757 5759 1814 5807 in

1902 3555 2042 3604 libro
2073 3554 2142 3605 de
2190 3554 2490 3605 Vocabulis
2530 3557 2606 3605 rei
2648 3553 2904 3605 militaris
2939 3569 2950 3601 :
2983 3574 3010 3601 «
3052 3551 3239 3619 Longa
3280 3556 3550 3609 securitas

1902 3626 2055 3689 pacis
2103 3625 2358 3677 homines
2405 3628 2602 3690 partim
2651 3626 2720 3675 ad
2774 3626 3203 3677 delectationem
3249 3627 3376 3688 otii,
3419 3643 3545 3692 par-

1904 3698 2002 3749 tim
2046 3697 2114 3747 ad
2158 3699 2342 3749 civilia
2383 3698 2629 3748 traduxit
2677 3698 2876 3748 officia.
2933 3713 2963 3745 ››
3008 3698 3213 3758 Caesar,
3258 3698 3354 3749 lib.
3400 3713 3437 3750 11
3484 3700 3549 3750 de

1900 3767 2045 3819 Bello
2081 3769 2226 3818 civili
2255 3785 2273 3817 :
2301 3785 2332 3818 «
2355 3769 2653 3819 Multitudo
2689 3770 2938 3819 insolens
2963 3768 3328 3819 diuturnitate
3362 3772 3479 3822 otii.
3514 3788 3546 3819 »

1905 3840 2227 3901 Cassianus,
2253 3840 2348 3889 lib.
2392 3853 2449 3896 v,
2483 3853 2602 3903 cap.
2647 3841 2707 3890 19
2748 3856 2758 3889 :
2794 3857 2821 3884 ‹‹
2862 3840 3088 3890 Scilicet
3121 3854 3194 3890 110
3236 3842 3389 3903 pacis
3436 3843 3549 3891 otio

1904 3912 2064 3961 miles
2101 3912 2309 3963 Christi
2347 3912 2659 3961 lentescens
2704 3911 2933 3975 incipiat
2973 3910 3229 3962 oblivisci
3269 3914 3544 3962 constitu-

1905 3984 2119 4031 tionum
2175 3995 2403 4031 suarum
2454 3982 2695 4045 gloriosa
2747 3983 3080 4042 certamina,
3123 3996 3188 4032 ac
3236 3984 3550 4032 securitatis

1905 4054 2099 4102 inertia
2145 4052 2453 4102 dissolutus
2496 4053 2854 4116 praemiorum
2900 4052 3191 4116 stipendiis
3235 4066 3301 4103 ac
3344 4054 3549 4102 trium-

1902 4124 2142 4188 phorum
2190 4124 2400 4175 meritis
2447 4124 2825 4176 defraudetur.
2878 4142 2906 4168 »
2955 4124 3199 4175 Sanctus
3246 4125 3355 4175 Leo
3400 4124 3550 4187 Papa

1904 4208 2161 4246 sermone
2199 4209 2234 4244 11
2275 4197 2333 4245 in
2371 4195 2723 4247 solemnitate
2766 4195 3097 4261 Epiphania:
3134 4210 3201 4243 :«
3242 4195 3550 4260 Vigilanter

1905 4266 2156 4318 cavenda
2179 4271 2308 4317 sunt
2338 4267 2432 4318 illa
2456 4267 2778 4319 discrimina
2805 4281 2934 4333 quas
2963 4266 3033 4319 de
3075 4269 3189 4318 otio
3230 4267 3407 4332 ipsius
3442 4280 3550 4331 pa-

1904 4340 1986 4389 cis
2019 4339 2289 4389 oriuntur.
2326 4358 2354 4386 »
2382 4339 2522 4391 Vide
2547 4344 2703 4391 notas
2729 4344 2946 4391 nostras
2969 4339 3039 4391 ad
3084 4339 3287 4390 librum
3331 4353 3388 4390 1v
3424 4338 3547 4390 Sal-

1907 4424 2073 4460 Vlanl.

1968 4482 2068 4542 (18)
2122 4480 2357 4543 Amplius
2414 4494 2754 4531 moraremur.
2816 4482 2897 4532 Ita
2947 4482 3197 4545 antiquas
3253 4480 3544 4531 editiones.

1906 4552 2172 4602 Erasmus
2196 4553 2417 4614 scripsit
2457 4551 2682 4614 amplius
2716 4554 2832 4615 pati
2871 4565 3228 4612 meret-amur;
3253 4551 3404 4614 quod
3441 4563 3545 4615 ego

1907 4625 2083 4687 reperi
2138 4624 2195 4672 in
2255 4627 2493 4687 quatuor
2553 4624 2799 4686 antiquis
2867 4623 3298 4686 exemplaribus.
3359 4622 3550 4673 Gravii

1909 4708 2034 4758 quae
2064 4695 2267 4745 dicitur
2292 4694 2461 4745 editio
2492 4693 2545 4742 id
2590 4707 2817 4757 quoque
2858 4694 3073 4752 habuit,
3113 4693 3210 4743 sed
3247 4695 3551 4744 minutiore

1907 4763 2229 4816 charactere
2257 4765 2547 4826 scriptum,
2576 4769 2637 4814 ut
2667 4764 2901 4828 intelligi
2938 4764 3162 4814 daretur
3198 4764 3434 4815 dubium
3466 4766 3548 4813 vi-

1908 4836 2024 4887 deri
2052 4851 2120 4886 an
2147 4839 2293 4886 esset
2330 4834 2607 4898 Cypriani.
2638 4835 2762 4885 Vox
2796 4838 2983 4885 autem
3026 4837 3143 4900 pati.
3187 4849 3301 4886 non
3337 4837 3550 4887 inveni-

1913 4913 2003 4959 tur
2057 4908 2111 4957 in
2166 4905 2476 4957 octodecim
2534 4905 2947 4970 exemplaribus
2995 4909 3200 4958 nostris
3257 4920 3439 4972 neque
3494 4908 3552 4956 in

1911 4980 2162 5043 quinque
2200 4976 2541 5041 Anglicanis,
2574 4991 2756 5040 neque
2782 4978 2838 5026 in
2865 4977 3207 5029 editionibus
3237 4979 3466 5029 Manutii
3499 4982 3558 5029 et

1912 5050 2161 5100 Morellii.
2208 5049 2323 5116 Ego
2368 5049 2707 5111 suppositam
2749 5050 2984 5101 arbitror
3026 5065 3057 5101 a
3097 5051 3339 5115 quodam
3378 5051 3554 5101 sciolo

1912 5123 2005 5186 qui
2042 5125 2263 5185 putaret
2295 5133 2522 5170 sensum
2566 5134 2679 5171 non
2717 5135 2841 5172 esse
2885 5124 3160 5186 integrum
3206 5123 3420 5188 absque
3458 5123 3556 5173 illo

1915 5193 2206 5253 vocabulo,
2239 5193 2388 5243 sicut
2415 5191 2833 5245 Freinshemius
2862 5193 2931 5243 ad
2956 5194 3163 5244 librum
3201 5209 3238 5246 11
3284 5196 3552 5247 Historia-

1913 5276 2033 5312 rum
2065 5265 2264 5326 Taciti,
2294 5265 2392 5314 ubi
2420 5265 2622 5329 legitur
2649 5265 2813 5329 incipi
2850 5266 3125 5316 victoriam
3162 5272 3337 5326 ratus,
3366 5268 3556 5317 existi-

1914 5338 2029 5384 mat
2052 5348 2246 5385 vocem
2277 5341 2431 5386 ratus
2473 5335 2746 5399 adjectam
2778 5348 2900 5387 esse
2936 5337 3005 5387 ab
3036 5336 3226 5401 aliquo
3269 5342 3558 5400 extraneo,

1915 5406 2013 5470 qui
2041 5405 2233 5456 deesse
2260 5404 2468 5469 aliquid
2503 5406 2595 5457 hic
2632 5406 2880 5471 putabat.
2914 5406 3129 5458 Erasmi
3160 5411 3344 5460 tamen
3386 5410 3558 5459 editio

1914 5482 2103 5542 posset
2158 5478 2410 5543 adjuvari
2456 5492 2527 5529 ex
2583 5492 2649 5529 eo
2703 5480 2856 5544 quod
2908 5480 3076 5543 paulo
3129 5485 3255 5543 post
3289 5482 3558 5546 sequitur,

1914 5564 1945 5596 ‹‹
1974 5546 2122 5610 Quid
2159 5563 2272 5599 non
2311 5550 2521 5613 perpeti
2557 5550 2699 5602 tales
2732 5564 2831 5613 pro
2857 5552 3100 5616 peccatis
3137 5553 3412 5615 ejusmodi
3450 5566 3564 5602 me.

1930 5634 2194 5671 reremur.
2224 5642 2252 5668 δ)

1982 5692 2079 5756 (19)
2105 5695 2166 5742 In
2192 5694 2467 5745 ministris.
2508 5693 2633 5743 Duo
2663 5691 2794 5744 libri
2827 5697 3041 5746 veteres
3078 5696 3289 5747 habent
3324 5695 3572 5751 ministe-

1918 5777 2039 5814 ms.
