3978 6194
472 257 572 319 483

1361 261 1416 315 S.
1461 253 1776 316 CYPRIANI
1817 259 2093 317 OPERUM
2139 259 2305 316 PARS
2349 263 2411 315 ll.
2455 293 2520 301 —
2559 262 2929 319 UPUSCUIA.

3704 263 3795 320 484

467 388 608 443 fides
634 389 872 456 integra,
905 401 1020 438 non
1052 385 1108 438 in
1140 384 1413 455 operibus
1444 383 1860 451 misericordia,
1897 402 2008 439 non
2039 384 2096 438 in
2122 398 2174 469 Α
2200 386 2344 439 odiis
2392 387 2774 456 pertinacibus
2804 387 3042 440 invicem
3081 383 3370 440 dissidere.
3402 386 3649 457 Episcopi
3676 389 3789 458 plu-

470 481 725 535 moribus
752 478 1074 549 disciplina.
1106 479 1386 549 Corrupta
1432 478 1700 536 barbain
1743 479 1898 546 viris,
1931 480 1988 532 in
2018 480 2095 532 fe-

469 575 640 630 minis
670 573 852 626 forma
877 573 1087 639 fucata,
1117 573 1416 627 adulterati
1441 578 1568 643 post
1593 573 1687 627 Dei
1714 589 1914 626 manus
1931 573 2096 641 oculi,

467 668 650 738 capilli
685 666 980 722 mendacio
1005 665 1198 738 470
1227 667 1460 721 colorati
1495 667 1725 738 (20).Ad
1755 666 2100 738 decipienda

469 763 636 816 corda
666 761 1014 832 simplicium
1044 761 1259 815 callidae
1305 760 1554 828 fraudes,
1585 761 2100 815 circumveniendis

467 856 737 910 fratribus
765 855 1016 909 subdola:
1060 856 1394 910 voluntates.
1438 857 1685 926 Jungere
1729 871 1856 909 cum
1897 855 2095 909 intide-

466 952 612 1005 libus
645 951 749 1021 (21)
783 949 1067 1003 vinculum
1100 949 1476 1014 matrimonii,
1530 949 1870 1019 prostituere
1910 950 2097 1020 genti-

469 1043 616 1099 libus
647 1045 696 1078 “
725 1043 1224 1124 membra‘Christi.
1252 1044 1373 1097 Non
1398 1043 1592 1113 jurare
1619 1047 1838 1098 tantum
1863 1046 2098 1111 temere,

470 1139 565 1192 sed
596 1138 780 1192 adhuc
807 1137 977 1190 etiam
1008 1137 1269 1207 pejerare
1306 1154 1318 1190 :
1361 1136 1696 1207 praepositos
1731 1137 1975 1206 superbo
2009 1140 2096 1189 tu—

470 1248 631 1286 more
657 1236 1058 1299 contemnere;
1104 1233 1386 1284 venenato
1435 1231 1539 1284 sibi
1589 1247 1687 1284 ore
1737 1230 2098 1296 maledicere,

2202 481 2354 548 rimi,
2386 498 2530 551 quos
2557 484 2611 534 ct
2641 481 3003 535 hortamento
3047 479 3150 549 (22)
3185 495 3306 534 esse
3350 483 3565 550 oportet
3601 483 3797 535 caeteris

2200 577 2256 627 et
2308 575 2592 644 exemplo,
2625 573 2810 628 divina
2853 574 3252 644 procuratione
3298 578 3632 643 contempta,
3677 592 3795 644 pro-

2200 671 2488 722 curatores
2518 668 2630 739 (23)
2661 685 2852 722 rerum
2882 667 3240 722 swcularium
3269 666 3411 734 ﬁeri,
3439 668 3692 721 derelicta
3721 685 3799 722 ca-

2202 761 2403 815 thedra
2447 762 2582 830 (24),
2631 761 2794 832 plebe
2836 763 3080 829 deserta,
3115 778 3215 831 per
3254 760 3464 815 alienas
3505 762 3798 831 provincias

2200 855 2552 922 aberrantes,
2603 856 3014 924 negotiationis
3065 861 3395 926 quaestuosae
3442 855 3711 908 nundinas
3754 857 3795 890 ²⁵

2200 951 2490 1020 aucupari,
2545 950 2926 1005 esurientibus
2977 950 3036 1004 in
3088 949 3333 1003 Ecclesia
3389 949 3640 1003 fratribus
3681 952 3795 1018 (235),

2201 1032 2742 1113 habere’argentnm
2771 1044 3007 1114 largiter
3039 1042 3224 1114 4⁸71
3259 1043 3425 1108 velle,
3459 1042 3658 1096 fundos
3687 1044 3799 1098 insi-

2203 1136 2374 1190 diosis
2415 1137 2710 1191 fraudibus
2748 1154 2953 1209 rapere
3007 1139 3134 1207 (26),
3171 1137 3354 1190 usuris
3396 1137 3793 1207 multiplicami-

2201 1231 2305 1283 bus
2334 1231 2500 1284 fenus
2527 1248 2758 1302 augere.
2793 1231 2936 1294 Quid
2965 1248 3076 1286 non
3119 1233 3337 1302 perpeti
3383 1232 3516 1284 tales
3555 1247 3648 1301 pro
3685 1248 3792 1301 pec-

1847 1352 2050 1416 Variae
2109 1352 2444 1418 lectiones.

527 1472 568 1506 ²⁴
593 1473 926 1524 Prostituere
951 1485 1079 1524 cum
1106 1471 1364 1536 gentibus
1397 1472 1500 1522 ΝΟ.
1530 1475 1573 1522 1.
1610 1475 1744 1523 Pem.
1812 1473 1853 1502 ’⁵
1876 1471 2117 1533 Ωιιωείω

2211 1484 2238 1520 s
2261 1471 2543 1524 nundinas
2577 1474 2697 1522 Bod.
2728 1475 2774 1524 4.

1755 1580 1984 1662 Steph.
2032 1578 2278 1642 Baluzii
2325 1586 2520 1644 notae.

538 1704 631 1768 (20)
677 1703 874 1770 Capilli
920 1707 1194 1759 mendacio
1231 1707 1469 1758 colorati.
1517 1707 1663 1757 Infra
1705 1708 1760 1756 in
1795 1707 1901 1756 hoc
1938 1705 2096 1766 libro,

471 1791 592 1840 pag.
627 1778 710 1826 191
748 1791 758 1824 :
791 1792 819 1824 ‹‹
848 1777 917 1827 Et
951 1792 1077 1842 quae
1113 1781 1340 1844 capillos
1380 1783 1504 1829 tuos
1539 1779 1737 1829 inﬁcis.
1782 1794 1810 1824 δ)
1848 1777 2096 1837 Ovidius,

472 1847 566 1896 lib.
596 1861 652 1897 ιιι
692 1848 754 1897 de
790 1850 914 1898 Arte
958 1851 1178 1900 amandi
1205 1867 1220 1898 :
1244 1870 1270 1895 «
1302 1852 1527 1902 Femina
1568 1851 1826 1900 canitiem
1861 1850 2100 1899 Germa-

470 1921 558 1968 nis
600 1919 777 1969 inﬁcit
827 1920 1032 1970 herbis.
1084 1942 1111 1968 »
1164 1924 1425 1973 Martialis
1480 1923 1574 1971 lib.
1625 1936 1702 1981 v1,
1757 1923 1938 1984 Epigr.
1977 1923 2036 1969 57
2087 1937 2097 1968 :

471 2007 499 2032 ‹‹
533 1991 780 2039 Mentiris
820 1990 979 2040 ﬁctos
1017 1998 1300 2055 unguento
1342 1991 1547 2043 Phoebe
1586 1991 1812 2054 capillos
1863 2009 1890 2035 »
1932 1990 2102 2040 Colu-

472 2061 636 2110 mella
668 2062 723 2110 in
749 2062 1072 2124 praefatione
1099 2064 1365 2114 librorum
1408 2064 1471 2114 de
1511 2065 1577 2112 Re
1613 2064 1810 2112 rustica
1841 2077 1858 2109 :
1885 2083 1909 2105 «
1938 2062 2103 2125 Capi-

471 2135 591 2182 tum
635 2136 687 2183 et
746 2133 1071 2196 capillorum
1125 2137 1551 2185 concinnatores
1597 2148 1706 2184 non
1757 2134 1937 2183 solum
1988 2134 2102 2196 ipse

473 2203 678 2262 audivi,
711 2204 809 2254 sed
836 2208 889 2254 et
930 2206 1048 2268 ipse
1090 2207 1272 2255 vidi.»
1307 2207 1448 2257 Vide
1491 2210 1652 2256 notas
1693 2205 1760 2254 ad
1803 2205 2005 2255 librum
2041 2206 2104 2253 de

472 2275 661 2324 Habitu
701 2276 995 2339 Virginum,
1024 2278 1079 2326 in
1111 2278 1278 2328 verbo
1313 2277 1528 2341 lapillis.

537 2351 632 2413 (21)
683 2350 912 2414 Jungere
964 2364 1080 2401 cum
1141 2352 1458 2416 inﬁdelibus.
1517 2352 1666 2402 Citat
1713 2351 1862 2401 hunc
1920 2353 2104 2400 locum

474 2426 701 2472 sanctus
750 2423 1112 2484 Augustinus,
1161 2424 1257 2472 lib.
1307 2437 1323 2473 I
1367 2424 1428 2472 de
1463 2424 1735 2487 Conjugiis
1785 2421 2106 2472 adulterinis

475 2507 592 2556 cap.
640 2493 692 2541 21
748 2507 758 2539 :
805 2510 831 2536 α
877 2492 1145 2554 Quamvis
1197 2494 1555 2543 beatissimus
1609 2494 1919 2558 Cyprianus
1976 2493 2106 2543 inde

473 2577 585 2613 non
616 2563 833 2614 dubitet
869 2578 972 2614 nec
1009 2566 1063 2613 in
1105 2565 1322 2614 levibus
1363 2568 1608 2629 peccatis
1642 2567 1939 2616 constituat
1975 2567 2104 2628 jun—

474 2648 601 2698 gere
649 2648 779 2684 cum
829 2635 1150 2686 inﬁdelibus
1199 2639 1483 2688 vinculum
1537 2638 1891 2699 matrimonii,
1941 2641 2106 2700 atque

474 2705 528 2753 id
559 2717 680 2753 esse
717 2704 867 2754 dicat.
905 2708 1235 2769 prostituere
1280 2708 1581 2772 gentilibus
1621 2708 1868 2758 membra
1909 2706 2107 2756 Chris-

473 2776 531 2824 ti.
569 2791 598 2822 »
635 2775 771 2826 Item
812 2777 867 2825 in
905 2777 1046 2828 libro
1083 2779 1146 2829 de
1186 2780 1308 2829 Fide
1346 2785 1391 2828 et
1432 2779 1685 2844 Operibus
1723 2792 1841 2841 cap.
1894 2779 1968 2838 19,
2011 2777 2105 2826 ubi

471 2845 605 2896 hinc
634 2846 842 2909 colligit
873 2851 1130 2912 quaedam
1164 2865 1277 2901 uno
1304 2851 1512 2901 saeculo
1549 2851 1776 2900 tolerata
1821 2862 1939 2898 esse
1980 2862 2105 2912 quae

473 2919 530 2967 in
561 2917 669 2967 alio
695 2931 804 2967 non
835 2919 1096 2970 licebant.
1137 2923 1283 2973 Sane
1325 2923 1703 2972 Tertullianus
1746 2921 1902 2971 docet
1937 2934 2106 2969 unam

471 2989 600 3039 ﬁdei
643 2990 888 3054 regulam
934 3005 1055 3043 esse
1098 2994 1524 3054 immutabilem,
1567 2999 1766 3043 cratera
1809 3005 1938 3042 vero
1983 3005 2106 3042 cor-

471 3062 733 3110 rectionis
763 3067 818 3111 et
851 3061 1162 3127 disciplinae
1207 3064 1497 3115 admittere
1541 3066 1840 3114 novitatem
1882 3077 2107 3112 correc-

471 3133 655 3181 tionis.
696 3131 835 3181 Vide
884 3148 1104 3184 rursum
1144 3141 1402 3185 sanetum
1454 3138 1831 3200 Augustinum
1869 3135 1923 3183 in
1977 3135 2104 3197 Epi-

473 3203 612 3253 stola
662 3203 729 3251 ad
776 3203 1126 3256 Bonifacium
1171 3207 1233 3257 de
1283 3208 1452 3256 variis
1498 3205 1964 3256 Consuetudinibus
2011 3207 2103 3254 Ec-

470 3273 751 3323 clesiarum
783 3279 827 3322 et
858 3277 1281 3338 provinciarum.
1328 3278 1704 3340 Hieronymus
1741 3276 1834 3326 lib.
1877 3289 1890 3324 ι
1924 3281 2109 3326 contra

471 3343 813 3392 Jovinianum
868 3359 882 3392 :
943 3364 970 3390 «
1035 3347 1357 3410 Junguntur
1420 3348 1718 3411 gentilibus
1787 3353 1842 3398 et
1909 3348 2108 3410 templa

475 3413 681 3463 Christi
708 3413 867 3463 idolis
893 3418 1248 3479 prostituunt.
1280 3437 1305 3466 ››
1335 3420 1487 3470 Idem
1517 3421 1572 3468 in
1601 3420 1846 3484 Epistola
1871 3421 1942 3470 ad
1967 3421 2108 3469 Eus—

477 3485 699 3534 tochium
727 3484 794 3535 de
827 3485 1093 3538 Custodia
1122 3489 1454 3552 virginitatis
1493 3506 1502 3538 :
1533 3509 1559 3535 «
1591 3491 1650 3541 Si
1689 3494 1871 3541 autem
1913 3495 1965 3541 et
2000 3491 2108 3540 illae

477 3569 602 3619 quae
638 3557 879 3618 virgines
909 3563 1036 3608 sunt
1073 3559 1144 3608 ob
1170 3560 1306 3609 alias
1351 3565 1531 3612 tamen
1572 3563 1762 3625 culpas
1800 3563 2111 3626 virginitate

476 3640 770 3690 corporum
807 3641 916 3677 non
954 3630 1258 3689 salvantur,
1287 3633 1421 3696 quid
1463 3633 1557 3682 ﬁet
1597 3633 1703 3682 illis
1748 3648 1872 3698 quae
1918 3634 2110 3696 prosti-

479 3703 702 3748 tuerunt
761 3698 1009 3749 membra
1058 3699 1304 3751 Christi?
1350 3722 1377 3748 »
1423 3705 1736 3754 Concilium
1786 3707 2108 3755 Arelatense

474 3770 714 3832 primum
745 3783 957 3818 canone
990 3773 1037 3820 11
1079 3788 1088 3820 :
1119 3792 1145 3818 «
1173 3774 1252 3822 De
1287 3776 1488 3837 puellis
1515 3775 1775 3824 ﬁdelibus
1805 3789 1930 3838 quae
1973 3789 2108 3838 gen—

477 3839 669 3890 tilibus
719 3841 1033 3902 junguntur
1085 3844 1294 3906 placuit
1347 3851 1408 3895 ut
1459 3847 1742 3910 aliquanto
1794 3850 2034 3909 tempore
2079 3861 2109 3895 a

477 3915 869 3962 communione
913 3919 1256 3975 separentur.
1302 3936 1329 3962 »
1383 3917 1522 3966 Vide
1583 3917 1801 3981 Rigaltii
1844 3917 2109 3966 observa-

476 3986 652 4033 tiones
681 3985 733 4032 in
763 3983 964 4032 librum
996 3999 1031 4034 II
1076 3987 1399 4037 Tertulliani
1438 3989 1505 4037 ad
1549 3990 1789 4037 Umorem.
1841 3988 1900 4036 In
1953 3988 2109 4038 titulo

475 4054 696 4106 Codicis
740 4054 1109 4105 Theodosiani
1167 4059 1228 4106 de
1278 4059 1484 4122 Nuptiis
1530 4058 1802 4122 gentilium
1849 4060 2109 4122 praecipi-

475 4131 563 4176 tur
618 4131 678 4175 ut
735 4127 874 4175 nulli
940 4129 1395 4191 provincialium,
1456 4132 1840 4193 cujuscunque
1901 4131 2109 4180 ordinis

475 4203 572 4247 aut
619 4198 726 4247 loci
773 4199 959 4256 fuerit,
993 4212 1124 4248 cum
1169 4200 1401 4249 barbara
1441 4202 1512 4250 sit
1547 4215 1721 4251 uxore
1765 4203 2108 4264 conjugium,

477 4283 582 4320 nec
619 4269 718 4317 ulli
747 4271 1036 4331 gentilium
1077 4272 1437 4333 provincialis
1470 4273 1674 4322 femina
1719 4273 2028 4335 copuletur,
2058 4277 2111 4322 et

477 4342 522 4390 si
579 4343 768 4390 contra
815 4341 1023 4390 factum
1075 4343 1257 4402 fuerit,
1310 4345 1615 4406 capitaliter
1658 4345 1924 4406 expietur.
1967 4344 2110 4395 Gen—

477 4412 605 4460 tiles
651 4411 794 4466 istic,
829 4415 893 4460 ut
940 4417 1088 4460 recte
1134 4412 1391 4463 observat
1435 4414 1678 4464 Jacobus
1716 4415 2108 4474 Gothofredus,

474 4496 585 4531 non
635 4482 900 4532 dicuntur
937 4487 1195 4546 respectu
1247 4485 1374 4535 ﬁdei
1415 4500 1514 4535 seu
1568 4487 1875 4549 religionis,
1915 4498 2108 4535 verum

2123 1817 2176 1887 Β

2202 1708 2430 1757 Antonii
2456 1710 2755 1772 Augustini
2785 1709 2878 1760 lib.
2914 1724 2984 1770 iv,
3023 1711 3101 1758 tit.
3138 1709 3220 1766 73,
3251 1710 3300 1757 et
3339 1709 3496 1755 notas
3522 1708 3718 1755 nostras
3741 1706 3798 1755 ad

2201 1777 2405 1828 librum
2484 1780 2761 1843 Agobardi
2841 1781 2904 1831 de
2949 1781 3101 1830 modo
3151 1776 3433 1841 Regiminis
3485 1775 3799 1826 ecclesiastici.

2204 1849 2343 1899 Vide
2396 1852 2558 1900 etiam
2591 1852 2918 1903 invecticam
2949 1851 3144 1902 Jacobi
3189 1848 3499 1901 Cardinalis
3546 1846 3804 1909 Papiensis

2204 1921 2470 1971 adversus
2566 1923 2840 1973 Joannem
2937 1922 3288 1974 Cardinalem
3367 1917 3802 1969 Attrebatensem.

2204 1991 2486 2054 Sulpicius
2549 1993 2788 2044 Severus
2875 1994 2968 2044 lib.
3027 2009 3043 2043 ι
3116 1992 3356 2042 Historia:
3421 2002 3610 2047 sacrae,
3689 2001 3801 2037 cum

2203 2063 2435 2113 dixisset
2479 2065 2660 2114 levitis
2698 2066 2911 2115 nullam
2954 2068 3279 2129 potestatem
3319 2062 3525 2120 datam,
3557 2073 3662 2123 quo
3687 2059 3804 2109 libe-

2205 2135 2319 2183 rius
2363 2135 2632 2185 servirent
2686 2136 2820 2195 Deo,
2863 2135 3014 2185 addit
3050 2153 3060 2184 :
3096 2132 3430 2198 «Equidem
3483 2131 3586 2181 hoc
3631 2143 3804 2180 exem-

2204 2206 2358 2268 plum
2373 2219 2484 2254 non
2509 2208 2708 2256 tacitus
2730 2208 3103 2270 preeterierim,
3130 2205 3541 2269 legendumque
3560 2202 3803 2261 ministris

2205 2277 2565 2327 ecclesiarum
2608 2278 2842 2329 libenter
2881 2279 3221 2344 ingesserim.
3280 2276 3520 2334 Etenim,
3569 2273 3805 2344 praecepti

2204 2348 2372 2411 hujus
2397 2363 2507 2399 non
2532 2350 2712 2400 solum
2752 2342 3125 2412 immemores,
3158 2349 3255 2399 sed
3295 2349 3463 2398 etiam
3493 2345 3659 2408 ignari
3687 2342 3804 2392 mihi

2204 2421 2481 2470 videntur.
2540 2422 2714 2472 Tanta
2771 2423 2879 2472 hoc
2925 2427 3170 2486 tempore
3226 2420 3446 2470 animos
3494 2428 3673 2466 eorum
3718 2413 3806 2462 ba-

2204 2491 2371 2540 bendi
2403 2493 2624 2556 cupido,
2657 2493 2808 2543 velut
2856 2494 3029 2555 tabes,
3074 2493 3318 2542 incessit.
3372 2489 3587 2538 Inbiant
3619 2496 3806 2549 posses-

2206 2562 2477 2620 sionibus,
2522 2565 2726 2626 praedia
2780 2565 3058 2625 excolunt,
3109 2577 3243 2612 auro
3303 2559 3586 2617 incubant,
3637 2559 3809 2606 emunt

2206 2632 2583 2697 venduntque,
2636 2637 2876 2698 quaestui
2937 2650 3034 2700 per
3098 2635 3283 2685 omnia
3339 2632 3575 2682 student.
3623 2647 3649 2700 xi
3689 2626 3806 2676 Vide

2205 2709 2460 2754 sanctum
2509 2705 2836 2770 Gregorium
2897 2699 2992 2759 lib.
3050 2721 3168 2769 VIII,
3229 2707 3392 2770 epist.
3455 2705 3533 2762 11,
3587 2699 3809 2770 adierat:

2206 2777 2470 2826 Basiliam
2497 2769 2794 2840 episcopum
2839 2780 3166 2841 Capuanum.
3210 2777 3582 2838 Hieronymus
3610 2772 3660 2820 in
3695 2769 3807 2841 Epi-

2205 2847 2345 2896 stola
2389 2847 2452 2897 ad
2513 2849 2884 2912 Nepotianum
2915 2840 3004 2899 ide
3063 2851 3177 2898 Vita
3225 2847 3536 2897 clericorum
3577 2858 3592 2891 :
3629 2860 3654 2887 «
3699 2840 3810 2888 Pro-

2207 2921 2489 2970 curatores
2519 2923 2570 2968 et
2596 2919 3000 2984 dispensatores
3042 2921 3336 2970 domorum
3374 2917 3668 2984 alienarum
3691 2923 3808 2974 quo-

2205 2991 2372 3041 modo
2435 2982 2698 3053 possunt'
2730 3005 2850 3042 esse
2897 2992 3084 3043 clerici
3137 2991 3234 3054 qui
3283 2987 3532 3052 proprias
3567 2982 3808 3054 jubentur

2206 3068 2563 3113 contemnere
2590 3062 2881 3112 facultates
2912 3065 2937 3110 ‘7
2966 3083 2992 3108 υ
3025 3053 3368 3124 Οιιοίτθῑθττὶ
3413 3058 3574 3108 etiam
3600 3053 3809 3124 possunt

2207 3149 2271 3184 ea
2294 3145 2421 3196 quas
2453 3131 2697 3202 diximus
2723 3134 2779 3182 in
2811 3134 2958 3182 notis
2983 3122 3065 3181 ad.
3085 3129 3444 3202 Capitularia,
3475 3140 3594 3190 pag.
3629 3122 3752 3202 1.166.

2272 3193 2364 3264 (2'4)
2423 3201 2681 3251 Dereticta
2721 3203 2986 3252 cathedra.
3032 3193 3233 3252 Contra
3282 3198 3506 3264 regulas
3551 3193 3808 3244 ecclesias-

2210 3275 2333 3324 ticae
2365 3272 2690 3336 disciplinas.
2717 3273 2857 3323 Vide
2886 3272 3122 3323 concilia
3147 3271 3431 3322 Africana.

2271 3344 2369 3403 (25)
2396 3345 2456 3391 In
2483 3331 2711 3392 Ecclesia
2759 3343 3035 3404 fratribus.
3077 3343 3140 3391 In
3180 3342 3427 3392 editione
3473 3335 3688 3387 Pamelii
3723 3331 3807 3404 ad-

2203 3416 2410 3478 jectum
2437 3419 2519 3464 est
2543 3428 2649 3463 non
2681 3403 2974 3464 subvenire.
3014 3414 3122 3464 Sed
3164 3426 3266 3478 ego
3309 3410 3727 3461 additamentum
3750 3403 3806 3452 il-

2211 3486 2305 3536 lud
2331 3500 2442 3535 non
2470 3488 2646 3550 reperi
2684 3488 2738 3535 in
2788 3485 3067 3536 veteribus
3100 3484 3250 3534 libris
3280 3498 3310 3532 a
3347 3495 3435 3532 me
3480 3481 3624 3538 visis,
3651 3487 3808 3550 neque

2211 3561 2264 3608 in
2296 3549 2634 3621 Anglicanis.
2666 3557 2812 3607 Sane
2853 3556 3174 3607 Pithaaanus
3223 3553 3392 3605 habet
3425 3551 3562 3601 nihil
3591 3549 3804 3621 tribuere.

2212 3632 2336 3693 Quo
2374 3619 2537 3679 etiam
2582 3629 2745 3678 modo
2791 3629 3058 3691 scriptum
3103 3639 3329 3690 quoque
3373 3625 3541 3674 fuisse
3581 3623 3630 3670 in
3672 3619 3808 3693 Cam-

2210 3691 2502 3752 beronensi
2557 3705 2786 3750 testatur
2851 3700 3149 3748 Pamelius.
3224 3697 3291 3746 Et
3349 3703 3532 3745 tamen
3608 3691 3807 3741 minime

2210 3774 2581 3824 necessarium
2615 3772 2748 3820 mihi
2777 3771 2996 3820 videtur
3019 3770 3125 3820 hoc
3148 3769 3600 3818 additamentum.
3628 3765 3804 3824 Repre-

2209 3845 2402 3896 hendit
2445 3844 2757 3906 Cyprianus
2799 3845 3087 3906 episc0pos
3131 3842 3226 3905 qui
3261 3853 3391 3890 eum
3437 3838 3681 3888 viderunt
3723 3832 3807 3910 fra-

2213 3923 2320 3966 tres
2365 3917 2419 3965 in
2467 3915 2716 3964 Ecclesia
2758 3915 3086 3970 esurientes,
3119 3925 3318 3962 aurum
3357 3915 3412 3962 et
3451 3911 3721 3973 argentum
3751 3915 3808 3950 si-

2209 3989 2434 4038 tiebant.
2467 3987 2596 4035 Dixi
2622 4001 2816 4035 aurum
2850 3991 2904 4035 et
2934 3989 3239 4048 argentum,
3279 3985 3409 4046 quia
3442 3983 3495 4031 in
3535 3992 3639 4028 uno
3675 3973 3808 4048 libro

2210 4074 2333 4110 meo
2365 4059 2534 4108 veteri
2579 4059 2848 4121 scriptum
2891 4061 2973 4105 est
3001 4045 3021 4104 ἶ
3052 4076 3078 4102 ‹‹
3121 4045 3510 4105 Esurientibus
3553 4052 3604 4098 in
3647 4045 3810 4124 Eccle-

2210 4133 2288 4180 sia
2342 4130 2602 4180 fratribus
2650 4142 2846 4178 aurum
2896 4129 3100 4178 habere
3150 4127 3371 4189 largiter
3418 4123 3575 4182 velle,
3617 4136 3643 4166 >>
3678 4121 3808 4194 et}?

2211 4204 2317 4252 alio
2343 4208 2612 4266 argentum
2656 4215 2753 4264 pro
2792 4214 3002 4249 aurum.
3041 4197 3147 4250 Sed
3189 4197 3338 4262 quod
3387 4194 3636 4259 jugulum
3660 4189 3807 4266 Apelil.

2211 4262 2434 4324 sanctus
2479 4262 2825 4337 Augustinus
2869 4271 3020 4320 hunc
3064 4269 3321 4320 eumdem
3377 4270 3559 4318 locum
3595 4262 3810 4337 referens

2212 4348 2266 4396 in
2315 4344 2543 4408 epistola
2577 4335 2658 4392 ad
2701 4343 3028 4392 Macrobium
3072 4342 3166 4391 lib.
3226 4355 3301 4400 ιιι,
3338 4341 3588 4390 adversus
3630 4335 3809 4408 cresco-

2210 4407 2376 4477 niuni,
2404 4430 2520 4479 cap.
2567 4415 2648 4476 36,
2695 4419 2746 4465 et
2786 4414 2880 4464 lib.
2925 4427 2981 4463 ιν
3035 4413 3098 4463 de
3142 4413 3414 4472 Baptismo
3450 4413 3626 4458 contra
3666 4407 3809 4479 Pana:

2211 4475 2380 4546 tistas,
2409 4475 2528 4549 cap.
2575 4475 2642 4546 9,7
2668 4499 2776 4535 non
2821 4485 2988 4535 habet
3032 4484 3139 4534 hoc
3181 4483 3634 4532 additamentum.
3665 4475 3810 4549 Deest

477 4558 729 4618 reSpectu
782 4545 1177 4616 Romanorum,
1222 4555 1462 4615 barbari,
1511 4561 1560 4606 et
1605 4545 1892 4620 speciatim
1935 4559 1970 4606 ii
2013 4553 2375 4624 quiDetiam
2412 4545 2556 4621 apud
2598 4557 2930 4606 Venericum
2976 4557 3298 4618 episcopum
3348 4545 3807 4624 Vercellensemin

474 4639 540 4676 ex
586 4626 756 4673 variis
796 4625 1055 4688 gentibus
1095 4627 1413 4677 felicitatem
1459 4629 1761 4678 Romanam
1811 4635 2106 4692 sequentes

477 4711 537 4748 se
576 4697 643 4746 ad
694 4699 988 4760 imperium
1027 4700 1396 4750 contulerant.
1439 4701 1626 4764 Itaque
1671 4701 2106 4763 provincialibus

475 4774 849 4834 Opponuntur,
895 4771 949 4820 id
996 4775 1076 4821 est
1123 4772 1418 4832 Romanis,
1467 4787 1577 4822 non
1625 4775 1788 4823 etiam
1845 4772 2108 4823 Christia-

476 4857 581 4892 IIIS.

539 4914 631 4977 (22)
694 4914 1048 4964 Hortamento.
1111 4915 1247 4964 Haec
1295 4919 1376 4965 est
1430 4914 1598 4964 editio
1652 4917 1912 4977 Manutii,
1979 4929 2106 4964 cum

473 4987 784 5050 superiores
814 4986 1086 5035 editiones
1126 4986 1395 5036 haberent
1437 4993 1752 5036 ornamento.
1788 4988 2107 5037 Lectionem

474 5057 847 5107 Manutianam
880 5057 1069 5106 inveni
1113 5059 1169 5106 in
1208 5057 1501 5109 duodecim
1546 5061 1780 5109 vetustis
1819 5059 2107 5109 codicibus

475 5129 598 5178 Alia
665 5132 843 5178 exstat
904 5129 957 5176 in
1022 5128 1144 5177 aliis
1200 5134 1441 5192 septem,
1492 5132 1546 5179 in
1609 5130 1848 5180 editione
1912 5130 2106 5178 Morel-

474 5199 639 5259 liana,
685 5203 739 5248 et
773 5198 921 5261 apud
969 5203 1222 5248 sanctum
1283 5201 1656 5265 Augustinum
1698 5202 1792 5252 lib.
1830 5215 1885 5250 ιιι
1927 5206 2109 5250 contra

476 5269 829 5329 Crescon-ium,
866 5283 984 5331 cap.
1017 5271 1094 5320 36.
1125 5271 1264 5321 Vide
1295 5285 1420 5334 qum
1457 5273 1509 5321 in
1545 5273 1712 5321 simili
1753 5287 1887 5323 casu
1929 5272 2107 5322 adno-

473 5342 584 5391 tavi
641 5341 708 5390 ad
776 5340 1078 5404 Epistolam
1151 5344 1225 5392 15.
1295 5343 1352 5391 In
1412 5344 1650 5394 concilio
1703 5345 1970 5394 Toletano
2030 5357 2106 5404 ιιι,

475 5427 689 5463 canone
715 5412 792 5473 10,
821 5414 1025 5478 legitur
1061 5414 1388 5464 hortamento
1436 5415 1641 5465 concilii
1679 5421 1733 5466 et
1781 5416 1915 5466 alibi
1951 5428 2109 5464 orna-

477 5489 663 5534 mento.

539 5557 634 5617 (:23)
659 5557 1050 5606 Procuratores.
1109 5557 1349 5608 Vetitum
1401 5558 1548 5608 istud
1607 5573 1823 5622 semper
1886 5561 1940 5608 in
1995 5559 2107 5609 Ec-

472 5627 644 5678 clesia
668 5628 786 5677 Dei.
816 5627 1054 5692 Insignis
1079 5635 1164 5679 est
1204 5631 1256 5679 in
1297 5643 1361 5680 ea
1396 5643 1563 5680 causa
1613 5631 1769 5681 locus
1812 5633 1865 5681 in
1894 5645 2108 5682 canone

475 5701 536 5751 16
569 5699 793 5751 concilii
834 5699 1285 5762 Carthaginensis
1324 5701 1498 5750 habiti
1540 5703 1596 5751 P.
1635 5702 1692 5754 C.
1735 5703 1964 5752 Honorii
2007 5703 2106 5752 XII

471 5777 526 5823 et
553 5773 849 5823 Theodosii
876 5771 1019 5834 VIII,
1043 5777 1331 5838 exstatque
1362 5773 1509 5838 apud
1540 5775 1863 5825 Gratianum
1885 5777 2030 5839 Eli,q.
2059 5776 2104 5824 2.

467 5844 683 5900 Placuit
727 5851 782 5897 ut
833 5845 1075 5910 episcopi.
1132 5845 1274 5895 Vide
1333 5846 1608 5911 Epitomen
1657 5848 1802 5910 juris
1855 5847 2109 5913 pontificii

2207 4632 2347 4686 libro
2381 4617 2462 4679 de-
2487 4630 2694 4678 Unitate
2723 4627 2962 4677 Ecclesia
3000 4617 3052 4675 et
3089 4617 3235 4688 apud
3280 4625 3546 4674 Thomam
3604 4617 3810 4667 Valden-

2207 4718 2321 4757 sem
2353 4704 2406 4751 in
2450 4701 2708 4750 Doctrina
2752 4713 2791 4750 x
2827 4701 2889 4748 de
2927 4696 3426 4748 Sacrumentalibus.
3471 4695 3809 4752 Hieronymus

2207 4779 2262 4827 in
2323 4775 2566 4838 Epistola
2642 4773 2713 4821 ad
2768 4774 3117 4835 Nepotianum
3169 4769 3236 4820 de
3287 4769 3411 4817 Vita
3465 4767 3807 4838 clericorum:

2209 4865 2238 4897 α
2265 4832 2453 4898 Gloria
2497 4844 2744 4908 episcopi
2797 4832 2882 4894 est
2925 4855 3230 4905 pauperum
3285 4840 3487 4902 inopiae
3532 4832 3807 4908 providere.

2209 4901 2798 4984 Ignominia-omnium
2831 4901 3181 4964 sacerdotum
3231 4915 3311 4961 est
3358 4901 3586 4984 propriis
3613 4901 3809 4984 studere

2209 4979 2431 5041 divitiis.
2460 5007 2488 5036 »
2522 4989 2661 5038 Vide
2702 4988 3028 5050 Prosperum
3064 4987 3180 5034 sive
3214 4983 3498 5034 Julianum
3528 4979 3809 5028 Pomerium

2209 5062 2303 5111 lib.
2328 5075 2381 5110 ιιι
2407 5062 2469 5110 de
2506 5060 2621 5108 Vita
2653 5057 3076 5120 contemplativa,
3106 5070 3223 5120 cap.
3247 5055 3324 5104 24.

2273 5137 2371 5198 (‘26)
2427 5134 2638 5184 Fundos
2712 5146 2915 5196 rape-re.
2971 5133 3115 5182 Citat
3172 5131 3322 5179 hunc
3383 5126 3564 5200 locum
3610 5122 3810 5200 sanctus

2209 5196 2556 5272 Augustinus
2603 5206 2695 5255 lib.
2748 5219 2804 5256 ιν
2859 5205 2922 5255 de
2973 5205 3238 5267 Baptismo
3280 5206 3476 5272 contra;
3518 5196 3807 5272 ponatistas.

2209 5261 2332 5344 capi
2361 5280 2439 5340 10,
2479 5283 2534 5328 et
2581 5277 2636 5326 in
2673 5277 2920 5341 Epistola
2958 5277 3028 5325 ad
3052 5261 3416 5325 'Macrobium.
3446 5269 3691 5344 Julianus
3724 5261 3808 5344 Po:

2209 5339 2548 5402 meriuslib.
2591 5364 2604 5399 ι
2649 5339 2860 5398 ήίνϋω
2892 5346 3320 5410 contemplativa,
3347 5357 3466 5406 cap.
3499 5341 3572 5399 13,
3603 5339 3810 5413 loquens

2210 5423 2278 5472 de
2313 5423 2587 5486 episcopis
2635 5437 2644 5467 :
2690 5437 2719 5469 ‹‹
2772 5419 3096 5470 Fundorum
3142 5419 3403 5467 terminos
3446 5413 3810 5490 sinetermino

2210 5475 2530 5557 cupiditatis
2566 5493 2888 5553 extendunt,
2933 5496 2986 5542 et
3018 5505 3076 5541 se
3129 5491 3332 5554 passim
3379 5481 3660 5560 exquisitis
3691 5475 3809 5560 dell-

2210 5551 2312 5614 ciis
2363 5563 2575 5614 dedunt.
2625 5578 2750 5626 quin
2799 5551 3047 5612 animum
3109 5551 3419 5624 corpusque
3457 5551 3809 5629 debilitaqu

2210 5637 2290 5686 De
2320 5636 2567 5685 Potamio
2618 5615 2964 5698 Glyssiptinm
3015 5615 3276 5698 episcopo
3328 5615 3402 5679 ita
3453 5626 3642 5698 legitur
3681 5615 3810 5698 1ηῆιί-

2210 5708 2355 5757 bello
2386 5721 2614 5770 precum
2670 5690 2976 5758 Marcellini
3029 5690 3083 5756 et
3121 5690 3366 5754 Faustini
3399 5717 3408 5747 :
3439 5718 3464 5744 «
3499 5696 3684 5774 Sedfﬁ

2211 5761 2403 5827 tamio-
2429 5792 2538 5826 non
2574 5779 2677 5828 fuit
2720 5778 2890 5827 inulta
2933 5791 3106 5828 sacrm
3139 5777 3270 5826 ﬁdei
3311 5767 3691 5844 praevaricatio:
3721 5761 3808 5844 Df-

2210 5852 2382 5916 nique
2407 5863 2537 5901 cum
2574 5850 2642 5900 ad
2677 5849 2912 5901 fundum
2950 5852 3207 5916 properat
3248 5832 3410 5914 quem
3441 5854 3535 5910 pro
3569 5836 3726 5902 impia
3749 5832 3809 5884 ti-
