3978 6194
193 191 266 242 ts;
1510 179 1706 236 LIBER
1751 181 1833 235 DE
1874 182 1952 235 LA
1963 173 2119 234 ests.
3396 179 3497 236 486

188 311 294 364 catis
322 305 587 377 ejusmodi
626 321 996 372 mereremur,
1029 321 1154 358 cum
1193 306 1308 374 jam
1347 305 1566 375 pridem
1613 321 1757 374 pras-
1785 307 1973 388 A19).
2011 304 2066 355 ln
2101 303 2400 371 Evangelii)
2442 315 2667 372 quoque
2705 304 3063 372 postmodum
3105 303 3400 373 Dominus,
3439 306 3496 358 in

188 401 425 456 monuerit
453 417 512 453 ac
544 399 1008 453 dixeritcensura
1031 399 1077 432 26
1111 399 1298 452 divina
1335 417 1347 452 :
1383 399 1443 453 Si
1467 400 1760 468 dri'clique-
1867 398 2050 450 verbis
2098 397 2295 450 doctor
2336 399 2390 449 et
2431 399 2918 451 consummator33
2959 397 3012 451 in
3063 398 3246 465 factis,
3290 400 3498 454 docens

185 499 273 550 rint
304 497 343 529 ²⁷
379 497 533 564 legem
568 510 738 548 meam
769 500 816 548 et
851 497 904 546 in
935 495 1164 560 judiciis
1207 497 1332 548 meis
1369 510 1474 548 non
1517 497 1761 549 ambula-
1866 491 2002 561 quid
2041 491 2222 555 fieret,
2255 494 2313 542 et
2350 490 2560 543 faciens
2591 490 2970 561 quodcunque
3000 492 3299 560 docuisset,
3329 493 3494 562 quid-

184 593 344 651 rerint,
385 592 430 642 si
453 589 870 656 justiﬁcationes
919 587 1025 654 (2'7)
1072 602 1216 641 meus
1253 591 1674 657 profanaverint
1717 594 1764 643 et
1865 585 2003 656 quid
2049 601 2197 638 nunc
2242 585 2456 654 geritur
2497 589 2547 636 et
2595 589 2821 653 geretur
2857 601 3044 639 nonne
3086 592 3215 640 ante
3254 603 3496 657 praemo-

178 689 411 754 pra‘cepta
447 697 562 735 mea
613 698 721 735 non
770 683 1190 748 observaret-int,
1227 682 1454 736 visitabo
1505 684 1564 735 in
1608 684 1765 751 virga
1864 679 2030 733 nuit?
2070 680 2270 732 Nonne
2318 682 2374 731 et
2421 678 2823 747 negantibus3t
2870 681 3082 732 aeterna
3129 681 3399 750 supplicia
3445 686 3500 736 et

180 780 388 845 facinora
418 792 614 839 eorum,
651 783 699 829 et
731 779 787 830 in
814 777 1040 845 ﬂagellis
1067 777 1262 829 delicta
1299 791 1477 830 eorum
1505 776 1553 809 2⁸
1596 778 1760 845 (Psal.
1866 773 2133 827 salutaria
2163 771 2569 826 conﬁtentibus
2601 772 2836 841 praemia
2867 777 2998 826 ante
3029 774 3355 827 constituit?

180 887 400 937 Lxxxvm,
429 872 634 940 3l-33).
1939 868 2065 920 Vlll.
2112 867 2454 920 Exciderunt
2493 864 2854 936 quibusdam,
2891 865 3032 935 proh
3073 867 3261 920 nefas!
3303 871 3497 924 omnia

232 967 328 1019 VII.
347 965 724 1018 Prmnuntiala
749 970 878 1017 sunt
905 964 1010 1017 ista
1033 964 1195 1018 nobis
1223 967 1280 1017 et
1307 967 1439 1018 ante
1471 965 1760 1035 praedicta.
1867 965 1923 1014 et
1950 960 2020 1014 de
2048 961 2320 1014 memoria
2350 964 2726 1014 recesserunt.
2751 959 2869 1013 Non
2899 966 3369 1030 exspectaverunt
3396 964 3503 1016 sal-

176 1059 260 1114 Sed
299 1075 408 1123 nos,
454 1058 596 1112 datas
639 1058 780 1128 legis
823 1061 882 1111 et.
919 1058 1331 1112 observationis
1376 1059 1761 1127 immemores,
1863 1061 1983 1110 tem
2015 1059 2078 1109 ut
2115 1054 2491 1109 escenderent
2528 1053 2870 1124 apprehensi
2900 1054 3030 1122 ('28),
3065 1057 3126 1108 ut
3164 1053 3501 1127 interrogati

176 1154 215 1207 id
259 1153 469 1222 egimus
524 1169 624 1222 per
674 1158 867 1206 nostra
915 1155 1164 1222 peccata,
1218 1157 1299 1218 ut,
1351 1152 1486 1206 dum
1543 1153 1764 1206 Domini
1864 1149 2376 1220 11egarent35(29).
2421 1150 2561 1201 Ante
2603 1148 2781 1200 aciem
2816 1147 2980 1200 multi
3024 1147 3174 1214 victi,
3204 1149 3324 1204 sine
3363 1166 3496 1204 con-

176 1247 406 1302 mandata
446 1246 890 1314 contemnimus,
932 1246 1004 1300 ad
1051 1245 1459 1300 correctionem
1483 1247 1530 1280 ’9
1573 1246 1764 1301 delicti
1867 1242 2152 1314 gressionc
2181 1241 2477 1313 prostrati;
2511 1257 2612 1295 nec
2646 1241 2753 1294 hoc
2785 1241 2888 1294 sibi
2926 1241 3303 1312 reliquerunt,
3336 1249 3397 1298 ut
3421 1261 3506 1298 sa-

175 1348 217 1396 et
243 1340 622 1412 probationem
653 1339 786 1394 fidei
816 1339 1086 1394 remediis
1125 1339 1502 1394 severioribus
1543 1339 1760 1394 venire-
1865 1336 2118 1390 crificare
2146 1336 2314 1390 idolis
2340 1334 2671 1389 viderentur
2694 1334 2877 1388 inviti.
2902 1334 3059 1390 Ultro
3081 1335 3155 1390 ad
3176 1337 3364 1390 forum
3387 1339 3500 1408 (30)

176 1456 290 1493 mus.
317 1439 420 1492 Nec
448 1439 652 1492 saltem
685 1455 808 1492 sero
839 1437 1100 1493 conversi
1132 1438 1198 1491 ad
1240 1437 1466 1492 Domini
1498 1437 1761 1492 timorem
1863 1447 2111 1498 currere,
2160 1429 2232 1484 ad
2279 1434 2520 1483 mortem
2563 1431 2768 1499 sponte
2813 1445 3141 1499 properare,
3187 1431 3341 1500 quasi
3391 1432 3500 1487 hoc

171 1533 599 1600 sumus,uthanc
625 1533 1037 1603 correptionem
1068 1534 1319 1585 nostram
1342 1531 1766 1602 probationem-
1866 1525 1998 1578 olim
2055 1529 2346 1594 cuperent,
2403 1523 2563 1592 quasi
2613 1522 3091 1592 amplecterentur
3143 1526 3500 1581 occasionem

172 1644 255 1698 que
281 1626 520 1680 divinam
564 1627 850 1697 patienter
879 1633 936 1680 et
975 1625 1200 1680 fortiter
1235 1625 1556 1678 subiremus
1575 1627 1644 1679 ³ο.
1675 1625 1758 1678 Ad
1783 1689 1830 1698 _
1865 1619 2056 1672 datam
2102 1634 2275 1689 quam
2318 1633 2543 1686 semper
2575 1616 2686 1687 (31)
2719 1620 3021 1686 optassent-
3063 1617 3211 1680 Ουοὶ
3252 1618 3364 1672 illic
3383 1621 3429 1654 ³⁸
3467 1638 3500 1675 ἃ

170 1722 321 1791 prima
344 1721 530 1774 statim
565 1721 738 1774 verba
767 1720 1036 1774 minantis
1072 1719 1286 1773 inimici
1331 1719 1612 1773 maximus
1643 1720 1760 1773 fra-
1783 1689 1839 1760 Β
1865 1711 2286 1782 magistratibus
2315 1727 2550 1782 vespera
2583 1716 2824 1781 urgente
2856 1711 3010 1764 dilati
3042 1714 3211 1764 sunt?
3237 1720 3395 1782 quot,
3427 1731 3499 1769 ne

171 1823 290 1868 trum
315 1832 583 1869 numerus
610 1814 779 1868 ﬁdem
808 1830 967 1867 suam
1003 1813 1278 1884 prodidit;
1310 1830 1411 1867 nec
1443 1817 1763 1884 prostratus
1863 1823 2056 1862 eorum
2089 1806 2198 1875 (32)
2230 1804 2550 1859 differretur
2589 1803 2871 1871 interitus,
2912 1805 3080 1858 etiam
3117 1808 3498 1875 rogaverunt?

171 1915 233 1962 est
273 1908 665 1978 persecutionis
708 1908 948 1978 impetu,
993 1907 1092 1962 sed
1140 1906 1456 1962 voluntario
1501 1910 1660 1978 lapsu
1705 1923 1764 1961 se
1862 1902 2038 1964 Quam
2076 1900 2187 1953 vim
2221 1902 2406 1970 potest
2434 1899 2558 1952 talis
2587 1897 2907 1964 ostendere,
2940 1915 3052 1968 qua
3083 1899 3298 1953 crinem
3330 1918 3496 1954 suum

171 2003 261 2073 ipse
297 2001 609 2073 prostravit.
655 2001 800 2064 Quid
845 2017 945 2055 oro
985 2000 1325 2066 inauditum,
1365 2001 1499 2071 quid
1551 2017 1760 2055 novum
1866 1999 2106 2064 purget,
2152 2011 2279 2047 cum
2325 1993 2436 2046 vim
2482 1992 2667 2062 magis
2713 1991 2832 2061 ipse
2876 1991 3077 2046 fecerit
3134 1998 3193 2046 ut
3249 1995 3502 2064 periret?

170 2102 385 2162 venerat,
445 2101 526 2161 ut,
586 2096 739 2149 velut
798 2094 1167 2165 incognitis“
1229 2097 1400 2164 atque
1459 2093 1732 2165 inopinati

1926 2103 2083 2152 )nne,
2124 2087 2355 2157 quando
2394 2086 2461 2140 ad
2503 2085 2844 2156 Capitolium
2880 2088 3078 2155 sponte
3116 2093 3347 2140 ventum
3393 2093 3497 2155 est,

174 2191 308 2244 rebus
341 2189 569 2256 exortis,
600 2189 802 2244 Christi
829 2191 1241 2242 sacramentum
1275 2188 1595 2242 temeritate
1627 2205 1764 2259 pne-
1867 2181 2096 2251 quando
2124 2181 2274 2234 ultro
2306 2180 2374 2234 ad
2409 2179 2742 2250 obsequium
2782 2179 2887 2233 diri
2921 2179 3183 2234 facinoris
3212 2197 3498 2236 accessum

173 2285 297 2354 cipiti
332 2284 681 2339 solveretur?
721 2285 912 2337 Nonne
952 2283 1072 2336 haec
1111 2288 1166 2337 et
1203 2283 1500 2352 Propheta:
1541 2289 1670 2337 ante
1710 2286 1766 2336 et
1866 2279 1968 2341 est,
2012 2274 2282 2328 labaVit“
2329 2291 2574 2344 gressus,
2621 2273 2880 2344 caligavit
2921 2279 3200 2344 δερθοῑυε,
3248 2278 3499 2330 tremue-

173 2377 381 2447 Apostoli
409 2377 772 2447 postmodum
802 2376 1246 2430 nuntiaverunt?
1267 2393 1456 2431 nonne
1478 2378 1764 2447 justorum
1867 2372 2001 2422 runt
2032 2368 2266 2434 Viscera,
2304 2367 2537 2421 δηιώίᾶ
2575 2367 2942 2421 οοῐιοίάθτυῐιι
2975 2368 3119 2436 (33)?
3149 2384 3341 2423 11011110
3371 2386 3501 2424 sell-

174 2483 426 2534 pressuras
459 2472 517 2520 et
547 2465 847 2536 gentilium
876 2481 1102 2535 semper
1132 2464 1367 2535 injurias
1396 2466 1550 2536 pleni
1577 2469 1766 2520 sancto
1866 2479 1960 2518 sus
1989 2460 2181 2534 473
2214 2461 2525 2531 obstupuit,
2563 2461 2755 2530 lingua
2795 2461 2980 2529 hasit,
3021 2479 3210 2517 sermo
3251 2463 3502 2518 defecit?

173 2555 348 2624 Spiritu
384 2554 882 2625 praedicaverunt?
912 2570 1102 2608 nonne
1131 2553 1303 2608 fidem
1338 2558 1587 2609 nostram
1617 2572 1765 2608 sem-
1868 2557 2031 2612 Stare
2054 2555 2170 2610 illic
2189 2557 2236 2589 ³⁸
2261 2554 2442 2625 potuit
2465 2555 2561 2610 Dei
2587 2571 2800 2625 servus,
2825 2560 2882 2610 et
2903 2556 3060 2626 loqui
3086 2560 3141 2610 et
3169 2558 3502 2611 renuntiare

173 2665 253 2718 per
277 2665 499 2704 armans
541 2652 595 2702 et
627 2647 723 2702 Dei
765 2664 950 2701 servos
984 2649 1193 2702 cmlesti
1227 2664 1357 2702 voce
1397 2649 1768 2703 corroborans
1869 2650 2111 2715 Christo,
2146 2649 2244 2720 qui
2276 2650 2401 2719 jam
2445 2649 2671 2702 diabolo
2707 2649 3138 2704 renuntiaverat
3175 2654 3232 2704 et
3261 2651 3503 2705 saeculo?

173 2741 280 2796 dicit
313 2743 604 2814 Scriptura
646 2742 835 2796 divina
876 2763 886 2796 :
921 2744 1205 2796 Dominum
1246 2747 1409 2797 Deum
1443 2749 1592 2797 tuum
1631 2743 1763 2797 ado-
1868 2746 2060 2798 Nonne
2090 2761 2185 2798 ara
2213 2743 2308 2796 illa
2332 2760 2446 2814 quo
2469 2743 2779 2797 moriturus
2806 2743 3039 2798 accessit
3065 2761 3239 2816 rogus
3259 2745 3337 2798 illi
3362 2745 3504 2801 fuit?

172 2837 310 2897 rubis,
326 2844 372 2891 et
395 2839 484 2890 illi
513 2838 615 2890 soli
630 2835 1142 2906 servies(Deut.,v1,
1179 2839 1272 2904 l3;
1297 2836 1519 2898 Matth,
1540 2853 1612 2905 IV,
1641 2839 1722 2906 10)
1744 2840 1770 2890 ?
1872 2855 2064 2892 nonne
2096 2837 2298 2892 diaboli
2343 2838 2540 2901 altare,
2571 2838 2722 2909 quod
2759 2838 2958 2893 foetore
2994 2843 3140 2893 tetro
3171 2839 3398 2893 fumare
3437 2856 3502 2894 ac

177 2929 336 3002 472
361 2933 579 2996 Nonne,
613 2930 758 2984 iram
793 2931 998 2983 divinae
1031 2929 1434 3000 indignationis
1464 2931 1770 2985 ostendens
1871 2932 2130 2986 redolere
2170 2936 2562 3002 conspexerat,
2607 2932 2757 2986 velut
2795 2931 2965 2985 funus
3007 2936 3065 2985 et
3101 2932 3332 2987 bustum
3373 2935 3503 2989 vita:

175 3031 217 3076 et
236 3041 394 3094 paenae
423 3030 644 3078 metum
673 3040 1057 3094 praemonens,
1081 3024 1269 3078 denuo
1299 3024 1470 3079 dicit:
1497 3026 1770 3080 Adorave-
1790 3059 1841 3095 ρ
1871 3043 1986 3080 sum
2036 3027 2270 3080 horrere
2315 3043 2379 3079 ac
2428 3027 2622 3095 fugere
2671 3025 2913 3080 debebat
2935 3026 3019 3079 39?
3064 3026 3205 3090 Quid
3249 3026 3499 3082 hostiam

177 3127 277 3170 runt
315 3135 393 3173 eos
413 3120 458 3152 ³²
503 3133 635 3188 quos
679 3120 922 3185 fecerunt
967 3119 1131 3186 digiti
1168 3135 1379 3183 eorum;
1423 3125 1472 3173 et
1513 3126 1769 3176 curvatus
1797 3119 1844 3133 ν
1873 3126 2078 3188 tecum,
2115 3121 2305 3187 miser,
2337 3119 2472 3189 quid
2506 3120 2792 3173 victimam
2826 3120 3224 3174 immolaturus
3255 3123 3362 3191 (34)
3394 3121 3500 3174 im-

177 3219 234 3264 est
265 3213 402 3266 homo
442 3218 495 3266 et
544 3213 863 3266 humiliatus
910 3217 986 3266 est
1026 3214 1133 3278 uir,
1173 3218 1224 3266 et
1263 3229 1368 3266 non
1413 3213 1610 3267 [amabo
1661 3215 1772 3268 illis
1873 3215 2074 3285 ponis?
2101 3215 2221 3284 ipse
2248 3214 2319 3268 ad
2347 3231 2504 3267 aram
2536 3214 2740 3280 hostia,
2773 3214 2960 3268 victim
2992 3215 3109 3284 ipse
3137 3215 3373 3284 venisti;
3405 3214 3507 3268 im-

178 3308 300 3367 (lsa.,
330 3323 379 3374 n,
403 3307 502 3377 8)?
534 3308 596 3360 Et
619 3307 829 3360 iterum
868 3307 1012 3360 Deus
1046 3305 1298 3377 loquitur
1326 3307 1517 3361 dicens
1547 3325 1558 3361 :
1589 3309 1767 3363 Sac-ri-
1873 3308 2096 3362 molasti
2124 3308 2234 3362 illic
2259 3310 2503 3362 salutem
2531 3314 2708 3375 tuam,
2739 3325 2900 3378 spem
2941 3312 3096 3363 tuam
3131 3309 3370 3364 funestis
3399 3309 3507 3363 illis

173 3401 310 3464 ﬁcans
332 3401 435 3456 diis
462 3401 860 3463 eradicabitur,
889 3403 1001 3454 nisi
1025 3403 1250 3455 Domino
1278 3401 1379 3455 soli
1396 3401 1614 3471 (Exod.,
1636 3418 1768 3469 xxn,
1873 3403 2100 3473 ignibus
2127 3401 2518 3457 concremasti.

1514 3552 1722 3617 Variae
1779 3554 2118 3619 lectiones.

222 3687 553 3752 ﬂ‘Scriptura
597 3687 711 3737 Voss
756 3689 802 3748 1,
833 3687 878 3737 ‘3.
967 3685 1007 3721 ¹⁷
1031 3686 1155 3738 Filii
1193 3688 1313 3736 add.
1353 3689 1486 3737 Voss.
1522 3690 1566 3738 1.
1649 3689 1690 3722 ’³
1711 3689 2040 3753 Iniquitates
2085 3702 2276 3740 eorum
2318 3693 2370 3740 et
2409 3691 2463 3740 in
2508 3686 2744 3756 flagellis
2788 3689 2993 3743 delicta
3038 3705 3258 3752 eorum;
3287 3693 3509 3744 miseri-

175 3758 383 3807 cordiam
409 3764 599 3808 autem
626 3773 806 3808 meam
832 3773 944 3808 non
971 3760 1283 3823 dispergam
1310 3760 1378 3808 ab
1409 3763 1508 3810 eis.
1553 3762 1683 3808 Voss.
1709 3763 1756 3810 3.
1825 3763 1866 3793 ’θ
1889 3762 2308 3826 Correptionem
2347 3764 2432 3810 Ar.
2463 3763 2603 3810 Lam.
2643 3763 2773 3810 Voss.
2806 3765 2850 3812 1.
2925 3766 2962 3794 ³ο
2993 3764 3267 3813 Patienter
3291 3764 3509 3814 subire-

175 3841 277 3876 mus
316 3829 439 3876 Voss.
472 3829 519 3877 3.
551 3830 663 3877 Lin.
734 3830 1000 3891 3‘Ignotis
1042 3831 1172 3878 Voss.
1207 3832 1250 3879 1.
1324 3833 1361 3860 ³²
1385 3831 1751 3880 Adoraverint
1781 3831 1914 3881 deos
1953 3832 2085 3881 Voss.
2125 3834 2168 3881 3.
2202 3850 2253 3896 μ.
2323 3832 2362 3863 ⁸³
2387 3833 2610 3891 Doctor,
2644 3837 3068 3882 consummatur
3092 3835 3147 3882 in
3186 3835 3344 3884 factis
3385 3836 3504 3884 Tim.

177 3896 284 3966 lf‘oss.
349 3899 385 3927 ³⁸
411 3897 624 3948 Futura
658 3912 756 3947 sua
790 3897 910 3947 Bod.
946 3901 991 3948 4.
1063 3901 1101 3930 ³⁵
1125 3899 1603 3963 Exspectaverunt
1629 3902 1827 3952 saltem
1853 3907 1916 3952 ut
1948 3904 2262 3966 interrogati
2304 3907 2580 3965 rogarent,
2616 3907 2676 3951 ut
2709 3903 2836 3952 thus
2884 3903 3256 3953 accenderent
3293 3905 3424 3954 Voss.
3460 3910 3506 3952 3.

175 3963 329 4085 legi-.1)
367 3967 585 4086 seQtupd
615 3969 728 4088 illiic
761 3969 888 4017 Voss.
916 3971 960 4019 4.
997 3971 1130 4034 quid
1157 3971 1234 4020 illi
1260 3972 1418 4022 Oxon.
1490 3971 1528 4004 ³7
1546 3973 1759 4036 Lapsus
1785 3978 1865 4024 est
1906 3975 2036 4024 Voss.
2072 3976 2112 4024 1.
2156 3963 2223 4005 ’³⁸
2244 3963 2676 4036 Illic-quomodo
2725 3975 2860 4024 Voss.
2895 3972 2946 4022 2.
2981 3973 3100 4023 Illic
3134 3987 3269 4023 num
3303 3976 3425 4024 Bod.
3460 3976 3507 4025 2.

179 4039 208 4062 ³³
269 4050 294 4084 e
334 4051 459 4088 uera
545 4039 653 4086 '03:.
715 4076 724 4087 .

179 4039 208 4062 ""
227 4039 480 4088 Debuerat
522 4039 653 4086 Voss.
681 4041 724 4088 1.

1437 4125 1660 4206 Steph.
1711 4125 1960 4189 Baluzii
2012 4131 2207 4188 notae.

178 4245 247 4322 dei
272 4250 674 4316 subscriptione
703 4252 773 4302 ab
807 4254 1132 4316 imperatore
1159 4261 1435 4307 meruerat
1460 4259 1772 4322 impetrare,
1938 4259 2035 4322 (29)
2093 4259 2376 4322 Negarem.
2440 4259 2570 4308 Post
2623 4258 2745 4309 haec
2799 4259 3079 4309 Manutius
3133 4263 3184 4309 et
3233 4258 3510 4309 Pamelius

179 4316 290 4368 dans
326 4335 496 4372 novas
532 4336 727 4387 paenae
771 4325 976 4387 lingua:
1014 4340 1110 4389 per
1148 4341 1316 4390 quam
1346 4316 1773 4392 blaspli-emave4
1876 4316 2088 4381 addunt
2109 4316 2318 4381 iit-thus
2347 4331 2702 4380 accenderent.
2737 4329 2848 4380 Sed
2880 4331 3022 4380 hanc
3056 4331 3353 4381 lectionem
3384 4343 3509 4380 me-

176 4395 256 4450 rat,
285 4394 340 4472 in
373 4396 458 4443 via
503 4398 758 4492 mgritur,
799 4397 956 4446 nullo
996 4399 1209 4492 frgctus
1239 4399 1409 4492 ‘fundi
1449 4401 1533 4450 vel
1566 4402 1977 4492 visioneDrito
2034 4404 2288 4466 reprobat
2337 4403 2640 4465 Rigaltius,
2697 4403 2954 4466 quamvis
3017 4416 3139 4451 eam
3204 4403 3510 4452 retinuerit.

179 4466 449 4492 munsninna
498 4481 525 4492 ιιι
613 4468 928 4492 εηνυη-ινιηνιηη
959 4468 1010 4492 ἕ.-
1095 4471 1232 4492 ηεηιλ
1261 4484 1284 4492 .-.
1315 4471 1379 4492 ..Α
1420 4473 1749 4492 ιιγ-..-ιὶ--.....-κ
1879 4474 2089 4492 ΛΛΞηῌ-
2127 4490 2245 4492 ψη..
2279 4478 2374 4492 ε---
2416 4476 2680 4492 ,,__,-nu-___
2713 4476 2758 4492 ι--
2805 4474 3039 4492 ηηιξμηε-
3077 4474 3489 4492 ______I__.:L___

179 4464 471 4539 percipiens.
498 4481 526 4512 ››
554 4467 931 4529 Hieronymus
959 4468 1012 4516 in
1043 4469 1287 4532 Epistola
1311 4471 1381 4520 ad
1411 4473 1772 4534 Nepotianum,
1797 4464 1852 4492 υ
1878 4464 2382 4539 Ουὶρρθήηυδρὶθω
2413 4464 2682 4536 reperitur
2713 4464 2766 4522 in
2801 4474 3042 4537 antiquis
3073 4474 3512 4536 exemplaribus,

178 4532 379 4611 deﬂvit}
427 4537 756 4611 clericorum
799 4554 809 4585 :
844 4558 870 4581 ‹‹
897 4540 1080 4602 Turpe
1118 4546 1201 4590 est
1243 4546 1368 4592 ante
1414 4532 1559 4592 fores
1597 4532 1776 4594 sacer?
1875 4532 2175 4610 nisi-quod
2216 4532 2378 4611 [iuin
2422 4532 2600 4596 unum
2645 4547 2819 4596 citant
2863 4532 2951 4594 ex'
2971 4532 3310 4595 bibliotheca
3351 4543 3511 4592 Vati—

178 4600 294 4654 dotis
322 4608 523 4658 Christi
561 4610 813 4659 cruciﬁxi
853 4616 904 4659 et
948 4600 1220 4674 pauperis,
1250 4615 1300 4661 et
1345 4614 1439 4675 qui
1476 4614 1602 4664 cibo
1640 4628 1778 4677 quo-
1876 4632 2034 4668 cana.

180 4687 268 4736 que
288 4680 611 4752 vescebatur
638 4682 839 4743 alieno,
880 4681 1100 4732 lictores
1141 4684 1436 4732 consulum
1480 4689 1534 4733 et
1573 4687 1777 4735 milites
1941 4690 2037 4752 (30)
2069 4690 2145 4738 Ad
2169 4689 2360 4750 forum.
2405 4687 2471 4738 Et
2504 4689 2636 4739 hinc
2677 4690 2732 4737 in
2764 4687 3120 4751 Capitolium.
3165 4687 3300 4737 Nam
3345 4700 3512 4750 supra

180 4751 444 4824 excubare,
495 4753 856 4816 judicemque
915 4755 1214 4816 provinciae
1273 4757 1474 4805 melius
1527 4757 1674 4820 apud
1725 4762 1776 4807 te
1877 4775 1997 4824 pag.
2026 4751 2149 4820 7407,
2193 4759 2514 4809 adnotatum
2557 4765 2639 4809 est
2676 4760 2856 4809 forum
2889 4759 3059 4808 fuisse
3091 4760 3248 4822 juxta
3285 4757 3512 4820 Capito-

179 4822 414 4879 prandere
450 4838 617 4888 quam
660 4827 712 4874 in
757 4827 1031 4888 palatio.»
1063 4827 1166 4876 Cui
1207 4827 1330 4877 loco
1370 4832 1516 4877 recte
1553 4828 1776 4893 adjungi
1878 4822 2032 4880 lium.
2645 4849 2650 4853 '

179 4899 381 4966 PQSSunt
421 4910 485 4946 ea
529 4910 654 4960 quas
695 4899 1024 4947 Ammianus
1066 4899 1417 4949 Marcellinus
1455 4899 1548 4950 lib.
1591 4913 1776 4962 xxvu,
1943 4904 2034 4966 (31)
2071 4905 2237 4964 Quam
2263 4915 2481 4964 semper.
2513 4903 2806 4954 Sexdecim
2845 4901 2972 4952 libri
3004 4906 3218 4952 veteres
3264 4905 3319 4951 et
3343 4899 3513 4952 editio

179 4961 290 5011 dicit
313 4965 377 5016 de
407 4970 682 5017 conviviis
705 4970 1091 5033 episcoporum
1118 4970 1493 5021 Romanorum
1519 4973 1605 5020 sui
1639 4976 1776 5022 tem-
1880 4961 2107 5025 Morelli‘i
2135 4973 2344 5023 habent
2369 4961 2604 5023 libenter.

180 5035 320 5096 poris,
372 5051 514 5100 quos
566 5039 641 5087 ait
683 5040 878 5103 epulas
927 5052 1150 5090 curasse
1197 5043 1466 5104 profusas,
1527 5043 1666 5092 adeo
1719 5047 1778 5092 ut
1939 5047 2032 5107 (32)
2063 5048 2192 5107 Quot
2219 5060 2280 5094 ne
2309 5059 2506 5094 eorum.
2542 5045 2732 5096 Codex
2765 5045 3190 5110 Seguierianus,
3215 5063 3242 5090 α
3278 5041 3427 5106 quod
3454 5043 3516 5090 ut

179 5110 626 5181 eorumconvivia
657 5112 864 5174 regales
888 5118 1215 5176 superarent
1238 5127 1474 5164 mensas.
1881 5118 2195 5181 interrogati
2239 5120 2522 5180 negarent,
2570 5129 2640 5165 ne
2676 5129 2866 5165 eorum
2903 5114 3220 5165 differretur
3257 5114 3517 5163 interitus

232 5177 314 5252 (27)
336 5179 749 5243 Justificationes.
779 5185 992 5234 Novem
1023 5185 1147 5234 libri
1174 5188 1344 5236 nostri
1372 5191 1425 5238 et
1449 5200 1546 5237 sex
1578 5187 1778 5250 Angli-
1880 5195 1933 5238 et
1959 5177 2364 5252 rogaverunt.)

182 5249 282 5296 cani
305 5255 354 5299 et
379 5252 549 5303 editio
574 5254 891 5304 Morelliana
923 5256 1223 5320 praeferunt
1241 5259 1497 5320 justittas.
1679 5249 1690 5250 ί
1941 5249 2045 5319 (33)
2067 5261 2293 5309 Brachia
2313 5259 2669 5309 conciderunt.
2699 5257 2889 5309 Codex
2921 5257 3334 5321 Seguierianus,
3362 5268 3518 5305 mem-

231 5321 681 5380 (28)Ascenderent
716 5328 1046 5390 apprehensi.
1078 5329 1212 5380 Haec
1249 5334 1332 5379 est
1376 5331 1540 5381 lectio
1581 5331 1778 5382 editio-
1880 5331 1980 5380 bra
2009 5332 2367 5380 conciderunt.

182 5392 252 5467 nis
295 5398 630 5462 Anglicanm,
675 5414 841 5464 quam
885 5402 1218 5452 conﬁrmant
1264 5407 1447 5453 vetera
1501 5405 1779 5467 exempla-
1941 5403 2043 5464 (34)
2091 5402 2482 5452 lmmolatm'us.
2530 5401 2772 5463 Quidam
2816 5401 2942 5450 libri
2992 5404 3207 5450 veteres
3254 5403 3308 5449 et
3358 5403 3518 5447 vete—

183 5463 262 5524 ria,
309 5481 466 5531 quam
529 5484 656 5521 vero
692 5463 984 5534 iRigaltius
1029 5475 1082 5522 in
1133 5474 1613 5524 observationibus
1664 5463 1780 5523 suis
1882 5487 1968 5523 res
2008 5473 2278 5523 editiones
2320 5473 2526 5523 habent
2573 5472 2944 5522 immolaturus
2981 5471 3061 5521 vel
3101 5469 3516 5535 supplicaturus.

185 5536 376 5588 aitesse
403 5543 762 5593 verissimam.
793 5543 1068 5596 Caeterum
1107 5547 1384 5596 Manutius
1411 5550 1467 5597 et
1502 5545 1780 5594 Morellius
1881 5547 2073 5610 Itaque
2117 5545 2344 5609 quidam
2393 5545 2652 5595 librarius
2701 5544 2964 5608 antiquus
3008 5542 3227 5603 scripsit
3279 5538 3523 5610 immola-

186 5618 278 5690 nop
319 5614 464 5663 fuere
518 5617 676 5676 primi
720 5619 816 5681 qui
868 5630 989 5667 eam
1041 5620 1396 5678 induxerunt,
1443 5622 1504 5667 ut
1556 5621 1781 5680 putasse
1884 5609 2056 5667 turus.
2092 5618 2250 5667 Alius
2291 5631 2457 5681 supra
2499 5618 2725 5690 lineam,
2768 5618 2828 5690 ut.
2869 5619 2982 5690 tum
3025 5613 3262 5690 solebat,
3304 5609 3528 5690 scripsit

188 5680 380 5755 videtur
416 5685 701 5748 Rigaltius.
743 5680 994 5740 Habetur
1019 5692 1164 5740 enim
1211 5692 1267 5739 in
1311 5691 1556 5753 antiquis
1589 5689 1781 5737 editio-
1881 5687 1962 5737 vel
2002 5680 2414 5751 suppliciiturus.
2459 5688 2540 5738 Ex
2578 5689 2665 5736 his
2699 5686 2921 5736 duabus
2963 5684 3302 5755 lectionibus
3347 5680 3385 5725 ii
3431 5680 3536 5755 qui

192 5753 349 5804 nibus.
381 5759 517 5809 Vide
541 5775 664 5827 qum
693 5767 953 5814 notamus
978 5763 1043 5812 ad
1068 5763 1354 5826 epistolam
1383 5752 1515 5826 6,7p.
1544 5761 1654 5810 392.
1884 5765 2071 5823 postea
2121 5762 2299 5811 secuti
2347 5764 2477 5812 sunt
2519 5773 2640 5810 eam
2687 5758 2978 5823 elegerunt
3021 5765 3151 5819 quas
3203 5752 3310 5803 illis
3353 5752 3541 5811 magis
