3978 6194
496 219 598 279 487

1409 222 1462 276 s.
1507 219 1821 276 Ci’PRIANl
1859 220 2130 277 UPERUM
2166 221 2332 277 eses
2372 220 2437 278 ιι.
2472 252 2539 263 -
2578 219 2948 280 OPUSCULA.
3489 196 3492 207 ’
3720 226 3806 286 iss

568 349 650 403 IX.
695 350 770 402 Ac
816 330 1013 401 multis
1055 345 1318 417 proprius
1359 346 1624 400 interitus
1667 346 1798 401 satis
1846 362 1958 399 non
1996 346 2126 400 fuit.
2152 356 2206 431 Α
2231 363 2363 401 cum
2393 363 2604 402 corona
2632 347 2703 401 de
2726 346 2827 401 Dei
2855 345 3185 417 dignatione
3213 344 3524 415 descendat,
3544 364 3639 403 nec
3664 354 3811 420 possit

498 440 878 496 Hortamentis
922 438 1134 493 mutuis
1176 439 1233 492 in
1283 438 1587 493 exitium"0
1634 440 1875 510 populus
1921 438 2127 510 impul-

498 551 592 589 sus
626 538 730 601 est,
760 549 910 589 mors
948 532 1184 588 invicem
1218 533 1415 587 lethali
1447 533 1649 603 poculo
1680 534 1987 604 propinata
2016 536 2128 600 est;

494 645 579 695 ac,
612 644 683 680 ue
725 625 865 697 quid
901 628 1122 681 deesset
1150 626 1218 679 ad
1249 626 1503 680 criminis
1538 628 1857 694 cumulum,
1887 627 2132 681 infantes

493 736 723 792 quoque
771 722 879 789 (35)
930 722 1249 791 parentum,
1285 720 1549 774 manibus
1601 721 1690 774 vel
1741 720 1996 791 impositi
2046 721 2130 774 vel

494 813 739 882 attracti,
798 813 1117 868 amiserunt
1170 813 1385 884 parvuli
1441 813 1552 886 (36)
1613 814 1766 885 quod
1827 814 1886 867 in
1942 814 2130 884 primo

493 908 685 962 statim
720 907 1031 961 nativitatis
1061 907 1297 962 exordio
1334 907 1560 961 fuerant
1595 908 1903 962 consecuti.
1934 908 2131 961 Nonne

492 1001 578 1054 illi
633 1017 765 1055 cum
811 1000 1012 1071 judicii
1067 1000 1188 1055 dies
1244 1001 1462 1055 venerit
1513 1000 1706 1055 dicent
1758 1019 1770 1055 ε
1825 1002 1937 1055 Nos
1987 1001 2132 1056 nihil

491 1095 690 1148 mali“
738 1094 999 1159 fecimus,
1034 1110 1157 1163 nec,
1199 1094 1472 1148 derelicto
1516 1093 1639 1148 cibo
1677 1099 1733 1149 et
1772 1094 1978 1165 poculo
2025 1095 2129 1149 Do-

491 1188 654 1257 mini,
701 1189 770 1243 ad
820 1189 1064 1259 profana
1113 1188 1374 1259 contagia
1420 1192 1622 1258 sponte
1673 1189 2128 1260 properavimus.

494 1282 744 1337 Perdidit
790 1298 894 1335 nos
954 1281 1143 1335 aliena
1193 1281 1468 1351 perfidia,
1526 1285 1793 1362 parentes
1850 1281 2132 1336 sensimus

494 1375 823 1447 parricidas.
856 1374 934 1429 Illi
963 1374 1126 1429 nobis
1155 1374 1463 1429 Ecclesiam
1497 1380 1763 1444 matrem,
1794 1376 1873 1430 illi
1908 1379 2130 1446 patrem

493 1470 674 1523 Deum
706 1472 1089 1539 negaverunt;
1122 1471 1206 1534 ut,
1238 1467 1397 1537 dum,
1432 1469 1590 1539 parvi
1632 1473 1688 1524 et
1719 1469 2038 1540 improvidi
2077 1476 2133 1525 et

494 1563 639 1618 tanti
672 1562 938 1617 facinoris
965 1562 1175 1632 ignari,
1207 1579 1311 1632 per
1347 1563 1486 1617 alios
1525 1563 1595 1616 ad
1634 1564 1985 1618 consortium
2017 1564 2129 1619 cri-

493 1656 719 1710 minum
743 1655 1067 1725 jungimur,
1102 1655 1286 1710 aliena
1312 1656 1514 1711 fraude
1543 1673 1878 1727 caperemur
1905 1657 2037 1726 (3'7).

2234 442 2413 512 accipi
2442 442 2551 495 nisi
2580 440 2751 495 fuerit
2779 441 2922 495 hora
2954 438 3235 505 sumendi,
3268 439 3514 511 quisquis
3541 443 3594 496 in
3620 445 3811 501 Christo

2234 551 2471 589 manens
2509 534 2744 589 interim
2780 533 2950 601 cedit,
2979 549 3097 588 non
3135 532 3308 587 fidem
3345 536 3529 603 negat,
3564 536 3657 589 sed
3690 542 3814 593 tem-

2232 645 2335 698 pus
2353 629 2399 673 ‘F‘
2447 633 2732 699 exspectat
2778 644 2790 682 :
2841 628 2940 697 qui
2987 631 3179 681 autem
3231 642 3362 680 cum
3411 643 3516 680 non
3563 630 3820 687 secederet

2233 721 2456 789 cecidit,
2485 727 2798 792 negaturus
2823 721 3122 776 remansit.

2304 815 2390 869 Xl.
2450 814 2899 882 Dissimulanda,
2963 814 3168 869 fratres
3229 812 3599 882 dilectissimi,
3649 817 3821 873 veritas

2234 924 2349 963 non
2382 911 2488 976 est,
2521 924 2624 962 nec
2654 908 2907 963 vulneris
2944 908 3119 962 nostri
3157 907 3392 962 materia
3425 912 3480 961 et
3515 924 3669 963 causa
3703 913 3819 965 reti-

2234 1001 2430 1057 cenda.
2468 1002 2698 1073 Decepit
2729 1002 2936 1056 multos
2973 1001 3301 1072 patrimonii
3336 1001 3421 1055 sui
3455 1017 3614 1055 amor
3643 1018 3818 1070 caicus,

2233 1111 2338 1149 nec
2368 1094 2437 1149 ad
2470 1095 2858 1152 recedendum
2887 1094 3067 1165 parati
3096 1098 3197 1148 aut
3231 1093 3475 1165 expediti
3504 1111 3620 1149 esse
3644 1101 3816 1165 potue-

2234 1193 2367 1243 runt
2410 1205 2539 1260 qum
2583 1188 2880 1244 facultates
2932 1205 3049 1243 sua:
3098 1188 3253 1242 velut
3300 1188 3597 1259 compedes
3640 1189 3817 1259 ligave-

2232 1288 2384 1335 runt.
2432 1283 2529 1336 Illa
2576 1283 2809 1338 fuerunt
2855 1281 3285 1337 remanentibus
3328 1281 3568 1349 vincula,
3607 1281 3703 1336 illa;
3742 1300 3817 1336 ca-

2232 1382 2377 1431 tenas
2422 1376 2532 1447 (38)
2576 1376 2782 1447 quibus
2829 1380 2887 1430 ct
2928 1375 3107 1431 virtus
3150 1375 3436 1430 retardata
3479 1380 3577 1444 est,
3616 1379 3669 1430 et
3704 1376 3822 1431 ﬁdes

2232 1486 2444 1541 pressa,
2495 1476 2551 1524 et
2602 1486 2764 1525 mens
2813 1471 2994 1525 vincta
3012 1471 3082 1537 ‘5,
3124 1474 3180 1525 et
3221 1469 3413 1524 anima
3457 1470 3732 1541 praeclusa,
3770 1475 3824 1525 ut

2234 1564 2482 1635 serpenti
2522 1567 2756 1631 terram,
2794 1565 3108 1620 secundum
3152 1564 3253 1618 Dei
3293 1563 3648 1629 sententiam,
3678 1564 3821 1618 devo-

2233 1658 2386 1712 ranti
2430 1658 2627 1728 praeda
2670 1661 2728 1713 et
2765 1657 2923 1713 cibus
2965 1658 3170 1713 tierent
3212 1657 3309 1729 qui
3355 1657 3696 1712 terrestribus
3734 1660 3824 1726 (39)

562 1752 622 1804 Χ.
671 1751 781 1804 Nec
832 1754 936 1818 est,
983 1749 1130 1820 proh
1183 1748 1369 1803 dolor!
1412 1751 1568 1820 justa
1614 1752 1804 1821 aliqua
1851 1755 1906 1805 et
1952 1732 2605 1821 gravisBinhtererent.
2632 1753 2698 1807 Et
2724 1751 2936 1815 idcirco
2967 1750 3259 1820 Dominus,
3281 1750 3561 1805 bonorum
3588 1750 3826 1821 magister

495 1860 663 1898 causa
712 1859 841 1914 quae
893 1847 1115 1898 tantum
1177 1842 1393 1897 facinus
1443 1850 1689 1898 excuset.
1746 1845 2134 1916 Relinquenda

491 1941 617 1992 erat
646 1938 831 2007 patria
852 1943 908 1990 et
937 1936 1273 2007 patrimonii
1307 1938 1561 1991 facienda
1581 1939 1824 2007 jactura.
1851 1939 1952 1992 Cui
1979 1939 2132 1994 enim

493 2031 758 2086 nascenti
786 2034 954 2101 atque
995 2029 1259 2084 morienti
1299 2048 1413 2085 non
1458 2031 1838 2103 relinquenda
1875 2033 2134 2104 quando-

490 2140 606 2197 que
640 2125 822 2196 patria
847 2128 902 2179 et
930 2124 1261 2194 patrimonii
1296 2128 1381 2178 sui
1410 2126 1664 2179 facienda
1687 2127 1912 2195 jactura
1944 2128 2066 2181 est?
2086 2129 2132 2162 ‘2

495 2218 757 2274 Christus
799 2234 912 2273 non
954 2218 1327 2289 relinquatur,
1371 2220 1566 2273 salutis
1607 2237 1670 2273 ac
1711 2220 1860 2274 sedis
1907 2225 2134 2275 internas.

484 2314 717 2384 jactura
752 2312 1038 2366 timeatur.
1072 2312 1289 2366 Clamat
1320 2328 1449 2366 ecce
1495 2330 1595 2383 per
1624 2314 1964 2384 prophetam
2009 2314 2132 2385 Spi-

496 2407 640 2461 ritus
686 2410 916 2459 sauctus
968 2423 980 2460 :
1042 2406 1332 2468 Discedite,
1386 2407 1661 2473 discedite,
1708 2410 1849 2462 exite
1890 2408 2037 2477 inde,
2085 2414 2136 2463 et

492 2501 838 2555 immundum
866 2501 1035 2555 nolite
1064 2505 1305 2567 tangere.
1335 2503 1494 2555 Erite
1523 2501 1589 2555 de
1614 2501 1787 2555 medio
1814 2502 1951 2570 ejus,
1985 2517 2135 2572 sepa-

484 2596 791 2665 paramini,
816 2595 862 2627 ³³
894 2596 990 2663 qui
1016 2595 1176 2661 fertis
1215 2608 1348 2648 vasa
1382 2596 1596 2648 Domini
1621 2596 1773 2664 (Isa.,
1805 2611 1896 2661 ιιι,
1930 2598 2035 2664 H).
2067 2597 2135 2650 Et

493 2687 593 2759 qui
628 2705 756 2742 vasa
789 2691 923 2742 sunt
953 2687 1181 2742 Domini
1209 2704 1274 2742 ac
1306 2688 1582 2757 templum
1616 2689 1733 2754 Dei,
1766 2705 1837 2743 ne
1876 2690 2130 2743 immun-

498 2781 639 2836 dum
664 2786 904 2853 tangere
937 2786 993 2836 et
1026 2780 1298 2836 feralibus
1327 2780 1518 2852 474
1542 2782 1680 2836 cibis
1710 2783 1884 2853 pollui
1914 2784 2135 2838 violari-

498 2891 610 2947 que
642 2880 943 2947 cogantur,
976 2891 1090 2930 non
1129 2880 1338 2930 exeunt
1365 2874 1437 2929 de
1467 2875 1655 2930 medio
1687 2892 1789 2930 nec
1825 2876 2129 2931 recedunt!

492 2969 642 3024 Alibi
673 2985 902 3041 quoque
943 2986 1041 3024 vox
1086 2969 1317 3023 auditur
1345 2985 1373 3022 e
1402 2970 1561 3036 caelo,
1593 2986 1959 3040 prmmonens
1997 2969 2131 3042 quid

2236 1848 2294 1899 et
2319 1862 2689 1918 prmmonens
2715 1847 2773 1900 in
2799 1846 3055 1901 futurum
3075 1847 3118 1881 ‘7
3157 1863 3170 1900 :
3202 1846 3262 1901 Si
3286 1847 3391 1912 vis,
3419 1844 3615 1916 inquit,
3640 1846 3821 1914 perfec-

2238 1944 2326 1994 tus
2373 1955 2503 2003 esse,
2536 1940 2694 2009 vade,
2724 1941 2893 1995 vende
2930 1943 3110 1995 omnia
3151 1946 3267 2002 lita,
3306 1944 3358 1994 et
3397 1939 3469 1994 da
3503 1939 3822 2017 pauperibus,

2235 2038 2285 2087 et
2331 2034 2548 2088 habebis
2594 2034 2908 2089 thesaurum
2945 2036 3004 2088 in
3044 2034 3217 2103 cazlis;
3258 2038 3307 2089 et
3350 2035 3490 2095 veni,
3531 2048 3727 2102 sequere
3758 2048 3825 2086 me

2235 2125 2473 2196 (Matth.,
2504 2144 2614 2195 xxv,
2645 2126 2757 2197 2t).
2793 2127 2851 2183 Si
2891 2128 2997 2182 hoc
3032 2128 3234 2182 divites
3267 2128 3538 2193 facerent,
3578 2142 3671 2197 per
3701 2125 3824 2180 divi-

2233 2220 2344 2275 tias
2369 2237 2499 2275 suas
2522 2222 2567 2255 ‘3
2595 2238 2711 2276 non
2743 2220 3028 2292 perirent;
3059 2221 3393 2276 thesaurum
3431 2220 3487 2274 in
3519 2220 3647 2274 coelo
3683 2236 3823 2289 repo-

2233 2317 2459 2384 nentes,
2507 2315 2727 2370 hostem
2776 2331 2930 2371 nunc
2974 2319 3030 2370 et
3074 2320 3520 2387 expugnatorem
3539 2316 3585 2349 ‘9
3625 2314 3824 2369 domes-

2234 2408 2412 2463 ticum
2455 2426 2569 2463 non
2612 2409 2912 2464 haberent.
2956 2410 3113 2465 Esset
3140 2409 3199 2464 in
3240 2409 3381 2465 caelo
3422 2425 3519 2463 cor
3547 2413 3601 2464 et
3632 2408 3828 2462 animus

2235 2506 2291 2557 et
2327 2519 2547 2571 sensus,
2584 2503 2629 2558 si
2669 2503 2969 2558 thesaurus
3008 2506 3159 2559 esset
3194 2502 3250 2557 in
3291 2502 3436 2557 ccelo
3471 2519 3484 2557 :
3522 2517 3620 2557 nec
3649 2498 3829 2555 vincia

2235 2596 2441 2650 saeculo
2468 2602 2658 2667 posset
2686 2597 2784 2668 qui
2807 2596 2961 2651 unde
2994 2596 3319 2651 vinceretur
3337 2597 3408 2665 ⁵ο,
3432 2596 3489 2650 in
3514 2594 3708 2650 sreculo
3732 2610 3829 2648 non

2235 2689 2490 2745 haberet.
2532 2690 2884 2762 Sequeretur
2923 2691 3227 2746 Dominum
3272 2690 3491 2745 solutus
3534 2692 3590 2745 et
3623 2688 3826 2754 liber“,

2234 2787 2298 2837 ut
2324 2784 2558 2854 apostoli
2589 2789 2648 2839 et
2674 2784 2779 2838 sub
2818 2785 3086 2855 apostolis
3123 2785 3287 2839 multi
3327 2789 3388 2840 et
3421 2782 3669 2839 nonnulli
3700 2796 3827 2852 saepe

2232 2877 2514 2945 fecerunt,
2556 2879 2675 2949 qui,
2717 2881 2775 2933 et
2819 2878 2989 2934 rebus
3028 2879 3146 2933 suis
3193 2880 3250 2934 et
3292 2877 3620 2949 parentibus
3661 2872 3827 2947 475

2235 2970 2532 3040 derelictis,
2575 2972 2887 3027 individuis
2927 2972 3152 3030 Christo
3196 2972 3438 3028 nexibus
3478 2971 3827 3027 adhmserunt.

493 3063 594 3119 Dei
621 3080 811 3118 servos
851 3063 1039 3119 facere
1076 3063 1378 3118 conveniat
1417 3063 1611 3177 dice’ns
1639 3080 1652 3117 :
1682 3067 1787 3118 Emi
1822 3064 1887 3166 de
1923 3080 2006 3128 ea,
2032 3080 2130 3135 ρο·
2153 3104 2207 3177 C
2304 3067 2415 3122 ΧΠ.
2446 3066 2615 3137 Sequi
2646 3071 2842 3121 autem
2870 3066 3158 3123 Christum
3190 3066 3477 3138 quomodo
3504 3068 3724 3137 possunt
3748 3063 3830 3134 qui

487 3159 660 3229 putus
704 3173 869 3220 meus,
921 3174 987 3212 ne
1028 3160 1307 3227 particeps
1350 3160 1421 3211 sis
1465 3158 1784 3211 delictorum
1825 3158 1937 3227 ejus
1978 3163 2027 3212 et
2068 3175 2132 3212 ne
2157 3158 2207 3177 ν
2236 3159 2567 3230 patrimonii
2605 3160 2829 3215 vinculo
2872 3160 3241 3216 detinentur?
3279 3164 3393 3215 Aut
3431 3159 3702 3232 quomodo
3736 3173 3826 3212 cae-

486 3255 882 3324 perstringaris
915 3252 1095 3320 plagis
1124 3252 1236 3319 ejus
1264 3252 1470 3320 (Apoc,
1503 3268 1655 3317 xviii,
1690 3252 1758 3321 4).
1798 3252 1905 3314 Qui
1936 3252 2046 3307 exit
2076 3256 2132 3307 et

497 3346 647 3401 cedit
670 3348 716 3379 “
751 3343 938 3399 delicti
977 3344 1253 3415 particeps
1286 3362 1395 3398 non
1430 3344 1520 3410 ﬁt;
1550 3345 1730 3415 plagis
1758 3361 1891 3399 vero
1929 3352 1984 3399 et
2013 3346 2129 3416 ipse

491 3437 899 3511 perstringitur
924 3436 1021 3507 qui
1059 3437 1241 3491 socius
1278 3436 1530 3491 criminis
1557 3438 1867 3492 invenitur.
1902 3440 1970 3491 Et
1999 3439 2128 3494 ideo

494 3532 768 3587 Dominus
810 3531 867 3584 in
906 3530 1299 3600 persecutione
1337 3531 1600 3585 secedere
1646 3536 1699 3585 et
1735 3532 1933 3602 fugere
1962 3550 2127 3587 man—

493 3627 666 3691 davit,
706 3629 896 3696 atque,
941 3627 999 3679 ut
1040 3624 1093 3678 id
1138 3625 1316 3693 lieret,
1358 3631 1412 3679 et
1457 3624 1647 3679 docuit
1686 3629 1742 3679 et
1779 3626 1926 3681 fecit.
1968 3628 2126 3694 Nam,

2230 3254 2349 3307 lum
2382 3257 2603 3325 petunt,
2634 3259 2691 3310 et
2724 3254 2797 3309 ad
2833 3254 3093 3310 sublimia
3121 3260 3179 3310 et
3202 3254 3313 3310 alia
3340 3253 3720 3310 conscendunt
3748 3249 3830 3321 qui

2231 3348 2474 3403 terrenis
2527 3348 2935 3419 cupiditatibus
2985 3349 3413 3420 depravantur?
3465 3347 3733 3403 Possidere
3781 3359 3828 3397 se

2231 3441 2474 3496 credunt
2519 3442 2614 3513 qui
2664 3442 2851 3512 potius
2894 3443 3277 3513 possidentur,
3321 3459 3521 3498 census
3559 3440 3641 3496 sui
3684 3436 3828 3503 servi,

2233 3551 2334 3589 nec
2384 3536 2452 3589 ad
2501 3537 2807 3607 pecuniam
2856 3537 3061 3608 (40-41)
3106 3553 3263 3591 suam
3308 3536 3544 3602 domini,
3592 3534 3681 3589 sed
3724 3547 3826 3586 ma-

2230 3629 2316 3699 gis
2358 3630 2614 3701 pecuniaa
2658 3631 2985 3702 mancipati.
3029 3632 3136 3685 Hoc
3180 3637 3426 3702 tempus,
3462 3631 3559 3685 hos
3597 3628 3829 3684 homines

1867 3819 2075 3884 Variae
2145 3820 2484 3886 lectiones.

552 3992 597 4021 ⁴⁰
617 3988 840 4039 Exitum
867 3998 1032 4037 suum
1066 3982 1220 4036 Oxon.
1288 3983 1528 4035 “Nescio
1562 4000 1654 4033 cur
1692 3984 1876 4036 Baluz.
1912 3984 1995 4035 hic
2035 3987 2328 4050 interponat
2373 3987 2505 4037 mali
2550 3987 2733 4037 Goldh.
2801 3985 3090 4038 “Jactura
3132 3987 3255 4038 est?
3287 3984 3361 4038 Ut
3406 3985 3656 4037 Christus
3689 3982 3825 4031 Oxon.

492 4066 534 4097 ⁴³
564 4061 907 4113 Mundamini
940 4061 1076 4108 Man.
1110 4059 1218 4121 Qui
1256 4059 1490 4121 portatis
1526 4059 1637 4106 Lin.
1673 4056 1795 4106 Bod.
1862 4058 1905 4089 ⁴⁴
1927 4057 1997 4106 Et
2034 4056 2246 4108 secedit
2275 4059 2410 4107 Pem.
2444 4059 2551 4107 Lin.
2596 4058 2726 4107 Voss.
2757 4061 2804 4108 3.
2871 4059 2916 4091 ⁴⁵
2938 4059 3144 4108 Horam
3193 4059 3311 4108 Voss
3369 4058 3417 4108 3.
3485 4054 3700 4107 “Fides
3726 4066 3828 4117 pro-

490 4134 601 4182 dita
641 4137 696 4182 et
731 4145 887 4181 mens
928 4130 1074 4181 victa
1110 4131 1240 4179 Voss.
1279 4131 1322 4179 t.
1391 4128 1433 4162 ⁴⁷
1457 4130 1557 4178 Sic.
1607 4140 1666 4178 x1
1705 4130 1821 4177 Mss.
1864 4128 1934 4178 Et
1976 4140 2330 4192 praemonens
2375 4133 2432 4179 et
2465 4128 2764 4179 consulens
2795 4129 2951 4178 Oxon.
3018 4126 3206 4178 “Non
3233 4140 3366 4178 suas
3397 4128 3531 4178 Lam.
3569 4124 3826 4180 ΤΙιυ,.1⁷οςς.

496 4203 626 4252 Voss.
694 4202 737 4235 ‘9
758 4202 987 4252 Hostem
1032 4212 1182 4250 nunc
1221 4202 1657 4264 expugnatorem
1706 4199 1861 4248 Oxon.
1931 4197 2311 4250 “Vinciretur
2351 4197 2589 4249 emendat
2631 4200 2846 4250 Gronov.
2896 4198 3008 4249 Obs.
3054 4214 3185 4249 mon.
3224 4214 3275 4263 p.
3316 4199 3400 4249 40.
3468 4201 3507 4232 δ’
3530 4196 3756 4249 Securus
3785 4196 3830 4242 et

491 4274 635 4325 liber
665 4272 789 4323 Bod.
816 4275 862 4323 4.

1800 4406 2026 4491 Steph.
2067 4406 2315 4472 Baluzii
2358 4411 2552 4472 notae.

491 4578 765 4648 placebat.
796 4580 914 4669 Eg'o
937 4581 1178 4669 prefers)
1207 4595 1328 4633 eam
1361 4595 1488 4666 qua
1528 4581 1696 4669 habet
1730 4582 2123 4669 immolaturus,
2147 4597 2205 4669 D
2228 4596 2318 4669 res
2372 4585 2431 4669 et
2472 4586 2700 4633 sanctus
2730 4580 3120 4669 Augustinus.
3182 4578 3441 4669 Plerique
3493 4569 3829 4669 tamen-libri

494 4669 662 4719 quam
702 4668 815 4704 non
855 4653 1051 4705 dubito
1089 4655 1261 4705 fuisse
1295 4656 1550 4719 primam.
1590 4656 1727 4705 Nam
1764 4659 1817 4706 et
1858 4669 1987 4705 mox
2030 4649 2203 4707 διδ-³³
2228 4654 2437 4705 habent
2480 4657 2833 4712 morerentur,
2880 4652 3135 4715 quinque
3175 4649 3357 4701 aliena
3402 4652 3570 4699 morte
3592 4657 3828 4697 moreren-

490 4727 682 4791 quitur
708 4741 719 4772 :
748 4724 1040 4775 lmmolasti
1066 4724 1148 4775 hic
1175 4724 1395 4775 salutem
1423 4731 1584 4774 tuam.
1620 4726 1799 4775 Aliam
1827 4726 2125 4777 lectionem

488 4797 752 4860 adjuvare
790 4798 1029 4859 possunt
1066 4795 1188 4846 haec
1228 4795 1397 4846 verba
1440 4797 1768 4847 Tertulliani
1795 4810 1860 4847 ex
1892 4798 2032 4847 libro
2066 4799 2129 4848 de

485 4870 718 4933 Jejuniis
744 4884 761 4917 :
789 4886 819 4916 «
855 4867 1046 4918 Saccis
1092 4869 1265 4918 voluti
1315 4872 1366 4917 et
1407 4870 1593 4918 cinere
1637 4871 1925 4933 conspersi
1963 4868 2126 4920 idolis

488 4943 605 4990 suis
630 4938 904 4989 invidiam
927 4938 1238 5002 supplicem
1268 4938 1555 5002 objiciunt.
1584 4956 1613 4987 ιο

553 5012 647 5075 (35)
698 5009 934 5072 Infantes
987 5023 1212 5073 quoque.
1271 5009 1416 5060 Citat
1464 5011 1615 5061 hunc
1672 5012 1852 5061 locum
1900 5017 2127 5062 sanctus

489 5083 842 5147 Augustinus
896 5081 950 5130 in
1007 5081 1253 5144 Epistola
1295 5082 1367 5132 ad
1417 5081 1749 5145 Boni/actum
1806 5083 2123 5145 episcopum.

490 5155 727 5219 Optatus
758 5152 851 5203 lib.
893 5165 947 5203 ut
986 5166 997 5199 :
1033 5152 1362 5204 «Omnibus
1398 5154 1536 5204 locis
1568 5152 1835 5216 templum
1880 5156 1996 5204 erat
2029 5157 2128 5202 aut

488 5229 692 5279 scelus.
728 5224 1171 5289 lnquinabantur
1212 5238 1379 5288 prope
1421 5225 1719 5275 morientes
1757 5237 1939 5287 senes,
1968 5226 2125 5288 igno-

490 5313 616 5350 rans
646 5296 999 5363 polluebatur
1022 5296 1274 5356 infantia,
1304 5296 1564 5346 manibus
1586 5297 1739 5361 parvi
1766 5299 1923 5361 pueri
1947 5300 2126 5361 porta-

488 5371 692 5420 bantur
718 5367 787 5417 ad
814 5367 990 5427 nefas,
1014 5369 1271 5430 parentes
1294 5368 1583 5418 incruenta
1618 5369 1913 5432 parricidia
1943 5370 2126 5419 facere

489 5439 851 5504 cogebantur.
885 5452 915 5483 ι»

547 5512 648 5573 (36)
681 5510 982 5559 Amiserunt
1020 5507 1256 5573 parvuli.
1296 5509 1461 5560 Hunc
1486 5522 1711 5575 quoque
1743 5510 1931 5560 locum
1959 5511 2127 5562 refert

482 5586 711 5633 sanctus
740 5581 1091 5647 Augustinus
1115 5582 1170 5631 in
1204 5581 1448 5645 Epistola
1479 5581 1555 5630 ad
1584 5580 1911 5645 Bonifacium
1934 5582 2129 5645 episco-

481 5668 631 5720 pum,
675 5657 738 5703 ut
777 5652 1034 5717 Cypriani
1076 5654 1393 5704 testimonio
1436 5653 1629 5717 probet
1678 5654 1923 5717 parvulis
1978 5652 2126 5716 apud

480 5725 665 5778 Deum
691 5739 803 5775 non
836 5723 1063 5775 ofﬁcere
1094 5728 1385 5789 parentum
1422 5725 1727 5789 perﬁdiam.

539 5798 643 5870 (37)
688 5797 877 5848 Aliena
917 5795 1108 5861 fraude
1150 5809 1474 5860 caperemur.
1530 5796 1607 5845 ita
1649 5809 1748 5846 sex
1803 5795 1929 5846 libri
1975 5798 2124 5846 vete-

2224 4730 2391 4857 ιιιῖέέ8)
2428 4794 2534 4845 Illae
2579 4797 2789 4843 catena.
2829 4792 3070 4844 Sanctus
3110 4792 3479 4856 Augustinus,
3522 4790 3740 4840 tractatu
3777 4783 3829 4833 ω

2227 4868 2283 4918 in
2321 4867 2689 4931 Evangelium
2722 4868 2955 4917 Joannis
2984 4881 2995 4913 :
3035 4885 3059 4910 α
3087 4865 3205 4916 Erit
3248 4864 3350 4916 tibi
3391 4864 3619 4914 avaritia
3653 4863 3826 4912 catena

2265 4939 2450 4990 edum.
2483 4956 2511 4984 »

2227 4954 2540 5074 Ρϐὦξῖῃρῖξ
2594 5008 2943 5060 terrestribus.
2999 5008 3274 5058 Pamelius
3326 5007 3531 5072 adjecit
3584 5000 3827 5074 cupiditaf

2225 5071 2383 5141 tibus,
2433 5071 2629 5146 parum
2685 5081 2859 5130 firmis
2906 5080 3255 5130 testimoniis.
3311 5071 3463 5130 Idem
3515 5075 3675 5140 paulo
3722 5071 3827 5134 post

2227 5154 2394 5205 simili
2439 5153 2766 5204 auctoritate
2812 5150 3025 5202 addidit
3078 5158 3129 5201 et
3177 5152 3455 5202 consulens
3496 5150 3630 5222 post,
3657 5152 3825 5222 vocem

2224 5238 2565 5288 praemonens.
2613 5224 2722 5275 Sed
2764 5226 2866 5274 ista
2913 5236 3024 5273 non
3065 5226 3283 5275 exstant
3322 5224 3379 5273 in
3424 5212 3663 5283 antiquis
3698 5212 3829 5266 codi-

2226 5296 2386 5359 cibus
2435 5309 2618 5361 neque
2660 5296 2718 5345 in
2764 5295 3011 5359 antiquis
3062 5294 3411 5345 editionibus.
3461 5290 3622 5354 Angli
3664 5291 3826 5365 tamen

2226 5381 2290 5420 ea
2335 5358 2704 5427 retinuerunt,
2750 5367 3004 5431 quamvis
3053 5365 3142 5417 his
3187 5367 3439 5417 carerent
3480 5375 3666 5415 eorum
3700 5358 3826 5408 libri.

2228 5438 2349 5489 Vox
2379 5439 2685 5503 cupiditatis
2710 5439 2897 5489 addita
2934 5437 3084 5488 haud
3114 5436 3285 5488 dubie
3312 5441 3397 5487 est
3421 5450 3454 5486 a
3475 5433 3707 5501 quodam
3724 5432 3829 5503 istu-

2226 5511 2384 5561 dioso
2415 5501 2513 5575 qui
2548 5510 2691 5560 infra
2733 5510 2970 5575 legebat,
2999 5527 3027 5558 (‹
3058 5508 3167 5571 Qui
3198 5509 3428 5560 terrenis
3456 5501 3827 5571 cupiditatibus

2224 5587 2657 5647 prtegravantur.
2684 5599 2713 5631 »

2286 5653 2487 5715 (40-41)
2531 5654 2635 5703 Nec
2686 5653 2758 5703 ad
2801 5655 3097 5717 pecuniam.
3150 5652 3409 5717 Quinque
3463 5649 3587 5700 libri
3634 5648 3826 5717 veteres

2225 5710 2433 5775 habent
2470 5710 2503 5770 ἀ
2543 5725 2657 5775 Nec
2706 5710 2961 5789 pecuniae
3000 5739 3138 5775 81118.
3171 5710 3202 5769 ἶ›
3240 5710 3347 5775 Alii
3382 5723 3515 5782 duo,
3557 5738 3585 5769 α
3621 5719 3727 5770 Nec
3767 5710 3825 5765 ad

2227 5797 2521 5861 pecuniam
2544 5795 2776 5859 domini,
2802 5796 2902 5848 sed
2933 5797 3037 5862 ipsi
3062 5797 3247 5861 potius
3274 5796 3542 5862 pecunia.
3569 5811 3597 5843 ν
