3978 6194
189 201 272 257 489

1505 197 1699 253 LIBER
1739 197 1824 252 DE
1864 196 2114 252 LAPSIS.

3382 197 3486 252 490

187 321 440 393 Apostolus
467 319 697 374 denotat
732 319 925 374 dicens
956 336 968 374 :
1000 320 1105 386 Qui
1133 324 1311 374 autem
1336 320 1531 376 uolunt
1562 322 1758 376 divites
1782 333 2063 405 Arogare
2109 318 2255 395 talis
2276 322 2332 372 et
2372 319 2557 373 dicere
2600 335 2613 372 :
2656 339 2684 368 «
2723 319 2948 375 Certare
2991 319 3224 390 quidem
3265 318 3490 375 fortiter

183 419 294 486 ﬁeri,
318 414 549 468 incidunt
578 416 635 467 in
668 416 1013 469 tentationem
1044 420 1093 468 et
1123 414 1546 483 muscipulam52
1578 421 1627 468 et
1664 415 1758 469 de-

181 509 352 565 sideria
386 508 553 560 multa
595 509 816 562 inutilia
855 511 904 561 et
950 509 1201 562 nocentia
1228 508 1297 575 δί’,
1352 522 1475 577 quae
1516 512 1762 577 mergunt

181 603 405 656 hominem
429 603 487 654 in
506 600 865 670 perditionem
894 605 944 655 et
978 602 1038 654 in
1073 602 1368 655 interitum.
1402 601 1585 656 Radix
1619 605 1761 656 enim

178 697 381 752 omnium
407 694 672 748 malorum
697 700 777 749 est
799 695 1095 763 cupiditas,
1131 710 1297 763 quam
1331 694 1557 763 quidam
1594 711 1759 766 appe-

181 793 317 844 tentes
344 792 656 843 erraverunt
687 786 797 858 (42)
826 804 859 842 a
882 788 986 856 ﬁde
1015 792 1065 843 et
1098 790 1444 845 inseruerunt
1476 805 1530 845 se
1557 790 1759 845 dolori-

178 883 255 937 bus
286 882 457 936 multis
495 881 536 952 (l
579 882 738 941 Tim.,
778 897 853 947 v1,
896 880 971 949 9).
1003 882 1279 936 Dominus
1321 886 1513 937 autem
1558 882 1763 954 quibus

178 991 259 1029 nos
290 973 530 1044 praemiis
555 973 625 1027 ad
662 975 1055 1045 contemptum
1092 974 1174 1030 rei
1204 974 1499 1029 familiaris
1532 976 1765 1031 invitat?

172 1070 325 1123 Parva
349 1067 468 1121 haec
495 1072 548 1121 et
578 1066 784 1137 exigua
810 1066 983 1137 hujus
1012 1067 1285 1139 temporis
1315 1068 1524 1123 damna
1559 1068 1763 1139 quibus

174 1160 497 1215 mercedibus
531 1160 771 1230 pensat?
798 1161 963 1214 Nemo
994 1166 1089 1223 est,
1120 1160 1323 1231 inquit,
1356 1164 1455 1230 qui
1488 1162 1765 1231 relinquat

173 1254 357 1308 domum
384 1259 479 1308 aut
506 1268 719 1322 agrum,
745 1259 843 1307 aut
860 1258 1112 1323 parentes
1138 1258 1234 1308 aut
1257 1255 1482 1320 fratres,
1514 1258 1614 1309 aut
1638 1270 1766 1310 umo-

171 1363 262 1401 rem
300 1351 392 1400 aut
431 1347 593 1414 ﬁlios,
624 1352 851 1416 propter
886 1361 1113 1415 regnum
1144 1349 1258 1410 Dei,
1299 1353 1351 1402 et
1391 1363 1498 1401 non
1539 1350 1767 1418 recipiat

175 1442 337 1509 septies
378 1439 482 1509 (43)
517 1442 730 1493 tantum
766 1441 827 1492 in
866 1441 965 1492 isto
1008 1444 1257 1509 tempore,
1286 1442 1345 1493 in
1376 1441 1565 1495 saeculo
1590 1447 1769 1495 autem

171 1539 366 1586 venturo
388 1535 556 1585 vitam
585 1538 843 1586 aeternam
874 1534 1090 1601 (Μάνου
1120 1548 1173 1599 x,
1200 1533 1311 1602 29).
1343 1532 1555 1597 Quibus
1581 1533 1767 1603 cogni-

1860 413 2032 479 volui,
2093 415 2168 479 et,
2226 412 2561 467 sacramenti
2612 412 2722 466 mei
2776 429 3017 479 memor,
3065 411 3376 467 devotionis
3425 429 3490 467 ac

1859 505 1996 561 fidei
2038 522 2195 561 arma
2240 506 2490 577 suscepi;
2543 506 2642 559 sed
2689 522 2780 560 me
2824 506 2883 560 in
2927 506 3325 577 congressione
3374 508 3488 575 (47)

1860 604 2217 672 pugnantem
2264 597 2655 654 cruciamenta
2696 598 2848 652 varia
2892 605 2948 653 et
2991 599 3271 671 supplicia
3314 599 3487 670 longa

1861 692 2134 747 vicerunt.
2164 692 2331 747 Stetit
2358 708 2521 747 mens
2558 690 2765 746 stabilis
2804 694 2860 745 et
2894 690 3033 745 ﬁdes
3062 692 3238 761 fortis,
3272 695 3330 747 et
3356 708 3487 746 cum

1860 786 2256 858 torquentibus
2304 785 2486 857 poenis
2540 784 2855 838 immobilis
2900 784 2996 838 diu
3044 785 3235 840 anima
3281 786 3488 840 luctata

1863 884 1947 933 est
1978 896 1991 934 :
2021 879 2120 934 sed
2161 896 2311 947 cum,
2343 878 2629 934 durissimi
2661 877 2871 950 judicis
2909 878 3340 932 recrudescente
3381 896 3485 932 saa-

1862 972 2017 1040 vitia,
2055 973 2178 1043 jam
2227 973 2527 1044 fatigatum
2578 973 2684 1044 (48)
2732 988 2884 1026 nunc
2930 970 3158 1042 ﬂagella
3175 973 3222 1005 ⁶⁶
3267 971 3491 1025 scinde-

1864 1069 2021 1132 rent,
2075 1081 2224 1120 nunc
2277 1066 2694 1121 contunderent
2752 1065 2956 1132 fustes,
3009 1080 3161 1119 nunc
3218 1064 3494 1135 equuleus

1866 1158 2221 1229 extenderet,
2267 1175 2417 1213 nunc
2466 1158 2682 1229 ungula
2727 1158 3022 1226 effoderet,
3072 1173 3225 1212 nunc
3265 1157 3496 1211 ﬂamma

1865 1255 2128 1318 torreret,
2173 1267 2303 1306 caro
2349 1268 2442 1306 me
2487 1253 2544 1306 in
2586 1251 2975 1306 colluctatione
3021 1246 3290 1317 deseruit,
3335 1250 3490 1305 inﬁr-

1866 1344 2036 1399 mitas
2075 1344 2353 1399 viscerum
2398 1345 2586 1413 cessit,
2627 1361 2731 1399 nec
2776 1345 2999 1399 animus
3042 1345 3136 1399 sed
3182 1360 3387 1414 corpus
3432 1344 3494 1399 in

1868 1438 2059 1492 dolore
2113 1438 2317 1493 defecit
2367 1440 2495 1509 (49).
2543 1461 2569 1487 ››
2620 1440 2814 1492 Potest
2863 1439 2972 1492 cito
2991 1439 3037 1471 ⁵⁷
3087 1438 3367 1508 proﬁcere
3420 1439 3493 1492 ad

1866 1531 2096 1585 veniam
2140 1548 2304 1586 causa
2342 1533 2483 1586 talis.
2520 1534 2707 1586 Potest
2745 1531 3026 1602 ejusmodi
3062 1531 3343 1585 excusatio
3373 1547 3492 1586 esse

173 1624 229 1677 tis
261 1625 404 1677 etde
432 1624 656 1679 Domini
694 1624 1009 1695 pollicentis
1040 1624 1275 1681 veritate
1304 1626 1626 1696 compertis,
1654 1643 1763 1681 non
1812 1695 1817 1696 γ
1868 1624 2232 1678 miserabilis.
2293 1625 2380 1679 Sic
2433 1624 2590 1678 hic58
2641 1627 2804 1680 Casto
2854 1630 2910 1679 et
2957 1624 3177 1678 zEmilio
3233 1626 3339 1695 (50)
3387 1623 3493 1678 ali-

171 1719 363 1770 tantum
397 1717 652 1799 timenda
682 1734 795 1772 non
831 1723 913 1772 est
944 1718 1249 1788 ejusmodi,
1286 1718 1387 1773 sed
1423 1695 1480 1774 et
1517 1695 1844 1790 optandaB
1868 1718 2098 1790 quando
2148 1719 2424 1773 Dominus
2468 1717 2716 1789 ignovit;
2755 1718 2854 1785 sic,
2892 1718 2951 1772 in
2991 1718 3177 1789 prima
3221 1733 3494 1788 congres-

164 1809 376 1879 jactura,
418 1810 543 1881 ipso
583 1810 768 1865 denuo
812 1811 1050 1865 Domino
1069 1802 1504 1881 “praedicante
1546 1815 1603 1866 et
1640 1828 1763 1867 mo-

172 1909 317 1956 nente
349 1920 362 1956 :
406 1905 566 1957 Beati
600 1905 752 1958 eritis
796 1919 915 1957 cum
953 1907 1227 1973 persecuti
1263 1920 1353 1960 vos
1391 1906 1600 1971 fuerint
1621 1905 1689 1972 ⁵⁵,
1718 1910 1768 1959 et

168 1999 513 2063 separaverint
548 2011 642 2050 vos
685 2000 736 2051 et
776 1998 1105 2065 espulerint,
1153 2002 1202 2052 et
1246 1999 1629 2052 maledi'cerint
1670 2013 1763 2052 no-

169 2090 282 2142 nimi
301 2093 471 2143 vestro
496 2095 559 2143 ut
598 2105 830 2159 nequam
857 2096 1081 2160 propter
1105 2092 1306 2146 Filium
1331 2091 1583 2145 hominis.
1615 2089 1764 2146 Gau-

170 2179 262 2235 dete
284 2184 339 2235 in
359 2182 459 2237 illa
500 2182 592 2237 die
632 2187 683 2236 et
707 2183 1012 2237 emsultate:
1047 2199 1157 2239 ecce
1191 2186 1332 2239 enim
1368 2199 1562 2239 merces
1587 2191 1770 2239 vestra

168 2275 318 2328 multa
346 2279 423 2330 est
444 2277 508 2329 in
533 2276 677 2330 castis
700 2276 871 2346 (Luc.,
898 2292 973 2343 vr,
1002 2278 1112 2346 22).

225 2366 401 2439 476
459 2369 599 2423 ΧΙΙΙ.
656 2367 767 2422 Sed
824 2371 1112 2424 tormenta
1181 2369 1548 2440 postmodum
1596 2386 1767 2425 vene-

168 2466 274 2514 rant
319 2461 449 2530 (44),
499 2465 561 2516 et
612 2461 891 2516 cruciatus
948 2479 1149 2534 graves
1200 2463 1609 2518 reluctantibus
1663 2465 1767 2533 (45)

168 2552 547 2610 imminebant.
595 2555 767 2619 Queri
825 2555 896 2610 de
947 2555 1248 2611 tormentis
1299 2559 1487 2626 potest
1529 2557 1628 2628 qui
1672 2574 1772 2629 per

169 2650 426 2703 tormenta
469 2652 767 2720 separatus
808 2649 931 2703 est?
972 2650 1162 2704 Poteet
1204 2649 1625 2704 excusationem
1671 2651 1767 2705 do-

169 2738 278 2795 loris
306 2742 622 2799 obtendere
649 2742 747 2814 qui
774 2741 950 2798 victus
981 2749 1066 2798 est
1091 2742 1149 2797 in
1178 2742 1372 2797 dolore
1402 2742 1513 2812 (46)
1531 2743 1558 2796 ‘?
1584 2745 1774 2799 Potest

1864 1812 2023 1866 sione
2089 1812 2365 1879 devictos,
2418 1812 2657 1867 victores
2710 1812 2769 1865 in
2837 1811 3080 1866 secundo
3131 1810 3241 1882 (51)
3294 1810 3494 1881 praelia

1867 1905 2132 1973 reddidit,
2180 1908 2241 1958 ut
2287 1906 2549 1960 fortiores
2598 1904 2826 1975 ignibus
2876 1903 3078 1957 fierent
3119 1904 3219 1975 qui
3265 1903 3496 1973 ignibus

1865 2003 1995 2052 ante
2022 1998 2339 2067 cessissent,
2370 2002 2424 2053 et
2461 1996 2611 2052 unde
2640 1996 2896 2068 superati
2924 2002 3134 2065 essent,
3163 1996 3296 2051 inde
3325 2013 3495 2068 supe-

1867 2095 2080 2146 rarent.
2106 2090 2574 2162 Deprecabautur
2601 2091 2682 2145 illi
2712 2106 2827 2145 non
2857 2092 3237 2161 lacrymarum
3264 2090 3500 2145 misera-

1867 2184 2020 2239 tione
2051 2185 2149 2239 sed
2179 2185 2505 2252 vulnerum,
2541 2200 2644 2239 nec
2675 2185 2794 2239 sola
2829 2184 3182 2240 lamentabili
3210 2200 3364 2251 voce,
3394 2185 3496 2238 sed

1868 2278 2211 2333 laceratione
2242 2277 2499 2349 corporis
2526 2283 2581 2333 et
2606 2279 2824 2333 dolore.
2857 2278 3117 2334 Manabat
3138 2293 3241 2349 pro
3268 2277 3498 2332 ﬂetibus

1870 2371 2120 2442 sanguis,
2172 2375 2229 2426 et
2273 2388 2377 2442 pro
2421 2372 2685 2443 lacrymis
2731 2388 2898 2428 cruor
2941 2372 3343 2427 semiustulatis
3384 2372 3497 2443 (52)

1870 2465 2176 2521 visceribus
2207 2464 2513 2520 deﬂuebat.

1942 2559 2071 2615 XIV.
2104 2560 2261 2612 Nunc
2290 2574 2421 2613 vero
2451 2574 2580 2629 quae
2608 2559 2845 2613 vulnera
2876 2558 3175 2614 ostendere
3202 2558 3337 2613 victi
3366 2575 3495 2629 pos-

1872 2657 2021 2721 sunt,
2065 2650 2253 2723 477
2304 2668 2446 2723 quas
2488 2653 2679 2722 plagas
2725 2652 2829 2721 (53)
2871 2651 3151 2706 hiantium
3195 2652 3496 2722 viscerum,

1872 2761 2001 2817 quae
2025 2748 2309 2801 tormenta
2336 2745 2753 2815 membrorum,
2778 2744 2873 2799 ubi
2895 2761 3009 2800 non
3032 2744 3171 2800 fides
3196 2761 3501 2817 congressa

1520 2923 1729 2988 Variae
1782 2923 2127 2990 lectiones.

220 3084 253 3115 δ’
278 3082 644 3148 Muscipulam
679 3085 885 3137 diaboli
927 3087 1060 3137 Voss.
1087 3088 1133 3138 3.

171 3152 395 3206 homines
422 3157 518 3206 Ar.
546 3157 672 3206 Bod.
707 3158 753 3207 2.
780 3157 829 3208 3.

172 3222 286 3286 Spir.
314 3226 466 3288 Impr.
502 3240 624 3291 nup.

1234 3092 1274 3122 ⁵³
1305 3089 1475 3139 Multa
1507 3092 1563 3139 et
1589 3089 1850 3140 nocentia
1890 3088 2045 3139 Oxon.
2086 3102 2148 3138 ea:
2185 3088 2336 3138 MSS.

930 3159 971 3190 ⁵⁸
995 3157 1238 3224 Flagella
1263 3159 1447 3210 adhuc
1479 3158 1597 3207 Bod.
1634 3160 1678 3221 1,
1704 3158 1754 3220 3,
1789 3159 1839 3208 4.

2431 3087 2475 3121 ⁵⁸
2504 3087 2576 3137 Et
2614 3087 2732 3138 Deo
2774 3087 2910 3136 Voss.
2958 3088 3004 3136 1.
3044 3087 3092 3137 3.

1937 3156 1977 3191 ⁵⁷
2009 3157 2132 3208 Cito
2160 3156 2301 3207 deest
2329 3159 2381 3207 in
2412 3159 2547 3209 Voss.

3193 3088 3236 3120 ⁵⁵
3269 3086 3500 3137 Fuerint

2650 3156 2691 3189 ⁵⁸
2721 3155 2815 3208 Sic
2839 3156 2921 3208 sic
2939 3158 3079 3207 Lam.
3122 3156 3254 3207 Voss.
3288 3156 3333 3204 1.
3360 3156 3503 3205 Foss.

1443 3310 1670 3392 Steph.
1717 3308 1964 3373 Baluzii
2009 3313 2203 3372 notae.

222 3441 305 3536 (42)
353 3444 706 3492 Erraverunt.
761 3441 1172 3536 ﬁevocavimu‘s
1234 3446 1546 3524 necessario
1625 3445 1846 3536 hancC
1872 3442 2849 3536 taLtuvaitii'pontrarhunculocufn
2869 3446 3024 3536 dum“
3047 3440 3503 3536 tassum._Cassar,

170 3511 455 3574 lectionem,
525 3526 691 3577 quam
761 3513 1041 3563 Manutius
1099 3515 1483 3565 eliminaverat
1560 3529 1773 3579 ponens

170 3583 625 3646 naufragaverunt.
702 3582 1034 3647 Quanquam
1090 3584 1241 3634 illius
1295 3586 1617 3635 mutationis
1664 3587 1771 3650 pri-

170 3665 273 3701 mus
297 3659 486 3704 auctor
538 3667 648 3702 non
694 3657 776 3703 est
830 3654 1126 3715 Manutius,
1169 3669 1296 3705 cum
1341 3669 1406 3705 ea
1448 3656 1613 3707 lectio
1659 3660 1771 3719 jam

172 3729 381 3775 exstaret
409 3727 465 3774 in
501 3725 751 3787 margine
778 3723 1038 3774 editionis
1068 3739 1195 3789 qua:
1244 3726 1444 3777 dicitur
1483 3740 1605 3778 esse
1634 3727 1773 3777 Gra-

170 3794 246 3842 vii.
295 3794 367 3844 Ea
422 3808 598 3859 quam
640 3807 742 3843 nos
795 3796 1147 3858 reposuimus
1192 3802 1372 3847 exstat
1417 3798 1473 3846 in
1530 3799 1774 3862 antiquis

172 3863 486 3915 editionibus
538 3869 593 3914 et
631 3866 687 3914 in
740 3863 935 3915 decem
980 3870 1033 3915 et
1073 3880 1270 3917 novem
1324 3870 1555 3917 vetustis
1585 3883 1773 3920 exem-

170 3933 402 3996 plaribus.
464 3935 847 3985 Manutianam
892 3949 1004 3985 non
1043 3937 1231 3987 inveni
1267 3938 1373 3987 nisi
1420 3939 1475 3987 in
1508 3940 1770 4003 quinque.

172 4004 438 4067 Pamelius,
490 4007 749 4069 quamvis
823 4020 944 4056 eam
1018 4009 1309 4058 retinuerit
1364 4010 1421 4057 in
1487 4014 1771 4070 contextu,

170 4078 319 4138 magis
340 4078 509 4127 aliam
545 4077 739 4139 probat
788 4077 844 4125 in
889 4077 1370 4128 observationibus
1408 4080 1540 4128 suis.
1573 4080 1635 4129 In
1659 4095 1774 4130 uno

172 4158 280 4196 vero
303 4147 439 4197 libro
489 4160 561 4197 ex
600 4160 752 4197 more
800 4151 1049 4197 veterum
1094 4149 1445 4200 librariorum
1506 4152 1774 4214 scriptum

170 4222 235 4265 est
256 4218 709 4282 naufragaverunt
751 4223 798 4267 et
844 4226 1175 4269 erraverunt.
1222 4220 1291 4270 Et
1328 4225 1513 4272 tamen
1549 4220 1774 4286 Cypriae

171 4299 260 4337 nus
303 4290 354 4337 in
415 4289 561 4339 libro
614 4288 677 4338 de
733 4289 982 4338 Oratione
1040 4291 1357 4353 Dominica;
1413 4292 1469 4341 in
1517 4292 1658 4342 libro
1714 4294 1776 4342 de

174 4359 311 4421 Opere
328 4365 373 4409 et
402 4359 785 4422 Etesmosynis,
811 4364 866 4409 et
892 4359 987 4410 lib.
1018 4373 1075 4412 m
1105 4361 1533 4413 Testimoniorum
1554 4377 1674 4427 cap.
1694 4365 1771 4425 61,

170 4427 311 4480 habet
338 4430 819 4493 Naufragaoerunt
853 4444 888 4480 α
915 4430 1031 4492 ﬁde.

222 4500 308 4562 (43)
341 4503 558 4566 Septies.
596 4503 852 4564 Quatuor
886 4501 1014 4551 libri
1052 4506 1268 4554 veteres
1305 4508 1359 4554 et
1388 4503 1557 4555 editio
1587 4505 1776 4556 Manu-

170 4570 295 4621 tiana
314 4571 525 4623 habent
555 4575 760 4623 centies.

221 4642 306 4703 (44)
338 4644 617 4692 Venerunt.
659 4643 740 4692 Ita
780 4646 993 4694 veteres
1045 4643 1314 4695 editiones
1360 4648 1419 4695 et
1458 4655 1623 4696 xxvu
1649 4644 1776 4695 libri

171 4716 376 4774 veteres,
406 4714 466 4763 in
509 4713 714 4778 quibus
746 4726 896 4777 pono
934 4715 1316 4767 Veronensem
1360 4722 1415 4766 et
1462 4716 1775 4781 Seguierla-

170 4794 306 4845 num,
346 4786 454 4834 nisi
505 4783 654 4849 quod
701 4798 890 4835 earum
925 4788 1034 4835 tres
1070 4786 1278 4837 habent
1312 4792 1584 4838 venerunt.
1614 4788 1776 4839 Eras-

171 4865 277 4902 mus
306 4856 527 4919 scripsit
552 4860 775 4905 ventura
802 4859 976 4905 eram.

225 4924 314 4987 (45)
365 4924 778 4976 Reluctantibus.
852 4930 1105 4989 Quatuor
1139 4929 1264 4980 libri
1310 4932 1524 4980 veteres
1576 4930 1780 4993 praefe-

172 4999 282 5043 runt
312 4997 367 5043 in
396 4995 789 5057 luctationibus,
816 4997 960 5047 alius
998 4999 1055 5047 in
1088 4998 1476 5049 luctaminibus.

228 5065 311 5128 (46)
338 5069 401 5116 In
437 5067 635 5118 dolore.
670 5066 863 5118 Codex
901 5069 1151 5119 Lamonii
1192 5083 1288 5132 per
1336 5069 1588 5120 dolorem.
1617 5069 1778 5133 Quod

172 5134 379 5189 fortasse
422 5139 622 5188 melius
671 5141 770 5189 est.
827 5138 969 5190 Vide
1012 5140 1317 5203 Epistolam
1372 5154 1428 5191 III
1473 5141 1664 5191 Basilii
1710 5141 1781 5190 ad

173 5207 592 5276 4mphilochium,
637 5209 735 5259 ubi
778 5213 977 5262 tractat
1015 5211 1084 5261 de
1129 5212 1195 5261 iis
1230 5214 1325 5276 qui
1380 5225 1493 5262 non
1542 5212 1781 5263 ferentes

174 5274 371 5329 dolores
399 5280 471 5330 ad
499 5282 850 5344 negationem
877 5280 1083 5332 Christi
1113 5274 1271 5333 tracti
1300 5287 1447 5332 sunt.

228 5348 313 5411 (47)
346 5352 738 5414 Congressione.
771 5352 960 5404 Codex
996 5353 1270 5406 Fuxensis
1294 5354 1676 5406 colluctatione.

226 5419 318 5479 (48)
397 5422 715 5485 Fatigatum.
775 5423 1058 5474 Morellius
1117 5430 1171 5475 et
1232 5425 1510 5475 Pamelius
1571 5425 1781 5475 addunt

168 5487 273 5561 jam
302 5490 492 5541 lassum
519 5505 718 5556 corpus.
757 5493 867 5544 Sed
898 5506 999 5558 ego
1024 5492 1223 5558 delevi,
1267 5496 1398 5561 quia
1446 5510 1560 5547 non
1605 5495 1781 5559 reperi

175 5557 350 5629 inullo
391 5563 563 5613 veteri
607 5563 749 5614 libro
794 5578 962 5629 quam
1016 5566 1072 5614 in
1122 5557 1406 5618 Beccensi.
1459 5566 1570 5618 Sed
1598 5557 1783 5618 tamen

177 5627 227 5677 in
250 5634 412 5682 variis
460 5634 794 5685 lectionibus
812 5627 1032 5699 positis
1079 5636 1148 5687 ab
1195 5638 1413 5689 erudito
1464 5637 1710 5702 quodam
1726 5638 1782 5687 in

176 5702 503 5767 marginibus
543 5705 801 5757 editionis
848 5706 1239 5772 Lugdunensis
1278 5710 1407 5761 anni
1439 5711 1579 5772 1544,
1611 5709 1786 5760 adno-

481 5793 752 5863 PATBOL.
798 5796 904 5864 1V.

1794 4830 1854 4903 D

1874 3515 2023 3565 lib.'1
2049 3515 2111 3564 de
2132 3514 2264 3565 bello
2296 3514 2669 3573 Gallico,dicit
2701 3531 2728 3559 α
2756 3512 3094 3565 Verberibus
3126 3513 3503 3563 exanimatum

1874 3598 2092 3649 corpus.
2128 3604 2155 3631 »

1940 3657 2036 3719 (49)
2086 3659 2148 3707 1η
2194 3655 2376 3706 dolore
2429 3656 2633 3719 defecit.
2700 3656 3075 3718 Hieronymus
3141 3655 3197 3703 in
3255 3657 3422 3716 caput
3485 3667 3502 3702 ι

1873 3727 2137 3790 Epistolas
2185 3728 2339 3777 Pauli
2396 3727 2627 3791 apostoli
2664 3725 2733 3775 ad
2771 3725 2994 3777 Galatas
3039 3741 3050 3773 :
3097 3744 3123 3772 ‹‹
3148 3725 3210 3772 In
3241 3724 3505 3787 martyrio

1873 3811 1985 3847 non
2013 3797 2207 3847 eadem
2234 3811 2396 3862 paena
2426 3797 2689 3860 plectitur
2717 3797 2813 3859 qui
2862 3795 3073 3859 absque
3107 3794 3505 3845 colluctatione

1874 3872 1928 3917 et
1951 3870 2240 3918 tormentis
2289 3869 2472 3917 statim
2520 3867 2791 3932 prosilivit
2828 3866 2897 3917 ad
2938 3864 3273 3929 negandum,
3305 3869 3359 3915 et
3412 3865 3505 3914 ille

1874 3940 1974 4003 qui
2037 3939 2182 3988 inter
2231 3939 2517 4002 equuleos,
2574 3937 2849 3999 ﬁdiculas,
2916 3938 3183 4000 ignesque
3237 3935 3503 3984 distortus

1875 4010 2202 4073 compulsus
2236 4012 2320 4058 est
2347 4008 2495 4073 quod
2541 4007 2804 4059 credebat
2849 4019 3069 4069 negare.
3100 4026 3127 4051 »
3157 4005 3229 4054 Et
3254 4006 3310 4054 in
3337 4010 3504 4070 caput

1873 4095 1934 4134 VI
1966 4096 1976 4129 :
2005 4096 2033 4127 «
2060 4078 2118 4128 Si
2168 4080 2297 4143 quis
2336 4093 2434 4143 pro
2474 4078 2682 4130 Christi
2723 4078 2963 4127 nominis
3009 4074 3354 4127 confessione
3382 4089 3506 4126 cru-

1876 4153 2052 4202 ciatus
2080 4149 2249 4199 alium
2297 4151 2354 4199 in
2401 4151 2690 4201 tormentis
2732 4148 2929 4199 viderit
2982 4148 3305 4213 denegasse,
3349 4160 3502 4196 com-

1874 4225 2115 4287 patiatur
2166 4219 2493 4271 vulneribus
2535 4220 2831 4285 negatoris,
2880 4222 2936 4269 et
3001 4232 3113 4269 non
3165 4222 3277 4268 tam
3344 4217 3502 4268 illum

1875 4294 2085 4344 victum
2116 4306 2283 4355 quam
2314 4305 2373 4342 se
2402 4293 2605 4341 vicisse
2630 4292 2875 4340 miretur.
2913 4308 2940 4336 »

1942 4364 2036 4428 (50)
2068 4364 2222 4413 Casta
2253 4368 2299 4412 et
2331 4363 2565 4414 dimilio.
2606 4362 3001 4413 Kalendarium
3049 4366 3210 4411 vetus
3250 4359 3503 4411 ecclesias

1876 4435 2330 4498 Carthaginensis
2380 4434 2591 4484 editum
2630 4448 2661 4482 a
2691 4432 3011 4483 Mabillonio
3040 4447 3051 4478 :
3084 4445 3145 4482 x1
3169 4431 3290 4482 Kal.
3311 4432 3503 4481 Iunias

1875 4512 2185 4558 sanctorum
2246 4505 2390 4555 Casti
2431 4510 2478 4554 et
2518 4503 2741 4555 zEmilii.
2788 4505 2851 4553 In
2889 4503 3290 4567 Martyrologiis
3337 4502 3504 4552 Bedes

1876 4581 1932 4627 et
1972 4576 2208 4626 aliorum
2245 4575 2447 4641 legitur
2478 4575 2674 4627 eadem
2710 4575 2799 4624 die
2833 4591 2843 4623 :
2875 4591 2902 4621 (ί
2931 4574 2992 4623 In
3035 4573 3222 4623 Africa
3268 4571 3419 4623 Cesti
3450 4576 3502 4622 et

1874 4648 2098 4709 Emilii,
2130 4648 2227 4712 qui
2250 4648 2558 4711 perignem
2586 4647 2857 4711 passionis
2881 4645 3206 4707 martyrium
3237 4657 3501 4694 consum-

1876 4724 2184 4770 maverunt.
2236 4718 2441 4770 Scribit
2479 4717 2792 4782 Cyprianus
2832 4716 2889 4766 in
2938 4714 3080 4764 libro
3135 4715 3198 4766 de
3251 4715 3445 4777 Lapsis.
3473 4730 3501 4760 ι)

1874 4789 2079 4841 Exstat
2121 4791 2263 4838 inter
2306 4788 2601 4839 Sermones
2641 4787 2822 4838 sancti
2870 4786 3170 4851 Augustini
3217 4784 3410 4834 Sermo
3444 4785 3504 4833 in

1877 4861 2051 4911 natali
2092 4859 2449 4923 plurimorum
2490 4861 2795 4922 martyrum
2842 4858 3114 4921 incipiens
3147 4871 3158 4904 :
3190 4856 3503 4907 Sanctorum

1877 4936 2196 4995 martyrum,
2253 4942 2417 4993 quem
2472 4930 2669 4994 nuperi
2739 4930 2976 4980 editores
3027 4940 3258 4991 operum
3322 4928 3504 4978 sancti

1877 5002 2174 5066 Augustini
2214 5000 2558 5062 collegerunt
2595 5013 2662 5051 ex
2711 5000 2957 5051 indiculo
3014 4998 3249 5049 Possidii
3290 4997 3501 5050 dictum

1878 5085 2000 5123 esse
2031 5073 2086 5120 in
2118 5071 2294 5121 Natali
2318 5076 2640 5122 sanctorum
2671 5071 2820 5122 Cesti
2848 5076 2905 5122 et
2932 5070 3155 5120 Emilii.

1939 5143 2035 5205 (51)
2127 5143 2354 5192 Victores
2420 5144 2477 5191 in
2546 5142 2786 5193 secundo.
2836 5142 2931 5192 Sic
2981 5145 3204 5192 sanctus
3264 5141 3506 5191 Joannes

1879 5213 2326 5276 Chrysostomus,
2396 5214 2452 5263 in
2512 5214 2670 5263 initio
2730 5212 2991 5263 secundas
3068 5212 3376 5263 Pamnesis
3437 5209 3507 5260 ad

1884 5283 2205 5335 Theodorum
2262 5283 2464 5348 lapsum
2507 5284 2582 5334 ait
2625 5284 2828 5334 multos
2875 5285 2970 5348 qui
3005 5285 3059 5333 vi
3105 5286 3506 5332 tormentorum

1876 5355 2032 5405 fracti
2058 5353 2343 5405 Christum
2386 5359 2743 5419 negaverant,
2791 5354 3162 5418 redintegrato
3204 5353 3507 5404 certamine

1878 5426 2124 5490 martyrii
2148 5439 2406 5477 coronam
2438 5429 2761 5491 reportasse.

1944 5497 2039 5559 (52)
2090 5497 2493 5549 Semiustulatis.
2541 5497 2734 5548 Codex
2776 5497 3043 5559 Lamonii,
3095 5496 3331 5547 semiusti
3379 5493 3507 5544 late-

1881 5582 1973 5619 7³18.

1949 5640 2049 5704 (53)
2078 5641 2219 5702 Quas
2242 5638 2454 5706 plagas.
2491 5637 2681 5692 Codex
2727 5636 3141 5705 Seguierianus,
3188 5647 3348 5701 quam
3384 5633 3511 5695 vim,

1888 5724 2024 5777 quas
2051 5711 2260 5777 plagas.
