  <div class='ocr_page' id='page_1' title='image "/cluster/home/n/w/nwhite01/storage/ocr_20150623/4/hvd.32044073549446/251.png"; bbox 0 0 3978 6194; ppageno 0'>
   <div class='ocr_carea' id='block_1_1' title="bbox 475 226 568 281">
    <p class='ocr_par' dir='ltr' id='par_1_1' title="bbox 475 226 568 281">
     <span class='ocr_line' id='line_1_1' title="bbox 475 226 568 281; baseline -0.022 0"><span class='ocrx_word' id='word_1_1' title='bbox 475 226 568 281; x_wconf 75' lang='grc'>491</span> 
     </span>
    </p>
   </div>
   <div class='ocr_carea' id='block_1_2' title="bbox 1378 226 2920 283">
    <p class='ocr_par' dir='ltr' id='par_1_2' title="bbox 1378 226 2920 283">
     <span class='ocr_line' id='line_1_2' title="bbox 1378 226 2920 283; baseline -0.001 -3"><span class='ocrx_word' id='word_1_2' title='bbox 1378 226 1431 280; x_wconf 89' lang='lat' dir='ltr'>S.</span> <span class='ocrx_word' id='word_1_3' title='bbox 1475 226 1786 282; x_wconf 78' lang='lat' dir='ltr'>CYPRIANI</span> <span class='ocrx_word' id='word_1_4' title='bbox 1826 227 2100 283; x_wconf 84' lang='lat' dir='ltr'>OPERUM</span> <span class='ocrx_word' id='word_1_5' title='bbox 2138 228 2307 282; x_wconf 85' lang='lat' dir='ltr'><strong>PARS</strong></span> <span class='ocrx_word' id='word_1_6' title='bbox 2345 228 2406 280; x_wconf 89' lang='lat' dir='ltr'>ll.</span> <span class='ocrx_word' id='word_1_7' title='bbox 2450 254 2516 265; x_wconf 98' lang='lat'><strong>—</strong></span> <span class='ocrx_word' id='word_1_8' title='bbox 2556 226 2920 283; x_wconf 85' lang='lat' dir='ltr'>OPUSCULA.</span> 
     </span>
    </p>
   </div>
   <div class='ocr_carea' id='block_1_3' title="bbox 3696 231 3788 284">
    <p class='ocr_par' dir='ltr' id='par_1_3' title="bbox 3696 231 3788 284">
     <span class='ocr_line' id='line_1_3' title="bbox 3696 231 3788 284; baseline 0.022 -2"><span class='ocrx_word' id='word_1_9' title='bbox 3696 231 3788 284; x_wconf 74' lang='grc'><strong>492</strong></span> 
     </span>
    </p>
   </div>
   <div class='ocr_carea' id='block_1_4' title="bbox 470 347 3787 434">
    <p class='ocr_par' dir='ltr' id='par_1_4' title="bbox 470 347 3787 434">
     <span class='ocr_line' id='line_1_4' title="bbox 470 347 3787 434; baseline -0 -30"><span class='ocrx_word' id='word_1_10' title='bbox 470 350 697 416; x_wconf 85' lang='lat' dir='ltr'>cecidit,</span> <span class='ocrx_word' id='word_1_11' title='bbox 725 349 824 404; x_wconf 91' lang='lat' dir='ltr'>sed</span> <span class='ocrx_word' id='word_1_12' title='bbox 860 347 1321 418; x_wconf 81' lang='lat' dir='ltr'>congressionem</span> <span class='ocrx_word' id='word_1_13' title='bbox 1360 347 1599 418; x_wconf 85' lang='lat' dir='ltr'>perﬁdia</span> <span class='ocrx_word' id='word_1_14' title='bbox 1638 351 1954 420; x_wconf 58' lang='lat' dir='ltr'>praevenit?</span> <span class='ocrx_word' id='word_1_15' title='bbox 1984 350 2093 403; x_wconf 90' lang='lat' dir='ltr'>Nec</span> <span class='ocrx_word' id='word_1_16' title='bbox 2117 362 2175 434; x_wconf 78' lang='grc' dir='ltr'><strong>Α</strong></span> <span class='ocrx_word' id='word_1_17' title='bbox 2195 354 2285 404; x_wconf 84' lang='lat' dir='ltr'>vat</span> <span class='ocrx_word' id='word_1_18' title='bbox 2311 352 2640 420; x_wconf 81' lang='lat' dir='ltr'>exaggerat.</span> <span class='ocrx_word' id='word_1_19' title='bbox 2666 347 3046 419; x_wconf 82' lang='lat' dir='ltr'>Aperiendum</span> <span class='ocrx_word' id='word_1_20' title='bbox 3072 347 3276 402; x_wconf 80' lang='lat' dir='ltr'>vulnus</span> <span class='ocrx_word' id='word_1_21' title='bbox 3298 351 3380 402; x_wconf 85' lang='lat' dir='ltr'>est</span> <span class='ocrx_word' id='word_1_22' title='bbox 3404 352 3459 401; x_wconf 90' lang='lat' dir='ltr'>et</span> <span class='ocrx_word' id='word_1_23' title='bbox 3485 350 3787 414; x_wconf 77' lang='lat' dir='ltr'>secandum,</span> 
     </span>
    </p>
   </div>
   <div class='ocr_carea' id='block_1_5' title="bbox 471 442 2093 512">
    <p class='ocr_par' dir='ltr' id='par_1_5' title="bbox 471 442 2093 512">
     <span class='ocr_line' id='line_1_5' title="bbox 471 442 2093 512; baseline -0.001 -15"><span class='ocrx_word' id='word_1_24' title='bbox 471 446 699 498; x_wconf 84' lang='lat' dir='ltr'>excusat</span> <span class='ocrx_word' id='word_1_25' title='bbox 741 458 1076 512; x_wconf 91' lang='lat' dir='ltr'>oppressum</span> <span class='ocrx_word' id='word_1_26' title='bbox 1107 442 1414 496; x_wconf 82' lang='lat' dir='ltr'>necessitas</span> <span class='ocrx_word' id='word_1_27' title='bbox 1449 442 1704 496; x_wconf 87' lang='lat' dir='ltr'>criminis</span> <span class='ocrx_word' id='word_1_28' title='bbox 1740 443 1835 496; x_wconf 93' lang='lat' dir='ltr'>ubi</span> <span class='ocrx_word' id='word_1_29' title='bbox 1876 443 2093 497; x_wconf 84' lang='lat' dir='ltr'>crimen</span> 
     </span>
    </p>
   </div>
   <div class='ocr_carea' id='block_1_6' title="bbox 475 535 2095 590">
    <p class='ocr_par' dir='ltr' id='par_1_6' title="bbox 475 535 2095 590">
     <span class='ocr_line' id='line_1_6' title="bbox 475 535 2095 590; baseline -0.001 -1"><span class='ocrx_word' id='word_1_30' title='bbox 475 541 560 590; x_wconf 92' lang='lat' dir='ltr'>est</span> <span class='ocrx_word' id='word_1_31' title='bbox 584 535 903 589; x_wconf 78' lang='lat' dir='ltr'>voluntatis.</span> <span class='ocrx_word' id='word_1_32' title='bbox 937 537 1046 588; x_wconf 89' lang='lat' dir='ltr'>Nec</span> <span class='ocrx_word' id='word_1_33' title='bbox 1077 535 1181 587; x_wconf 91' lang='lat' dir='ltr'>hoc</span> <span class='ocrx_word' id='word_1_34' title='bbox 1212 535 1334 588; x_wconf 89' lang='lat' dir='ltr'>ideo</span> <span class='ocrx_word' id='word_1_35' title='bbox 1374 535 1497 588; x_wconf 87' lang='lat' dir='ltr'>dico</span> <span class='ocrx_word' id='word_1_36' title='bbox 1537 540 1596 587; x_wconf 87' lang='lat' dir='ltr'>ut</span> <span class='ocrx_word' id='word_1_37' title='bbox 1632 536 1869 588; x_wconf 80' lang='lat' dir='ltr'>fratrum</span> <span class='ocrx_word' id='word_1_38' title='bbox 1898 551 2095 589; x_wconf 84' lang='lat' dir='ltr'>causas</span> 
     </span>
    </p>
   </div>
   <div class='ocr_carea' id='block_1_7' title="bbox 476 628 2094 698">
    <p class='ocr_par' dir='ltr' id='par_1_7' title="bbox 476 628 2094 698">
     <span class='ocr_line' id='line_1_7' title="bbox 476 628 2094 698; baseline -0.002 -15"><span class='ocrx_word' id='word_1_39' title='bbox 476 645 732 698; x_wconf 87' lang='lat' dir='ltr'>onerem,</span> <span class='ocrx_word' id='word_1_40' title='bbox 763 628 859 682; x_wconf 89' lang='lat' dir='ltr'>sed</span> <span class='ocrx_word' id='word_1_41' title='bbox 889 632 948 681; x_wconf 90' lang='lat' dir='ltr'>ut</span> <span class='ocrx_word' id='word_1_42' title='bbox 976 629 1157 698; x_wconf 89' lang='lat' dir='ltr'>magis</span> <span class='ocrx_word' id='word_1_43' title='bbox 1185 628 1386 683; x_wconf 87' lang='lat' dir='ltr'>fratres</span> <span class='ocrx_word' id='word_1_44' title='bbox 1414 629 1482 682; x_wconf 87' lang='lat' dir='ltr'>ad</span> <span class='ocrx_word' id='word_1_45' title='bbox 1508 645 1740 698; x_wconf 90' lang='lat' dir='ltr'>precem</span> <span class='ocrx_word' id='word_1_46' title='bbox 1769 629 2094 682; x_wconf 86' lang='lat' dir='ltr'>satisfactio-</span> 
     </span>
    </p>
   </div>
   <div class='ocr_carea' id='block_1_8' title="bbox 471 721 2096 792">
    <p class='ocr_par' dir='ltr' id='par_1_8' title="bbox 471 721 2096 792">
     <span class='ocr_line' id='line_1_8' title="bbox 471 721 2096 792; baseline -0.001 -17"><span class='ocrx_word' id='word_1_47' title='bbox 471 723 558 776; x_wconf 87' lang='lat' dir='ltr'>nis</span> <span class='ocrx_word' id='word_1_48' title='bbox 596 721 866 792; x_wconf 80' lang='lat' dir='ltr'>instigem</span> <span class='ocrx_word' id='word_1_49' title='bbox 902 737 913 774; x_wconf 90' lang='lat'>:</span> <span class='ocrx_word' id='word_1_50' title='bbox 944 737 1100 788; x_wconf 90' lang='lat' dir='ltr'>nam,</span> <span class='ocrx_word' id='word_1_51' title='bbox 1139 736 1268 773; x_wconf 88' lang='lat' dir='ltr'>cum</span> <span class='ocrx_word' id='word_1_52' title='bbox 1300 721 1570 790; x_wconf 90' lang='lat' dir='ltr'>scriptum</span> <span class='ocrx_word' id='word_1_53' title='bbox 1601 721 1690 786; x_wconf 87' lang='lat' dir='ltr'>sit,</span> <span class='ocrx_word' id='word_1_54' title='bbox 1720 723 1825 787; x_wconf 82' lang='lat' dir='ltr'>Qui</span> <span class='ocrx_word' id='word_1_55' title='bbox 1858 736 1947 774; x_wconf 76' lang='lat' dir='ltr'>vos</span> <span class='ocrx_word' id='word_1_56' title='bbox 1974 722 2096 787; x_wconf 75' lang='lat' dir='ltr'>feli-</span> 
     </span>
    </p>
   </div>
   <div class='ocr_carea' id='block_1_9' title="bbox 471 815 2096 883">
    <p class='ocr_par' dir='ltr' id='par_1_9' title="bbox 471 815 2096 883">
     <span class='ocr_line' id='line_1_9' title="bbox 471 815 2096 883; baseline -0.002 -12"><span class='ocrx_word' id='word_1_57' title='bbox 471 832 550 871; x_wconf 88' lang='lat' dir='ltr'>ces</span> <span class='ocrx_word' id='word_1_58' title='bbox 580 817 786 876; x_wconf 76' lang='lat' dir='ltr'>dicunt,</span> <span class='ocrx_word' id='word_1_59' title='bbox 817 817 876 867; x_wconf 78' lang='lat' dir='ltr'>in</span> <span class='ocrx_word' id='word_1_60' title='bbox 906 830 1134 868; x_wconf 83' lang='lat' dir='ltr'>errorem</span> <span class='ocrx_word' id='word_1_61' title='bbox 1167 830 1257 868; x_wconf 79' lang='lat' dir='ltr'>vos</span> <span class='ocrx_word' id='word_1_62' title='bbox 1285 817 1531 875; x_wconf 76' lang='lat' dir='ltr'>mittunt,</span> <span class='ocrx_word' id='word_1_63' title='bbox 1563 819 1613 868; x_wconf 84' lang='lat' dir='ltr'>et</span> <span class='ocrx_word' id='word_1_64' title='bbox 1646 816 1862 868; x_wconf 76' lang='lat' dir='ltr'>semitas</span> <span class='ocrx_word' id='word_1_65' title='bbox 1899 815 2096 883; x_wconf 82' lang='lat' dir='ltr'>pedum</span> 
     </span>
    </p>
   </div>
   <div class='ocr_carea' id='block_1_10' title="bbox 467 906 2091 976">
    <p class='ocr_par' dir='ltr' id='par_1_10' title="bbox 467 906 2091 976">
     <span class='ocr_line' id='line_1_10' title="bbox 467 906 2091 976; baseline -0.002 -14"><span class='ocrx_word' id='word_1_66' title='bbox 467 915 760 963; x_wconf 82' lang='lat' dir='ltr'>vestrorum</span> <span class='ocrx_word' id='word_1_67' title='bbox 820 908 1038 961; x_wconf 87' lang='lat' dir='ltr'>turbant</span> <span class='ocrx_word' id='word_1_68' title='bbox 1098 906 1249 975; x_wconf 88' lang='lat' dir='ltr'>(Isa.,</span> <span class='ocrx_word' id='word_1_69' title='bbox 1306 923 1385 972; x_wconf 86' lang='lat' dir='ltr'>Ill,</span> <span class='ocrx_word' id='word_1_70' title='bbox 1448 906 1553 973; x_wconf 70' lang='lat'>1‘2),</span> <span class='ocrx_word' id='word_1_71' title='bbox 1609 906 1706 976; x_wconf 88' lang='lat' dir='ltr'>qui</span> <span class='ocrx_word' id='word_1_72' title='bbox 1764 912 2091 976; x_wconf 88' lang='lat' dir='ltr'>peccantem</span> 
     </span>
    </p>
   </div>
   <div class='ocr_carea' id='block_1_11' title="bbox 471 999 2091 1068">
    <p class='ocr_par' dir='ltr' id='par_1_11' title="bbox 471 999 2091 1068">
     <span class='ocr_line' id='line_1_11' title="bbox 471 999 2091 1068; baseline -0.001 -13"><span class='ocrx_word' id='word_1_73' title='bbox 471 1001 876 1055; x_wconf 86' lang='lat' dir='ltr'>blandimentis</span> <span class='ocrx_word' id='word_1_74' title='bbox 892 1001 938 1033; x_wconf 71' lang='lat'><strong>59</strong></span> <span class='ocrx_word' id='word_1_75' title='bbox 972 999 1334 1052; x_wconf 85' lang='lat' dir='ltr'>adulantibus</span> <span class='ocrx_word' id='word_1_76' title='bbox 1372 1000 1581 1068; x_wconf 88' lang='lat' dir='ltr'>palpat,</span> <span class='ocrx_word' id='word_1_77' title='bbox 1620 999 1893 1068; x_wconf 87' lang='lat' dir='ltr'>peccandi</span> <span class='ocrx_word' id='word_1_78' title='bbox 1927 999 2091 1054; x_wconf 88' lang='lat' dir='ltr'>fomi-</span> 
     </span>
    </p>
   </div>
   <div class='ocr_carea' id='block_1_12' title="bbox 470 1090 2092 1161">
    <p class='ocr_par' dir='ltr' id='par_1_12' title="bbox 470 1090 2092 1161">
     <span class='ocr_line' id='line_1_12' title="bbox 470 1090 2092 1161; baseline -0.001 -13"><span class='ocrx_word' id='word_1_79' title='bbox 470 1099 590 1148; x_wconf 88' lang='lat' dir='ltr'>tem</span> <span class='ocrx_word' id='word_1_80' title='bbox 620 1092 1042 1158; x_wconf 85' lang='lat' dir='ltr'>subministrat;</span> <span class='ocrx_word' id='word_1_81' title='bbox 1081 1108 1187 1145; x_wconf 91' lang='lat' dir='ltr'>nec</span> <span class='ocrx_word' id='word_1_82' title='bbox 1224 1090 1550 1161; x_wconf 80' lang='lat' dir='ltr'>comprimit</span> <span class='ocrx_word' id='word_1_83' title='bbox 1589 1091 1798 1146; x_wconf 90' lang='lat' dir='ltr'>delicta</span> <span class='ocrx_word' id='word_1_84' title='bbox 1840 1093 1955 1159; x_wconf 91' lang='lat' dir='ltr'>ille,</span> <span class='ocrx_word' id='word_1_85' title='bbox 1993 1093 2092 1147; x_wconf 91' lang='lat' dir='ltr'>sed</span> 
     </span>
    </p>
   </div>
   <div class='ocr_carea' id='block_1_13' title="bbox 471 1184 2094 1256">
    <p class='ocr_par' dir='ltr' id='par_1_13' title="bbox 471 1184 2094 1256">
     <span class='ocr_line' id='line_1_13' title="bbox 471 1184 2094 1256; baseline -0.001 -15"><span class='ocrx_word' id='word_1_86' title='bbox 471 1186 668 1241; x_wconf 84' lang='lat' dir='ltr'>nutrit.</span> <span class='ocrx_word' id='word_1_87' title='bbox 697 1188 770 1240; x_wconf 86' lang='lat' dir='ltr'>At</span> <span class='ocrx_word' id='word_1_88' title='bbox 805 1186 902 1256; x_wconf 88' lang='lat' dir='ltr'>qui</span> <span class='ocrx_word' id='word_1_89' title='bbox 939 1184 1185 1238; x_wconf 88' lang='lat' dir='ltr'>consiliis</span> <span class='ocrx_word' id='word_1_90' title='bbox 1221 1184 1548 1238; x_wconf 84' lang='lat' dir='ltr'>fortioribus</span> <span class='ocrx_word' id='word_1_91' title='bbox 1581 1184 1895 1254; x_wconf 82' lang='lat' dir='ltr'>redarguit,</span> <span class='ocrx_word' id='word_1_92' title='bbox 1928 1185 2094 1240; x_wconf 90' lang='lat' dir='ltr'>simul</span> 
     </span>
    </p>
   </div>
   <div class='ocr_carea' id='block_1_14' title="bbox 472 1278 2094 1350">
    <p class='ocr_par' dir='ltr' id='par_1_14' title="bbox 472 1278 2094 1350">
     <span class='ocr_line' id='line_1_14' title="bbox 472 1278 2094 1350; baseline 0.001 -18"><span class='ocrx_word' id='word_1_93' title='bbox 472 1283 642 1350; x_wconf 88' lang='lat' dir='ltr'>atque</span> <span class='ocrx_word' id='word_1_94' title='bbox 683 1278 914 1332; x_wconf 89' lang='lat' dir='ltr'>instruit</span> <span class='ocrx_word' id='word_1_95' title='bbox 947 1278 1208 1342; x_wconf 87' lang='lat' dir='ltr'>fratrem,</span> <span class='ocrx_word' id='word_1_96' title='bbox 1236 1283 1534 1346; x_wconf 85' lang='lat' dir='ltr'>promovet</span> <span class='ocrx_word' id='word_1_97' title='bbox 1564 1278 1632 1331; x_wconf 92' lang='lat' dir='ltr'>ad</span> <span class='ocrx_word' id='word_1_98' title='bbox 1669 1278 1924 1332; x_wconf 90' lang='lat' dir='ltr'>salutem.</span> <span class='ocrx_word' id='word_1_99' title='bbox 1956 1279 2094 1346; x_wconf 86' lang='lat' dir='ltr'>Quos</span> 
     </span>
    </p>
   </div>
   <div class='ocr_carea' id='block_1_15' title="bbox 470 1369 2090 1441">
    <p class='ocr_par' dir='ltr' id='par_1_15' title="bbox 470 1369 2090 1441">
     <span class='ocr_line' id='line_1_15' title="bbox 470 1369 2090 1441; baseline 0.001 -15"><span class='ocrx_word' id='word_1_100' title='bbox 470 1373 656 1438; x_wconf 70' lang='lat' dir='ltr'>diligo,</span> <span class='ocrx_word' id='word_1_101' title='bbox 692 1370 877 1441; x_wconf 85' lang='lat' dir='ltr'>inquit</span> <span class='ocrx_word' id='word_1_102' title='bbox 913 1369 1208 1436; x_wconf 89' lang='lat' dir='ltr'>Dominus,</span> <span class='ocrx_word' id='word_1_103' title='bbox 1243 1370 1510 1439; x_wconf 82' lang='lat' dir='ltr'>redarguo</span> <span class='ocrx_word' id='word_1_104' title='bbox 1547 1376 1596 1424; x_wconf 87' lang='lat' dir='ltr'>et</span> <span class='ocrx_word' id='word_1_105' title='bbox 1640 1372 1840 1437; x_wconf 77' lang='lat' dir='ltr'>castigo</span> <span class='ocrx_word' id='word_1_106' title='bbox 1881 1372 2090 1441; x_wconf 81' lang='lat' dir='ltr'>(Apoc.,</span> 
     </span>
    </p>
   </div>
   <div class='ocr_carea' id='block_1_16' title="bbox 471 1462 2093 1535">
    <p class='ocr_par' dir='ltr' id='par_1_16' title="bbox 471 1462 2093 1535">
     <span class='ocr_line' id='line_1_16' title="bbox 471 1462 2093 1535; baseline -0.001 -15"><span class='ocrx_word' id='word_1_107' title='bbox 471 1483 549 1532; x_wconf 87' lang='lat' dir='ltr'>Ill,</span> <span class='ocrx_word' id='word_1_108' title='bbox 583 1466 686 1533; x_wconf 82' lang='grc'>19).</span> <span class='ocrx_word' id='word_1_109' title='bbox 715 1464 805 1518; x_wconf 91' lang='lat' dir='ltr'>Sic</span> <span class='ocrx_word' id='word_1_110' title='bbox 830 1465 1053 1533; x_wconf 86' lang='lat' dir='ltr'>oportet</span> <span class='ocrx_word' id='word_1_111' title='bbox 1079 1467 1134 1516; x_wconf 89' lang='lat' dir='ltr'>et</span> <span class='ocrx_word' id='word_1_112' title='bbox 1164 1462 1262 1516; x_wconf 91' lang='lat' dir='ltr'>Dei</span> <span class='ocrx_word' id='word_1_113' title='bbox 1289 1463 1638 1517; x_wconf 87' lang='lat' dir='ltr'>sacerdotem</span> <span class='ocrx_word' id='word_1_114' title='bbox 1665 1480 1780 1518; x_wconf 91' lang='lat' dir='ltr'>non</span> <span class='ocrx_word' id='word_1_115' title='bbox 1807 1465 2093 1535; x_wconf 88' lang='lat' dir='ltr'>obsequiis</span> 
     </span>
    </p>
   </div>
   <div class='ocr_carea' id='block_1_17' title="bbox 471 1555 2090 1629">
    <p class='ocr_par' dir='ltr' id='par_1_17' title="bbox 471 1555 2090 1629">
     <span class='ocr_line' id='line_1_17' title="bbox 471 1555 2090 1629; baseline 0 -17"><span class='ocrx_word' id='word_1_116' title='bbox 471 1557 882 1628; x_wconf 88' lang='lat' dir='ltr'>decipientibus</span> <span class='ocrx_word' id='word_1_117' title='bbox 918 1556 1132 1622; x_wconf 89' lang='lat' dir='ltr'>fallere,</span> <span class='ocrx_word' id='word_1_118' title='bbox 1162 1556 1256 1609; x_wconf 90' lang='lat' dir='ltr'>sed</span> <span class='ocrx_word' id='word_1_119' title='bbox 1289 1555 1556 1610; x_wconf 85' lang='lat' dir='ltr'>remediis</span> <span class='ocrx_word' id='word_1_120' title='bbox 1590 1556 1926 1612; x_wconf 87' lang='lat' dir='ltr'>salutaribus</span> <span class='ocrx_word' id='word_1_121' title='bbox 1957 1575 2090 1629; x_wconf 93' lang='lat' dir='ltr'>pro-</span> 
     </span>
    </p>
   </div>
   <div class='ocr_carea' id='block_1_18' title="bbox 469 1648 2094 1720">
    <p class='ocr_par' dir='ltr' id='par_1_18' title="bbox 469 1648 2094 1720">
     <span class='ocr_line' id='line_1_18' title="bbox 469 1648 2094 1720; baseline 0.001 -15"><span class='ocrx_word' id='word_1_122' title='bbox 469 1653 677 1706; x_wconf 88' lang='lat' dir='ltr'>videre.</span> <span class='ocrx_word' id='word_1_123' title='bbox 726 1649 1022 1720; x_wconf 89' lang='lat' dir='ltr'>lmperitus</span> <span class='ocrx_word' id='word_1_124' title='bbox 1071 1653 1154 1703; x_wconf 91' lang='lat' dir='ltr'>est</span> <span class='ocrx_word' id='word_1_125' title='bbox 1198 1648 1450 1702; x_wconf 90' lang='lat' dir='ltr'>medicus</span> <span class='ocrx_word' id='word_1_126' title='bbox 1499 1650 1609 1719; x_wconf 72' lang='lat'>(54)</span> <span class='ocrx_word' id='word_1_127' title='bbox 1664 1650 1760 1720; x_wconf 91' lang='lat' dir='ltr'>qui</span> <span class='ocrx_word' id='word_1_128' title='bbox 1810 1656 2094 1706; x_wconf 87' lang='lat' dir='ltr'>tumentes</span> 
     </span>
    </p>
   </div>
   <div class='ocr_carea' id='block_1_19' title="bbox 2195 440 3791 513">
    <p class='ocr_par' dir='ltr' id='par_1_19' title="bbox 2195 440 3791 513">
     <span class='ocr_line' id='line_1_19' title="bbox 2195 440 3791 513; baseline 0 -16"><span class='ocrx_word' id='word_1_129' title='bbox 2195 447 2269 510; x_wconf 90' lang='lat' dir='ltr'>et,</span> <span class='ocrx_word' id='word_1_130' title='bbox 2300 443 2718 513; x_wconf 90' lang='lat' dir='ltr'>putraminibus</span> <span class='ocrx_word' id='word_1_131' title='bbox 2748 440 3076 512; x_wconf 73' lang='lat' dir='ltr'>amputatis,</span> <span class='ocrx_word' id='word_1_132' title='bbox 3107 441 3332 495; x_wconf 86' lang='lat' dir='ltr'>medela</span> <span class='ocrx_word' id='word_1_133' title='bbox 3357 441 3586 496; x_wconf 86' lang='lat' dir='ltr'>fortiore</span> <span class='ocrx_word' id='word_1_134' title='bbox 3613 459 3791 497; x_wconf 86' lang='lat' dir='ltr'>curan-</span> 
     </span>
    </p>
   </div>
   <div class='ocr_carea' id='block_1_20' title="bbox 2195 535 3790 606">
    <p class='ocr_par' dir='ltr' id='par_1_20' title="bbox 2195 535 3790 606">
     <span class='ocr_line' id='line_1_20' title="bbox 2195 535 3790 606; baseline 0 -17"><span class='ocrx_word' id='word_1_135' title='bbox 2195 537 2354 589; x_wconf 91' lang='lat' dir='ltr'>dum.</span> <span class='ocrx_word' id='word_1_136' title='bbox 2390 536 2740 589; x_wconf 88' lang='lat' dir='ltr'>Vociferetur</span> <span class='ocrx_word' id='word_1_137' title='bbox 2773 536 2878 603; x_wconf 86' lang='lat'>(55)</span> <span class='ocrx_word' id='word_1_138' title='bbox 2913 541 2967 588; x_wconf 90' lang='lat' dir='ltr'>et</span> <span class='ocrx_word' id='word_1_139' title='bbox 3005 536 3214 588; x_wconf 87' lang='lat' dir='ltr'>clamet</span> <span class='ocrx_word' id='word_1_140' title='bbox 3247 535 3372 588; x_wconf 89' lang='lat' dir='ltr'>licet</span> <span class='ocrx_word' id='word_1_141' title='bbox 3407 540 3462 588; x_wconf 89' lang='lat' dir='ltr'>et</span> <span class='ocrx_word' id='word_1_142' title='bbox 3500 551 3790 606; x_wconf 89' lang='lat' dir='ltr'>conquera-</span> 
     </span>
    </p>
   </div>
   <div class='ocr_carea' id='block_1_21' title="bbox 2195 625 3792 699">
    <p class='ocr_par' dir='ltr' id='par_1_21' title="bbox 2195 625 3792 699">
     <span class='ocr_line' id='line_1_21' title="bbox 2195 625 3792 699; baseline 0 -17"><span class='ocrx_word' id='word_1_143' title='bbox 2195 636 2286 682; x_wconf 87' lang='lat' dir='ltr'>tur</span> <span class='ocrx_word' id='word_1_144' title='bbox 2312 645 2466 699; x_wconf 74' lang='lat' dir='ltr'>mger</span> <span class='ocrx_word' id='word_1_145' title='bbox 2491 628 2795 698; x_wconf 89' lang='lat' dir='ltr'>impatiens</span> <span class='ocrx_word' id='word_1_146' title='bbox 2824 627 2934 699; x_wconf 83' lang='lat'>(56)</span> <span class='ocrx_word' id='word_1_147' title='bbox 2958 625 3149 699; x_wconf 81' lang='grc'>478</span> <span class='ocrx_word' id='word_1_148' title='bbox 3178 643 3282 698; x_wconf 91' lang='lat' dir='ltr'>per</span> <span class='ocrx_word' id='word_1_149' title='bbox 3308 627 3574 695; x_wconf 90' lang='lat' dir='ltr'>dolorem,</span> <span class='ocrx_word' id='word_1_150' title='bbox 3601 630 3792 698; x_wconf 85' lang='lat' dir='ltr'>gratias</span> 
     </span>
    </p>
   </div>
   <div class='ocr_carea' id='block_1_22' title="bbox 2193 721 3609 792">
    <p class='ocr_par' dir='ltr' id='par_1_22' title="bbox 2193 721 3609 792">
     <span class='ocr_line' id='line_1_22' title="bbox 2193 721 3609 792; baseline -0.001 -16"><span class='ocrx_word' id='word_1_151' title='bbox 2193 727 2324 792; x_wconf 87' lang='lat' dir='ltr'>aget</span> <span class='ocrx_word' id='word_1_152' title='bbox 2348 721 2709 792; x_wconf 90' lang='lat' dir='ltr'>postmodum</span> <span class='ocrx_word' id='word_1_153' title='bbox 2737 738 2867 775; x_wconf 87' lang='lat' dir='ltr'>cum</span> <span class='ocrx_word' id='word_1_154' title='bbox 2894 721 3129 775; x_wconf 89' lang='lat' dir='ltr'>senserit</span> <span class='ocrx_word' id='word_1_155' title='bbox 3158 721 3452 774; x_wconf 88' lang='lat' dir='ltr'>sanitatem</span> <span class='ocrx_word' id='word_1_156' title='bbox 3483 721 3609 792; x_wconf 83' lang='lat'>(57).</span> 
     </span>
    </p>
   </div>
   <div class='ocr_carea' id='block_1_23' title="bbox 2266 813 3791 882">
    <p class='ocr_par' dir='ltr' id='par_1_23' title="bbox 2266 813 3791 882">
     <span class='ocr_line' id='line_1_23' title="bbox 2266 813 3791 882; baseline 0.001 -14"><span class='ocrx_word' id='word_1_157' title='bbox 2266 815 2369 868; x_wconf 87' lang='lat' dir='ltr'>XV.</span> <span class='ocrx_word' id='word_1_158' title='bbox 2410 815 2651 868; x_wconf 88' lang='lat' dir='ltr'>Emersit</span> <span class='ocrx_word' id='word_1_159' title='bbox 2690 814 2866 882; x_wconf 89' lang='lat' dir='ltr'>enim,</span> <span class='ocrx_word' id='word_1_160' title='bbox 2901 815 3100 868; x_wconf 85' lang='lat' dir='ltr'>fratres</span> <span class='ocrx_word' id='word_1_161' title='bbox 3136 813 3506 879; x_wconf 89' lang='lat' dir='ltr'>dilectissimi,</span> <span class='ocrx_word' id='word_1_162' title='bbox 3538 817 3791 869; x_wconf 69' lang='lat' dir='ltr'>novum60</span> 
     </span>
    </p>
   </div>
   <div class='ocr_carea' id='block_1_24' title="bbox 2195 907 3790 980">
    <p class='ocr_par' dir='ltr' id='par_1_24' title="bbox 2195 907 3790 980">
     <span class='ocr_line' id='line_1_24' title="bbox 2195 907 3790 980; baseline 0 -18"><span class='ocrx_word' id='word_1_163' title='bbox 2195 925 2373 978; x_wconf 90' lang='lat' dir='ltr'>genus</span> <span class='ocrx_word' id='word_1_164' title='bbox 2420 907 2619 974; x_wconf 90' lang='lat' dir='ltr'>cladis;</span> <span class='ocrx_word' id='word_1_165' title='bbox 2663 911 2738 971; x_wconf 88' lang='lat' dir='ltr'>et,</span> <span class='ocrx_word' id='word_1_166' title='bbox 2779 908 2937 978; x_wconf 87' lang='lat' dir='ltr'>quasi</span> <span class='ocrx_word' id='word_1_167' title='bbox 2984 923 3185 977; x_wconf 89' lang='lat' dir='ltr'>parum</span> <span class='ocrx_word' id='word_1_168' title='bbox 3225 907 3627 976; x_wconf 89' lang='lat' dir='ltr'>persecutionis</span> <span class='ocrx_word' id='word_1_169' title='bbox 3667 925 3790 980; x_wconf 89' lang='lat' dir='ltr'>pro-</span> 
     </span>
    </p>
   </div>
   <div class='ocr_carea' id='block_1_25' title="bbox 2194 1000 3791 1068">
    <p class='ocr_par' dir='ltr' id='par_1_25' title="bbox 2194 1000 3791 1068">
     <span class='ocr_line' id='line_1_25' title="bbox 2194 1000 3791 1068; baseline -0.001 -13"><span class='ocrx_word' id='word_1_170' title='bbox 2194 1002 2333 1056; x_wconf 88' lang='lat' dir='ltr'>cella</span> <span class='ocrx_word' id='word_1_171' title='bbox 2369 1001 2628 1068; x_wconf 74' lang='lat' dir='ltr'>saevierit,</span> <span class='ocrx_word' id='word_1_172' title='bbox 2661 1001 2893 1054; x_wconf 88' lang='lat' dir='ltr'>accessit</span> <span class='ocrx_word' id='word_1_173' title='bbox 2929 1000 3001 1054; x_wconf 92' lang='lat' dir='ltr'>ad</span> <span class='ocrx_word' id='word_1_174' title='bbox 3033 1000 3327 1054; x_wconf 90' lang='lat' dir='ltr'>cumulum</span> <span class='ocrx_word' id='word_1_175' title='bbox 3359 1000 3461 1053; x_wconf 88' lang='lat' dir='ltr'>sub</span> <span class='ocrx_word' id='word_1_176' title='bbox 3495 1001 3791 1055; x_wconf 89' lang='lat' dir='ltr'>misericor-</span> 
     </span>
    </p>
   </div>
   <div class='ocr_carea' id='block_1_26' title="bbox 2195 1093 3792 1164">
    <p class='ocr_par' dir='ltr' id='par_1_26' title="bbox 2195 1093 3792 1164">
     <span class='ocr_line' id='line_1_26' title="bbox 2195 1093 3792 1164; baseline 0.001 -16"><span class='ocrx_word' id='word_1_177' title='bbox 2195 1095 2303 1149; x_wconf 68' lang='lat' dir='ltr'>dia:</span> <span class='ocrx_word' id='word_1_178' title='bbox 2334 1095 2497 1148; x_wconf 87' lang='lat' dir='ltr'>titulo</span> <span class='ocrx_word' id='word_1_179' title='bbox 2536 1095 2748 1148; x_wconf 89' lang='lat' dir='ltr'>malum</span> <span class='ocrx_word' id='word_1_180' title='bbox 2781 1095 2980 1147; x_wconf 83' lang='lat' dir='ltr'>fallens</span> <span class='ocrx_word' id='word_1_181' title='bbox 3017 1100 3072 1148; x_wconf 91' lang='lat' dir='ltr'>et</span> <span class='ocrx_word' id='word_1_182' title='bbox 3115 1094 3319 1148; x_wconf 86' lang='lat' dir='ltr'>blanda</span> <span class='ocrx_word' id='word_1_183' title='bbox 3350 1093 3638 1164; x_wconf 89' lang='lat' dir='ltr'>pernicies.</span> <span class='ocrx_word' id='word_1_184' title='bbox 3665 1095 3792 1149; x_wconf 87' lang='lat' dir='ltr'>Con-</span> 
     </span>
    </p>
   </div>
   <div class='ocr_carea' id='block_1_27' title="bbox 2192 1186 3791 1257">
    <p class='ocr_par' dir='ltr' id='par_1_27' title="bbox 2192 1186 3791 1257">
     <span class='ocr_line' id='line_1_27' title="bbox 2192 1186 3791 1257; baseline -0.001 -15"><span class='ocrx_word' id='word_1_185' title='bbox 2192 1193 2278 1242; x_wconf 90' lang='lat' dir='ltr'>tra</span> <span class='ocrx_word' id='word_1_186' title='bbox 2329 1186 2612 1256; x_wconf 86' lang='lat' dir='ltr'>Evangelii</span> <span class='ocrx_word' id='word_1_187' title='bbox 2670 1187 2957 1257; x_wconf 86' lang='lat' dir='ltr'>vigorem,</span> <span class='ocrx_word' id='word_1_188' title='bbox 3013 1193 3208 1241; x_wconf 86' lang='lat' dir='ltr'>contra</span> <span class='ocrx_word' id='word_1_189' title='bbox 3262 1186 3550 1241; x_wconf 72' lang='lat' dir='ltr'>Domini“</span> <span class='ocrx_word' id='word_1_190' title='bbox 3602 1203 3661 1240; x_wconf 90' lang='lat' dir='ltr'>ac</span> <span class='ocrx_word' id='word_1_191' title='bbox 3707 1187 3791 1240; x_wconf 90' lang='lat' dir='ltr'>Dei</span> 
     </span>
    </p>
   </div>
   <div class='ocr_carea' id='block_1_28' title="bbox 2193 1279 3792 1351">
    <p class='ocr_par' dir='ltr' id='par_1_28' title="bbox 2193 1279 3792 1351">
     <span class='ocr_line' id='line_1_28' title="bbox 2193 1279 3792 1351; baseline -0.001 -17"><span class='ocrx_word' id='word_1_192' title='bbox 2193 1283 2386 1351; x_wconf 86' lang='lat' dir='ltr'>legem</span> <span class='ocrx_word' id='word_1_193' title='bbox 2450 1279 2770 1334; x_wconf 82' lang='lat' dir='ltr'>temeritate</span> <span class='ocrx_word' id='word_1_194' title='bbox 2844 1281 3225 1349; x_wconf 88' lang='lat' dir='ltr'>quorumdam</span> <span class='ocrx_word' id='word_1_195' title='bbox 3296 1281 3518 1335; x_wconf 83' lang='lat' dir='ltr'>laxatur</span> <span class='ocrx_word' id='word_1_196' title='bbox 3577 1279 3792 1334; x_wconf 88' lang='lat' dir='ltr'>incautis</span> 
     </span>
    </p>
   </div>
   <div class='ocr_carea' id='block_1_29' title="bbox 2193 1372 3789 1444">
    <p class='ocr_par' dir='ltr' id='par_1_29' title="bbox 2193 1372 3789 1444">
     <span class='ocr_line' id='line_1_29' title="bbox 2193 1372 3789 1444; baseline -0.001 -18"><span class='ocrx_word' id='word_1_197' title='bbox 2193 1372 2657 1440; x_wconf 89' lang='lat' dir='ltr'>communicatio,</span> <span class='ocrx_word' id='word_1_198' title='bbox 2691 1372 2850 1427; x_wconf 87' lang='lat' dir='ltr'>irrita</span> <span class='ocrx_word' id='word_1_199' title='bbox 2875 1376 2930 1427; x_wconf 90' lang='lat' dir='ltr'>et</span> <span class='ocrx_word' id='word_1_200' title='bbox 2958 1373 3099 1427; x_wconf 87' lang='lat' dir='ltr'>falsa</span> <span class='ocrx_word' id='word_1_201' title='bbox 3131 1389 3243 1444; x_wconf 85' lang='lat' dir='ltr'>pax</span> <span class='ocrx_word' id='word_1_202' title='bbox 3275 1373 3408 1443; x_wconf 90' lang='grc'>(58),</span> <span class='ocrx_word' id='word_1_203' title='bbox 3437 1373 3737 1444; x_wconf 89' lang='lat' dir='ltr'>periculosa</span> <span class='ocrx_word' id='word_1_204' title='bbox 3750 1373 3789 1406; x_wconf 72' lang='grc'>⁸³</span> 
     </span>
    </p>
   </div>
   <div class='ocr_carea' id='block_1_30' title="bbox 2193 1466 3792 1537">
    <p class='ocr_par' dir='ltr' id='par_1_30' title="bbox 2193 1466 3792 1537">
     <span class='ocr_line' id='line_1_30' title="bbox 2193 1466 3792 1537; baseline 0 -17"><span class='ocrx_word' id='word_1_205' title='bbox 2193 1467 2454 1521; x_wconf 90' lang='lat' dir='ltr'>dantibus</span> <span class='ocrx_word' id='word_1_206' title='bbox 2520 1471 2576 1520; x_wconf 90' lang='lat' dir='ltr'>et</span> <span class='ocrx_word' id='word_1_207' title='bbox 2639 1466 2779 1520; x_wconf 89' lang='lat' dir='ltr'>nihil</span> <span class='ocrx_word' id='word_1_208' title='bbox 2848 1466 3255 1536; x_wconf 86' lang='lat' dir='ltr'>accipientibus</span> <span class='ocrx_word' id='word_1_209' title='bbox 3316 1466 3622 1537; x_wconf 89' lang='lat' dir='ltr'>profutura.</span> <span class='ocrx_word' id='word_1_210' title='bbox 3683 1467 3792 1520; x_wconf 89' lang='lat' dir='ltr'>Non</span> 
     </span>
    </p>
   </div>
   <div class='ocr_carea' id='block_1_31' title="bbox 2192 1558 3791 1630">
    <p class='ocr_par' dir='ltr' id='par_1_31' title="bbox 2192 1558 3791 1630">
     <span class='ocr_line' id='line_1_31' title="bbox 2192 1558 3791 1630; baseline -0.001 -18"><span class='ocrx_word' id='word_1_211' title='bbox 2192 1564 2456 1630; x_wconf 63' lang='lat' dir='ltr'>quaerunt</span> <span class='ocrx_word' id='word_1_212' title='bbox 2500 1559 2752 1613; x_wconf 85' lang='lat' dir='ltr'>sanitatis</span> <span class='ocrx_word' id='word_1_213' title='bbox 2801 1559 3134 1629; x_wconf 88' lang='lat' dir='ltr'>patientiam</span> <span class='ocrx_word' id='word_1_214' title='bbox 3179 1559 3312 1630; x_wconf 83' lang='lat'>(59),</span> <span class='ocrx_word' id='word_1_215' title='bbox 3363 1575 3465 1614; x_wconf 91' lang='lat' dir='ltr'>nec</span> <span class='ocrx_word' id='word_1_216' title='bbox 3514 1574 3691 1613; x_wconf 89' lang='lat' dir='ltr'>veram</span> <span class='ocrx_word' id='word_1_217' title='bbox 3731 1558 3791 1612; x_wconf 91' lang='lat' dir='ltr'>de</span> 
     </span>
    </p>
   </div>
   <div class='ocr_carea' id='block_1_32' title="bbox 2193 1651 3790 1722">
    <p class='ocr_par' dir='ltr' id='par_1_32' title="bbox 2193 1651 3790 1722">
     <span class='ocr_line' id='line_1_32' title="bbox 2193 1651 3790 1722; baseline -0.001 -17"><span class='ocrx_word' id='word_1_218' title='bbox 2193 1652 2569 1707; x_wconf 89' lang='lat' dir='ltr'>satisfactione</span> <span class='ocrx_word' id='word_1_219' title='bbox 2626 1651 2992 1706; x_wconf 89' lang='lat' dir='ltr'>medicinam.</span> <span class='ocrx_word' id='word_1_220' title='bbox 3050 1652 3389 1706; x_wconf 84' lang='lat' dir='ltr'>Poenitentia</span> <span class='ocrx_word' id='word_1_221' title='bbox 3441 1653 3509 1706; x_wconf 91' lang='lat' dir='ltr'>de</span> <span class='ocrx_word' id='word_1_222' title='bbox 3567 1651 3790 1722; x_wconf 87' lang='lat' dir='ltr'>pectori-</span> 
     </span>
    </p>
   </div>
   <div class='ocr_carea' id='block_1_33' title="bbox 469 1723 3791 1815">
    <p class='ocr_par' dir='ltr' id='par_1_33' title="bbox 469 1723 3791 1815">
     <span class='ocr_line' id='line_1_33' title="bbox 469 1723 3791 1815; baseline 0 -19"><span class='ocrx_word' id='word_1_223' title='bbox 469 1745 772 1798; x_wconf 89' lang='lat' dir='ltr'>vulnerum</span> <span class='ocrx_word' id='word_1_224' title='bbox 817 1743 972 1796; x_wconf 90' lang='lat' dir='ltr'>sinus</span> <span class='ocrx_word' id='word_1_225' title='bbox 1028 1758 1202 1795; x_wconf 88' lang='lat' dir='ltr'>manu</span> <span class='ocrx_word' id='word_1_226' title='bbox 1252 1748 1514 1811; x_wconf 89' lang='lat' dir='ltr'>parcente</span> <span class='ocrx_word' id='word_1_227' title='bbox 1557 1745 1888 1810; x_wconf 86' lang='lat' dir='ltr'>contrectat,</span> <span class='ocrx_word' id='word_1_228' title='bbox 1938 1748 1994 1799; x_wconf 91' lang='lat' dir='ltr'>et</span> <span class='ocrx_word' id='word_1_229' title='bbox 2033 1723 2295 1799; x_wconf 84' lang='lat' dir='ltr'>ianus</span> <span class='ocrx_word' id='word_1_230' title='bbox 2352 1761 2584 1799; x_wconf 84' lang='lat' dir='ltr'>excussa</span> <span class='ocrx_word' id='word_1_231' title='bbox 2630 1744 2736 1814; x_wconf 88' lang='lat'>(60)</span> <span class='ocrx_word' id='word_1_232' title='bbox 2791 1750 2894 1810; x_wconf 88' lang='lat' dir='ltr'>est,</span> <span class='ocrx_word' id='word_1_233' title='bbox 2946 1745 3263 1815; x_wconf 88' lang='lat' dir='ltr'>gravissimi</span> <span class='ocrx_word' id='word_1_234' title='bbox 3312 1745 3657 1815; x_wconf 86' lang='lat' dir='ltr'>extremique</span> <span class='ocrx_word' id='word_1_235' title='bbox 3705 1743 3791 1798; x_wconf 90' lang='lat' dir='ltr'>de-</span> 
     </span>
    </p>
   </div>
   <div class='ocr_carea' id='block_1_34' title="bbox 472 1834 2090 1892">
    <p class='ocr_par' dir='ltr' id='par_1_34' title="bbox 472 1834 2090 1892">
     <span class='ocr_line' id='line_1_34' title="bbox 472 1834 2090 1892; baseline 0.001 -1"><span class='ocrx_word' id='word_1_236' title='bbox 472 1838 599 1892; x_wconf 88' lang='lat' dir='ltr'>altis</span> <span class='ocrx_word' id='word_1_237' title='bbox 630 1836 943 1890; x_wconf 86' lang='lat' dir='ltr'>recessibus</span> <span class='ocrx_word' id='word_1_238' title='bbox 979 1834 1258 1890; x_wconf 87' lang='lat' dir='ltr'>viscerum</span> <span class='ocrx_word' id='word_1_239' title='bbox 1288 1836 1442 1890; x_wconf 90' lang='lat' dir='ltr'>virus</span> <span class='ocrx_word' id='word_1_240' title='bbox 1471 1836 1751 1891; x_wconf 89' lang='lat' dir='ltr'>inclusum</span> <span class='ocrx_word' id='word_1_241' title='bbox 1793 1837 1930 1892; x_wconf 91' lang='lat' dir='ltr'>dum</span> <span class='ocrx_word' id='word_1_242' title='bbox 1973 1855 2090 1892; x_wconf 86' lang='lat' dir='ltr'>ser-</span> 
     </span>
    </p>
   </div>
   <div class='ocr_carea' id='block_1_35' title="bbox 2192 1837 3792 1909">
    <p class='ocr_par' dir='ltr' id='par_1_35' title="bbox 2192 1837 3792 1909">
     <span class='ocr_line' id='line_1_35' title="bbox 2192 1837 3792 1909; baseline -0.002 -16"><span class='ocrx_word' id='word_1_243' title='bbox 2192 1840 2309 1894; x_wconf 90' lang='lat' dir='ltr'>licti</span> <span class='ocrx_word' id='word_1_244' title='bbox 2371 1837 2650 1894; x_wconf 87' lang='lat' dir='ltr'>memoria</span> <span class='ocrx_word' id='word_1_245' title='bbox 2717 1837 2940 1892; x_wconf 89' lang='lat' dir='ltr'>sublata</span> <span class='ocrx_word' id='word_1_246' title='bbox 2999 1843 3100 1892; x_wconf 90' lang='lat' dir='ltr'>est.</span> <span class='ocrx_word' id='word_1_247' title='bbox 3155 1839 3503 1909; x_wconf 86' lang='lat' dir='ltr'>Operiuntur</span> <span class='ocrx_word' id='word_1_248' title='bbox 3562 1837 3792 1892; x_wconf 90' lang='lat' dir='ltr'>morien-</span> 
     </span>
    </p>
   </div>
   <div class='ocr_carea' id='block_1_36' title="bbox 1867 1978 2467 2043">
    <p class='ocr_par' dir='ltr' id='par_1_36' title="bbox 1867 1978 2467 2043">
     <span class='ocr_line' id='line_1_36' title="bbox 1867 1978 2467 2043; baseline -0.002 -1"><span class='ocrx_word' id='word_1_249' title='bbox 1867 1978 2077 2042; x_wconf 66' lang='lat' dir='ltr'>Variaa</span> <span class='ocrx_word' id='word_1_250' title='bbox 2130 1979 2467 2043; x_wconf 89' lang='lat' dir='ltr'>lectiones.</span> 
     </span>
    </p>
   </div>
   <div class='ocr_carea' id='block_1_37' title="bbox 478 2110 3510 2170">
    <p class='ocr_par' dir='ltr' id='par_1_37' title="bbox 478 2110 3510 2170">
     <span class='ocr_line' id='line_1_37' title="bbox 478 2110 3510 2170; baseline 0.002 -9"><span class='ocrx_word' id='word_1_251' title='bbox 478 2127 492 2132; x_wconf 87' lang='grc'><strong><em>-</em></strong></span> <span class='ocrx_word' id='word_1_252' title='bbox 531 2111 572 2145; x_wconf 78' lang='grc' dir='ltr'>⁸ο</span> <span class='ocrx_word' id='word_1_253' title='bbox 601 2111 798 2162; x_wconf 87' lang='lat' dir='ltr'>Verbis</span> <span class='ocrx_word' id='word_1_254' title='bbox 834 2112 964 2162; x_wconf 89' lang='lat' dir='ltr'>Voss.</span> <span class='ocrx_word' id='word_1_255' title='bbox 997 2111 1043 2162; x_wconf 93' lang='lat'>3.</span> <span class='ocrx_word' id='word_1_256' title='bbox 1109 2110 1151 2145; x_wconf 77' lang='grc' dir='ltr'>σο</span> <span class='ocrx_word' id='word_1_257' title='bbox 1181 2113 1241 2161; x_wconf 92' lang='lat' dir='ltr'>In</span> <span class='ocrx_word' id='word_1_258' title='bbox 1265 2124 1368 2163; x_wconf 89' lang='lat' dir='ltr'>nos</span> <span class='ocrx_word' id='word_1_259' title='bbox 1400 2125 1607 2163; x_wconf 88' lang='lat' dir='ltr'>novum</span> <span class='ocrx_word' id='word_1_260' title='bbox 1647 2113 1781 2164; x_wconf 81' lang='lat' dir='ltr'>Voss.</span> <span class='ocrx_word' id='word_1_261' title='bbox 1810 2113 1856 2163; x_wconf 91' lang='lat'>3.</span> <span class='ocrx_word' id='word_1_262' title='bbox 1923 2115 1969 2147; x_wconf 81' lang='grc'>⁸¹</span> <span class='ocrx_word' id='word_1_263' title='bbox 1997 2115 2202 2166; x_wconf 87' lang='lat' dir='ltr'>Contra</span> <span class='ocrx_word' id='word_1_264' title='bbox 2230 2117 2410 2167; x_wconf 91' lang='lat' dir='ltr'>Deum</span> <span class='ocrx_word' id='word_1_265' title='bbox 2437 2121 2492 2168; x_wconf 92' lang='lat' dir='ltr'>et</span> <span class='ocrx_word' id='word_1_266' title='bbox 2516 2118 2619 2168; x_wconf 90' lang='lat' dir='ltr'>Dei</span> <span class='ocrx_word' id='word_1_267' title='bbox 2657 2118 2788 2168; x_wconf 87' lang='lat' dir='ltr'>Voss.</span> <span class='ocrx_word' id='word_1_268' title='bbox 2819 2117 2866 2168; x_wconf 90' lang='lat'>3.</span> <span class='ocrx_word' id='word_1_269' title='bbox 2931 2117 2976 2151; x_wconf 75' lang='grc'>⁸⁸</span> <span class='ocrx_word' id='word_1_270' title='bbox 3006 2119 3325 2170; x_wconf 87' lang='lat' dir='ltr'>Perniciosa</span> <span class='ocrx_word' id='word_1_271' title='bbox 3359 2118 3510 2169; x_wconf 83' lang='lat' dir='ltr'>Ebor.</span> 
     </span>
    </p>
   </div>
   <div class='ocr_carea' id='block_1_38' title="bbox 1763 2271 2518 2352">
    <p class='ocr_par' dir='ltr' id='par_1_38' title="bbox 1763 2271 2518 2352">
     <span class='ocr_line' id='line_1_38' title="bbox 1763 2271 2518 2352; baseline 0 -17"><span class='ocrx_word' id='word_1_272' title='bbox 1763 2271 1986 2352; x_wconf 90' lang='lat' dir='ltr'>Steph.</span> <span class='ocrx_word' id='word_1_273' title='bbox 2037 2271 2279 2336; x_wconf 91' lang='lat' dir='ltr'>Baluzii</span> <span class='ocrx_word' id='word_1_274' title='bbox 2325 2278 2518 2337; x_wconf 70' lang='lat' dir='ltr'>notae.</span> 
     </span>
    </p>
   </div>
   <div class='ocr_carea' id='block_1_39' title="bbox 530 2403 2090 2468">
    <p class='ocr_par' dir='ltr' id='par_1_39' title="bbox 530 2403 2090 2468">
     <span class='ocr_line' id='line_1_39' title="bbox 530 2403 2090 2468; baseline 0.002 -13"><span class='ocrx_word' id='word_1_275' title='bbox 530 2404 922 2466; x_wconf 67' lang='lat' dir='ltr'>(54)Imperitus</span> <span class='ocrx_word' id='word_1_276' title='bbox 967 2408 1043 2454; x_wconf 84' lang='lat' dir='ltr'>est</span> <span class='ocrx_word' id='word_1_277' title='bbox 1092 2403 1334 2454; x_wconf 74' lang='lat' dir='ltr'>medicus.</span> <span class='ocrx_word' id='word_1_278' title='bbox 1383 2405 1779 2468; x_wconf 88' lang='lat' dir='ltr'>Tertullianus,</span> <span class='ocrx_word' id='word_1_279' title='bbox 1837 2409 1892 2457; x_wconf 92' lang='lat' dir='ltr'>in</span> <span class='ocrx_word' id='word_1_280' title='bbox 1951 2408 2090 2459; x_wconf 92' lang='lat' dir='ltr'>libro</span> 
     </span>
    </p>
   </div>
   <div class='ocr_carea' id='block_1_40' title="bbox 465 2475 2090 2529">
    <p class='ocr_par' dir='ltr' id='par_1_40' title="bbox 465 2475 2090 2529">
     <span class='ocr_line' id='line_1_40' title="bbox 465 2475 2090 2529; baseline 0.002 -4"><span class='ocrx_word' id='word_1_281' title='bbox 465 2476 527 2526; x_wconf 82' lang='lat' dir='ltr'>de</span> <span class='ocrx_word' id='word_1_282' title='bbox 580 2475 894 2524; x_wconf 71' lang='lat' dir='ltr'>Paenitentia</span> <span class='ocrx_word' id='word_1_283' title='bbox 938 2488 954 2520; x_wconf 85' lang='lat'>.-</span> <span class='ocrx_word' id='word_1_284' title='bbox 1010 2489 1038 2521; x_wconf 89' lang='grc'>‹‹</span> <span class='ocrx_word' id='word_1_285' title='bbox 1088 2475 1349 2525; x_wconf 87' lang='lat' dir='ltr'>Miserum</span> <span class='ocrx_word' id='word_1_286' title='bbox 1403 2480 1481 2526; x_wconf 88' lang='lat' dir='ltr'>est</span> <span class='ocrx_word' id='word_1_287' title='bbox 1530 2479 1703 2528; x_wconf 84' lang='lat' dir='ltr'>secari</span> <span class='ocrx_word' id='word_1_288' title='bbox 1741 2482 1795 2528; x_wconf 89' lang='lat' dir='ltr'>et</span> <span class='ocrx_word' id='word_1_289' title='bbox 1847 2481 2090 2529; x_wconf 86' lang='lat' dir='ltr'>cauterio</span> 
     </span>
    </p>
   </div>
   <div class='ocr_carea' id='block_1_41' title="bbox 468 2545 2089 2608">
    <p class='ocr_par' dir='ltr' id='par_1_41' title="bbox 468 2545 2089 2608">
     <span class='ocr_line' id='line_1_41' title="bbox 468 2545 2089 2608; baseline 0.002 -12"><span class='ocrx_word' id='word_1_290' title='bbox 468 2545 624 2596; x_wconf 89' lang='lat' dir='ltr'>exuri</span> <span class='ocrx_word' id='word_1_291' title='bbox 655 2548 709 2596; x_wconf 87' lang='lat' dir='ltr'>et</span> <span class='ocrx_word' id='word_1_292' title='bbox 735 2545 977 2608; x_wconf 85' lang='lat' dir='ltr'>pulveris</span> <span class='ocrx_word' id='word_1_293' title='bbox 1019 2545 1252 2608; x_wconf 85' lang='lat' dir='ltr'>alicujus</span> <span class='ocrx_word' id='word_1_294' title='bbox 1300 2547 1660 2599; x_wconf 87' lang='lat' dir='ltr'>mordacitate</span> <span class='ocrx_word' id='word_1_295' title='bbox 1698 2550 1950 2600; x_wconf 88' lang='lat' dir='ltr'>cruciari.</span> <span class='ocrx_word' id='word_1_296' title='bbox 1985 2551 2089 2600; x_wconf 88' lang='lat' dir='ltr'>Ta-</span> 
     </span>
    </p>
   </div>
   <div class='ocr_carea' id='block_1_42' title="bbox 467 2617 2091 2680">
    <p class='ocr_par' dir='ltr' id='par_1_42' title="bbox 467 2617 2091 2680">
     <span class='ocr_line' id='line_1_42' title="bbox 467 2617 2091 2680; baseline 0.002 -14"><span class='ocrx_word' id='word_1_297' title='bbox 467 2630 594 2666; x_wconf 89' lang='lat' dir='ltr'>men</span> <span class='ocrx_word' id='word_1_298' title='bbox 647 2629 773 2679; x_wconf 67' lang='lat' dir='ltr'>quaa</span> <span class='ocrx_word' id='word_1_299' title='bbox 834 2628 932 2678; x_wconf 91' lang='lat' dir='ltr'>per</span> <span class='ocrx_word' id='word_1_300' title='bbox 970 2617 1359 2666; x_wconf 88' lang='lat' dir='ltr'>insuavitatem</span> <span class='ocrx_word' id='word_1_301' title='bbox 1405 2618 1716 2680; x_wconf 90' lang='lat' dir='ltr'>medentur,</span> <span class='ocrx_word' id='word_1_302' title='bbox 1762 2633 1825 2669; x_wconf 88' lang='lat' dir='ltr'>ea</span> <span class='ocrx_word' id='word_1_303' title='bbox 1851 2623 1902 2670; x_wconf 88' lang='lat' dir='ltr'>et</span> <span class='ocrx_word' id='word_1_304' title='bbox 1931 2633 2091 2669; x_wconf 88' lang='lat' dir='ltr'>emo--</span> 
     </span>
    </p>
   </div>
   <div class='ocr_carea' id='block_1_43' title="bbox 466 2684 2090 2753">
    <p class='ocr_par' dir='ltr' id='par_1_43' title="bbox 466 2684 2090 2753">
     <span class='ocr_line' id='line_1_43' title="bbox 466 2684 2090 2753; baseline 0.003 -18"><span class='ocrx_word' id='word_1_305' title='bbox 466 2687 717 2735; x_wconf 87' lang='lat' dir='ltr'>lumento</span> <span class='ocrx_word' id='word_1_306' title='bbox 777 2685 1074 2735; x_wconf 87' lang='lat' dir='ltr'>curationis</span> <span class='ocrx_word' id='word_1_307' title='bbox 1117 2684 1382 2736; x_wconf 70' lang='lat' dir='ltr'>offensam</span> <span class='ocrx_word' id='word_1_308' title='bbox 1425 2688 1510 2736; x_wconf 90' lang='lat' dir='ltr'>sui</span> <span class='ocrx_word' id='word_1_309' title='bbox 1561 2692 1828 2739; x_wconf 85' lang='lat' dir='ltr'>excusant</span> <span class='ocrx_word' id='word_1_310' title='bbox 1863 2694 1919 2739; x_wconf 90' lang='lat' dir='ltr'>et</span> <span class='ocrx_word' id='word_1_311' title='bbox 1954 2703 2090 2753; x_wconf 83' lang='lat' dir='ltr'>prse-</span> 
     </span>
    </p>
   </div>
   <div class='ocr_carea' id='block_1_44' title="bbox 467 2756 2091 2824">
    <p class='ocr_par' dir='ltr' id='par_1_44' title="bbox 467 2756 2091 2824">
     <span class='ocr_line' id='line_1_44' title="bbox 467 2756 2091 2824; baseline 0.002 -18"><span class='ocrx_word' id='word_1_312' title='bbox 467 2760 682 2806; x_wconf 83' lang='lat' dir='ltr'>sentem</span> <span class='ocrx_word' id='word_1_313' title='bbox 715 2756 970 2818; x_wconf 88' lang='lat' dir='ltr'>injuriam</span> <span class='ocrx_word' id='word_1_314' title='bbox 1001 2761 1415 2820; x_wconf 71' lang='lat' dir='ltr'>superventuras</span> <span class='ocrx_word' id='word_1_315' title='bbox 1439 2759 1694 2809; x_wconf 86' lang='lat' dir='ltr'>utilitatis</span> <span class='ocrx_word' id='word_1_316' title='bbox 1722 2761 1896 2824; x_wconf 85' lang='lat' dir='ltr'>gratia</span> <span class='ocrx_word' id='word_1_317' title='bbox 1931 2773 2091 2810; x_wconf 93' lang='lat' dir='ltr'>com—</span> 
     </span>
    </p>
   </div>
   <div class='ocr_carea' id='block_1_45' title="bbox 467 2825 2090 2894">
    <p class='ocr_par' dir='ltr' id='par_1_45' title="bbox 467 2825 2090 2894">
     <span class='ocr_line' id='line_1_45' title="bbox 467 2825 2090 2894; baseline 0.002 -19"><span class='ocrx_word' id='word_1_318' title='bbox 467 2826 746 2877; x_wconf 88' lang='lat' dir='ltr'>mendant.</span> <span class='ocrx_word' id='word_1_319' title='bbox 773 2841 800 2872; x_wconf 71' lang='lat' dir='ltr'>n</span> <span class='ocrx_word' id='word_1_320' title='bbox 829 2825 998 2887; x_wconf 88' lang='lat' dir='ltr'>Idem,</span> <span class='ocrx_word' id='word_1_321' title='bbox 1025 2828 1084 2876; x_wconf 90' lang='lat' dir='ltr'>in</span> <span class='ocrx_word' id='word_1_322' title='bbox 1115 2827 1394 2891; x_wconf 78' lang='lat' dir='ltr'>Scorpiace</span> <span class='ocrx_word' id='word_1_323' title='bbox 1421 2845 1438 2877; x_wconf 92' lang='grc'><strong>.·</strong></span> <span class='ocrx_word' id='word_1_324' title='bbox 1469 2846 1498 2877; x_wconf 83' lang='lat'>«</span> <span class='ocrx_word' id='word_1_325' title='bbox 1523 2830 1594 2880; x_wconf 88' lang='lat' dir='ltr'>Et</span> <span class='ocrx_word' id='word_1_326' title='bbox 1619 2834 1702 2880; x_wconf 89' lang='lat' dir='ltr'>est</span> <span class='ocrx_word' id='word_1_327' title='bbox 1734 2831 1894 2893; x_wconf 88' lang='lat' dir='ltr'>plane</span> <span class='ocrx_word' id='word_1_328' title='bbox 1930 2832 2090 2894; x_wconf 88' lang='lat' dir='ltr'>quasi</span> 
     </span>
    </p>
   </div>
   <div class='ocr_carea' id='block_1_46' title="bbox 465 2895 2091 2964">
    <p class='ocr_par' dir='ltr' id='par_1_46' title="bbox 465 2895 2091 2964">
     <span class='ocr_line' id='line_1_46' title="bbox 465 2895 2091 2964; baseline 0.002 -16"><span class='ocrx_word' id='word_1_329' title='bbox 465 2897 679 2948; x_wconf 68' lang='lat' dir='ltr'>saevitia</span> <span class='ocrx_word' id='word_1_330' title='bbox 712 2895 1004 2947; x_wconf 70' lang='lat' dir='ltr'>medicinas</span> <span class='ocrx_word' id='word_1_331' title='bbox 1047 2897 1116 2947; x_wconf 90' lang='lat' dir='ltr'>de</span> <span class='ocrx_word' id='word_1_332' title='bbox 1155 2899 1397 2961; x_wconf 83' lang='lat' dir='ltr'>scapsllo</span> <span class='ocrx_word' id='word_1_333' title='bbox 1444 2899 1626 2964; x_wconf 89' lang='lat' dir='ltr'>deque</span> <span class='ocrx_word' id='word_1_334' title='bbox 1689 2901 1952 2961; x_wconf 87' lang='lat' dir='ltr'>cauterio,</span> <span class='ocrx_word' id='word_1_335' title='bbox 2023 2901 2091 2952; x_wconf 89' lang='lat' dir='ltr'>de</span> 
     </span>
    </p>
   </div>
   <div class='ocr_carea' id='block_1_47' title="bbox 466 2967 2090 3031">
    <p class='ocr_par' dir='ltr' id='par_1_47' title="bbox 466 2967 2090 3031">
     <span class='ocr_line' id='line_1_47' title="bbox 466 2967 2090 3031; baseline 0.001 -13"><span class='ocrx_word' id='word_1_336' title='bbox 466 2968 673 3031; x_wconf 88' lang='lat' dir='ltr'>sinapis</span> <span class='ocrx_word' id='word_1_337' title='bbox 721 2967 1023 3026; x_wconf 90' lang='lat' dir='ltr'>incendio;</span> <span class='ocrx_word' id='word_1_338' title='bbox 1076 2981 1188 3017; x_wconf 89' lang='lat' dir='ltr'>non</span> <span class='ocrx_word' id='word_1_339' title='bbox 1232 2974 1415 3020; x_wconf 89' lang='lat' dir='ltr'>tamen</span> <span class='ocrx_word' id='word_1_340' title='bbox 1471 2972 1646 3021; x_wconf 87' lang='lat' dir='ltr'>secari</span> <span class='ocrx_word' id='word_1_341' title='bbox 1723 2977 1778 3021; x_wconf 90' lang='lat' dir='ltr'>et</span> <span class='ocrx_word' id='word_1_342' title='bbox 1845 2973 1989 3021; x_wconf 88' lang='lat' dir='ltr'>inuri</span> <span class='ocrx_word' id='word_1_343' title='bbox 2038 2975 2090 3021; x_wconf 92' lang='lat' dir='ltr'>et</span> 
     </span>
    </p>
   </div>
   <div class='ocr_carea' id='block_1_48' title="bbox 467 3037 2090 3101">
    <p class='ocr_par' dir='ltr' id='par_1_48' title="bbox 467 3037 2090 3101">
     <span class='ocr_line' id='line_1_48' title="bbox 467 3037 2090 3101; baseline 0.001 -12"><span class='ocrx_word' id='word_1_344' title='bbox 467 3039 629 3089; x_wconf 82' lang='lat' dir='ltr'>exedi</span> <span class='ocrx_word' id='word_1_345' title='bbox 673 3037 880 3087; x_wconf 91' lang='lat' dir='ltr'>idcirco</span> <span class='ocrx_word' id='word_1_346' title='bbox 937 3038 1166 3098; x_wconf 89' lang='lat' dir='ltr'>malum,</span> <span class='ocrx_word' id='word_1_347' title='bbox 1204 3040 1333 3101; x_wconf 88' lang='lat' dir='ltr'>quia</span> <span class='ocrx_word' id='word_1_348' title='bbox 1381 3040 1597 3091; x_wconf 89' lang='lat' dir='ltr'>dolores</span> <span class='ocrx_word' id='word_1_349' title='bbox 1640 3042 1805 3091; x_wconf 89' lang='lat' dir='ltr'>utiles</span> <span class='ocrx_word' id='word_1_350' title='bbox 1856 3041 2028 3092; x_wconf 68' lang='lat' dir='ltr'>affert.</span> <span class='ocrx_word' id='word_1_351' title='bbox 2060 3058 2090 3090; x_wconf 71' lang='grc' dir='ltr'>λ)</span> 
     </span>
    </p>
   </div>
   <div class='ocr_carea' id='block_1_49' title="bbox 465 3107 2090 3174">
    <p class='ocr_par' dir='ltr' id='par_1_49' title="bbox 465 3107 2090 3174">
     <span class='ocr_line' id='line_1_49' title="bbox 465 3107 2090 3174; baseline 0.002 -16"><span class='ocrx_word' id='word_1_352' title='bbox 465 3109 534 3158; x_wconf 88' lang='lat' dir='ltr'>Et</span> <span class='ocrx_word' id='word_1_353' title='bbox 560 3108 700 3156; x_wconf 80' lang='lat' dir='ltr'>infra</span> <span class='ocrx_word' id='word_1_354' title='bbox 729 3122 740 3154; x_wconf 91' lang='lat'><strong>:</strong></span> <span class='ocrx_word' id='word_1_355' title='bbox 773 3124 800 3152; x_wconf 77' lang='grc' dir='ltr'><strong>α</strong></span> <span class='ocrx_word' id='word_1_356' title='bbox 825 3107 1056 3156; x_wconf 90' lang='lat' dir='ltr'>Ululans</span> <span class='ocrx_word' id='word_1_357' title='bbox 1087 3107 1329 3172; x_wconf 86' lang='lat' dir='ltr'>denique</span> <span class='ocrx_word' id='word_1_358' title='bbox 1364 3110 1458 3161; x_wconf 90' lang='lat' dir='ltr'>ille</span> <span class='ocrx_word' id='word_1_359' title='bbox 1496 3114 1549 3161; x_wconf 88' lang='lat' dir='ltr'>et</span> <span class='ocrx_word' id='word_1_360' title='bbox 1599 3125 1828 3174; x_wconf 90' lang='lat' dir='ltr'>gemens</span> <span class='ocrx_word' id='word_1_361' title='bbox 1872 3117 1924 3162; x_wconf 88' lang='lat' dir='ltr'>et</span> <span class='ocrx_word' id='word_1_362' title='bbox 1971 3127 2090 3162; x_wconf 84' lang='lat' dir='ltr'>mu-</span> 
     </span>
    </p>
   </div>
   <div class='ocr_carea' id='block_1_50' title="bbox 466 3178 2090 3243">
    <p class='ocr_par' dir='ltr' id='par_1_50' title="bbox 466 3178 2090 3243">
     <span class='ocr_line' id='line_1_50' title="bbox 466 3178 2090 3243; baseline 0.004 -15"><span class='ocrx_word' id='word_1_363' title='bbox 466 3181 624 3243; x_wconf 86' lang='lat' dir='ltr'>giens</span> <span class='ocrx_word' id='word_1_364' title='bbox 653 3179 794 3227; x_wconf 87' lang='lat' dir='ltr'>inter</span> <span class='ocrx_word' id='word_1_365' title='bbox 829 3190 1026 3226; x_wconf 88' lang='lat' dir='ltr'>manus</span> <span class='ocrx_word' id='word_1_366' title='bbox 1064 3178 1285 3240; x_wconf 91' lang='lat' dir='ltr'>medici,</span> <span class='ocrx_word' id='word_1_367' title='bbox 1328 3181 1680 3243; x_wconf 88' lang='lat' dir='ltr'>postmodum</span> <span class='ocrx_word' id='word_1_368' title='bbox 1724 3181 1915 3233; x_wconf 89' lang='lat' dir='ltr'>eadem</span> <span class='ocrx_word' id='word_1_369' title='bbox 1950 3197 2090 3234; x_wconf 91' lang='lat' dir='ltr'>mer-</span> 
     </span>
    </p>
   </div>
   <div class='ocr_carea' id='block_1_51' title="bbox 466 3247 2092 3316">
    <p class='ocr_par' dir='ltr' id='par_1_51' title="bbox 466 3247 2092 3316">
     <span class='ocr_line' id='line_1_51' title="bbox 466 3247 2092 3316; baseline 0.001 -16"><span class='ocrx_word' id='word_1_370' title='bbox 466 3250 600 3300; x_wconf 88' lang='lat' dir='ltr'>cede</span> <span class='ocrx_word' id='word_1_371' title='bbox 628 3247 954 3306; x_wconf 87' lang='lat' dir='ltr'>cumulabit,</span> <span class='ocrx_word' id='word_1_372' title='bbox 998 3252 1051 3299; x_wconf 89' lang='lat' dir='ltr'>et</span> <span class='ocrx_word' id='word_1_373' title='bbox 1098 3249 1334 3299; x_wconf 88' lang='lat' dir='ltr'>artiﬁces</span> <span class='ocrx_word' id='word_1_374' title='bbox 1373 3253 1608 3314; x_wconf 86' lang='lat' dir='ltr'>Optimos</span> <span class='ocrx_word' id='word_1_375' title='bbox 1658 3253 1982 3316; x_wconf 66' lang='lat' dir='ltr'>praedicabit</span> <span class='ocrx_word' id='word_1_376' title='bbox 2038 3257 2092 3303; x_wconf 88' lang='lat' dir='ltr'>et</span> 
     </span>
    </p>
   </div>
   <div class='ocr_carea' id='block_1_52' title="bbox 465 3319 2090 3382">
    <p class='ocr_par' dir='ltr' id='par_1_52' title="bbox 465 3319 2090 3382">
     <span class='ocr_line' id='line_1_52' title="bbox 465 3319 2090 3382; baseline 0.003 -13"><span class='ocrx_word' id='word_1_377' title='bbox 465 3333 646 3369; x_wconf 70' lang='lat' dir='ltr'>saavos</span> <span class='ocrx_word' id='word_1_378' title='bbox 694 3320 807 3380; x_wconf 85' lang='lat' dir='ltr'>jam</span> <span class='ocrx_word' id='word_1_379' title='bbox 858 3319 1098 3382; x_wconf 85' lang='lat' dir='ltr'>negabit.</span> <span class='ocrx_word' id='word_1_380' title='bbox 1132 3334 1161 3365; x_wconf 87' lang='lat'>»</span> <span class='ocrx_word' id='word_1_381' title='bbox 1197 3321 1416 3372; x_wconf 88' lang='lat' dir='ltr'>Lucifer</span> <span class='ocrx_word' id='word_1_382' title='bbox 1455 3321 1802 3372; x_wconf 88' lang='lat' dir='ltr'>Calaritanus</span> <span class='ocrx_word' id='word_1_383' title='bbox 1852 3325 1908 3372; x_wconf 90' lang='lat' dir='ltr'>in</span> <span class='ocrx_word' id='word_1_384' title='bbox 1949 3323 2090 3374; x_wconf 91' lang='lat' dir='ltr'>libro</span> 
     </span>
    </p>
   </div>
   <div class='ocr_carea' id='block_1_53' title="bbox 467 3389 2088 3454">
    <p class='ocr_par' dir='ltr' id='par_1_53' title="bbox 467 3389 2088 3454">
     <span class='ocr_line' id='line_1_53' title="bbox 467 3389 2088 3454; baseline 0.003 -15"><span class='ocrx_word' id='word_1_385' title='bbox 467 3392 530 3440; x_wconf 86' lang='lat' dir='ltr'>de</span> <span class='ocrx_word' id='word_1_386' title='bbox 560 3389 831 3439; x_wconf 68' lang='lat' dir='ltr'>Morirmdo</span> <span class='ocrx_word' id='word_1_387' title='bbox 877 3401 975 3450; x_wconf 87' lang='lat' dir='ltr'>pro</span> <span class='ocrx_word' id='word_1_388' title='bbox 1036 3390 1127 3438; x_wconf 78' lang='lat' dir='ltr'>Dei</span> <span class='ocrx_word' id='word_1_389' title='bbox 1163 3391 1298 3440; x_wconf 71' lang='lat' dir='ltr'>Falto</span> <span class='ocrx_word' id='word_1_390' title='bbox 1320 3407 1337 3440; x_wconf 86' lang='lat'><strong><em>:</em></strong></span> <span class='ocrx_word' id='word_1_391' title='bbox 1367 3411 1395 3436; x_wconf 92' lang='lat'>«</span> <span class='ocrx_word' id='word_1_392' title='bbox 1424 3393 1571 3454; x_wconf 88' lang='lat' dir='ltr'>Quid</span> <span class='ocrx_word' id='word_1_393' title='bbox 1615 3395 1765 3443; x_wconf 92' lang='lat' dir='ltr'>enim</span> <span class='ocrx_word' id='word_1_394' title='bbox 1793 3393 1922 3443; x_wconf 89' lang='lat' dir='ltr'>licet</span> <span class='ocrx_word' id='word_1_395' title='bbox 1946 3394 2088 3444; x_wconf 89' lang='lat' dir='ltr'>ferro</span> 
     </span>
    </p>
   </div>
   <div class='ocr_carea' id='block_1_54' title="bbox 468 3460 2090 3527">
    <p class='ocr_par' dir='ltr' id='par_1_54' title="bbox 468 3460 2090 3527">
     <span class='ocr_line' id='line_1_54' title="bbox 468 3460 2090 3527; baseline 0.002 -17"><span class='ocrx_word' id='word_1_396' title='bbox 468 3460 720 3510; x_wconf 90' lang='lat' dir='ltr'>medicus</span> <span class='ocrx_word' id='word_1_397' title='bbox 767 3463 933 3519; x_wconf 88' lang='lat' dir='ltr'>secet,</span> <span class='ocrx_word' id='word_1_398' title='bbox 980 3461 1223 3510; x_wconf 87' lang='lat' dir='ltr'>cauterio</span> <span class='ocrx_word' id='word_1_399' title='bbox 1270 3465 1408 3523; x_wconf 90' lang='lat' dir='ltr'>urat,</span> <span class='ocrx_word' id='word_1_400' title='bbox 1453 3465 1658 3527; x_wconf 89' lang='lat' dir='ltr'>sinapis</span> <span class='ocrx_word' id='word_1_401' title='bbox 1710 3465 1969 3514; x_wconf 92' lang='lat' dir='ltr'>incendio</span> <span class='ocrx_word' id='word_1_402' title='bbox 2021 3464 2090 3515; x_wconf 91' lang='lat' dir='ltr'>ad</span> 
     </span>
    </p>
   </div>
   <div class='ocr_carea' id='block_1_55' title="bbox 470 3530 2088 3598">
    <p class='ocr_par' dir='ltr' id='par_1_55' title="bbox 470 3530 2088 3598">
     <span class='ocr_line' id='line_1_55' title="bbox 470 3530 2088 3598; baseline 0.004 -17"><span class='ocrx_word' id='word_1_403' title='bbox 470 3545 693 3582; x_wconf 91' lang='lat' dir='ltr'>omnem</span> <span class='ocrx_word' id='word_1_404' title='bbox 722 3530 968 3580; x_wconf 86' lang='lat' dir='ltr'>dolorem</span> <span class='ocrx_word' id='word_1_405' title='bbox 1003 3543 1208 3593; x_wconf 66' lang='lat' dir='ltr'>aegrum</span> <span class='ocrx_word' id='word_1_406' title='bbox 1246 3531 1501 3595; x_wconf 88' lang='lat' dir='ltr'>deducat,</span> <span class='ocrx_word' id='word_1_407' title='bbox 1533 3539 1718 3585; x_wconf 88' lang='lat' dir='ltr'>tamen</span> <span class='ocrx_word' id='word_1_408' title='bbox 1753 3549 1858 3586; x_wconf 91' lang='lat' dir='ltr'>nec</span> <span class='ocrx_word' id='word_1_409' title='bbox 1893 3538 2088 3598; x_wconf 89' lang='lat' dir='ltr'>secari,</span> 
     </span>
    </p>
   </div>
   <div class='ocr_carea' id='block_1_56' title="bbox 469 3600 2088 3671">
    <p class='ocr_par' dir='ltr' id='par_1_56' title="bbox 469 3600 2088 3671">
     <span class='ocr_line' id='line_1_56' title="bbox 469 3600 2088 3671; baseline 0.004 -19"><span class='ocrx_word' id='word_1_410' title='bbox 469 3603 646 3661; x_wconf 86' lang='lat' dir='ltr'>exuri,</span> <span class='ocrx_word' id='word_1_411' title='bbox 699 3600 878 3659; x_wconf 82' lang='lat' dir='ltr'>exedi,</span> <span class='ocrx_word' id='word_1_412' title='bbox 928 3601 1278 3665; x_wconf 89' lang='lat' dir='ltr'>morderique</span> <span class='ocrx_word' id='word_1_413' title='bbox 1332 3608 1478 3655; x_wconf 87' lang='lat' dir='ltr'>esset</span> <span class='ocrx_word' id='word_1_414' title='bbox 1527 3607 1837 3666; x_wconf 90' lang='lat' dir='ltr'>inimicum,</span> <span class='ocrx_word' id='word_1_415' title='bbox 1884 3609 2088 3671; x_wconf 90' lang='lat' dir='ltr'>quippe</span> 
     </span>
    </p>
   </div>
   <div class='ocr_carea' id='block_1_57' title="bbox 471 3671 2090 3738">
    <p class='ocr_par' dir='ltr' id='par_1_57' title="bbox 471 3671 2090 3738">
     <span class='ocr_line' id='line_1_57' title="bbox 471 3671 2090 3738; baseline 0.004 -16"><span class='ocrx_word' id='word_1_416' title='bbox 471 3673 617 3738; x_wconf 91' lang='lat' dir='ltr'>quod</span> <span class='ocrx_word' id='word_1_417' title='bbox 647 3672 856 3722; x_wconf 91' lang='lat' dir='ltr'>idcirco</span> <span class='ocrx_word' id='word_1_418' title='bbox 883 3671 1093 3721; x_wconf 89' lang='lat' dir='ltr'>bouum</span> <span class='ocrx_word' id='word_1_419' title='bbox 1120 3675 1208 3734; x_wconf 88' lang='lat' dir='ltr'>sit,</span> <span class='ocrx_word' id='word_1_420' title='bbox 1258 3675 1388 3737; x_wconf 87' lang='lat' dir='ltr'>quia</span> <span class='ocrx_word' id='word_1_421' title='bbox 1422 3675 1638 3726; x_wconf 91' lang='lat' dir='ltr'>dolores</span> <span class='ocrx_word' id='word_1_422' title='bbox 1686 3677 1910 3728; x_wconf 88' lang='lat' dir='ltr'>inutiles</span> <span class='ocrx_word' id='word_1_423' title='bbox 1941 3680 2090 3728; x_wconf 86' lang='lat' dir='ltr'>aufe-</span> 
     </span>
    </p>
   </div>
   <div class='ocr_carea' id='block_1_58' title="bbox 468 3741 2087 3812">
    <p class='ocr_par' dir='ltr' id='par_1_58' title="bbox 468 3741 2087 3812">
     <span class='ocr_line' id='line_1_58' title="bbox 468 3741 2087 3812; baseline 0.002 -18"><span class='ocrx_word' id='word_1_424' title='bbox 468 3750 552 3794; x_wconf 87' lang='lat' dir='ltr'>rat</span> <span class='ocrx_word' id='word_1_425' title='bbox 578 3756 674 3807; x_wconf 90' lang='lat' dir='ltr'>per</span> <span class='ocrx_word' id='word_1_426' title='bbox 697 3741 973 3791; x_wconf 88' lang='lat' dir='ltr'>adhibitos</span> <span class='ocrx_word' id='word_1_427' title='bbox 1014 3743 1207 3792; x_wconf 90' lang='lat' dir='ltr'>salutis</span> <span class='ocrx_word' id='word_1_428' title='bbox 1259 3757 1424 3795; x_wconf 87' lang='lat' dir='ltr'>causa</span> <span class='ocrx_word' id='word_1_429' title='bbox 1450 3745 1682 3796; x_wconf 87' lang='lat' dir='ltr'>dolores.</span> <span class='ocrx_word' id='word_1_430' title='bbox 1713 3766 1741 3794; x_wconf 92' lang='lat'><strong>»</strong></span> <span class='ocrx_word' id='word_1_431' title='bbox 1770 3748 2087 3812; x_wconf 88' lang='lat' dir='ltr'>Cassianus,</span> 
     </span>
    </p>
   </div>
   <div class='ocr_carea' id='block_1_59' title="bbox 471 3813 2089 3876">
    <p class='ocr_par' dir='ltr' id='par_1_59' title="bbox 471 3813 2089 3876">
     <span class='ocr_line' id='line_1_59' title="bbox 471 3813 2089 3876; baseline 0.002 -12"><span class='ocrx_word' id='word_1_432' title='bbox 471 3814 664 3866; x_wconf 89' lang='lat' dir='ltr'>Collat.</span> <span class='ocrx_word' id='word_1_433' title='bbox 722 3826 800 3876; x_wconf 83' lang='lat' dir='ltr'>v1,</span> <span class='ocrx_word' id='word_1_434' title='bbox 854 3825 972 3875; x_wconf 88' lang='lat' dir='ltr'>cap.</span> <span class='ocrx_word' id='word_1_435' title='bbox 1008 3813 1077 3861; x_wconf 86' lang='lat'><strong>6:</strong></span> <span class='ocrx_word' id='word_1_436' title='bbox 1109 3828 1138 3861; x_wconf 67' lang='grc' dir='ltr'><strong>α</strong></span> <span class='ocrx_word' id='word_1_437' title='bbox 1189 3813 1409 3864; x_wconf 88' lang='lat' dir='ltr'>Etenim</span> <span class='ocrx_word' id='word_1_438' title='bbox 1451 3819 1623 3868; x_wconf 88' lang='lat' dir='ltr'>sectio</span> <span class='ocrx_word' id='word_1_439' title='bbox 1661 3818 1750 3868; x_wconf 91' lang='lat' dir='ltr'>vel</span> <span class='ocrx_word' id='word_1_440' title='bbox 1796 3821 1942 3868; x_wconf 86' lang='lat' dir='ltr'>ustio</span> <span class='ocrx_word' id='word_1_441' title='bbox 1993 3833 2089 3868; x_wconf 88' lang='lat' dir='ltr'>sa—</span> 
     </span>
    </p>
   </div>
   <div class='ocr_carea' id='block_1_60' title="bbox 466 3883 2088 3954">
    <p class='ocr_par' dir='ltr' id='par_1_60' title="bbox 466 3883 2088 3954">
     <span class='ocr_line' id='line_1_60' title="bbox 466 3883 2088 3954; baseline 0.002 -19"><span class='ocrx_word' id='word_1_442' title='bbox 466 3886 659 3935; x_wconf 88' lang='lat' dir='ltr'>lutaris</span> <span class='ocrx_word' id='word_1_443' title='bbox 711 3895 837 3946; x_wconf 65' lang='lat' dir='ltr'>quas</span> <span class='ocrx_word' id='word_1_444' title='bbox 880 3883 989 3931; x_wconf 89' lang='lat' dir='ltr'>illis</span> <span class='ocrx_word' id='word_1_445' title='bbox 1040 3884 1134 3943; x_wconf 88' lang='lat' dir='ltr'>qui</span> <span class='ocrx_word' id='word_1_446' title='bbox 1187 3884 1439 3935; x_wconf 86' lang='lat' dir='ltr'>ulcerum</span> <span class='ocrx_word' id='word_1_447' title='bbox 1502 3890 1830 3952; x_wconf 88' lang='lat' dir='ltr'>contagione</span> <span class='ocrx_word' id='word_1_448' title='bbox 1893 3893 2088 3954; x_wconf 90' lang='lat' dir='ltr'>putre-</span> 
     </span>
    </p>
   </div>
   <div class='ocr_carea' id='block_1_61' title="bbox 468 3954 2088 4017">
    <p class='ocr_par' dir='ltr' id='par_1_61' title="bbox 468 3954 2088 4017">
     <span class='ocr_line' id='line_1_61' title="bbox 468 3954 2088 4017; baseline 0.002 -11"><span class='ocrx_word' id='word_1_449' title='bbox 468 3957 598 4006; x_wconf 86' lang='lat' dir='ltr'>facti</span> <span class='ocrx_word' id='word_1_450' title='bbox 622 3958 752 4004; x_wconf 91' lang='lat' dir='ltr'>sunt</span> <span class='ocrx_word' id='word_1_451' title='bbox 770 3955 859 4017; x_wconf 90' lang='lat' dir='ltr'>pie</span> <span class='ocrx_word' id='word_1_452' title='bbox 889 3954 1122 4003; x_wconf 87' lang='lat' dir='ltr'>infertur</span> <span class='ocrx_word' id='word_1_453' title='bbox 1146 3968 1177 4004; x_wconf 89' lang='lat' dir='ltr'>a</span> <span class='ocrx_word' id='word_1_454' title='bbox 1206 3955 1422 4006; x_wconf 89' lang='lat' dir='ltr'>medico</span> <span class='ocrx_word' id='word_1_455' title='bbox 1455 3958 1598 4008; x_wconf 89' lang='lat' dir='ltr'>mala</span> <span class='ocrx_word' id='word_1_456' title='bbox 1645 3973 1675 4008; x_wconf 86' lang='lat' dir='ltr'>a</span> <span class='ocrx_word' id='word_1_457' title='bbox 1729 3961 2088 4010; x_wconf 87' lang='lat' dir='ltr'>tolerantibus</span> 
     </span>
    </p>
   </div>
   <div class='ocr_carea' id='block_1_62' title="bbox 470 4025 2084 4085">
    <p class='ocr_par' dir='ltr' id='par_1_62' title="bbox 470 4025 2084 4085">
     <span class='ocr_line' id='line_1_62' title="bbox 470 4025 2084 4085; baseline 0 -7"><span class='ocrx_word' id='word_1_458' title='bbox 470 4027 731 4079; x_wconf 88' lang='lat' dir='ltr'>creditur.</span> <span class='ocrx_word' id='word_1_459' title='bbox 765 4040 794 4071; x_wconf 85' lang='grc'><strong>››</strong></span> <span class='ocrx_word' id='word_1_460' title='bbox 828 4025 1122 4085; x_wconf 87' lang='lat' dir='ltr'>Pacianus,</span> <span class='ocrx_word' id='word_1_461' title='bbox 1160 4025 1216 4072; x_wconf 90' lang='lat' dir='ltr'>in</span> <span class='ocrx_word' id='word_1_462' title='bbox 1253 4025 1527 4078; x_wconf 72' lang='lat' dir='ltr'>Partenesi</span> <span class='ocrx_word' id='word_1_463' title='bbox 1559 4028 1624 4077; x_wconf 88' lang='lat' dir='ltr'>ad</span> <span class='ocrx_word' id='word_1_464' title='bbox 1658 4031 2040 4081; x_wconf 76' lang='lat' dir='ltr'>Pmnitentiam</span> <span class='ocrx_word' id='word_1_465' title='bbox 2074 4045 2084 4078; x_wconf 91' lang='lat'><strong>:</strong></span> 
     </span>
    </p>
   </div>
   <div class='ocr_carea' id='block_1_63' title="bbox 465 4095 2089 4158">
    <p class='ocr_par' dir='ltr' id='par_1_63' title="bbox 465 4095 2089 4158">
     <span class='ocr_line' id='line_1_63' title="bbox 465 4095 2089 4158; baseline 0.004 -13"><span class='ocrx_word' id='word_1_466' title='bbox 465 4117 494 4145; x_wconf 87' lang='lat'>«</span> <span class='ocrx_word' id='word_1_467' title='bbox 527 4097 836 4147; x_wconf 87' lang='lat' dir='ltr'>Prudentes</span> <span class='ocrx_word' id='word_1_468' title='bbox 863 4096 995 4158; x_wconf 69' lang='lat' dir='ltr'>aagri</span> <span class='ocrx_word' id='word_1_469' title='bbox 1035 4095 1282 4146; x_wconf 89' lang='lat' dir='ltr'>medicos</span> <span class='ocrx_word' id='word_1_470' title='bbox 1307 4112 1417 4147; x_wconf 92' lang='lat' dir='ltr'>non</span> <span class='ocrx_word' id='word_1_471' title='bbox 1445 4104 1702 4151; x_wconf 89' lang='lat' dir='ltr'>verentur</span> <span class='ocrx_word' id='word_1_472' title='bbox 1725 4115 1796 4151; x_wconf 91' lang='lat' dir='ltr'>ne</span> <span class='ocrx_word' id='word_1_473' title='bbox 1825 4103 1881 4150; x_wconf 91' lang='lat' dir='ltr'>in</span> <span class='ocrx_word' id='word_1_474' title='bbox 1907 4103 2089 4152; x_wconf 88' lang='lat' dir='ltr'>occul-</span> 
     </span>
    </p>
   </div>
   <div class='ocr_carea' id='block_1_64' title="bbox 471 4167 2086 4231">
    <p class='ocr_par' dir='ltr' id='par_1_64' title="bbox 471 4167 2086 4231">
     <span class='ocr_line' id='line_1_64' title="bbox 471 4167 2086 4231; baseline 0.001 -11"><span class='ocrx_word' id='word_1_475' title='bbox 471 4171 540 4220; x_wconf 87' lang='lat' dir='ltr'>tis</span> <span class='ocrx_word' id='word_1_476' title='bbox 609 4167 834 4231; x_wconf 90' lang='lat' dir='ltr'>quidem</span> <span class='ocrx_word' id='word_1_477' title='bbox 892 4177 1185 4228; x_wconf 91' lang='lat' dir='ltr'>corporum</span> <span class='ocrx_word' id='word_1_478' title='bbox 1241 4169 1490 4230; x_wconf 86' lang='lat' dir='ltr'>partibus</span> <span class='ocrx_word' id='word_1_479' title='bbox 1564 4172 1730 4221; x_wconf 90' lang='lat' dir='ltr'>etiam</span> <span class='ocrx_word' id='word_1_480' title='bbox 1788 4177 2086 4231; x_wconf 87' lang='lat' dir='ltr'>secaturos,</span> 
     </span>
    </p>
   </div>
   <div class='ocr_carea' id='block_1_65' title="bbox 467 4237 2088 4305">
    <p class='ocr_par' dir='ltr' id='par_1_65' title="bbox 467 4237 2088 4305">
     <span class='ocr_line' id='line_1_65' title="bbox 467 4237 2088 4305; baseline 0.001 -16"><span class='ocrx_word' id='word_1_481' title='bbox 467 4241 631 4290; x_wconf 88' lang='lat' dir='ltr'>etiam</span> <span class='ocrx_word' id='word_1_482' title='bbox 655 4243 993 4301; x_wconf 87' lang='lat' dir='ltr'>perusturos.</span> <span class='ocrx_word' id='word_1_483' title='bbox 1023 4237 1376 4289; x_wconf 84' lang='lat' dir='ltr'>Meminimus</span> <span class='ocrx_word' id='word_1_484' title='bbox 1401 4242 1669 4305; x_wconf 85' lang='lat' dir='ltr'>quosdam</span> <span class='ocrx_word' id='word_1_485' title='bbox 1694 4248 1902 4293; x_wconf 88' lang='lat' dir='ltr'>remota</span> <span class='ocrx_word' id='word_1_486' title='bbox 1923 4244 2088 4293; x_wconf 89' lang='lat' dir='ltr'>etiam</span> 
     </span>
    </p>
   </div>
   <div class='ocr_carea' id='block_1_66' title="bbox 467 4307 2088 4364">
    <p class='ocr_par' dir='ltr' id='par_1_66' title="bbox 467 4307 2088 4364">
     <span class='ocr_line' id='line_1_66' title="bbox 467 4307 2088 4364; baseline 0.001 -3"><span class='ocrx_word' id='word_1_487' title='bbox 467 4316 522 4362; x_wconf 91' lang='lat' dir='ltr'>et</span> <span class='ocrx_word' id='word_1_488' title='bbox 552 4308 866 4360; x_wconf 88' lang='lat' dir='ltr'>verecunda</span> <span class='ocrx_word' id='word_1_489' title='bbox 896 4307 1271 4358; x_wconf 89' lang='lat' dir='ltr'>membrorum</span> <span class='ocrx_word' id='word_1_490' title='bbox 1297 4324 1408 4360; x_wconf 91' lang='lat' dir='ltr'>non</span> <span class='ocrx_word' id='word_1_491' title='bbox 1437 4313 1825 4364; x_wconf 90' lang='lat' dir='ltr'>erubescentes</span> <span class='ocrx_word' id='word_1_492' title='bbox 1851 4316 1905 4363; x_wconf 91' lang='lat' dir='ltr'>in</span> <span class='ocrx_word' id='word_1_493' title='bbox 1947 4314 2088 4364; x_wconf 87' lang='lat' dir='ltr'>ferro</span> 
     </span>
    </p>
   </div>
   <div class='ocr_carea' id='block_1_67' title="bbox 467 4381 2087 4446">
    <p class='ocr_par' dir='ltr' id='par_1_67' title="bbox 467 4381 2087 4446">
     <span class='ocr_line' id='line_1_67' title="bbox 467 4381 2087 4446; baseline 0 -14"><span class='ocrx_word' id='word_1_494' title='bbox 467 4386 520 4432; x_wconf 89' lang='lat' dir='ltr'>et</span> <span class='ocrx_word' id='word_1_495' title='bbox 572 4383 816 4430; x_wconf 87' lang='lat' dir='ltr'>cauterio</span> <span class='ocrx_word' id='word_1_496' title='bbox 868 4383 921 4428; x_wconf 90' lang='lat' dir='ltr'>et</span> <span class='ocrx_word' id='word_1_497' title='bbox 969 4381 1292 4441; x_wconf 85' lang='lat' dir='ltr'>gravissima</span> <span class='ocrx_word' id='word_1_498' title='bbox 1365 4382 1455 4432; x_wconf 92' lang='lat' dir='ltr'>illa</span> <span class='ocrx_word' id='word_1_499' title='bbox 1511 4383 1755 4446; x_wconf 89' lang='lat' dir='ltr'>pulveris</span> <span class='ocrx_word' id='word_1_500' title='bbox 1815 4384 2087 4434; x_wconf 88' lang='lat' dir='ltr'>mordaci-</span> 
     </span>
    </p>
   </div>
   <div class='ocr_carea' id='block_1_68' title="bbox 465 4450 2166 4520">
    <p class='ocr_par' dir='ltr' id='par_1_68' title="bbox 465 4450 2166 4520">
     <span class='ocr_line' id='line_1_68' title="bbox 465 4450 2166 4520; baseline 0.001 -17"><span class='ocrx_word' id='word_1_501' title='bbox 465 4457 574 4502; x_wconf 90' lang='lat' dir='ltr'>tate</span> <span class='ocrx_word' id='word_1_502' title='bbox 632 4451 875 4499; x_wconf 87' lang='lat' dir='ltr'>durasse.</span> <span class='ocrx_word' id='word_1_503' title='bbox 932 4466 960 4494; x_wconf 90' lang='lat'><strong>»</strong></span> <span class='ocrx_word' id='word_1_504' title='bbox 1007 4450 1158 4499; x_wconf 89' lang='lat' dir='ltr'>Istud</span> <span class='ocrx_word' id='word_1_505' title='bbox 1206 4451 1531 4517; x_wconf 88' lang='lat' dir='ltr'>Fulgentius</span> <span class='ocrx_word' id='word_1_506' title='bbox 1583 4454 1881 4516; x_wconf 88' lang='lat' dir='ltr'>Placiades,</span> <span class='ocrx_word' id='word_1_507' title='bbox 1927 4456 2020 4505; x_wconf 81' lang='lat' dir='ltr'>lib.</span> <span class='ocrx_word' id='word_1_508' title='bbox 2072 4450 2166 4520; x_wconf 85' lang='lat' dir='ltr'>ID</span> 
     </span>
    </p>
   </div>
   <div class='ocr_carea' id='block_1_69' title="bbox 468 4520 2084 4590">
    <p class='ocr_par' dir='ltr' id='par_1_69' title="bbox 468 4520 2084 4590">
     <span class='ocr_line' id='line_1_69' title="bbox 468 4520 2084 4590; baseline 0 -16"><span class='ocrx_word' id='word_1_509' title='bbox 468 4522 701 4587; x_wconf 81' lang='lat' dir='ltr'>Mythol.,</span> <span class='ocrx_word' id='word_1_510' title='bbox 749 4524 910 4568; x_wconf 84' lang='lat' dir='ltr'>vocat</span> <span class='ocrx_word' id='word_1_511' title='bbox 954 4520 1282 4584; x_wconf 86' lang='lat' dir='ltr'>chirurgicse</span> <span class='ocrx_word' id='word_1_512' title='bbox 1345 4523 1642 4574; x_wconf 88' lang='lat' dir='ltr'>lanienam.</span> <span class='ocrx_word' id='word_1_513' title='bbox 1696 4525 2084 4590; x_wconf 86' lang='lat' dir='ltr'>Hieronymus,</span> 
     </span>
    </p>
   </div>
   <div class='ocr_carea' id='block_1_70' title="bbox 468 4590 2085 4656">
    <p class='ocr_par' dir='ltr' id='par_1_70' title="bbox 468 4590 2085 4656">
     <span class='ocr_line' id='line_1_70' title="bbox 468 4590 2085 4656; baseline 0.002 -12"><span class='ocrx_word' id='word_1_514' title='bbox 468 4598 525 4644; x_wconf 89' lang='lat' dir='ltr'>in</span> <span class='ocrx_word' id='word_1_515' title='bbox 576 4590 824 4656; x_wconf 84' lang='lat' dir='ltr'>Epistola</span> <span class='ocrx_word' id='word_1_516' title='bbox 873 4591 942 4638; x_wconf 76' lang='grc' dir='ltr'>(ιιι</span> <span class='ocrx_word' id='word_1_517' title='bbox 1003 4591 1304 4640; x_wconf 79' lang='lat' dir='ltr'>Marcellam</span> <span class='ocrx_word' id='word_1_518' title='bbox 1375 4593 1443 4644; x_wconf 92' lang='lat' dir='ltr'>de</span> <span class='ocrx_word' id='word_1_519' title='bbox 1501 4595 1684 4645; x_wconf 89' lang='lat' dir='ltr'>Onaso</span> <span class='ocrx_word' id='word_1_520' title='bbox 1742 4612 1752 4643; x_wconf 90' lang='lat'>:</span> <span class='ocrx_word' id='word_1_521' title='bbox 1815 4614 1841 4643; x_wconf 88' lang='grc'><strong><em>‹‹</em></strong></span> <span class='ocrx_word' id='word_1_522' title='bbox 1888 4597 2085 4647; x_wconf 86' lang='lat' dir='ltr'>Medici</span> 
     </span>
    </p>
   </div>
   <div class='ocr_carea' id='block_1_71' title="bbox 466 4662 2083 4730">
    <p class='ocr_par' dir='ltr' id='par_1_71' title="bbox 466 4662 2083 4730">
     <span class='ocr_line' id='line_1_71' title="bbox 466 4662 2083 4730; baseline 0 -16"><span class='ocrx_word' id='word_1_523' title='bbox 466 4678 605 4730; x_wconf 89' lang='lat' dir='ltr'>quos</span> <span class='ocrx_word' id='word_1_524' title='bbox 639 4667 842 4714; x_wconf 90' lang='lat' dir='ltr'>vocant</span> <span class='ocrx_word' id='word_1_525' title='bbox 871 4662 1216 4727; x_wconf 88' lang='lat' dir='ltr'>chirurgicos</span> <span class='ocrx_word' id='word_1_526' title='bbox 1246 4665 1498 4716; x_wconf 83' lang='lat' dir='ltr'>crudeles</span> <span class='ocrx_word' id='word_1_527' title='bbox 1519 4672 1786 4730; x_wconf 88' lang='lat' dir='ltr'>putantur</span> <span class='ocrx_word' id='word_1_528' title='bbox 1813 4673 1867 4718; x_wconf 92' lang='lat' dir='ltr'>et</span> <span class='ocrx_word' id='word_1_529' title='bbox 1901 4669 2083 4718; x_wconf 88' lang='lat' dir='ltr'>miseri</span> 
     </span>
    </p>
   </div>
   <div class='ocr_carea' id='block_1_72' title="bbox 465 4734 2084 4790">
    <p class='ocr_par' dir='ltr' id='par_1_72' title="bbox 465 4734 2084 4790">
     <span class='ocr_line' id='line_1_72' title="bbox 465 4734 2084 4790; baseline 0.002 -3"><span class='ocrx_word' id='word_1_530' title='bbox 465 4741 610 4787; x_wconf 90' lang='lat' dir='ltr'>sunt.</span> <span class='ocrx_word' id='word_1_531' title='bbox 641 4736 840 4784; x_wconf 86' lang='lat' dir='ltr'>Annon</span> <span class='ocrx_word' id='word_1_532' title='bbox 881 4738 963 4782; x_wconf 87' lang='lat' dir='ltr'>est</span> <span class='ocrx_word' id='word_1_533' title='bbox 998 4734 1215 4784; x_wconf 89' lang='lat' dir='ltr'>miseria</span> <span class='ocrx_word' id='word_1_534' title='bbox 1264 4737 1459 4787; x_wconf 89' lang='lat' dir='ltr'>alienis</span> <span class='ocrx_word' id='word_1_535' title='bbox 1497 4752 1609 4788; x_wconf 91' lang='lat' dir='ltr'>non</span> <span class='ocrx_word' id='word_1_536' title='bbox 1663 4738 1848 4789; x_wconf 90' lang='lat' dir='ltr'>dolere</span> <span class='ocrx_word' id='word_1_537' title='bbox 1889 4741 2084 4790; x_wconf 89' lang='lat' dir='ltr'>vulne-</span> 
     </span>
    </p>
   </div>
   <div class='ocr_carea' id='block_1_73' title="bbox 463 4809 2084 4861">
    <p class='ocr_par' dir='ltr' id='par_1_73' title="bbox 463 4809 2084 4861">
     <span class='ocr_line' id='line_1_73' title="bbox 463 4809 2084 4861; baseline 0 -3"><span class='ocrx_word' id='word_1_538' title='bbox 463 4809 617 4858; x_wconf 90' lang='lat' dir='ltr'>ribus</span> <span class='ocrx_word' id='word_1_539' title='bbox 641 4811 696 4856; x_wconf 89' lang='lat' dir='ltr'>et</span> <span class='ocrx_word' id='word_1_540' title='bbox 721 4810 966 4854; x_wconf 89' lang='lat' dir='ltr'>mortuas</span> <span class='ocrx_word' id='word_1_541' title='bbox 1018 4818 1212 4855; x_wconf 89' lang='lat' dir='ltr'>carnes</span> <span class='ocrx_word' id='word_1_542' title='bbox 1254 4809 1570 4859; x_wconf 87' lang='lat' dir='ltr'>inclementi</span> <span class='ocrx_word' id='word_1_543' title='bbox 1609 4823 1795 4860; x_wconf 88' lang='lat' dir='ltr'>secare</span> <span class='ocrx_word' id='word_1_544' title='bbox 1832 4812 1974 4861; x_wconf 88' lang='lat' dir='ltr'>ferro</span> <span class='ocrx_word' id='word_1_545' title='bbox 2002 4813 2029 4859; x_wconf 61' lang='grc' dir='ltr'>(Β</span> <span class='ocrx_word' id='word_1_546' title='bbox 2057 4830 2084 4858; x_wconf 84' lang='grc'><strong>»</strong></span> 
     </span>
    </p>
   </div>
   <div class='ocr_carea' id='block_1_74' title="bbox 463 4875 2085 4945">
    <p class='ocr_par' dir='ltr' id='par_1_74' title="bbox 463 4875 2085 4945">
     <span class='ocr_line' id='line_1_74' title="bbox 463 4875 2085 4945; baseline 0.002 -16"><span class='ocrx_word' id='word_1_547' title='bbox 463 4881 635 4941; x_wconf 86' lang='lat' dir='ltr'>Idem,</span> <span class='ocrx_word' id='word_1_548' title='bbox 663 4878 718 4926; x_wconf 89' lang='lat' dir='ltr'>in</span> <span class='ocrx_word' id='word_1_549' title='bbox 754 4875 1002 4938; x_wconf 88' lang='lat' dir='ltr'>Epistola</span> <span class='ocrx_word' id='word_1_550' title='bbox 1043 4877 1114 4925; x_wconf 88' lang='lat' dir='ltr'>ad</span> <span class='ocrx_word' id='word_1_551' title='bbox 1158 4878 1451 4928; x_wconf 80' lang='lat' dir='ltr'>Amandum</span> <span class='ocrx_word' id='word_1_552' title='bbox 1493 4881 1852 4945; x_wconf 81' lang='lat' dir='ltr'>presbyterum</span> <span class='ocrx_word' id='word_1_553' title='bbox 1887 4898 1896 4930; x_wconf 93' lang='lat'>:</span> <span class='ocrx_word' id='word_1_554' title='bbox 1927 4899 1955 4931; x_wconf 92' lang='grc'><strong>&lt;‹</strong></span> <span class='ocrx_word' id='word_1_555' title='bbox 1980 4884 2085 4932; x_wconf 89' lang='lat' dir='ltr'>Pu-</span> 
     </span>
    </p>
   </div>
   <div class='ocr_carea' id='block_1_75' title="bbox 460 4946 2085 5012">
    <p class='ocr_par' dir='ltr' id='par_1_75' title="bbox 460 4946 2085 5012">
     <span class='ocr_line' id='line_1_75' title="bbox 460 4946 2085 5012; baseline 0.002 -12"><span class='ocrx_word' id='word_1_556' title='bbox 460 4951 616 5000; x_wconf 60' lang='lat' dir='ltr'>tridae</span> <span class='ocrx_word' id='word_1_557' title='bbox 668 4959 860 4997; x_wconf 89' lang='lat' dir='ltr'>carnes</span> <span class='ocrx_word' id='word_1_558' title='bbox 907 4946 1050 4996; x_wconf 89' lang='lat' dir='ltr'>ferro</span> <span class='ocrx_word' id='word_1_559' title='bbox 1093 4946 1344 5011; x_wconf 87' lang='lat' dir='ltr'>indigent</span> <span class='ocrx_word' id='word_1_560' title='bbox 1398 4953 1452 4998; x_wconf 90' lang='lat' dir='ltr'>et</span> <span class='ocrx_word' id='word_1_561' title='bbox 1511 4955 1792 5012; x_wconf 88' lang='lat' dir='ltr'>cauterio;</span> <span class='ocrx_word' id='word_1_562' title='bbox 1841 4966 1948 5003; x_wconf 91' lang='lat' dir='ltr'>nec</span> <span class='ocrx_word' id='word_1_563' title='bbox 2002 4960 2085 5005; x_wconf 89' lang='lat' dir='ltr'>est</span> 
     </span>
    </p>
   </div>
   <div class='ocr_carea' id='block_1_76' title="bbox 459 5017 2085 5080">
    <p class='ocr_par' dir='ltr' id='par_1_76' title="bbox 459 5017 2085 5080">
     <span class='ocr_line' id='line_1_76' title="bbox 459 5017 2085 5080; baseline 0.003 -10"><span class='ocrx_word' id='word_1_564' title='bbox 459 5020 754 5071; x_wconf 61' lang='lat' dir='ltr'>medicina</span> <span class='ocrx_word' id='word_1_565' title='bbox 782 5017 964 5080; x_wconf 91' lang='lat' dir='ltr'>culpa,</span> <span class='ocrx_word' id='word_1_566' title='bbox 1005 5017 1101 5066; x_wconf 91' lang='lat' dir='ltr'>sed</span> <span class='ocrx_word' id='word_1_567' title='bbox 1142 5019 1402 5079; x_wconf 88' lang='lat' dir='ltr'>vulneris,</span> <span class='ocrx_word' id='word_1_568' title='bbox 1445 5034 1576 5071; x_wconf 92' lang='lat' dir='ltr'>cum</span> <span class='ocrx_word' id='word_1_569' title='bbox 1617 5023 1942 5074; x_wconf 86' lang='lat' dir='ltr'>crudelitate</span> <span class='ocrx_word' id='word_1_570' title='bbox 1976 5025 2085 5075; x_wconf 90' lang='lat' dir='ltr'>cle—</span> 
     </span>
    </p>
   </div>
   <div class='ocr_carea' id='block_1_77' title="bbox 462 5088 2085 5156">
    <p class='ocr_par' dir='ltr' id='par_1_77' title="bbox 462 5088 2085 5156">
     <span class='ocr_line' id='line_1_77' title="bbox 462 5088 2085 5156; baseline 0.002 -15"><span class='ocrx_word' id='word_1_571' title='bbox 462 5092 636 5141; x_wconf 88' lang='lat' dir='ltr'>menti</span> <span class='ocrx_word' id='word_1_572' title='bbox 696 5101 806 5137; x_wconf 89' lang='lat' dir='ltr'>non</span> <span class='ocrx_word' id='word_1_573' title='bbox 874 5088 1048 5149; x_wconf 87' lang='lat' dir='ltr'>parcit</span> <span class='ocrx_word' id='word_1_574' title='bbox 1090 5088 1344 5139; x_wconf 90' lang='lat' dir='ltr'>medicus</span> <span class='ocrx_word' id='word_1_575' title='bbox 1405 5095 1467 5140; x_wconf 90' lang='lat' dir='ltr'>ut</span> <span class='ocrx_word' id='word_1_576' title='bbox 1530 5097 1736 5156; x_wconf 89' lang='lat' dir='ltr'>parcat,</span> <span class='ocrx_word' id='word_1_577' title='bbox 1793 5096 1951 5144; x_wconf 55' lang='lat' dir='ltr'>saevit</span> <span class='ocrx_word' id='word_1_578' title='bbox 2023 5102 2085 5146; x_wconf 92' lang='lat' dir='ltr'>ut</span> 
     </span>
    </p>
   </div>
   <div class='ocr_carea' id='block_1_78' title="bbox 457 5161 2082 5224">
    <p class='ocr_par' dir='ltr' id='par_1_78' title="bbox 457 5161 2082 5224">
     <span class='ocr_line' id='line_1_78' title="bbox 457 5161 2082 5224; baseline 0.001 -7"><span class='ocrx_word' id='word_1_579' title='bbox 457 5167 800 5217; x_wconf 85' lang='lat' dir='ltr'>misereatur.</span> <span class='ocrx_word' id='word_1_580' title='bbox 833 5179 860 5206; x_wconf 83' lang='lat'>»</span> <span class='ocrx_word' id='word_1_581' title='bbox 889 5161 1064 5220; x_wconf 90' lang='lat' dir='ltr'>Idem,</span> <span class='ocrx_word' id='word_1_582' title='bbox 1095 5161 1151 5209; x_wconf 91' lang='lat' dir='ltr'>in</span> <span class='ocrx_word' id='word_1_583' title='bbox 1183 5161 1426 5224; x_wconf 88' lang='lat' dir='ltr'>Epistola</span> <span class='ocrx_word' id='word_1_584' title='bbox 1452 5165 1520 5214; x_wconf 85' lang='lat' dir='ltr'>ad</span> <span class='ocrx_word' id='word_1_585' title='bbox 1539 5168 1763 5215; x_wconf 83' lang='lat' dir='ltr'>Matrem</span> <span class='ocrx_word' id='word_1_586' title='bbox 1790 5173 1834 5217; x_wconf 86' lang='lat' dir='ltr'>et</span> <span class='ocrx_word' id='word_1_587' title='bbox 1852 5169 2044 5219; x_wconf 78' lang='lat' dir='ltr'>Filiam</span> <span class='ocrx_word' id='word_1_588' title='bbox 2066 5187 2082 5219; x_wconf 90' lang='grc'><strong>.-</strong></span> 
     </span>
    </p>
   </div>
   <div class='ocr_carea' id='block_1_79' title="bbox 455 5232 2082 5291">
    <p class='ocr_par' dir='ltr' id='par_1_79' title="bbox 455 5232 2082 5291">
     <span class='ocr_line' id='line_1_79' title="bbox 455 5232 2082 5291; baseline 0.002 -4"><span class='ocrx_word' id='word_1_589' title='bbox 455 5255 485 5287; x_wconf 81' lang='grc'>‹‹</span> <span class='ocrx_word' id='word_1_590' title='bbox 518 5235 762 5286; x_wconf 58' lang='lat' dir='ltr'>Putridae</span> <span class='ocrx_word' id='word_1_591' title='bbox 801 5244 995 5282; x_wconf 88' lang='lat' dir='ltr'>carnes</span> <span class='ocrx_word' id='word_1_592' title='bbox 1035 5232 1178 5281; x_wconf 83' lang='lat' dir='ltr'>ferro</span> <span class='ocrx_word' id='word_1_593' title='bbox 1219 5239 1484 5283; x_wconf 85' lang='lat' dir='ltr'>curantur</span> <span class='ocrx_word' id='word_1_594' title='bbox 1524 5241 1578 5286; x_wconf 91' lang='lat' dir='ltr'>et</span> <span class='ocrx_word' id='word_1_595' title='bbox 1617 5240 1878 5289; x_wconf 90' lang='lat' dir='ltr'>cauterio.</span> <span class='ocrx_word' id='word_1_596' title='bbox 1919 5258 1945 5287; x_wconf 88' lang='lat'>»</span> <span class='ocrx_word' id='word_1_597' title='bbox 1996 5239 2082 5291; x_wconf 91' lang='lat' dir='ltr'>Si-</span> 
     </span>
    </p>
   </div>
   <div class='ocr_carea' id='block_1_80' title="bbox 457 5301 2082 5365">
    <p class='ocr_par' dir='ltr' id='par_1_80' title="bbox 457 5301 2082 5365">
     <span class='ocr_line' id='line_1_80' title="bbox 457 5301 2082 5365; baseline 0.003 -9"><span class='ocrx_word' id='word_1_598' title='bbox 457 5308 626 5356; x_wconf 90' lang='lat' dir='ltr'>ricius</span> <span class='ocrx_word' id='word_1_599' title='bbox 688 5306 853 5365; x_wconf 88' lang='lat' dir='ltr'>Papa,</span> <span class='ocrx_word' id='word_1_600' title='bbox 908 5303 964 5350; x_wconf 84' lang='lat' dir='ltr'>in</span> <span class='ocrx_word' id='word_1_601' title='bbox 1016 5301 1254 5364; x_wconf 83' lang='lat' dir='ltr'>Epistola</span> <span class='ocrx_word' id='word_1_602' title='bbox 1306 5305 1376 5353; x_wconf 85' lang='lat' dir='ltr'>ad</span> <span class='ocrx_word' id='word_1_603' title='bbox 1424 5306 1709 5356; x_wconf 74' lang='lat' dir='ltr'>Himerium</span> <span class='ocrx_word' id='word_1_604' title='bbox 1765 5323 1782 5357; x_wconf 89' lang='lat'><em>:</em></span> <span class='ocrx_word' id='word_1_605' title='bbox 1824 5325 1853 5358; x_wconf 70' lang='grc' dir='ltr'><strong>α</strong></span> <span class='ocrx_word' id='word_1_606' title='bbox 1916 5310 2082 5361; x_wconf 90' lang='lat' dir='ltr'>Ferro</span> 
     </span>
    </p>
   </div>
   <div class='ocr_carea' id='block_1_81' title="bbox 455 5373 2080 5442">
    <p class='ocr_par' dir='ltr' id='par_1_81' title="bbox 455 5373 2080 5442">
     <span class='ocr_line' id='line_1_81' title="bbox 455 5373 2080 5442; baseline 0.002 -14"><span class='ocrx_word' id='word_1_607' title='bbox 455 5390 688 5428; x_wconf 88' lang='lat' dir='ltr'>necesse</span> <span class='ocrx_word' id='word_1_608' title='bbox 717 5379 801 5424; x_wconf 87' lang='lat' dir='ltr'>est</span> <span class='ocrx_word' id='word_1_609' title='bbox 824 5373 1218 5424; x_wconf 85' lang='lat' dir='ltr'>exscindantur</span> <span class='ocrx_word' id='word_1_610' title='bbox 1262 5375 1492 5427; x_wconf 85' lang='lat' dir='ltr'>vulnera</span> <span class='ocrx_word' id='word_1_611' title='bbox 1540 5392 1665 5442; x_wconf 66' lang='lat' dir='ltr'>quas</span> <span class='ocrx_word' id='word_1_612' title='bbox 1709 5379 2080 5432; x_wconf 85' lang='lat' dir='ltr'>fomentorum</span> 
     </span>
    </p>
   </div>
   <div class='ocr_carea' id='block_1_82' title="bbox 453 5444 2080 5516">
    <p class='ocr_par' dir='ltr' id='par_1_82' title="bbox 453 5444 2080 5516">
     <span class='ocr_line' id='line_1_82' title="bbox 453 5444 2080 5516; baseline 0.002 -18"><span class='ocrx_word' id='word_1_613' title='bbox 453 5463 568 5498; x_wconf 91' lang='lat' dir='ltr'>non</span> <span class='ocrx_word' id='word_1_614' title='bbox 593 5445 868 5516; x_wconf 85' lang='lat' dir='ltr'>senserint</span> <span class='ocrx_word' id='word_1_615' title='bbox 905 5444 1319 5516; x_wconf 80' lang='lat' dir='ltr'>medicinam.»</span> <span class='ocrx_word' id='word_1_616' title='bbox 1358 5446 1665 5510; x_wconf 89' lang='lat' dir='ltr'>Ennodius,</span> <span class='ocrx_word' id='word_1_617' title='bbox 1698 5451 1753 5498; x_wconf 91' lang='lat' dir='ltr'>in</span> <span class='ocrx_word' id='word_1_618' title='bbox 1807 5452 1918 5500; x_wconf 78' lang='lat' dir='ltr'>Vita</span> <span class='ocrx_word' id='word_1_619' title='bbox 1953 5453 2080 5516; x_wconf 79' lang='lat' dir='ltr'>Epi-</span> 
     </span>
    </p>
   </div>
   <div class='ocr_carea' id='block_1_83' title="bbox 446 5515 2081 5582">
    <p class='ocr_par' dir='ltr' id='par_1_83' title="bbox 446 5515 2081 5582">
     <span class='ocr_line' id='line_1_83' title="bbox 446 5515 2081 5582; baseline 0.004 -16"><span class='ocrx_word' id='word_1_620' title='bbox 446 5517 637 5582; x_wconf 73' lang='lat' dir='ltr'>phaniz&#39;</span> <span class='ocrx_word' id='word_1_621' title='bbox 665 5531 679 5564; x_wconf 92' lang='lat'><em>:</em></span> <span class='ocrx_word' id='word_1_622' title='bbox 707 5534 734 5561; x_wconf 87' lang='lat'><strong><em>«</em></strong></span> <span class='ocrx_word' id='word_1_623' title='bbox 763 5515 1061 5577; x_wconf 87' lang='lat' dir='ltr'>Nunquam</span> <span class='ocrx_word' id='word_1_624' title='bbox 1088 5528 1116 5562; x_wconf 90' lang='lat' dir='ltr'>a</span> <span class='ocrx_word' id='word_1_625' title='bbox 1143 5515 1363 5567; x_wconf 91' lang='lat' dir='ltr'>medico</span> <span class='ocrx_word' id='word_1_626' title='bbox 1397 5518 1465 5566; x_wconf 88' lang='lat' dir='ltr'>ad</span> <span class='ocrx_word' id='word_1_627' title='bbox 1502 5520 1822 5582; x_wconf 89' lang='lat' dir='ltr'>plenissima</span> <span class='ocrx_word' id='word_1_628' title='bbox 1844 5515 2081 5573; x_wconf 83' lang='lat' dir='ltr'>curatio-</span> 
     </span>
    </p>
   </div>
   <div class='ocr_carea' id='block_1_84' title="bbox 451 5585 2079 5657">
    <p class='ocr_par' dir='ltr' id='par_1_84' title="bbox 451 5585 2079 5657">
     <span class='ocr_line' id='line_1_84' title="bbox 451 5585 2079 5657; baseline 0.003 -19"><span class='ocrx_word' id='word_1_629' title='bbox 451 5602 589 5641; x_wconf 88' lang='lat' dir='ltr'>num</span> <span class='ocrx_word' id='word_1_630' title='bbox 621 5601 767 5653; x_wconf 66' lang='lat' dir='ltr'>mger</span> <span class='ocrx_word' id='word_1_631' title='bbox 799 5585 1077 5636; x_wconf 85' lang='lat' dir='ltr'>adductus</span> <span class='ocrx_word' id='word_1_632' title='bbox 1107 5590 1192 5637; x_wconf 88' lang='lat' dir='ltr'>est</span> <span class='ocrx_word' id='word_1_633' title='bbox 1219 5587 1288 5637; x_wconf 88' lang='lat' dir='ltr'>ab</span> <span class='ocrx_word' id='word_1_634' title='bbox 1318 5589 1413 5639; x_wconf 92' lang='lat' dir='ltr'>illo</span> <span class='ocrx_word' id='word_1_635' title='bbox 1443 5592 1540 5655; x_wconf 88' lang='lat' dir='ltr'>qui</span> <span class='ocrx_word' id='word_1_636' title='bbox 1573 5593 1813 5656; x_wconf 91' lang='lat' dir='ltr'>primum</span> <span class='ocrx_word' id='word_1_637' title='bbox 1861 5594 2079 5657; x_wconf 89' lang='lat' dir='ltr'>putrida</span> 
     </span>
    </p>
   </div>
   <div class='ocr_carea' id='block_1_85' title="bbox 448 5660 2076 5727">
    <p class='ocr_par' dir='ltr' id='par_1_85' title="bbox 448 5660 2076 5727">
     <span class='ocr_line' id='line_1_85' title="bbox 448 5660 2076 5727; baseline 0.004 -18"><span class='ocrx_word' id='word_1_638' title='bbox 448 5660 595 5713; x_wconf 87' lang='lat' dir='ltr'>ferro</span> <span class='ocrx_word' id='word_1_639' title='bbox 651 5660 898 5712; x_wconf 88' lang='lat' dir='ltr'>membra</span> <span class='ocrx_word' id='word_1_640' title='bbox 950 5660 1199 5710; x_wconf 89' lang='lat' dir='ltr'>desecuit</span> <span class='ocrx_word' id='word_1_641' title='bbox 1237 5664 1291 5710; x_wconf 90' lang='lat' dir='ltr'>et</span> <span class='ocrx_word' id='word_1_642' title='bbox 1325 5660 1586 5713; x_wconf 83' lang='lat' dir='ltr'>latentem</span> <span class='ocrx_word' id='word_1_643' title='bbox 1625 5665 1847 5727; x_wconf 88' lang='lat' dir='ltr'>penitus</span> <span class='ocrx_word' id='word_1_644' title='bbox 1886 5680 1917 5714; x_wconf 89' lang='lat' dir='ltr'>a</span> <span class='ocrx_word' id='word_1_645' title='bbox 1950 5667 2076 5715; x_wconf 90' lang='lat' dir='ltr'>sinu</span> 
     </span>
    </p>
   </div>
   <div class='ocr_carea' id='block_1_86' title="bbox 442 5731 2078 5798">
    <p class='ocr_par' dir='ltr' id='par_1_86' title="bbox 442 5731 2078 5798">
     <span class='ocr_line' id='line_1_86' title="bbox 442 5731 2078 5798; baseline 0.001 -14"><span class='ocrx_word' id='word_1_646' title='bbox 442 5733 726 5786; x_wconf 84' lang='lat' dir='ltr'>viscerum</span> <span class='ocrx_word' id='word_1_647' title='bbox 769 5731 1027 5798; x_wconf 87' lang='lat' dir='ltr'>produxit</span> <span class='ocrx_word' id='word_1_648' title='bbox 1067 5731 1331 5784; x_wconf 88' lang='lat' dir='ltr'>illuviem.</span> <span class='ocrx_word' id='word_1_649' title='bbox 1380 5751 1409 5779; x_wconf 91' lang='lat'>»</span> <span class='ocrx_word' id='word_1_650' title='bbox 1452 5733 1784 5798; x_wconf 83' lang='lat' dir='ltr'>XenOphon,</span> <span class='ocrx_word' id='word_1_651' title='bbox 1826 5737 1880 5785; x_wconf 88' lang='lat' dir='ltr'>in</span> <span class='ocrx_word' id='word_1_652' title='bbox 1937 5735 2078 5787; x_wconf 89' lang='lat' dir='ltr'>libro</span> 
     </span>
    </p>
   </div>
   <div class='ocr_carea' id='block_1_87' title="bbox 2109 3088 2163 3161">
    <p class='ocr_par' dir='ltr' id='par_1_87' title="bbox 2109 3088 2163 3161">
     <span class='ocr_line' id='line_1_87' title="bbox 2109 3088 2163 3161; baseline 0 0"><span class='ocrx_word' id='word_1_653' title='bbox 2109 3088 2163 3161; x_wconf 91' lang='lat' dir='ltr'>C</span> 
     </span>
    </p>
   </div>
   <div class='ocr_carea' id='block_1_88' title="bbox 2190 2410 3791 2479">
    <p class='ocr_par' dir='ltr' id='par_1_88' title="bbox 2190 2410 3791 2479">
     <span class='ocr_line' id='line_1_88' title="bbox 2190 2410 3791 2479; baseline 0.004 -19"><span class='ocrx_word' id='word_1_654' title='bbox 2190 2410 2310 2460; x_wconf 84' lang='lat' dir='ltr'>vde</span> <span class='ocrx_word' id='word_1_655' title='bbox 2341 2410 2515 2460; x_wconf 59' lang='lat' dir='ltr'>Pedia</span> <span class='ocrx_word' id='word_1_656' title='bbox 2551 2412 2696 2474; x_wconf 76' lang='lat' dir='ltr'>Cyri,</span> <span class='ocrx_word' id='word_1_657' title='bbox 2726 2414 2801 2462; x_wconf 88' lang='lat' dir='ltr'>ait</span> <span class='ocrx_word' id='word_1_658' title='bbox 2848 2413 3094 2464; x_wconf 88' lang='lat' dir='ltr'>medicos</span> <span class='ocrx_word' id='word_1_659' title='bbox 3138 2426 3232 2464; x_wconf 91' lang='lat' dir='ltr'>eos</span> <span class='ocrx_word' id='word_1_660' title='bbox 3275 2415 3374 2478; x_wconf 88' lang='lat' dir='ltr'>qui</span> <span class='ocrx_word' id='word_1_661' title='bbox 3413 2415 3627 2479; x_wconf 86' lang='lat' dir='ltr'>gravius</span> <span class='ocrx_word' id='word_1_662' title='bbox 3655 2415 3791 2468; x_wconf 87' lang='lat' dir='ltr'>labo-</span> 
     </span>
    </p>
   </div>
   <div class='ocr_carea' id='block_1_89' title="bbox 2191 2485 3791 2547">
    <p class='ocr_par' dir='ltr' id='par_1_89' title="bbox 2191 2485 3791 2547">
     <span class='ocr_line' id='line_1_89' title="bbox 2191 2485 3791 2547; baseline 0.004 -17"><span class='ocrx_word' id='word_1_663' title='bbox 2191 2486 2315 2530; x_wconf 87' lang='lat' dir='ltr'>rant</span> <span class='ocrx_word' id='word_1_664' title='bbox 2335 2495 2495 2532; x_wconf 90' lang='lat' dir='ltr'>urere</span> <span class='ocrx_word' id='word_1_665' title='bbox 2524 2486 2579 2533; x_wconf 91' lang='lat' dir='ltr'>et</span> <span class='ocrx_word' id='word_1_666' title='bbox 2625 2495 2831 2545; x_wconf 89' lang='lat' dir='ltr'>secare,</span> <span class='ocrx_word' id='word_1_667' title='bbox 2875 2489 2937 2534; x_wconf 90' lang='lat' dir='ltr'>ut</span> <span class='ocrx_word' id='word_1_668' title='bbox 2975 2498 3070 2536; x_wconf 90' lang='lat' dir='ltr'>eos</span> <span class='ocrx_word' id='word_1_669' title='bbox 3109 2490 3319 2536; x_wconf 88' lang='lat' dir='ltr'>curent.</span> <span class='ocrx_word' id='word_1_670' title='bbox 3375 2485 3714 2547; x_wconf 88' lang='lat' dir='ltr'>Prudentius,</span> <span class='ocrx_word' id='word_1_671' title='bbox 3742 2488 3791 2536; x_wconf 87' lang='lat' dir='ltr'>in</span> 
     </span>
    </p>
   </div>
   <div class='ocr_carea' id='block_1_90' title="bbox 2192 2551 3108 2618">
    <p class='ocr_par' dir='ltr' id='par_1_90' title="bbox 2192 2551 3108 2618">
     <span class='ocr_line' id='line_1_90' title="bbox 2192 2551 3108 2618; baseline 0.002 -17"><span class='ocrx_word' id='word_1_672' title='bbox 2192 2551 2448 2602; x_wconf 89' lang='lat' dir='ltr'>Carmine</span> <span class='ocrx_word' id='word_1_673' title='bbox 2476 2553 2538 2602; x_wconf 79' lang='lat' dir='ltr'>de</span> <span class='ocrx_word' id='word_1_674' title='bbox 2569 2555 2802 2604; x_wconf 80' lang='lat' dir='ltr'>Romano</span> <span class='ocrx_word' id='word_1_675' title='bbox 2827 2560 3067 2618; x_wconf 88' lang='lat' dir='ltr'>martyre</span> <span class='ocrx_word' id='word_1_676' title='bbox 3097 2571 3108 2603; x_wconf 89' lang='lat'><strong>:</strong></span> 
     </span>
    </p>
   </div>
   <div class='ocr_carea' id='block_1_91' title="bbox 2379 2660 3414 2726">
    <p class='ocr_par' dir='ltr' id='par_1_91' title="bbox 2379 2660 3414 2726">
     <span class='ocr_line' id='line_1_91' title="bbox 2379 2660 3414 2726; baseline 0.004 -18"><span class='ocrx_word' id='word_1_677' title='bbox 2379 2661 2554 2709; x_wconf 86' lang='lat' dir='ltr'>Putate</span> <span class='ocrx_word' id='word_1_678' title='bbox 2582 2660 2778 2710; x_wconf 86' lang='lat' dir='ltr'>ferrum</span> <span class='ocrx_word' id='word_1_679' title='bbox 2809 2661 2952 2710; x_wconf 88' lang='lat' dir='ltr'>triste</span> <span class='ocrx_word' id='word_1_680' title='bbox 2982 2661 3254 2726; x_wconf 87' lang='lat' dir='ltr'>chirurgos</span> <span class='ocrx_word' id='word_1_681' title='bbox 3281 2663 3414 2712; x_wconf 90' lang='lat' dir='ltr'>meis</span> 
     </span>
    </p>
   </div>
   <div class='ocr_carea' id='block_1_92' title="bbox 2375 2731 3390 2795">
    <p class='ocr_par' dir='ltr' id='par_1_92' title="bbox 2375 2731 3390 2795">
     <span class='ocr_line' id='line_1_92' title="bbox 2375 2731 3390 2795; baseline 0.003 -16"><span class='ocrx_word' id='word_1_682' title='bbox 2375 2731 2567 2780; x_wconf 83' lang='lat' dir='ltr'>inferre</span> <span class='ocrx_word' id='word_1_683' title='bbox 2594 2732 2749 2782; x_wconf 85' lang='lat' dir='ltr'>costis</span> <span class='ocrx_word' id='word_1_684' title='bbox 2769 2732 2906 2795; x_wconf 88' lang='lat' dir='ltr'>quod</span> <span class='ocrx_word' id='word_1_685' title='bbox 2929 2738 3070 2782; x_wconf 86' lang='lat' dir='ltr'>secat</span> <span class='ocrx_word' id='word_1_686' title='bbox 3095 2733 3390 2783; x_wconf 85' lang='lat' dir='ltr'>salubriter.</span> 
     </span>
    </p>
   </div>
   <div class='ocr_carea' id='block_1_93' title="bbox 2375 2802 3485 2865">
    <p class='ocr_par' dir='ltr' id='par_1_93' title="bbox 2375 2802 3485 2865">
     <span class='ocr_line' id='line_1_93' title="bbox 2375 2802 3485 2865; baseline 0.002 -16"><span class='ocrx_word' id='word_1_687' title='bbox 2375 2802 2487 2849; x_wconf 81' lang='lat' dir='ltr'>Non</span> <span class='ocrx_word' id='word_1_688' title='bbox 2510 2805 2586 2850; x_wconf 87' lang='lat' dir='ltr'>est</span> <span class='ocrx_word' id='word_1_689' title='bbox 2609 2816 2838 2851; x_wconf 89' lang='lat' dir='ltr'>amarum</span> <span class='ocrx_word' id='word_1_690' title='bbox 2866 2816 2968 2865; x_wconf 90' lang='lat' dir='ltr'>quo</span> <span class='ocrx_word' id='word_1_691' title='bbox 2995 2803 3302 2853; x_wconf 82' lang='lat' dir='ltr'>reformatur</span> <span class='ocrx_word' id='word_1_692' title='bbox 3330 2805 3485 2853; x_wconf 85' lang='lat' dir='ltr'>salus.</span> 
     </span>
    </p>
   </div>
   <div class='ocr_carea' id='block_1_94' title="bbox 2253 2919 3232 2986">
    <p class='ocr_par' dir='ltr' id='par_1_94' title="bbox 2253 2919 3232 2986">
     <span class='ocr_line' id='line_1_94' title="bbox 2253 2919 3232 2986; baseline 0.002 -16"><span class='ocrx_word' id='word_1_693' title='bbox 2253 2919 2504 2983; x_wconf 88' lang='lat' dir='ltr'>Ovidius,</span> <span class='ocrx_word' id='word_1_694' title='bbox 2536 2921 2629 2972; x_wconf 91' lang='lat' dir='ltr'>lib.</span> <span class='ocrx_word' id='word_1_695' title='bbox 2662 2935 2678 2971; x_wconf 81' lang='grc' dir='ltr'><strong>ι</strong></span> <span class='ocrx_word' id='word_1_696' title='bbox 2705 2924 3185 2986; x_wconf 76' lang='lat' dir='ltr'>Metamorphoseon</span> <span class='ocrx_word' id='word_1_697' title='bbox 3215 2939 3232 2972; x_wconf 76' lang='lat'>.-</span> 
     </span>
    </p>
   </div>
   <div class='ocr_carea' id='block_1_95' title="bbox 2279 3027 3656 3092">
    <p class='ocr_par' dir='ltr' id='par_1_95' title="bbox 2279 3027 3656 3092">
     <span class='ocr_line' id='line_1_95' title="bbox 2279 3027 3656 3092; baseline 0.005 -17"><span class='ocrx_word' id='word_1_698' title='bbox 2279 3027 2475 3077; x_wconf 88' lang='lat' dir='ltr'>Cuncta</span> <span class='ocrx_word' id='word_1_699' title='bbox 2497 3027 2641 3092; x_wconf 90' lang='lat' dir='ltr'>prius</span> <span class='ocrx_word' id='word_1_700' title='bbox 2668 3028 2914 3079; x_wconf 87' lang='lat' dir='ltr'>tentanda</span> <span class='ocrx_word' id='word_1_701' title='bbox 2942 3030 3034 3079; x_wconf 89' lang='lat' dir='ltr'>sed</span> <span class='ocrx_word' id='word_1_702' title='bbox 3059 3029 3444 3082; x_wconf 90' lang='lat' dir='ltr'>immedicabile</span> <span class='ocrx_word' id='word_1_703' title='bbox 3474 3032 3656 3082; x_wconf 85' lang='lat' dir='ltr'>vulnus</span> 
     </span>
    </p>
   </div>
   <div class='ocr_carea' id='block_1_96' title="bbox 2282 3097 3656 3164">
    <p class='ocr_par' dir='ltr' id='par_1_96' title="bbox 2282 3097 3656 3164">
     <span class='ocr_line' id='line_1_96' title="bbox 2282 3097 3656 3164; baseline 0.004 -19"><span class='ocrx_word' id='word_1_704' title='bbox 2282 3097 2415 3146; x_wconf 88' lang='lat' dir='ltr'>Ense</span> <span class='ocrx_word' id='word_1_705' title='bbox 2441 3097 2782 3148; x_wconf 89' lang='lat' dir='ltr'>recidendum</span> <span class='ocrx_word' id='word_1_706' title='bbox 2810 3103 2904 3162; x_wconf 88' lang='lat' dir='ltr'>est,</span> <span class='ocrx_word' id='word_1_707' title='bbox 2939 3113 3004 3149; x_wconf 90' lang='lat' dir='ltr'>ne</span> <span class='ocrx_word' id='word_1_708' title='bbox 3029 3114 3150 3164; x_wconf 88' lang='lat' dir='ltr'>pars</span> <span class='ocrx_word' id='word_1_709' title='bbox 3179 3101 3385 3151; x_wconf 86' lang='lat' dir='ltr'>sincera</span> <span class='ocrx_word' id='word_1_710' title='bbox 3412 3102 3656 3152; x_wconf 84' lang='lat' dir='ltr'>trahatur.</span> 
     </span>
    </p>
   </div>
   <div class='ocr_carea' id='block_1_97' title="bbox 2252 3207 3217 3269">
    <p class='ocr_par' dir='ltr' id='par_1_97' title="bbox 2252 3207 3217 3269">
     <span class='ocr_line' id='line_1_97' title="bbox 2252 3207 3217 3269; baseline 0.005 -12"><span class='ocrx_word' id='word_1_711' title='bbox 2252 3207 2425 3269; x_wconf 90' lang='lat' dir='ltr'>Idem,</span> <span class='ocrx_word' id='word_1_712' title='bbox 2451 3210 2544 3260; x_wconf 90' lang='lat' dir='ltr'>lib.</span> <span class='ocrx_word' id='word_1_713' title='bbox 2577 3225 2592 3260; x_wconf 86' lang='grc' dir='ltr'><strong><em>ι</em></strong></span> <span class='ocrx_word' id='word_1_714' title='bbox 2623 3211 2683 3261; x_wconf 84' lang='lat' dir='ltr'>de</span> <span class='ocrx_word' id='word_1_715' title='bbox 2714 3212 2950 3263; x_wconf 75' lang='lat' dir='ltr'>Remedio</span> <span class='ocrx_word' id='word_1_716' title='bbox 2979 3215 3217 3264; x_wconf 74' lang='lat' dir='ltr'>amoris:</span> 
     </span>
    </p>
   </div>
   <div class='ocr_carea' id='block_1_98' title="bbox 2344 3309 3622 3377">
    <p class='ocr_par' dir='ltr' id='par_1_98' title="bbox 2344 3309 3622 3377">
     <span class='ocr_line' id='line_1_98' title="bbox 2344 3309 3622 3377; baseline 0.005 -20"><span class='ocrx_word' id='word_1_717' title='bbox 2344 3309 2405 3357; x_wconf 89' lang='lat' dir='ltr'>Ut</span> <span class='ocrx_word' id='word_1_718' title='bbox 2431 3322 2621 3372; x_wconf 88' lang='lat' dir='ltr'>corpus</span> <span class='ocrx_word' id='word_1_719' title='bbox 2654 3311 2881 3360; x_wconf 85' lang='lat' dir='ltr'>redimas</span> <span class='ocrx_word' id='word_1_720' title='bbox 2914 3311 3108 3361; x_wconf 88' lang='lat' dir='ltr'>ferrum</span> <span class='ocrx_word' id='word_1_721' title='bbox 3143 3312 3352 3375; x_wconf 85' lang='lat' dir='ltr'>patiaris</span> <span class='ocrx_word' id='word_1_722' title='bbox 3382 3319 3435 3364; x_wconf 89' lang='lat' dir='ltr'>et</span> <span class='ocrx_word' id='word_1_723' title='bbox 3463 3313 3622 3377; x_wconf 85' lang='lat' dir='ltr'>ignes.</span> 
     </span>
    </p>
   </div>
   <div class='ocr_carea' id='block_1_99' title="bbox 2249 3409 3793 3474">
    <p class='ocr_par' dir='ltr' id='par_1_99' title="bbox 2249 3409 3793 3474">
     <span class='ocr_line' id='line_1_99' title="bbox 2249 3409 3793 3474; baseline 0.006 -16"><span class='ocrx_word' id='word_1_724' title='bbox 2249 3409 2350 3471; x_wconf 86' lang='lat'>(55)</span> <span class='ocrx_word' id='word_1_725' title='bbox 2429 3411 2770 3474; x_wconf 70' lang='lat' dir='ltr'>Vociferatur.</span> <span class='ocrx_word' id='word_1_726' title='bbox 2849 3412 3242 3474; x_wconf 88' lang='lat' dir='ltr'>Tertullianus,</span> <span class='ocrx_word' id='word_1_727' title='bbox 3295 3413 3393 3464; x_wconf 88' lang='lat' dir='ltr'>lib.</span> <span class='ocrx_word' id='word_1_728' title='bbox 3456 3428 3494 3465; x_wconf 80' lang='grc' dir='ltr'><strong><em>ιι</em></strong></span> <span class='ocrx_word' id='word_1_729' title='bbox 3566 3415 3793 3468; x_wconf 79' lang='lat' dir='ltr'>adversus</span> 
     </span>
    </p>
   </div>
   <div class='ocr_carea' id='block_1_100' title="bbox 2188 3482 3794 3544">
    <p class='ocr_par' dir='ltr' id='par_1_100' title="bbox 2188 3482 3794 3544">
     <span class='ocr_line' id='line_1_100' title="bbox 2188 3482 3794 3544; baseline 0.004 -14"><span class='ocrx_word' id='word_1_730' title='bbox 2188 3482 2504 3530; x_wconf 77' lang='lat' dir='ltr'>Marcionem</span> <span class='ocrx_word' id='word_1_731' title='bbox 2564 3496 2581 3532; x_wconf 89' lang='lat'><strong><em>:</em></strong></span> <span class='ocrx_word' id='word_1_732' title='bbox 2628 3499 2658 3530; x_wconf 65' lang='grc' dir='ltr'>(κ</span> <span class='ocrx_word' id='word_1_733' title='bbox 2689 3482 2837 3544; x_wconf 90' lang='lat' dir='ltr'>Quid</span> <span class='ocrx_word' id='word_1_734' title='bbox 2885 3484 3034 3533; x_wconf 90' lang='lat' dir='ltr'>enim</span> <span class='ocrx_word' id='word_1_735' title='bbox 3076 3485 3122 3533; x_wconf 88' lang='lat' dir='ltr'>si</span> <span class='ocrx_word' id='word_1_736' title='bbox 3174 3485 3457 3536; x_wconf 89' lang='lat' dir='ltr'>medicum</span> <span class='ocrx_word' id='word_1_737' title='bbox 3502 3487 3649 3538; x_wconf 88' lang='lat' dir='ltr'>dicas</span> <span class='ocrx_word' id='word_1_738' title='bbox 3685 3499 3794 3536; x_wconf 88' lang='lat' dir='ltr'>esse</span> 
     </span>
    </p>
   </div>
   <div class='ocr_carea' id='block_1_101' title="bbox 2189 3550 3793 3620">
    <p class='ocr_par' dir='ltr' id='par_1_101' title="bbox 2189 3550 3793 3620">
     <span class='ocr_line' id='line_1_101' title="bbox 2189 3550 3793 3620; baseline 0.004 -22"><span class='ocrx_word' id='word_1_739' title='bbox 2189 3550 2406 3611; x_wconf 91' lang='lat' dir='ltr'>debere,</span> <span class='ocrx_word' id='word_1_740' title='bbox 2440 3553 2765 3603; x_wconf 83' lang='lat' dir='ltr'>ferramenta</span> <span class='ocrx_word' id='word_1_741' title='bbox 2811 3567 2939 3604; x_wconf 87' lang='lat' dir='ltr'>vero</span> <span class='ocrx_word' id='word_1_742' title='bbox 2988 3555 3111 3617; x_wconf 89' lang='lat' dir='ltr'>ejus</span> <span class='ocrx_word' id='word_1_743' title='bbox 3162 3569 3393 3606; x_wconf 87' lang='lat' dir='ltr'>accuses</span> <span class='ocrx_word' id='word_1_744' title='bbox 3437 3558 3586 3620; x_wconf 90' lang='lat' dir='ltr'>quod</span> <span class='ocrx_word' id='word_1_745' title='bbox 3623 3561 3793 3607; x_wconf 90' lang='lat' dir='ltr'>secent</span> 
     </span>
    </p>
   </div>
   <div class='ocr_carea' id='block_1_102' title="bbox 2189 3624 3794 3693">
    <p class='ocr_par' dir='ltr' id='par_1_102' title="bbox 2189 3624 3794 3693">
     <span class='ocr_line' id='line_1_102' title="bbox 2189 3624 3794 3693; baseline 0.004 -21"><span class='ocrx_word' id='word_1_746' title='bbox 2189 3626 2242 3672; x_wconf 87' lang='lat' dir='ltr'>et</span> <span class='ocrx_word' id='word_1_747' title='bbox 2270 3624 2494 3672; x_wconf 88' lang='lat' dir='ltr'>inurant</span> <span class='ocrx_word' id='word_1_748' title='bbox 2522 3629 2577 3672; x_wconf 91' lang='lat' dir='ltr'>et</span> <span class='ocrx_word' id='word_1_749' title='bbox 2607 3630 2894 3688; x_wconf 89' lang='lat' dir='ltr'>amputent</span> <span class='ocrx_word' id='word_1_750' title='bbox 2923 3630 2977 3676; x_wconf 90' lang='lat' dir='ltr'>et</span> <span class='ocrx_word' id='word_1_751' title='bbox 3003 3628 3382 3689; x_wconf 85' lang='lat' dir='ltr'>constrictent,</span> <span class='ocrx_word' id='word_1_752' title='bbox 3421 3629 3640 3693; x_wconf 88' lang='lat' dir='ltr'>quando</span> <span class='ocrx_word' id='word_1_753' title='bbox 3686 3630 3794 3678; x_wconf 89' lang='lat' dir='ltr'>sine</span> 
     </span>
    </p>
   </div>
   <div class='ocr_carea' id='block_1_103' title="bbox 2190 3693 3790 3762">
    <p class='ocr_par' dir='ltr' id='par_1_103' title="bbox 2190 3693 3790 3762">
     <span class='ocr_line' id='line_1_103' title="bbox 2190 3693 3790 3762; baseline 0.005 -22"><span class='ocrx_word' id='word_1_754' title='bbox 2190 3693 2554 3744; x_wconf 89' lang='lat' dir='ltr'>instrumento</span> <span class='ocrx_word' id='word_1_755' title='bbox 2593 3696 2723 3744; x_wconf 89' lang='lat' dir='ltr'>artis</span> <span class='ocrx_word' id='word_1_756' title='bbox 2755 3695 3006 3745; x_wconf 89' lang='lat' dir='ltr'>medicus</span> <span class='ocrx_word' id='word_1_757' title='bbox 3053 3709 3178 3747; x_wconf 89' lang='lat' dir='ltr'>esse</span> <span class='ocrx_word' id='word_1_758' title='bbox 3224 3711 3337 3747; x_wconf 90' lang='lat' dir='ltr'>non</span> <span class='ocrx_word' id='word_1_759' title='bbox 3373 3701 3601 3762; x_wconf 80' lang='lat' dir='ltr'>possit?</span> <span class='ocrx_word' id='word_1_760' title='bbox 3623 3716 3650 3746; x_wconf 90' lang='lat'>»</span> <span class='ocrx_word' id='word_1_761' title='bbox 3673 3699 3790 3748; x_wconf 88' lang='lat' dir='ltr'>Hie-</span> 
     </span>
    </p>
   </div>
   <div class='ocr_carea' id='block_1_104' title="bbox 2187 3763 3792 3833">
    <p class='ocr_par' dir='ltr' id='par_1_104' title="bbox 2187 3763 3792 3833">
     <span class='ocr_line' id='line_1_104' title="bbox 2187 3763 3792 3833; baseline 0.006 -24"><span class='ocrx_word' id='word_1_762' title='bbox 2187 3763 2403 3826; x_wconf 87' lang='lat' dir='ltr'>ronymi</span> <span class='ocrx_word' id='word_1_763' title='bbox 2446 3765 2669 3816; x_wconf 88' lang='lat' dir='ltr'>nomine</span> <span class='ocrx_word' id='word_1_764' title='bbox 2707 3765 2954 3828; x_wconf 86' lang='lat' dir='ltr'>Epistola</span> <span class='ocrx_word' id='word_1_765' title='bbox 2992 3769 3193 3830; x_wconf 88' lang='lat' dir='ltr'>scripta</span> <span class='ocrx_word' id='word_1_766' title='bbox 3231 3769 3305 3818; x_wconf 86' lang='lat' dir='ltr'>ad</span> <span class='ocrx_word' id='word_1_767' title='bbox 3373 3770 3610 3820; x_wconf 74' lang='lat' dir='ltr'>Amicum</span> <span class='ocrx_word' id='word_1_768' title='bbox 3649 3782 3792 3833; x_wconf 63' lang='lat' dir='ltr'>egro-</span> 
     </span>
    </p>
   </div>
   <div class='ocr_carea' id='block_1_105' title="bbox 2189 3835 3794 3893">
    <p class='ocr_par' dir='ltr' id='par_1_105' title="bbox 2189 3835 3794 3893">
     <span class='ocr_line' id='line_1_105' title="bbox 2189 3835 3794 3893; baseline 0.004 -11"><span class='ocrx_word' id='word_1_769' title='bbox 2189 3838 2294 3882; x_wconf 86' lang='lat' dir='ltr'>tum</span> <span class='ocrx_word' id='word_1_770' title='bbox 2350 3849 2366 3882; x_wconf 88' lang='lat'><em>:</em></span> <span class='ocrx_word' id='word_1_771' title='bbox 2421 3851 2450 3883; x_wconf 82' lang='lat'>&lt;&lt;</span> <span class='ocrx_word' id='word_1_772' title='bbox 2498 3835 2692 3886; x_wconf 84' lang='lat' dir='ltr'>Manus</span> <span class='ocrx_word' id='word_1_773' title='bbox 2732 3838 2932 3888; x_wconf 89' lang='lat' dir='ltr'>medici</span> <span class='ocrx_word' id='word_1_774' title='bbox 2974 3840 3152 3889; x_wconf 89' lang='lat' dir='ltr'>multa</span> <span class='ocrx_word' id='word_1_775' title='bbox 3208 3840 3475 3892; x_wconf 72' lang='lat' dir='ltr'>caedendo</span> <span class='ocrx_word' id='word_1_776' title='bbox 3523 3844 3794 3893; x_wconf 81' lang='lat' dir='ltr'>conferunt</span> 
     </span>
    </p>
   </div>
   <div class='ocr_carea' id='block_1_106' title="bbox 2188 3905 3458 3973">
    <p class='ocr_par' dir='ltr' id='par_1_106' title="bbox 2188 3905 3458 3973">
     <span class='ocr_line' id='line_1_106' title="bbox 2188 3905 3458 3973; baseline 0.006 -22"><span class='ocrx_word' id='word_1_777' title='bbox 2188 3905 2477 3954; x_wconf 86' lang='lat' dir='ltr'>sanitatem</span> <span class='ocrx_word' id='word_1_778' title='bbox 2505 3921 2617 3956; x_wconf 91' lang='lat' dir='ltr'>non</span> <span class='ocrx_word' id='word_1_779' title='bbox 2655 3908 2774 3958; x_wconf 90' lang='lat' dir='ltr'>sine</span> <span class='ocrx_word' id='word_1_780' title='bbox 2804 3922 3088 3960; x_wconf 87' lang='lat' dir='ltr'>murmure</span> <span class='ocrx_word' id='word_1_781' title='bbox 3121 3911 3399 3973; x_wconf 89' lang='lat' dir='ltr'>patientis.</span> <span class='ocrx_word' id='word_1_782' title='bbox 3429 3928 3458 3959; x_wconf 65' lang='grc' dir='ltr'>λ)</span> 
     </span>
    </p>
   </div>
   <div class='ocr_carea' id='block_1_107' title="bbox 2251 3975 3794 4043">
    <p class='ocr_par' dir='ltr' id='par_1_107' title="bbox 2251 3975 3794 4043">
     <span class='ocr_line' id='line_1_107' title="bbox 2251 3975 3794 4043; baseline 0.005 -20"><span class='ocrx_word' id='word_1_783' title='bbox 2251 3975 2347 4038; x_wconf 88' lang='grc'>(56)</span> <span class='ocrx_word' id='word_1_784' title='bbox 2391 3977 2552 4037; x_wconf 66' lang='grc' dir='ltr'>Αἱρεθ-</span> <span class='ocrx_word' id='word_1_785' title='bbox 2597 3979 2892 4041; x_wconf 75' lang='lat' dir='ltr'>impatiens.</span> <span class='ocrx_word' id='word_1_786' title='bbox 2943 3978 3140 4043; x_wconf 90' lang='lat' dir='ltr'>Supra,</span> <span class='ocrx_word' id='word_1_787' title='bbox 3182 3983 3340 4042; x_wconf 88' lang='lat' dir='ltr'>epist.</span> <span class='ocrx_word' id='word_1_788' title='bbox 3377 3983 3442 4033; x_wconf 74' lang='lat'>26</span> <span class='ocrx_word' id='word_1_789' title='bbox 3486 3999 3556 4032; x_wconf 90' lang='lat'><strong>:«</strong></span> <span class='ocrx_word' id='word_1_790' title='bbox 3578 3984 3689 4034; x_wconf 88' lang='lat' dir='ltr'>Non</span> <span class='ocrx_word' id='word_1_791' title='bbox 3721 3986 3794 4032; x_wconf 89' lang='lat' dir='ltr'>est</span> 
     </span>
    </p>
   </div>
   <div class='ocr_carea' id='block_1_108' title="bbox 2187 4045 3225 4112">
    <p class='ocr_par' dir='ltr' id='par_1_108' title="bbox 2187 4045 3225 4112">
     <span class='ocr_line' id='line_1_108' title="bbox 2187 4045 3225 4112; baseline 0.006 -20"><span class='ocrx_word' id='word_1_792' title='bbox 2187 4045 2295 4093; x_wconf 90' lang='lat' dir='ltr'>nisi</span> <span class='ocrx_word' id='word_1_793' title='bbox 2321 4047 2582 4107; x_wconf 85' lang='lat' dir='ltr'>patientia</span> <span class='ocrx_word' id='word_1_794' title='bbox 2613 4049 2817 4098; x_wconf 88' lang='lat' dir='ltr'>morbis</span> <span class='ocrx_word' id='word_1_795' title='bbox 2846 4052 3175 4112; x_wconf 88' lang='lat' dir='ltr'>necessaria,</span> <span class='ocrx_word' id='word_1_796' title='bbox 3196 4067 3225 4098; x_wconf 65' lang='grc' dir='ltr'>ν</span> 
     </span>
    </p>
   </div>
   <div class='ocr_carea' id='block_1_109' title="bbox 2250 4117 3791 4184">
    <p class='ocr_par' dir='ltr' id='par_1_109' title="bbox 2250 4117 3791 4184">
     <span class='ocr_line' id='line_1_109' title="bbox 2250 4117 3791 4184; baseline 0.005 -19"><span class='ocrx_word' id='word_1_797' title='bbox 2250 4117 2344 4178; x_wconf 82' lang='grc'>(57)</span> <span class='ocrx_word' id='word_1_798' title='bbox 2401 4117 2527 4165; x_wconf 85' lang='lat' dir='ltr'>Cum</span> <span class='ocrx_word' id='word_1_799' title='bbox 2579 4122 2790 4169; x_wconf 74' lang='lat' dir='ltr'>senserit</span> <span class='ocrx_word' id='word_1_800' title='bbox 2845 4123 3144 4184; x_wconf 77' lang='lat' dir='ltr'>sanitatem,</span> <span class='ocrx_word' id='word_1_801' title='bbox 3192 4123 3380 4172; x_wconf 89' lang='lat' dir='ltr'>Julius</span> <span class='ocrx_word' id='word_1_802' title='bbox 3440 4124 3791 4183; x_wconf 86' lang='lat' dir='ltr'>Firmicus,in</span> 
     </span>
    </p>
   </div>
   <div class='ocr_carea' id='block_1_110' title="bbox 2188 4187 3792 4255">
    <p class='ocr_par' dir='ltr' id='par_1_110' title="bbox 2188 4187 3792 4255">
     <span class='ocr_line' id='line_1_110' title="bbox 2188 4187 3792 4255; baseline 0.005 -20"><span class='ocrx_word' id='word_1_803' title='bbox 2188 4187 2329 4236; x_wconf 92' lang='lat' dir='ltr'>libro</span> <span class='ocrx_word' id='word_1_804' title='bbox 2363 4187 2425 4235; x_wconf 75' lang='lat' dir='ltr'>de</span> <span class='ocrx_word' id='word_1_805' title='bbox 2449 4188 2648 4238; x_wconf 80' lang='lat' dir='ltr'>Errare</span> <span class='ocrx_word' id='word_1_806' title='bbox 2674 4190 3031 4252; x_wconf 79' lang='lat' dir='ltr'>profanarum</span> <span class='ocrx_word' id='word_1_807' title='bbox 3056 4192 3378 4255; x_wconf 74' lang='lat' dir='ltr'>religionum</span> <span class='ocrx_word' id='word_1_808' title='bbox 3413 4210 3425 4243; x_wconf 87' lang='lat'><strong><em>:</em></strong></span> <span class='ocrx_word' id='word_1_809' title='bbox 3454 4213 3483 4244; x_wconf 70' lang='grc' dir='ltr'>(κ</span> <span class='ocrx_word' id='word_1_810' title='bbox 3519 4196 3611 4247; x_wconf 90' lang='lat' dir='ltr'>Sic</span> <span class='ocrx_word' id='word_1_811' title='bbox 3643 4196 3792 4245; x_wconf 86' lang='lat' dir='ltr'>homo</span> 
     </span>
    </p>
   </div>
   <div class='ocr_carea' id='block_1_111' title="bbox 2188 4259 3790 4331">
    <p class='ocr_par' dir='ltr' id='par_1_111' title="bbox 2188 4259 3790 4331">
     <span class='ocr_line' id='line_1_111' title="bbox 2188 4259 3790 4331; baseline 0.005 -25"><span class='ocrx_word' id='word_1_812' title='bbox 2188 4263 2406 4322; x_wconf 90' lang='lat' dir='ltr'>recepta</span> <span class='ocrx_word' id='word_1_813' title='bbox 2436 4259 2669 4310; x_wconf 90' lang='lat' dir='ltr'>sanitate</span> <span class='ocrx_word' id='word_1_814' title='bbox 2699 4263 2752 4310; x_wconf 91' lang='lat' dir='ltr'>et</span> <span class='ocrx_word' id='word_1_815' title='bbox 2775 4262 2951 4312; x_wconf 88' lang='lat' dir='ltr'>salute</span> <span class='ocrx_word' id='word_1_816' title='bbox 2972 4262 3076 4312; x_wconf 89' lang='lat' dir='ltr'>sibi</span> <span class='ocrx_word' id='word_1_817' title='bbox 3107 4263 3317 4314; x_wconf 88' lang='lat' dir='ltr'>reddita</span> <span class='ocrx_word' id='word_1_818' title='bbox 3347 4267 3617 4331; x_wconf 89' lang='lat' dir='ltr'>quidquid</span> <span class='ocrx_word' id='word_1_819' title='bbox 3641 4279 3790 4329; x_wconf 66' lang='lat' dir='ltr'>aegro-</span> 
     </span>
    </p>
   </div>
   <div class='ocr_carea' id='block_1_112' title="bbox 2189 4331 3790 4399">
    <p class='ocr_par' dir='ltr' id='par_1_112' title="bbox 2189 4331 3790 4399">
     <span class='ocr_line' id='line_1_112' title="bbox 2189 4331 3790 4399; baseline 0.004 -21"><span class='ocrx_word' id='word_1_820' title='bbox 2189 4331 2355 4379; x_wconf 88' lang='lat' dir='ltr'>tantis</span> <span class='ocrx_word' id='word_1_821' title='bbox 2390 4331 2634 4394; x_wconf 91' lang='lat' dir='ltr'>corporis</span> <span class='ocrx_word' id='word_1_822' title='bbox 2676 4333 2806 4380; x_wconf 88' lang='lat' dir='ltr'>vitio</span> <span class='ocrx_word' id='word_1_823' title='bbox 2849 4333 3056 4382; x_wconf 86' lang='lat' dir='ltr'>invitus</span> <span class='ocrx_word' id='word_1_824' title='bbox 3093 4347 3288 4397; x_wconf 87' lang='lat' dir='ltr'>passus</span> <span class='ocrx_word' id='word_1_825' title='bbox 3333 4343 3436 4399; x_wconf 89' lang='lat' dir='ltr'>est,</span> <span class='ocrx_word' id='word_1_826' title='bbox 3481 4338 3588 4387; x_wconf 91' lang='lat' dir='ltr'>hoc</span> <span class='ocrx_word' id='word_1_827' title='bbox 3635 4342 3790 4387; x_wconf 85' lang='lat' dir='ltr'>totum</span> 
     </span>
    </p>
   </div>
   <div class='ocr_carea' id='block_1_113' title="bbox 2189 4403 3791 4471">
    <p class='ocr_par' dir='ltr' id='par_1_113' title="bbox 2189 4403 3791 4471">
     <span class='ocr_line' id='line_1_113' title="bbox 2189 4403 3791 4471; baseline 0.004 -22"><span class='ocrx_word' id='word_1_828' title='bbox 2189 4414 2287 4463; x_wconf 92' lang='lat' dir='ltr'>pro</span> <span class='ocrx_word' id='word_1_829' title='bbox 2311 4403 2547 4451; x_wconf 87' lang='lat' dir='ltr'>utilitate</span> <span class='ocrx_word' id='word_1_830' title='bbox 2600 4416 2700 4451; x_wconf 88' lang='lat' dir='ltr'>sua</span> <span class='ocrx_word' id='word_1_831' title='bbox 2732 4404 2941 4452; x_wconf 88' lang='lat' dir='ltr'>factum</span> <span class='ocrx_word' id='word_1_832' title='bbox 2992 4417 3113 4454; x_wconf 89' lang='lat' dir='ltr'>esse</span> <span class='ocrx_word' id='word_1_833' title='bbox 3159 4409 3355 4456; x_wconf 75' lang='lat' dir='ltr'>stantis</span> <span class='ocrx_word' id='word_1_834' title='bbox 3391 4410 3561 4458; x_wconf 89' lang='lat' dir='ltr'>animi</span> <span class='ocrx_word' id='word_1_835' title='bbox 3599 4408 3791 4471; x_wconf 89' lang='lat' dir='ltr'>judicio</span> 
     </span>
    </p>
   </div>
   <div class='ocr_carea' id='block_1_114' title="bbox 2189 4472 3788 4542">
    <p class='ocr_par' dir='ltr' id='par_1_114' title="bbox 2189 4472 3788 4542">
     <span class='ocr_line' id='line_1_114' title="bbox 2189 4472 3788 4542; baseline 0.001 -21"><span class='ocrx_word' id='word_1_836' title='bbox 2189 4472 2553 4522; x_wconf 74' lang='lat' dir='ltr'>confitetur.»</span> <span class='ocrx_word' id='word_1_837' title='bbox 2608 4473 2965 4523; x_wconf 90' lang='lat' dir='ltr'>Innocentius</span> <span class='ocrx_word' id='word_1_838' title='bbox 3018 4475 3158 4538; x_wconf 86' lang='lat' dir='ltr'>Papa</span> <span class='ocrx_word' id='word_1_839' title='bbox 3212 4476 3302 4536; x_wconf 91' lang='grc' dir='ltr'>ΙΙΙ,</span> <span class='ocrx_word' id='word_1_840' title='bbox 3355 4478 3449 4528; x_wconf 90' lang='lat' dir='ltr'>lib.</span> <span class='ocrx_word' id='word_1_841' title='bbox 3510 4492 3589 4541; x_wconf 74' lang='lat' dir='ltr'>xx,</span> <span class='ocrx_word' id='word_1_842' title='bbox 3647 4479 3788 4542; x_wconf 86' lang='lat' dir='ltr'>epist.</span> 
     </span>
    </p>
   </div>
   <div class='ocr_carea' id='block_1_115' title="bbox 2186 4542 3792 4612">
    <p class='ocr_par' dir='ltr' id='par_1_115' title="bbox 2186 4542 3792 4612">
     <span class='ocr_line' id='line_1_115' title="bbox 2186 4542 3792 4612; baseline 0.006 -21"><span class='ocrx_word' id='word_1_843' title='bbox 2186 4542 2272 4591; x_wconf 72' lang='lat' dir='ltr'>2H</span> <span class='ocrx_word' id='word_1_844' title='bbox 2316 4557 2386 4590; x_wconf 80' lang='lat'>:&lt;&lt;</span> <span class='ocrx_word' id='word_1_845' title='bbox 2428 4543 2668 4607; x_wconf 89' lang='lat' dir='ltr'>Ideoque</span> <span class='ocrx_word' id='word_1_846' title='bbox 2717 4545 2764 4592; x_wconf 91' lang='lat' dir='ltr'>si</span> <span class='ocrx_word' id='word_1_847' title='bbox 2808 4544 3061 4594; x_wconf 89' lang='lat' dir='ltr'>morbum</span> <span class='ocrx_word' id='word_1_848' title='bbox 3109 4553 3288 4609; x_wconf 90' lang='lat' dir='ltr'>tuum,</span> <span class='ocrx_word' id='word_1_849' title='bbox 3338 4551 3489 4612; x_wconf 90' lang='lat' dir='ltr'>quod</span> <span class='ocrx_word' id='word_1_850' title='bbox 3538 4550 3691 4610; x_wconf 88' lang='lat' dir='ltr'>absit,</span> <span class='ocrx_word' id='word_1_851' title='bbox 3716 4552 3792 4599; x_wconf 90' lang='lat' dir='ltr'>in-</span> 
     </span>
    </p>
   </div>
   <div class='ocr_carea' id='block_1_116' title="bbox 2187 4613 3788 4686">
    <p class='ocr_par' dir='ltr' id='par_1_116' title="bbox 2187 4613 3788 4686">
     <span class='ocr_line' id='line_1_116' title="bbox 2187 4613 3788 4686; baseline 0.005 -26"><span class='ocrx_word' id='word_1_852' title='bbox 2187 4614 2502 4686; x_wconf 74' lang='lat' dir='ltr'>venerimus</span> <span class='ocrx_word' id='word_1_853' title='bbox 2537 4613 2875 4686; x_wconf 87' lang='lat' dir='ltr'>induratum,</span> <span class='ocrx_word' id='word_1_854' title='bbox 2920 4617 3229 4668; x_wconf 88' lang='lat' dir='ltr'>violentiori</span> <span class='ocrx_word' id='word_1_855' title='bbox 3300 4633 3404 4669; x_wconf 89' lang='lat' dir='ltr'>nos</span> <span class='ocrx_word' id='word_1_856' title='bbox 3462 4634 3625 4686; x_wconf 84' lang='lat' dir='ltr'>coges</span> <span class='ocrx_word' id='word_1_857' title='bbox 3672 4621 3788 4670; x_wconf 91' lang='lat' dir='ltr'>insi-</span> 
     </span>
    </p>
   </div>
   <div class='ocr_carea' id='block_1_117' title="bbox 2187 4683 3790 4755">
    <p class='ocr_par' dir='ltr' id='par_1_117' title="bbox 2187 4683 3790 4755">
     <span class='ocr_line' id='line_1_117' title="bbox 2187 4683 3790 4755; baseline 0.006 -24"><span class='ocrx_word' id='word_1_858' title='bbox 2187 4687 2331 4733; x_wconf 90' lang='lat' dir='ltr'>stere</span> <span class='ocrx_word' id='word_1_859' title='bbox 2360 4683 2669 4743; x_wconf 64' lang='lat' dir='ltr'>medicinae,</span> <span class='ocrx_word' id='word_1_860' title='bbox 2709 4688 2864 4748; x_wconf 78' lang='lat' dir='ltr'>juxta</span> <span class='ocrx_word' id='word_1_861' title='bbox 2925 4688 3073 4751; x_wconf 91' lang='lat' dir='ltr'>quod</span> <span class='ocrx_word' id='word_1_862' title='bbox 3115 4693 3427 4741; x_wconf 87' lang='lat' dir='ltr'>necessaria</span> <span class='ocrx_word' id='word_1_863' title='bbox 3474 4683 3605 4743; x_wconf 48' lang='lat' dir='ltr'>cu&#39;ra</span> <span class='ocrx_word' id='word_1_864' title='bbox 3630 4693 3790 4755; x_wconf 90' lang='lat' dir='ltr'>depo-</span> 
     </span>
    </p>
   </div>
   <div class='ocr_carea' id='block_1_118' title="bbox 2187 4757 3792 4825">
    <p class='ocr_par' dir='ltr' id='par_1_118' title="bbox 2187 4757 3792 4825">
     <span class='ocr_line' id='line_1_118' title="bbox 2187 4757 3792 4825; baseline 0.006 -23"><span class='ocrx_word' id='word_1_865' title='bbox 2187 4759 2338 4814; x_wconf 88' lang='lat' dir='ltr'>scet;</span> <span class='ocrx_word' id='word_1_866' title='bbox 2369 4757 2528 4818; x_wconf 89' lang='lat' dir='ltr'>cujus</span> <span class='ocrx_word' id='word_1_867' title='bbox 2557 4758 2904 4819; x_wconf 87' lang='lat' dir='ltr'>asperitatem</span> <span class='ocrx_word' id='word_1_868' title='bbox 2935 4759 3036 4808; x_wconf 87' lang='lat' dir='ltr'>etsi</span> <span class='ocrx_word' id='word_1_869' title='bbox 3082 4760 3283 4810; x_wconf 83' lang='lat' dir='ltr'>forsam</span> <span class='ocrx_word' id='word_1_870' title='bbox 3330 4763 3385 4811; x_wconf 93' lang='lat' dir='ltr'>in</span> <span class='ocrx_word' id='word_1_871' title='bbox 3422 4765 3676 4825; x_wconf 61' lang='lat' dir='ltr'>praesenti</span> <span class='ocrx_word' id='word_1_872' title='bbox 3709 4776 3792 4812; x_wconf 88' lang='lat' dir='ltr'>re-</span> 
     </span>
    </p>
   </div>
   <div class='ocr_carea' id='block_1_119' title="bbox 2186 4825 3789 4895">
    <p class='ocr_par' dir='ltr' id='par_1_119' title="bbox 2186 4825 3789 4895">
     <span class='ocr_line' id='line_1_119' title="bbox 2186 4825 3789 4895; baseline 0.004 -22"><span class='ocrx_word' id='word_1_873' title='bbox 2186 4825 2382 4895; x_wconf 82' lang='lat' dir='ltr'>fugias,</span> <span class='ocrx_word' id='word_1_874' title='bbox 2441 4827 2678 4876; x_wconf 89' lang='lat' dir='ltr'>sanitate</span> <span class='ocrx_word' id='word_1_875' title='bbox 2722 4833 2907 4878; x_wconf 88' lang='lat' dir='ltr'>tamen</span> <span class='ocrx_word' id='word_1_876' title='bbox 2943 4835 3179 4894; x_wconf 88' lang='lat' dir='ltr'>recepta,</span> <span class='ocrx_word' id='word_1_877' title='bbox 3234 4833 3407 4895; x_wconf 87' lang='lat' dir='ltr'>ipsius</span> <span class='ocrx_word' id='word_1_878' title='bbox 3465 4833 3789 4884; x_wconf 88' lang='lat' dir='ltr'>collaudabis</span> 
     </span>
    </p>
   </div>
   <div class='ocr_carea' id='block_1_120' title="bbox 2185 4893 3788 4965">
    <p class='ocr_par' dir='ltr' id='par_1_120' title="bbox 2185 4893 3788 4965">
     <span class='ocr_line' id='line_1_120' title="bbox 2185 4893 3788 4965; baseline 0.005 -22"><span class='ocrx_word' id='word_1_879' title='bbox 2185 4893 2463 4957; x_wconf 72' lang='lat' dir='ltr'>effectum,</span> <span class='ocrx_word' id='word_1_880' title='bbox 2522 4911 2587 4948; x_wconf 92' lang='lat' dir='ltr'>ac</span> <span class='ocrx_word' id='word_1_881' title='bbox 2646 4899 2883 4962; x_wconf 90' lang='lat' dir='ltr'>peritum</span> <span class='ocrx_word' id='word_1_882' title='bbox 2935 4913 3156 4965; x_wconf 90' lang='lat' dir='ltr'>quoque</span> <span class='ocrx_word' id='word_1_883' title='bbox 3219 4893 3501 4954; x_wconf 82' lang='lat' dir='ltr'>medicum</span> <span class='ocrx_word' id='word_1_884' title='bbox 3555 4902 3788 4960; x_wconf 77' lang='lat' dir='ltr'>,benedi—</span> 
     </span>
    </p>
   </div>
   <div class='ocr_carea' id='block_1_121' title="bbox 2186 4966 3788 5036">
    <p class='ocr_par' dir='ltr' id='par_1_121' title="bbox 2186 4966 3788 5036">
     <span class='ocr_line' id='line_1_121' title="bbox 2186 4966 3788 5036; baseline 0.004 -21"><span class='ocrx_word' id='word_1_885' title='bbox 2186 4978 2294 5015; x_wconf 87' lang='lat' dir='ltr'>ces.</span> <span class='ocrx_word' id='word_1_886' title='bbox 2327 4986 2354 5011; x_wconf 92' lang='lat'><em>»</em></span> <span class='ocrx_word' id='word_1_887' title='bbox 2386 4966 2616 5028; x_wconf 89' lang='lat' dir='ltr'>Seneca,</span> <span class='ocrx_word' id='word_1_888' title='bbox 2671 4969 2765 5018; x_wconf 91' lang='lat' dir='ltr'>lib.</span> <span class='ocrx_word' id='word_1_889' title='bbox 2814 4983 2851 5020; x_wconf 90' lang='lat' dir='ltr'>v</span> <span class='ocrx_word' id='word_1_890' title='bbox 2905 4971 2970 5020; x_wconf 84' lang='lat' dir='ltr'>de</span> <span class='ocrx_word' id='word_1_891' title='bbox 3017 4973 3302 5034; x_wconf 73' lang='lat' dir='ltr'>Beneﬁciis,</span> <span class='ocrx_word' id='word_1_892' title='bbox 3335 4988 3454 5036; x_wconf 87' lang='lat' dir='ltr'>cap.</span> <span class='ocrx_word' id='word_1_893' title='bbox 3493 4976 3554 5024; x_wconf 76' lang='lat'>20</span> <span class='ocrx_word' id='word_1_894' title='bbox 3585 4990 3596 5022; x_wconf 92' lang='lat'><strong>:</strong></span> <span class='ocrx_word' id='word_1_895' title='bbox 3630 4991 3656 5023; x_wconf 64' lang='grc' dir='ltr'><strong><em>ς</em></strong></span> <span class='ocrx_word' id='word_1_896' title='bbox 3682 4974 3788 5023; x_wconf 89' lang='lat' dir='ltr'>Non</span> 
     </span>
    </p>
   </div>
   <div class='ocr_carea' id='block_1_122' title="bbox 2186 5038 3785 5108">
    <p class='ocr_par' dir='ltr' id='par_1_122' title="bbox 2186 5038 3785 5108">
     <span class='ocr_line' id='line_1_122' title="bbox 2186 5038 3785 5108; baseline 0.006 -24"><span class='ocrx_word' id='word_1_897' title='bbox 2186 5041 2276 5108; x_wconf 79' lang='lat' dir='ltr'>est</span> <span class='ocrx_word' id='word_1_898' title='bbox 2301 5038 2664 5099; x_wconf 89' lang='lat' dir='ltr'>spectandum</span> <span class='ocrx_word' id='word_1_899' title='bbox 2691 5055 2761 5088; x_wconf 88' lang='lat' dir='ltr'>an</span> <span class='ocrx_word' id='word_1_900' title='bbox 2791 5040 2973 5092; x_wconf 89' lang='lat' dir='ltr'>doleat</span> <span class='ocrx_word' id='word_1_901' title='bbox 3008 5044 3209 5106; x_wconf 87' lang='lat' dir='ltr'>aliquis</span> <span class='ocrx_word' id='word_1_902' title='bbox 3251 5044 3529 5096; x_wconf 83' lang='lat' dir='ltr'>beneﬂcio</span> <span class='ocrx_word' id='word_1_903' title='bbox 3562 5049 3785 5108; x_wconf 86' lang='lat' dir='ltr'>accepto,</span> 
     </span>
    </p>
   </div>
   <div class='ocr_carea' id='block_1_123' title="bbox 2185 5106 2898 5160">
    <p class='ocr_par' dir='ltr' id='par_1_123' title="bbox 2185 5106 2898 5160">
     <span class='ocr_line' id='line_1_123' title="bbox 2185 5106 2898 5160; baseline 0.004 -7"><span class='ocrx_word' id='word_1_904' title='bbox 2185 5106 2283 5155; x_wconf 89' lang='lat' dir='ltr'>sed</span> <span class='ocrx_word' id='word_1_905' title='bbox 2308 5121 2377 5156; x_wconf 90' lang='lat' dir='ltr'>an</span> <span class='ocrx_word' id='word_1_906' title='bbox 2405 5107 2590 5158; x_wconf 91' lang='lat' dir='ltr'>dolere</span> <span class='ocrx_word' id='word_1_907' title='bbox 2620 5110 2836 5160; x_wconf 88' lang='lat' dir='ltr'>debeat.</span> <span class='ocrx_word' id='word_1_908' title='bbox 2871 5131 2898 5156; x_wconf 90' lang='lat'><strong><em>»</em></strong></span> 
     </span>
    </p>
   </div>
   <div class='ocr_carea' id='block_1_124' title="bbox 2247 5179 3786 5251">
    <p class='ocr_par' dir='ltr' id='par_1_124' title="bbox 2247 5179 3786 5251">
     <span class='ocr_line' id='line_1_124' title="bbox 2247 5179 3786 5251; baseline 0.002 -23"><span class='ocrx_word' id='word_1_909' title='bbox 2247 5179 2346 5251; x_wconf 80' lang='lat'>(58)</span> <span class='ocrx_word' id='word_1_910' title='bbox 2384 5181 2549 5229; x_wconf 78' lang='lat' dir='ltr'>Irrita</span> <span class='ocrx_word' id='word_1_911' title='bbox 2575 5187 2620 5230; x_wconf 89' lang='lat' dir='ltr'>et</span> <span class='ocrx_word' id='word_1_912' title='bbox 2647 5180 2787 5242; x_wconf 80' lang='lat' dir='ltr'>falsa</span> <span class='ocrx_word' id='word_1_913' title='bbox 2825 5196 2955 5246; x_wconf 68' lang='lat' dir='ltr'>pars.</span> <span class='ocrx_word' id='word_1_914' title='bbox 2989 5184 3183 5235; x_wconf 91' lang='lat' dir='ltr'>Cicero</span> <span class='ocrx_word' id='word_1_915' title='bbox 3225 5186 3320 5236; x_wconf 89' lang='lat' dir='ltr'>lib.</span> <span class='ocrx_word' id='word_1_916' title='bbox 3360 5200 3398 5236; x_wconf 77' lang='grc' dir='ltr'>Χ</span> <span class='ocrx_word' id='word_1_917' title='bbox 3449 5186 3786 5251; x_wconf 75' lang='lat' dir='ltr'>Epistolarum</span> 
     </span>
    </p>
   </div>
   <div class='ocr_carea' id='block_1_125' title="bbox 2183 5249 3784 5323">
    <p class='ocr_par' dir='ltr' id='par_1_125' title="bbox 2183 5249 3784 5323">
     <span class='ocr_line' id='line_1_125' title="bbox 2183 5249 3784 5323; baseline 0.006 -27"><span class='ocrx_word' id='word_1_918' title='bbox 2183 5249 2253 5323; x_wconf 80' lang='lat' dir='ltr'>ad</span> <span class='ocrx_word' id='word_1_919' title='bbox 2283 5251 2529 5323; x_wconf 75' lang='lat' dir='ltr'>Atticum,</span> <span class='ocrx_word' id='word_1_920' title='bbox 2557 5255 2712 5315; x_wconf 87' lang='lat' dir='ltr'>epist.</span> <span class='ocrx_word' id='word_1_921' title='bbox 2748 5256 2769 5302; x_wconf 82' lang='grc'>1</span> <span class='ocrx_word' id='word_1_922' title='bbox 2809 5269 2820 5302; x_wconf 90' lang='lat'><strong>:</strong></span> <span class='ocrx_word' id='word_1_923' title='bbox 2853 5271 2882 5302; x_wconf 83' lang='lat'>«</span> <span class='ocrx_word' id='word_1_924' title='bbox 2909 5257 2988 5306; x_wconf 92' lang='lat' dir='ltr'>De</span> <span class='ocrx_word' id='word_1_925' title='bbox 3011 5269 3147 5320; x_wconf 89' lang='lat' dir='ltr'>pace</span> <span class='ocrx_word' id='word_1_926' title='bbox 3169 5258 3316 5308; x_wconf 89' lang='lat' dir='ltr'>idem</span> <span class='ocrx_word' id='word_1_927' title='bbox 3344 5249 3524 5308; x_wconf 83' lang='lat' dir='ltr'>sentio</span> <span class='ocrx_word' id='word_1_928' title='bbox 3553 5259 3692 5323; x_wconf 91' lang='lat' dir='ltr'>quod</span> <span class='ocrx_word' id='word_1_929' title='bbox 3718 5261 3784 5316; x_wconf 87' lang='lat' dir='ltr'>tu,</span> 
     </span>
    </p>
   </div>
   <div class='ocr_carea' id='block_1_126' title="bbox 2181 5319 3786 5400">
    <p class='ocr_par' dir='ltr' id='par_1_126' title="bbox 2181 5319 3786 5400">
     <span class='ocr_line' id='line_1_126' title="bbox 2181 5319 3786 5400; baseline 0.006 -33"><span class='ocrx_word' id='word_1_930' title='bbox 2181 5319 2589 5400; x_wconf 76' lang='lat' dir='ltr'>simulationem</span> <span class='ocrx_word' id='word_1_931' title='bbox 2634 5337 2756 5374; x_wconf 90' lang='lat' dir='ltr'>esse</span> <span class='ocrx_word' id='word_1_932' title='bbox 2807 5319 3070 5389; x_wconf 82' lang='lat' dir='ltr'>apertam,</span> <span class='ocrx_word' id='word_1_933' title='bbox 3109 5331 3287 5391; x_wconf 90' lang='lat' dir='ltr'>parari</span> <span class='ocrx_word' id='word_1_934' title='bbox 3355 5334 3539 5380; x_wconf 89' lang='lat' dir='ltr'>autem</span> <span class='ocrx_word' id='word_1_935' title='bbox 3568 5319 3786 5380; x_wconf 44' lang='lat' dir='ltr'>‘bellum</span> 
     </span>
    </p>
   </div>
   <div class='ocr_carea' id='block_1_127' title="bbox 2182 5402 2629 5440">
    <p class='ocr_par' dir='ltr' id='par_1_127' title="bbox 2182 5402 2629 5440">
     <span class='ocr_line' id='line_1_127' title="bbox 2182 5402 2629 5440; baseline 0.002 -1"><span class='ocrx_word' id='word_1_936' title='bbox 2182 5402 2564 5440; x_wconf 86' lang='lat' dir='ltr'>accernmum.</span> <span class='ocrx_word' id='word_1_937' title='bbox 2601 5408 2629 5440; x_wconf 63' lang='grc' dir='ltr'>λ)</span> 
     </span>
    </p>
   </div>
   <div class='ocr_carea' id='block_1_128' title="bbox 2245 5461 3783 5535">
    <p class='ocr_par' dir='ltr' id='par_1_128' title="bbox 2245 5461 3783 5535">
     <span class='ocr_line' id='line_1_128' title="bbox 2245 5461 3783 5535; baseline 0.005 -27"><span class='ocrx_word' id='word_1_938' title='bbox 2245 5461 2341 5521; x_wconf 87' lang='grc'>(59)</span> <span class='ocrx_word' id='word_1_939' title='bbox 2373 5461 2626 5513; x_wconf 74' lang='lat' dir='ltr'>Sanitatis</span> <span class='ocrx_word' id='word_1_940' title='bbox 2668 5467 2997 5527; x_wconf 73' lang='lat' dir='ltr'>patientiam.</span> <span class='ocrx_word' id='word_1_941' title='bbox 3044 5468 3205 5520; x_wconf 89' lang='lat' dir='ltr'>Liber</span> <span class='ocrx_word' id='word_1_942' title='bbox 3235 5471 3378 5520; x_wconf 87' lang='lat' dir='ltr'>Flori</span> <span class='ocrx_word' id='word_1_943' title='bbox 3421 5473 3783 5535; x_wconf 64' lang='lat' dir='ltr'>paenitentiam.</span> 
     </span>
    </p>
   </div>
   <div class='ocr_carea' id='block_1_129' title="bbox 2180 5529 3785 5606">
    <p class='ocr_par' dir='ltr' id='par_1_129' title="bbox 2180 5529 3785 5606">
     <span class='ocr_line' id='line_1_129' title="bbox 2180 5529 3785 5606; baseline 0.007 -28"><span class='ocrx_word' id='word_1_944' title='bbox 2180 5529 2250 5578; x_wconf 89' lang='lat' dir='ltr'>Et</span> <span class='ocrx_word' id='word_1_945' title='bbox 2280 5544 2408 5606; x_wconf 86' lang='lat' dir='ltr'>mox</span> <span class='ocrx_word' id='word_1_946' title='bbox 2441 5546 2540 5594; x_wconf 92' lang='lat' dir='ltr'>pro</span> <span class='ocrx_word' id='word_1_947' title='bbox 2575 5535 2828 5584; x_wconf 79' lang='lat' dir='ltr'>medicina</span> <span class='ocrx_word' id='word_1_948' title='bbox 2850 5536 3023 5587; x_wconf 83' lang='lat' dir='ltr'>codex</span> <span class='ocrx_word' id='word_1_949' title='bbox 3049 5529 3603 5592; x_wconf 46' lang='lat' dir='ltr'>Lamonianus-habet</span> <span class='ocrx_word' id='word_1_950' title='bbox 3630 5542 3785 5606; x_wconf 72' lang='lat' dir='ltr'>ptent—</span> 
     </span>
    </p>
   </div>
   <div class='ocr_carea' id='block_1_130' title="bbox 2181 5603 2419 5650">
    <p class='ocr_par' dir='ltr' id='par_1_130' title="bbox 2181 5603 2419 5650">
     <span class='ocr_line' id='line_1_130' title="bbox 2181 5603 2419 5650; baseline 0.008 -2"><span class='ocrx_word' id='word_1_951' title='bbox 2181 5603 2419 5650; x_wconf 75' lang='lat' dir='ltr'>tentiam.</span> 
     </span>
    </p>
   </div>
   <div class='ocr_carea' id='block_1_131' title="bbox 2243 5671 3786 5734">
    <p class='ocr_par' dir='ltr' id='par_1_131' title="bbox 2243 5671 3786 5734">
     <span class='ocr_line' id='line_1_131' title="bbox 2243 5671 3786 5734; baseline 0.005 -13"><span class='ocrx_word' id='word_1_952' title='bbox 2243 5671 2336 5733; x_wconf 83' lang='lat'>(60)</span> <span class='ocrx_word' id='word_1_953' title='bbox 2403 5673 2660 5725; x_wconf 73' lang='lat' dir='ltr'>Excussa.</span> <span class='ocrx_word' id='word_1_954' title='bbox 2721 5677 2800 5727; x_wconf 88' lang='lat' dir='ltr'>Ita</span> <span class='ocrx_word' id='word_1_955' title='bbox 2853 5678 3149 5731; x_wconf 90' lang='lat' dir='ltr'>duodecim</span> <span class='ocrx_word' id='word_1_956' title='bbox 3221 5682 3344 5733; x_wconf 88' lang='lat' dir='ltr'>libri</span> <span class='ocrx_word' id='word_1_957' title='bbox 3409 5687 3635 5734; x_wconf 84' lang='lat' dir='ltr'>veteres.</span> <span class='ocrx_word' id='word_1_958' title='bbox 3686 5679 3786 5730; x_wconf 79' lang='lat' dir='ltr'>Alii</span> 
     </span>
    </p>
   </div>
   <div class='ocr_carea' id='block_1_132' title="bbox 2179 5741 3782 5820">
    <p class='ocr_par' dir='ltr' id='par_1_132' title="bbox 2179 5741 3782 5820">
     <span class='ocr_line' id='line_1_132' title="bbox 2179 5741 3782 5820; baseline 0.007 -30"><span class='ocrx_word' id='word_1_959' title='bbox 2179 5741 2442 5794; x_wconf 89' lang='lat' dir='ltr'>undecim</span> <span class='ocrx_word' id='word_1_960' title='bbox 2469 5749 2522 5796; x_wconf 91' lang='lat' dir='ltr'>et</span> <span class='ocrx_word' id='word_1_961' title='bbox 2546 5750 2762 5800; x_wconf 89' lang='lat' dir='ltr'>veteres</span> <span class='ocrx_word' id='word_1_962' title='bbox 2788 5749 3062 5804; x_wconf 87' lang='lat' dir='ltr'>editiones</span> <span class='ocrx_word' id='word_1_963' title='bbox 3087 5751 3317 5804; x_wconf 68' lang='lat' dir='ltr'>exclusa.</span> <span class='ocrx_word' id='word_1_964' title='bbox 3350 5753 3592 5820; x_wconf 86' lang='lat' dir='ltr'>Utraque</span> <span class='ocrx_word' id='word_1_965' title='bbox 3634 5751 3782 5803; x_wconf 84' lang='lat' dir='ltr'>lectio</span> 
     </span>
    </p>
   </div>
  </div>
