3978 6194
200 208 276 262 493

1513 203 1710 259 LIBER
1752 202 1840 256 DE
1878 200 2122 257 LAPSIS.

3388 207 3490 261 494

200 333 308 385 tium
349 326 585 391 vulnera,
625 328 682 381 et
723 325 893 396 plaga
939 325 1160 380 lethalis
1200 325 1328 380 altis
1368 330 1426 381 et
1469 326 1768 397 profundis
1791 326 1951 409 Acis
2004 325 2099 395 qui
2150 322 2287 377 flere
2334 323 2551 393 jugiter
2602 328 2659 378 et
2711 341 2914 395 rogare
2967 326 3273 382 Dominum
3325 345 3491 383 suum

198 416 445 472 visceribus
482 416 677 480 infixa,
718 414 1068 468 dissimulato
1103 416 1320 482 dolore,
1349 416 1687 485 contegitur.
1722 418 1766 467 A

197 510 362 564 diaboli
397 509 503 561 aris
548 510 917 573 revertentes,
963 507 1033 560 ad
1076 514 1334 562 sanctum
1379 509 1605 562 Domini
1649 524 1766 561 sor-

197 603 309 659 didis
351 608 400 656 et
443 602 663 655 infectis
714 601 914 655 nidore
967 601 1233 654 manibus
1288 601 1577 655 accedunt.
1626 602 1769 654 Mor-

196 697 350 749 tiferos
379 694 654 748 idolorum
687 695 837 748 cibos
868 695 1053 748 adhuc
1079 711 1227 764 pene
1256 699 1561 761 ructantes,
1594 694 1768 748 exha-

194 789 396 843 lantibus
460 789 629 842 etiam
701 804 850 842 nunc
914 789 1093 842 scelus
1161 804 1327 842 suum
1392 787 1650 841 faucibus
1718 792 1774 841 et

193 883 414 952 contagia
444 883 663 935 funesta
698 882 1104 948 redolentibus,
1134 881 1353 935 Domini
1390 897 1591 950 corpus
1624 880 1774 934 inva-

195 978 323 1041 dunt,
363 974 581 1045 quando
623 979 884 1028 occurrat
922 974 1213 1044 Scriptura
1251 974 1441 1028 divina
1480 981 1535 1028 et
1564 975 1774 1028 clamet

194 1076 235 1123 et
260 1069 393 1122 dicat
420 1085 432 1120 :
458 1068 645 1122 Omnis
672 1068 912 1121 mundus
938 1069 1287 1121 manducabit
1321 1066 1511 1138 479
1540 1080 1772 1129 carnem,

194 1170 230 1215 et
264 1164 429 1215 anima
475 1177 805 1230 quaecunque
844 1162 1254 1215 manducauerit
1299 1178 1363 1215 ea:
1402 1176 1561 1215 came
1603 1163 1773 1215 sacri-

191 1256 278 1321 ﬁcii
313 1255 565 1309 salutaris
609 1256 753 1323 quod
801 1261 877 1308 est
924 1257 1158 1313 Domini.
1201 1260 1250 1308 et
1298 1255 1643 1307 immunditia
1688 1258 1772 1323 ip-

192 1351 277 1401 sius
323 1348 426 1417 (61)
478 1363 640 1417 super
689 1352 867 1417 ipsum
908 1353 1001 1409 est,
1041 1349 1245 1416 peribit
1300 1351 1486 1401 anima
1552 1348 1651 1400 illa
1712 1348 1777 1401 de

192 1443 357 1510 populo
382 1458 472 1495 suo
500 1441 715 1509 (Leuit,
752 1458 846 1507 v11,
882 1442 991 1507 20).
1034 1441 1335 1509 Apostolus
1372 1441 1511 1494 item
1546 1445 1779 1495 testetur

196 1542 239 1586 et
281 1537 416 1589 dicat
445 1536 491 1569 ⁸³
529 1554 539 1587 :
582 1539 701 1592 Non
740 1538 962 1604 potestis
1002 1535 1219 1588 calicem
1262 1537 1476 1588 Domini
1520 1536 1692 1589 bibere
1730 1540 1779 1587 et

196 1630 380 1683 calicem
433 1630 840 1689 daemoniorum,
897 1644 999 1681 non
1046 1631 1269 1697 potestis
1322 1644 1516 1683 mensae
1567 1630 1780 1682 Domini

1870 419 2099 485 debent,
2144 418 2459 486 intercepta
2497 419 2841 487 poenitentiae
2884 422 3303 489 lamentatione,
3335 439 3489 476 com-

1870 512 2160 565 municare
2201 529 2256 565 se
2288 511 2599 565 simulant?
2632 512 2742 564 Hoc
2780 520 2909 566 sunt
2930 515 2975 547 δδ
3009 516 3283 583 ejusmodi
3326 516 3496 584 lapsis

1872 605 2024 674 quod
2068 605 2282 671 grando
2314 605 2590 673 frugibus,
2621 605 2773 673 quod
2813 606 3099 660 turbidum
3133 609 3285 661 sidus
3325 608 3493 662 arbo-

1874 698 2047 764 ribus,
2080 698 2228 766 quod
2270 698 2549 750 armentis
2586 698 2855 767 pestilens
2885 699 3129 767 vastitas,
3161 702 3309 769 quod
3338 701 3493 754 navi-

1874 790 1980 859 giis
2018 807 2166 844 saeva
2210 794 2539 860 tempestas.
2573 790 2850 844 Solatium
2895 798 3124 845 aeternae
3164 795 3281 862 spei
3300 796 3347 827 ὓθ
3374 795 3493 847 adi-

1874 891 2059 954 munt,
2102 884 2365 939 arborem
2404 885 2506 953 (65)
2543 900 2573 937 a
2604 884 2795 937 radice
2835 884 3189 954 subvertunt,
3232 903 3493 940 sermone

1876 978 2134 1032 morbido
2166 978 2236 1031 ad
2262 978 2470 1032 lethale
2509 978 2837 1048 contagium
2869 987 3123 1050 serpunt,
3153 995 3354 1033 navem
3384 996 3499 1034 sco.

1875 1072 2042 1141 pulis,
2074 1088 2144 1124 ne
2184 1070 2239 1125 in
2267 1074 2498 1141 portum
2530 1072 2841 1141 perveniat,
2871 1072 3119 1126 illidunt.
3149 1073 3265 1126 Non
3294 1089 3496 1127 conce-

1876 1165 1958 1217 dit
1998 1181 2196 1233 pacem
2244 1164 2476 1217 facilitas
2520 1166 2643 1231 ista,
2686 1166 2780 1218 sed
2827 1165 2990 1239 tollit,
3036 1181 3140 1218 nec
3178 1168 3497 1219 communi-

1876 1257 2159 1312 cationem
2187 1258 2400 1323 tribuit,
2430 1258 2527 1310 sed
2559 1257 2799 1327 impedit
2832 1258 2899 1311 ad
2930 1259 3194 1311 salutem.
3229 1260 3495 1313 Persecu-

1878 1352 1955 1405 tio
1984 1354 2069 1404 est
2094 1351 2213 1404 haec
2254 1352 2363 1405 alia
2404 1357 2458 1404 et
2496 1351 2602 1404 alia
2637 1352 2893 1413 tentatio,
2924 1367 3029 1421 per
3065 1368 3240 1422 quam
3283 1353 3502 1406 subtilis

1879 1446 2146 1498 inimicus
2172 1444 2574 1514 impugnandis
2606 1442 2795 1515 480
2825 1445 3007 1498 adhuc
3036 1445 3199 1514 lapsis
3216 1446 3260 1478 6⁷
3285 1448 3503 1500 occulta

1880 1539 2239 1609 populatione
2288 1541 2595 1607 grassatur,
2644 1541 2703 1590 ut
2747 1538 3071 1592 lamentatio
3115 1540 3498 1609 conquiescat,

1882 1638 1941 1686 ut
1985 1633 2146 1686 dolor
2194 1632 2371 1696 sileat,
2418 1636 2482 1684 ut
2525 1632 2712 1685 delicti
2760 1632 3036 1684 memoria
3080 1637 3391 1700 evanescat,
3438 1637 3503 1687 ut

194 1726 541 1777 communicare
577 1729 626 1777 et
656 1738 845 1777 "tensae
888 1723 1273 1777 daemoniorum
1299 1724 1341 1794 (Ι
1392 1725 1533 1785 σοι-η
1576 1740 1626 1788 x,
1668 1723 1777 1790 27).
1802 1699 1858 1770 Β
1883 1725 2293 1795 comprimatur
2332 1728 2626 1793 pectorum
2652 1725 2698 1757 ⁶⁸
2733 1725 2994 1795 gemitus,
3032 1728 3310 1779 statuatur
3337 1727 3504 1781 ﬂetus

194 1815 319 1869 Idem
348 1816 771 1871 contumacibus
799 1820 856 1870 et
884 1816 1266 1885 pervicacibus
1303 1817 1687 1870 comminatur
1725 1821 1782 1872 et

193 1910 451 1964 denuntiat
495 1910 686 1964 dicens
719 1926 731 1963 :
765 1911 1093 1979 Quicumque
1129 1910 1298 1963 ederit
1331 1926 1531 1978 panem
1574 1916 1669 1964 aut
1709 1912 1783 1964 bi-

196 2003 306 2055 berit
348 2004 559 2057 calicem
606 2005 820 2057 Domini
864 2004 1106 2071 indigne,
1148 2018 1274 2057 reus
1318 2007 1418 2057 erit
1462 2006 1698 2072 corporis
1735 2009 1783 2059 et

193 2098 440 2164 sanguinis
472 2099 689 2151 Domini
717 2098 759 2167 (Ι
791 2101 935 2159 θοίνη
964 2113 1040 2163 x1,
1080 2098 1192 2161 27).

249 2190 364 2243 XVI.
395 2189 610 2259 Spretis
647 2190 733 2243 his
763 2189 1025 2243 omnibus
1065 2190 1172 2258 (6'2)
1211 2192 1381 2259 atque
1420 2190 1782 2260 contemptis,

193 2284 299 2335 ante
327 2283 545 2352 expiata
575 2283 801 2351 delicta,
832 2289 962 2337 ante
990 2282 1415 2353 exomologcsin
1444 2284 1645 2337 factam
1672 2283 1783 2353 (63)

194 2374 430 2437 criminis,
467 2380 603 2430 ante
643 2380 945 2447 purgatam
980 2376 1387 2431 conscientiam
1430 2377 1699 2431 sacrificio
1732 2380 1791 2430 et

194 2485 339 2523 manu
384 2470 716 2537 sacerdotis,
762 2474 890 2524 ante
944 2470 1219 2524 offensam
1273 2471 1550 2540 placatam
1600 2470 1784 2541 indig-

195 2562 351 2615 nantis
402 2564 628 2617 Domini
685 2570 739 2618 et
796 2563 1082 2623 minantis,
1135 2564 1213 2616 vis
1272 2564 1513 2617 infertur
1569 2564 1789 2634 corpori

194 2656 293 2722 ejus
324 2660 378 2709 et
416 2656 706 2727 sanguini,
737 2663 792 2711 et
831 2658 959 2727 plus
1000 2657 1170 2711 modo
1213 2657 1271 2709 in
1312 2658 1623 2711 Dominum
1666 2674 1785 2711 ma-

194 2748 334 2802 nibus
372 2754 543 2821 atque
576 2766 670 2804 ore
709 2750 1065 2822 delinquunt,
1100 2767 1275 2821 quam
1315 2767 1445 2804 cum
1489 2751 1791 2805 Dominum

194 2846 611 2910 negaverunt“.
662 2845 860 2898 Pacem
908 2848 1114 2914 putant
1165 2860 1283 2898 esse
1332 2860 1507 2915 quam
1560 2844 1793 2915 quidam

195 2935 351 2989 verbis
390 2937 687 2990 fallacibus
727 2938 840 3007 (64)
881 2937 1195 2991 venditant.
1240 2939 1358 2991 Non
1402 2942 1487 2993 est
1528 2955 1633 3008 pax
1678 2939 1791 3005 illa,

195 3028 277 3079 sed
312 3028 558 3097 bellum;
594 3045 697 3084 nec
724 3030 981 3084 Ecclesia:
1004 3031 1267 3100 jungitur
1300 3032 1397 3102 qui
1433 3032 1501 3084 ab
1541 3032 1790 3101 Evange-
1816 3060 1870 3133 Ο
1896 3032 2109 3086 dictum

1880 1817 2194 1882 oculorum,
2230 1831 2335 1868 nec
2366 1815 2693 1882 Dominum,
2725 1814 2971 1883 graviter
3002 1813 3305 1883 offensum,
3334 1817 3505 1887 longa

1882 1915 1937 1963 et
1963 1909 2135 1979 plena
2163 1908 2496 1978 poenitentia
2530 1908 2884 1978 deprecetur,
2918 1924 3049 1961 cum
3082 1908 3356 1978 scriptum
3388 1911 3461 1964 sit
3491 1927 3503 1964 :

1883 2003 2141 2056 Memento
2179 2001 2324 2055 unde
2355 2001 2622 2063 cecideris,
2661 2006 2712 2054 et
2749 2016 2847 2069 age
2884 2003 3257 2069 paenitentiam
3290 2003 3504 2073 (Apoc,

1886 2112 1940 2161 ιι,
1969 2096 2044 2163 5).

1955 2189 2113 2242 XVII.
2158 2188 2333 2241 Nemo
2387 2204 2443 2241 se
2492 2187 2666 2256 fallat,
2718 2204 2886 2243 nemo
2931 2204 2989 2242 se
3038 2188 3298 2260 decipiat.
3350 2190 3509 2245 Solus

1888 2282 2161 2336 Dominus
2188 2281 2443 2335 misereri
2474 2285 2657 2351 potest
2684 2282 2815 2352 (66).
2852 2282 3081 2336 Veniam
3109 2284 3353 2353 peccatis
3382 2301 3513 2355 quae

1887 2377 1945 2429 in
1992 2376 2178 2445 ipsum
2225 2375 2525 2429 commissa
2567 2378 2714 2441 sunt,
2758 2375 2907 2428 solus
2950 2380 3137 2446 potest
3180 2377 3273 2430 ille
3318 2377 3513 2447 largiri

1890 2469 1986 2539 qui
2028 2474 2261 2537 peccata
2290 2471 2479 2522 nostra
2518 2468 2776 2538 portavit,
2820 2468 2917 2538 qui
2962 2485 3065 2538 pro
3110 2470 3272 2523 nobis
3313 2471 3513 2539 doluit,

1890 2578 2064 2633 quem
2118 2564 2262 2617 Deus
2311 2561 2547 2616 tradidit
2596 2578 2699 2633 pro
2752 2562 2995 2632 peccatis
3049 2563 3278 2617 nostris.
3330 2564 3512 2617 Homo

1893 2657 2003 2710 Deo
2043 2673 2163 2710 esse
2205 2672 2319 2709 non
2358 2660 2541 2725 potest
2573 2656 2784 2724 major;
2822 2671 2923 2708 nec
2955 2655 3242 2710 remittere
3280 2662 3377 2710 aut
3413 2657 3515 2710 do-

1896 2766 2029 2803 nare
2068 2749 2431 2820 indulgentia
2458 2766 2557 2802 sua
2585 2764 2777 2803 servus
2818 2752 3021 2818 potest,
3056 2749 3209 2819 quod
3248 2749 3305 2802 in
3336 2750 3519 2804 Domi-

1895 2860 2034 2897 num
2091 2843 2293 2897 delicto
2350 2841 2609 2912 graviore
2656 2841 3022 2896 commissum
3069 2846 3170 2910 est,
3217 2860 3288 2896 ne
3335 2844 3521 2898 adhuc

1895 2940 2054 3007 lapso
2083 2942 2137 2991 et
2170 2937 2278 2990 hoc
2307 2935 2539 2989 accedat
2568 2935 2639 2989 ad
2670 2935 2882 2989 crimen
2911 2935 2957 2988 si
2986 2934 3197 2990 nesciat
3224 2952 3341 2991 esse
3371 2953 3518 3007 prae-

2169 3053 2177 3081 :
2236 3030 2555 3083 Maledictus
2618 3030 2767 3083 homo
2832 3031 2927 3097 qui
2988 3044 3131 3097 spem
3185 3030 3344 3084 habet
3364 3032 3410 3065 δθ
3463 3034 3525 3085 in

196 3119 254 3173 lio
295 3127 611 3192 separatur.
659 3123 804 3186 Quid
848 3123 1117 3193 injuriam
1164 3124 1505 3178 beneﬁcium
1560 3126 1796 3179 vocant?
1823 3119 1870 3133 V
1895 3127 2102 3179 homine
2137 3125 2369 3191 (Jerem.,
2406 3138 2537 3189 xvu,
2574 3122 2649 3190 5).
2684 3121 2957 3176 Dominus
2988 3122 3235 3176 orandus
3276 3128 3378 3193 est,
3412 3125 3521 3177 Do-

196 3214 305 3281 quid
335 3216 691 3287 impietatem
724 3216 997 3271 vocabulo
1032 3218 1255 3287 pietatis
1285 3219 1613 3288 appellant?
1646 3218 1793 3282 Quid

1898 3218 2083 3272 minus
2126 3219 2318 3269 nostra
2365 3215 2742 3270 satisfactione
2789 3214 3093 3284 placandus
3137 3220 3239 3283 est,
3286 3217 3384 3287 qui
3426 3234 3526 3273 ne-

1530 3364 1741 3428 Variae
1794 3366 2126 3429 lectiones.

240 3495 273 3526 ⁸³
301 3496 679 3549 Comminetur
715 3503 770 3549 et
796 3498 1087 3548 denuntiet
1133 3500 1254 3548 Bod.
1290 3502 1335 3561 1,
1378 3501 1426 3559 2,
1472 3500 1519 3559 3,
1553 3503 1600 3549 4.
1699 3502 1743 3533 ⁶⁴
1783 3501 1959 3562 Verba,
2006 3505 2132 3549 ante
2173 3498 2498 3550 offensam...
2549 3503 2891 3560 negaverunt
2937 3501 3072 3549 inter
3115 3502 3446 3563 contemptis
3485 3504 3535 3548 et

194 3569 290 3614 ante
315 3570 533 3632 expiata
568 3570 675 3617 Ver.
706 3570 859 3630 Impr.
886 3573 1081 3630 praeter
1109 3570 1288 3618 Baluz.
1334 3573 1681 3632 interponunt.
1725 3572 1879 3621 Oxon.
1916 3572 2118 3620 nullam
2150 3571 2219 3619 ad
2261 3571 2307 3618 h.
2357 3572 2394 3619 Ι.
2436 3571 2734 3618 varietatem
2774 3570 3047 3619 lectionum
3093 3571 3265 3634 aﬂerl.
3331 3572 3372 3604 ⁸⁵
3400 3572 3536 3621 Haec

195 3640 298 3705 sunt
325 3641 408 3685 Ar.
444 3639 568 3686 Bod.
608 3642 650 3695 1,
676 3640 724 3698 2,
756 3640 801 3687 3.
871 3638 911 3670 ⁸6
944 3639 1216 3689 Solatium
1243 3641 1359 3703 spei
1399 3640 1520 3688 Bod.
1556 3644 1599 3701 1,
1636 3644 1683 3702 2,
1711 3644 1759 3701 3,
1790 3646 1841 3693 4.
1880 3645 2013 3691 Voss.
2048 3645 2087 3691 1.
2114 3642 2363 3691 adimunt
2396 3641 2580 3691 radice
2611 3641 2732 3689 Bod.
2768 3643 2813 3701 1,
2840 3641 2887 3701 2,
2918 3642 2967 3702 3,
2998 3644 3044 3690 4.
3117 3641 3158 3675 ⁸⁷
3191 3643 3527 3705 Impugnan-

200 3703 267 3751 dis
289 3705 603 3758 hominibus
644 3710 773 3757 Voss.
805 3708 853 3768 ἓ,
885 3711 929 3758 4.
966 3711 1101 3758 Pem.
1166 3708 1208 3741 ⁸⁸
1242 3711 1596 3761 Peccatorum
1628 3715 1739 3761 Lin.
1780 3714 1911 3760 Voss.
1949 3716 1988 3761 1.
2057 3714 2100 3743 δ”
2128 3711 2374 3762 Conﬂdit
2401 3713 2487 3760 Ar.
2519 3711 2676 3767 Bod.,
2705 3711 2751 3760 2.
2785 3712 2901 3759 Ben.

1451 3844 1670 3927 Steph.
1736 3846 1982 3909 Baluzii
2038 3852 2233 3908 notae.

197 3959 319 4011 bona
348 3968 439 4013 est.
467 3965 659 4015 Codex
690 3966 1035 4018 Fossatensis
1072 3984 1081 4015 :
1120 3985 1147 4015 «
1198 3970 1527 4019 Poenitentia
1562 3971 1629 4020 de
1672 3986 1808 4035 pec-

201 4035 455 4084 catoribus
487 4037 713 4086 exclusa
756 4044 838 4087 est
880 4041 964 4089 vel
1015 4054 1322 4090 excussa.»
1364 4041 1664 4105 Utramque
1694 4043 1807 4092 lec-

204 4106 384 4154 tionem
437 4108 668 4170 protulit
720 4108 991 4171 librarius,
1040 4115 1099 4159 ut
1144 4111 1318 4161 lector
1371 4112 1701 4176 intelligeret
1734 4114 1809 4162 1i—

200 4175 366 4228 berum
390 4180 495 4229 sibi
542 4193 662 4229 esse
694 4194 814 4230 eam
846 4183 1100 4244 praeferre
1147 4196 1273 4246 quae
1318 4183 1421 4232 sibi
1464 4175 1637 4246 magis
1676 4186 1809 4233 arri-

204 4248 350 4311 deret,
385 4256 446 4299 ut
472 4265 623 4314 saepe
654 4252 857 4301 accidit
886 4254 942 4301 in
973 4253 1127 4302 libris
1149 4255 1446 4305 veteribus.

252 4322 341 4383 (61)
366 4325 705 4374 Immunditia
732 4326 910 4387 ipsius.
944 4328 1023 4375 Ita
1059 4328 1221 4377 etiam
1249 4328 1342 4377 lib.
1373 4341 1428 4376 ιιι
1470 4328 1812 4377 Testimonio-

1908 3970 2069 4021 cibus
2114 3970 2355 4033 antiquis
2432 3974 2487 4019 et
2558 3969 2615 4017 in
2704 3968 3107 4032 antiquioribus
3173 3968 3529 4018 editionibus-

1908 4043 2107 4092 Deerat
2132 4042 2299 4090 etiam
2349 4042 2404 4089 in
2453 4040 2560 4088 alio
2612 4040 2801 4100 veteri,
2849 4038 2946 4089 sed
3003 4038 3186 4088 addita
3216 4043 3299 4088 est
3347 4043 3537 4102 postea

1910 4127 2075 4175 supra
2117 4112 2340 4162 lineam.
2394 4112 2645 4175 Epistola
2703 4112 2928 4160 nomine
2974 4110 3299 4173 Hieronymi
3333 4112 3537 4172 scripta

1908 4184 1986 4233 Ad
2041 4185 2268 4231 amicum
2331 4189 2580 4245 aegrotum
2637 4197 2652 4229 :
2704 4199 2729 4226 «
2784 4182 2903 4230 Non
2984 4182 3132 4230 enim
3216 4184 3299 4231 est
3380 4180 3539 4229 arbor

1911 4253 2086 4303 solida
2142 4266 2246 4302 nec
2304 4253 2525 4302 robusta
2576 4253 2683 4300 nisi
2749 4265 2871 4315 quae
2922 4253 3130 4302 assidui
3165 4251 3401 4301 turbinis
3451 4253 3537 4300 in-

1912 4325 2171 4373 cursione
2225 4323 2505 4387 stipitibus
2551 4323 2841 4372 concussis
2886 4322 2997 4372 huc
3038 4326 3203 4385 atque
3255 4322 3389 4372 illuc
3446 4322 3540 4369 in-

203 4405 459 4477 rum,~cap.
599 4398 679 4477 fit
710 4396 1015 4447 Cassianus
1038 4398 1132 4448 lib.
1152 4412 1233 4477 δτι,
1255 4400 1451 4462 cap.8;
1484 4398 1681 4448 Collat.
1707 4412 1805 4459 xu,
1829 4407 1888 4477 D
1915 4395 2135 4477 climata"
2175 4398 2434 4476 tentatur,
2486 4395 2539 4441 in
2588 4408 2755 4477 quam
2811 4406 2959 4473 stepe
3006 4399 3333 4477 .ventorurn.
3370 4393 3544 4477 turbi-

204 4474 302 4524 cap.
329 4465 389 4523 2;
428 4470 482 4515 et
513 4466 714 4516 Collat.
752 4481 896 4525 xxu,
920 4482 1038 4530 cap.
1070 4471 1118 4528 ὅ,
1151 4469 1299 4534 legit,
1344 4472 1403 4519 In
1448 4482 1551 4531 quo
1596 4475 1665 4519 est
1704 4471 1804 4517 im-

203 4535 439 4584 munditia
468 4536 662 4599 peribit
688 4552 865 4587 coram
898 4540 1131 4588 Domino.

255 4603 347 4665 (62)
378 4606 577 4668 Spretis
608 4607 689 4657 his
733 4608 990 4658 omnibus.
1035 4609 1397 4660 Restituimus
1440 4610 1592 4661 hunc
1622 4612 1809 4661 locum

212 4676 277 4744 uti
330 4679 597 4738 reperitur
630 4680 687 4727 in
728 4680 969 4742 antiquis
1004 4681 1429 4744 exemplaribus,
1469 4684 1522 4731 in
1571 4681 1812 4731 editione

208 4743 525 4809 Morelliana,
565 4755 619 4798 et
661 4750 717 4798 in
766 4764 829 4799 ea
887 4764 1013 4813 quae
1056 4743 1255 4801 dicitur
1324 4752 1524 4802 Gravii.
1586 4754 1643 4800 In
1702 4766 1812 4814 quo

204 4818 356 4864 secuti
382 4830 576 4867 sumus
610 4820 904 4869 consilium
935 4821 1189 4884 Rigaltii;
1240 4828 1335 4887 qui
1384 4824 1637 4887 quamvis
1679 4824 1813 4872 reti—

205 4888 361 4956 nuerit
393 4890 446 4937 in
474 4894 741 4940 contextu
767 4896 1009 4942 veterem
1041 4893 1358 4953 lectionem,
1404 4895 1726 4956 pronuntiat
1755 4895 1811 4941 in

207 4955 673 5009 observationibus
712 4965 830 5012 suis
879 4963 1030 5013 illam
1080 4977 1248 5027 quam
1293 4977 1394 5013 nos
1432 4965 1815 5014 revocavimus

207 5038 309 5075 esse
333 5031 694 5081 verissimam.

261 5098 341 5160 (63)
397 5103 529 5151 Ante
593 5103 988 5167 exomotogesim
1052 5104 1264 5165 factam.
1326 5105 1597 5154 Nimirum
1668 5106 1815 5170 apud

210 5172 500 5239 sacerdotes
531 5176 651 5236 Dei,
693 5180 753 5224 ut
784 5179 859 5224 ait
894 5176 1033 5224 infra
1080 5175 1393 5239 Cyprianus
1421 5178 1476 5226 in
1518 5177 1625 5227 hoc
1654 5178 1812 5228 libro.

215 5234 449 5302 Ruﬁnus,
494 5247 553 5293 in
602 5234 747 5296 Psal.
799 5259 986 5297 xxxr:
1026 5264 1053 5293 «
1099 5234 1250 5297 Licet
1306 5252 1493 5297 autem
1540 5250 1693 5297 Deus
1734 5248 1815 5297 di—

212 5311 367 5360 mittat
396 5321 624 5377 peccata
663 5330 731 5367 ex
774 5330 885 5381 quo
932 5316 1096 5367 homo
1144 5319 1199 5366 in
1246 5320 1528 5369 voluntate
1570 5320 1816 5381 pmnitet,

220 5382 378 5430 tamen
436 5386 819 5435 conﬁtendum
859 5392 942 5437 est
990 5388 1257 5438 ministris
1304 5389 1589 5439 Ecclesiaa.
1624 5408 1650 5433 »
1679 5388 1817 5437 Vide

218 5448 618 5571 ioprpftqm,ulib.
654 5472 710 5519 v,
739 5473 859 5522 cap.
894 5462 969 5519 19,
1002 5474 1132 5511 cum
1178 5461 1630 5511 adnotationibus
1658 5461 1819 5510 Hen—

261 5535 285 5570 C
379 5540 405 5571 Β
432 5541 555 5571 88H-

261 5527 303 5571 ci
332 5527 555 5576 Valesii.

219 5594 359 5711 but?)
392 5598 569 5647 Verbis
595 5599 894 5661 fallacibus.
931 5602 1120 5652 Codex
1158 5601 1555 5666 Seguierianus
1582 5601 1818 5663 fallenti—

272 5736 361 5799 (δέ)
388 5739 655 5791 Arborem.
706 5741 844 5792 Haec
888 5755 995 5792 vox
1038 5742 1192 5794 deest
1240 5745 1294 5794 in
1331 5743 1613 5796 sexdecim
1668 5742 1820 5793 codi-

1913 4480 2049 4514 num
2105 4466 2304 4514 ﬂamen
2363 4468 2624 4514 incurrat.
2716 4464 2851 4525 Ipsis
2927 4465 3075 4512 enim
3158 4463 3543 4511 vexationibus

1911 4535 2329 4598 constringitur,
2353 4534 2637 4597 premitur,
2670 4532 2908 4594 ﬁxisque
2943 4532 3226 4581 radicibus
3256 4534 3420 4581 citius
3454 4545 3542 4579 ro-

1912 4607 2152 4655 boratur.
2182 4625 2209 4650 »

1977 4677 2074 4736 (66)
2110 4675 2262 4725 Solus
2318 4676 2575 4723 Dominus
2625 4672 2863 4721 misereri
2904 4678 3082 4734 potest.
3148 4673 3542 4732 Tertullianus,

1915 4748 1969 4811 ip
1998 4746 2137 4795 libro
2167 4746 2228 4795 de
2261 4745 2523 4808 Baptismo
2553 4758 2567 4791 :
2597 4762 2624 4789 «
2651 4742 2758 4793 Sed
2799 4756 2982 4806 neque
3031 4748 3321 4806 peccatum
3365 4742 3547 4790 dimit-

1914 4819 1976 4867 tit
2008 4830 2190 4879 neque
2228 4816 2479 4878 spiritum
2525 4813 2774 4877 indulget
2809 4814 2916 4862 nisi
2950 4814 3104 4863 solus
3148 4816 3312 4862 Deus.
3350 4828 3380 4859 »
3406 4814 3541 4861 Item

1916 4890 1970 4937 in
2002 4887 2141 4936 libro
2188 4888 2249 4935 de
2287 4886 2591 4935 Pudicitia:
2622 4904 2649 4931 «
2692 4885 2830 4947 Quis
2883 4886 3033 4934 enim
3092 4884 3316 4933 dimittit
3343 4884 3547 4932 delicta

1915 4961 2019 5008 nisi
2043 4959 2195 5007 solus
2225 4957 2422 5007 Deus?
2449 4974 2476 5001 ν
2522 4955 2758 5006 Sanctus
2810 4957 3052 5005 Joannes
3097 4955 3544 5017 Chrysostomus,

1916 5028 2141 5079 homilia
2170 5030 2201 5077 4
2245 5030 2297 5076 in
2342 5030 2509 5089 caput
2557 5040 2571 5075 1
2620 5026 2884 5084 Matthaai,
2936 5026 3009 5074 ait
3053 5026 3327 5075 neminem
3386 5038 3550 5088 posse

1918 5104 2143 5164 peccata
2187 5099 2459 5147 dimittere
2508 5098 2617 5146 nisi
2673 5097 3023 5147 solummodo
3079 5096 3323 5146 divinam
3377 5098 3551 5146 Natu-

1918 5185 2051 5220 ram.
2085 5169 2268 5221 Guido
2304 5169 2370 5218 de
2399 5168 2728 5230 Perpiniano
2762 5167 3009 5217 scribens
3030 5167 3294 5217 adversus
3330 5168 3557 5217 Errores

1918 5244 2286 5295 Armenorum,
2329 5242 2405 5289 ait
2443 5255 2453 5287 :
2488 5256 2514 5285 «
2562 5241 2769 5289 Dicunt
2813 5238 2979 5287 etiam
3023 5237 3171 5301 quod
3219 5238 3387 5287 homo
3440 5251 3553 5287 non

1922 5312 2202 5361 remittere
2233 5315 2412 5374 potest
2443 5315 2670 5373 peccata
2701 5310 2805 5359 nisi
2838 5308 2991 5358 solus
3010 5309 3175 5357 Deus.
3203 5326 3229 5355 »
3270 5309 3552 5367 Ruricius,

1918 5383 2013 5431 lib.
2042 5395 2098 5441 ιι,
2147 5382 2305 5444 epist.
2338 5382 2393 5430 41
2440 5396 2510 5428 :«
2540 5380 2849 5439 Praestabit,
2897 5385 2959 5428 ut
3003 5379 3296 5438 credimus,
3346 5379 3559 5427 miseri-

1920 5452 2107 5503 cordia
2134 5452 2307 5514 ipsius
2335 5456 2396 5501 ut
2431 5452 2525 5514 qui
2563 5450 2866 5514 paenitendi
2894 5450 3051 5499 vobis
3100 5450 3346 5499 animum
3387 5447 3554 5509 inspi-

1920 5536 2039 5574 rare
2068 5523 2328 5584 dignatus
2376 5528 2479 5583 est,
2521 5524 2616 5587 qui
2669 5522 2820 5571 solus
2870 5526 3053 5585 potest
3100 5523 3153 5567 et
3195 5530 3389 5587 sanare
3437 5530 3560 5566 cor-

1920 5598 2079 5658 rupta
2135 5599 2190 5645 et
2246 5607 2501 5658 reparare
2540 5586 2812 5665 collapsa,
2859 5596 2919 5665 et
2956 5590 3138 5640 delere
3196 5586 3566 5665 commiserunt:

1919 5654 2058 5717 Vide
2083 5654 2383 5717 Maldonati
2410 5654 2731 5716 Tractatum
2779 5662 2843 5713 de
2894 5662 3281 5717 Sacramentis,
3327 5667 3453 5715 pag.
3480 5654 3576 5703 255

1919 5738 2179 5791 secunda:
2211 5739 2490 5791 editionis.
