3978 6194
450 243 550 298 495
1386 241 1442 296 S.
1482 240 1796 297 CYPRIANI
1835 240 2107 297 OPERUM
2147 241 2318 298 PARS
2359 243 2422 298 ll.
2467 271 2534 283 —
2573 243 2934 300 OPUSCULA.
3671 255 3758 310 496

451 374 680 439 gantem
733 380 942 438 negare
992 382 1049 420 se
1095 363 1254 435 dixit,
1308 367 1404 437 qui
1450 381 1620 421 omne
1663 367 1947 437 judicium
2001 368 2308 451 deAlant,
2351 372 2486 422 tunc
2523 369 2712 446 facere
2754 369 2904 440 quod
2949 368 3242 422 mandant.
3274 370 3465 440 Neque
3500 372 3637 426 enim
3673 380 3764 430 sta-

448 465 612 518 Patre
647 461 797 515 solus
835 462 1068 530 accepit.
1105 460 1398 516 Credimus
1437 461 1672 530 quidem
1715 477 1878 531 posse
1919 461 2072 531 apud
2177 461 2277 516 tim
2320 462 2492 515 videri
2534 465 2718 533 potest
2763 463 2832 516 de
2881 463 3069 516 divina
3111 463 3401 532 majestate
3442 481 3761 536 concessum,

441 555 695 626 judicem
724 554 1036 624 plurimum
1063 557 1378 624 martyrum
1416 554 1525 624 (67)
1561 555 1768 609 merita
1803 557 1859 608 et
1900 570 2072 624 opera
2175 554 2329 624 quod
2360 555 2531 608 fuerit
2562 555 2812 608 humana
2843 555 3254 624 pollicitatione
3284 556 3635 624 promissum.

438 649 723 718 justorum
754 664 766 700 :
801 647 903 700 sed
933 663 1060 700 cum
1088 647 1287 716 judicii
1329 647 1446 701 dies
1487 648 1725 714 venerit,
1760 663 1908 712 cum,
1943 651 2072 716 post
2243 650 2375 702 XIX.
2419 649 2574 725 Nam.
2603 650 2659 700 et
2703 650 2911 718 Moyses
2957 664 3055 717 pro
3098 648 3339 718 peccatis
3380 650 3564 719 populi
3599 654 3762 721 petiit,

444 757 704 796 occasum
761 740 949 794 saeculi
1000 740 1166 809 hujus
1229 745 1284 794 et
1351 741 1574 808 mundi,
1629 743 1760 794 ante
1817 740 2069 793 tribunal

444 835 646 890 Christi
679 834 918 904 populus
947 832 1066 902 ejus
1093 832 1351 887 astiterit.

515 929 686 982 XVIII.
728 928 1032 992 Caeterum,
1064 925 1106 979 si
1140 927 1285 996 quis,
1309 941 1670 996 praepropera
1710 925 2068 979 festinatione

440 1021 786 1075 temerarius
806 1019 1201 1074 remissionem
1232 1026 1598 1090 peccatorum
1621 1020 1754 1073 dare
1776 1034 1831 1072 se
1852 1019 2068 1072 cunctis

441 1118 609 1186 putat
649 1129 807 1184 posse
827 1113 895 1181 79,
936 1118 1033 1166 aut
1074 1114 1246 1167 audet
1277 1113 1497 1166 Domini
1533 1116 1816 1183 praacepta
1853 1111 2064 1166 rescin-

441 1210 590 1274 dere,
626 1224 740 1262 non
767 1211 987 1261 tantum
1019 1206 1158 1260 nihil
1196 1206 1446 1275 prodest,
1479 1206 1575 1259 sed
1603 1211 1657 1259 et
1684 1205 1842 1258 obest
1867 1205 2062 1275 lapsis.

438 1305 769 1356 Provocasse
800 1306 884 1354 est
929 1301 1094 1368 iram,
1129 1315 1243 1353 non
1281 1315 1528 1352 servasse
1566 1298 1928 1364 sententiam,
1963 1314 2064 1351 nec

438 1394 880 1450 misericordiam
921 1392 1076 1462 prius
1114 1392 1214 1445 Dei
1257 1392 1667 1462 deprecandam
1712 1398 1932 1460 putare,
1967 1391 2062 1445 sed

438 1492 767 1556 contempto
818 1486 1059 1554 Domino
1111 1486 1178 1539 de
1229 1502 1326 1537 sua
1378 1485 1645 1539 facultate
1697 1486 1806 1555 (68)
1859 1501 2063 1554 praesu-

435 1598 616 1635 mere.
665 1580 777 1634 Sub
827 1596 922 1633 ara
974 1578 1068 1633 Dei
1122 1578 1332 1632 anima:
1379 1578 1689 1632 occisorum
1742 1582 2058 1648 martyrum

435 1675 682 1727 clamant
725 1688 937 1742 magna
981 1689 1113 1726 voce
1164 1671 1344 1744 481
1403 1673 1652 1726 dicentes
1701 1694 1708 1723 :
1760 1673 2058 1739 Quousque,

434 1769 671 1827 Domine,
728 1771 942 1819 sanctus
1000 1771 1049 1819 et
1096 1780 1266 1828 verus,
1312 1781 1419 1819 non
1457 1766 1680 1833 judicas
1726 1770 1776 1818 et
1819 1764 2062 1818 vindicas

431 1862 752 1928 sanguinem
796 1864 1040 1913 nostrum
1075 1859 1140 1912 de
1188 1859 1270 1912 his
1314 1861 1410 1927 qui
1452 1861 1510 1912 in
1553 1861 1709 1913 terris
1748 1859 2060 1911 inhabitant

432 1953 646 2022 (Apoc.,
676 1967 752 2013 v1,
787 1952 908 2020 10)?
929 1952 995 2004 Et
1024 1951 1375 2020 requiescere
1405 1968 1468 2005 ac
1501 1950 1835 2022 patientiam
1867 1953 2061 2004 tenere

433 2045 618 2099 adhuc
638 2045 936 2115 jubentur.
971 2047 1035 2100 Et
1066 2060 1409 2117 quemquam
1441 2061 1603 2115 posse
1633 2045 1838 2115 aliquis
1867 2041 2060 2099 existi-

432 2143 552 2192 mat
595 2138 952 2192 remittendis
992 2137 1200 2208 passim
1240 2138 1634 2208 domandisque
1677 2141 1917 2209 peccatis
1959 2143 2053 2197 bo-

431 2248 570 2285 num
624 2231 736 2302 (69)
796 2231 917 2285 ﬁeri
973 2235 1170 2285 contra
1218 2231 1468 2301 jndicem
1526 2232 1696 2298 velle,
1751 2239 1848 2288 aut
1902 2236 2060 2305 prius

432 2341 608 2396 quam
650 2323 966 2378 vindicetur
1009 2325 1117 2394 (70)
1162 2325 1284 2394 ipse
1326 2324 1464 2377 alios
1507 2341 1670 2394 posse
1713 2327 2060 2383 defendere?

429 2417 700 2472 Mandant
752 2423 1029 2487 martyres
1078 2416 1296 2487 aliquid
1349 2417 1497 2475 ﬁeri;
1552 2419 1650 2471 sed
1701 2419 1748 2472 si
1790 2421 1966 2490 justa,
2015 2423 2060 2475 si

428 2511 603 2572 licita,
651 2510 695 2563 si
741 2528 853 2563 non
907 2512 1100 2563 contra
1143 2510 1251 2579 (7i)
1299 2510 1485 2579 ipsum
1533 2512 1837 2567 Dominum
1885 2531 1916 2568 a
1963 2516 2060 2570 Dei

430 2607 790 2660 sacerdote"1
839 2606 1110 2673 facienda,
1169 2606 1216 2658 si
1269 2606 1712 2675 obtemperantis
1767 2607 1946 2663 facilis
2004 2617 2060 2665 et

429 2716 610 2769 prona
641 2699 961 2766 consensio,
1000 2699 1043 2752 si
1084 2699 1328 2769 petentis
1362 2699 1536 2753 fuerit
1564 2701 1828 2771 religiosa
1865 2704 2060 2758 mode-

431 2793 593 2847 ratio.
646 2793 911 2847 Mandant
971 2792 1182 2863 aliquid
1235 2799 1509 2863 martyres
1561 2794 1778 2860 ﬁeri“;
1833 2797 1962 2862 sed,
2015 2799 2058 2851 si

435 2887 638 2955 scripta
666 2903 779 2940 non
810 2887 921 2940 sint
950 2887 1006 2940 in
1037 2886 1261 2940 Domini
1290 2887 1417 2956 lege
1447 2904 1575 2957 quae
1603 2890 1899 2957 mandant,
1925 2897 2057 2945 ante

435 2986 517 3033 est
549 2984 610 3031 ut
641 2980 883 3033 sciamus
915 2981 1038 3032 illos
1075 2980 1142 3034 de
1173 2982 1284 3032 Deo
1315 2981 1645 3049 impetrasse
1682 2983 1835 3051 quod
1874 2989 2058 3051 postu-

2171 757 2274 795 nec
2311 745 2501 794 tamen
2542 741 2907 810 peccantibus
2942 741 3168 795 veniam
3209 757 3340 794 cum
3372 743 3598 810 petisset
3622 761 3762 800 acce-

2170 834 2255 903 pit
2287 851 2299 886 :
2331 837 2542 896 Precor,
2583 834 2680 900 ait,
2721 837 2963 896 Domine,
2994 835 3223 904 deliquit
3253 836 3487 904 populus
3522 837 3599 890 hic
3627 838 3769 893 delic-

2173 933 2286 980 tum
2335 928 2559 996 grande,
2605 932 2654 981 et
2704 930 2952 993 fecerunt
3001 929 3104 982 sibi
3156 929 3277 982 deos
3320 944 3502 983 aureos
3554 932 3683 999 (72);
3724 941 3765 986 et

2168 1035 2332 1082 nunc,
2387 1024 2435 1073 si
2479 1022 2712 1075 dimittis
2749 1023 2844 1082 eis,
2888 1021 3143 1074 delictum
3188 1021 3424 1086 dimitte;
3465 1023 3545 1075 sin
3586 1031 3762 1085 autem,

2169 1115 2284 1169 dele
2324 1129 2404 1168 me
2443 1114 2507 1166 de
2553 1114 2690 1168 lib-ro
2729 1129 2884 1182 quem
2925 1115 3278 1184 scripsisti”.
3322 1117 3391 1168 Et
3433 1115 3570 1169 dixit
3605 1117 3762 1170 Domi-

2165 1222 2266 1260 nus
2307 1207 2378 1260 ad
2418 1209 2632 1275 Moysen
2677 1224 2688 1260 :
2728 1209 2790 1262 Si
2825 1210 2945 1275 quis
2981 1208 3268 1276 deliquerit
3296 1209 3342 1240 7‘
3387 1212 3509 1261 ante
3549 1224 3642 1270 me,
3681 1211 3763 1264 de-

2167 1302 2304 1354 leam
2343 1316 2463 1354 eum
2494 1302 2558 1354 de
2600 1302 2733 1354 libro
2775 1317 2885 1354 meo
2923 1300 3135 1368 (Exod,
3173 1317 3334 1367 xxxn,
3371 1302 3478 1363 3t).
3513 1301 3599 1355 [lle
3635 1303 3761 1356 ami-

2165 1409 2264 1446 cus
2314 1395 2428 1460 Dei,
2475 1394 2567 1446 ille
2619 1394 2760 1447 facie
2809 1393 2880 1446 ad
2934 1393 3132 1446 faciem
3184 1394 3405 1447 locutus
3455 1410 3596 1463 saepe
3647 1412 3758 1448 cum

2164 1486 2424 1553 Domino,
2455 1486 2603 1556 quod
2644 1485 2808 1555 petiit
2839 1486 3146 1555 impetrare
3177 1503 3292 1540 non
3322 1486 3518 1556 potuit,
3550 1502 3648 1540 nec
3677 1488 3758 1540 Dei

2161 1579 2512 1650 indignantis
2573 1579 2850 1634 offensam
2915 1596 3014 1633 sua
3077 1579 3470 1650 deprecatione
3523 1581 3757 1650 placavit.

2163 1673 2504 1727 Hieremiam
2541 1674 2686 1727 Deus
2723 1674 2917 1728 laudat
2955 1677 3010 1728 et
3053 1674 3323 1744 prazdicat
3362 1673 3546 1728 dicens
3586 1677 3762 1729 :Prius

2163 1783 2325 1836 quam
2353 1773 2399 1821 te
2442 1769 2737 1832 formarem
2784 1769 2840 1820 in
2882 1773 3032 1822 utero
3076 1771 3202 1822 novi
3232 1774 3302 1831 te,
3335 1774 3384 1821 et
3425 1771 3580 1836 prius
3621 1784 3764 1836 quam

2163 1858 2333 1911 earires
2358 1857 2421 1910 de
2463 1858 2627 1910 vulva
2664 1859 2998 1925 sanctiﬁcavi
3039 1864 3106 1924 te,
3137 1862 3187 1911 et
3225 1859 3544 1928 prophetam
3582 1861 3635 1911 in
3659 1875 3766 1926 gen-

2164 1951 2302 2004 tibus
2325 1951 2488 2018 posui
2529 1954 2576 2003 te
2605 1950 2839 2018 (Jerem.,
2875 1966 2912 2016 ι,
2953 1951 3024 2018 5).
3066 1950 3134 2004 Et
3169 1949 3356 2004 eidem
3406 1967 3506 2020 pro
3549 1951 3767 2020 peccatis

2162 2042 2353 2113 populi
2386 2041 2718 2113 deprecanti
2742 2042 3094 2113 frequentius
3125 2049 3182 2097 et
3207 2043 3415 2109 oranti,
3439 2041 3622 2115 482
3640 2045 3765 2106 Noli,

2163 2136 2334 2201 ait”,
2376 2152 2531 2190 orare
2567 2151 2671 2204 pro
2710 2137 2908 2204 populo
2953 2137 3081 2197 hoc,
3127 2142 3177 2190 et
3217 2138 3330 2191 noli
3369 2139 3643 2205 postulare
3679 2153 3767 2206 pro

2160 2231 2234 2284 eis
2269 2230 2326 2282 in
2357 2244 2508 2298 prece
2546 2234 2594 2282 et
2623 2231 2886 2290 oratione,
2917 2231 3047 2298 quia
3086 2245 3194 2283 non
3221 2231 3515 2284 exaudiam
3553 2232 3609 2282 in
3651 2237 3765 2283 tem-

2158 2338 2286 2392 pore
2328 2324 2384 2375 in
2429 2337 2532 2391 quo
2576 2323 2905 2376 invocabant
2949 2338 3050 2387 me,
3096 2325 3154 2376 in
3207 2329 3442 2392 tempore
3486 2324 3769 2390 afﬂictionis

2159 2430 2268 2470 sua:
2311 2415 2545 2485 (Ie-rem,
2592 2431 2670 2484 x1,
2723 2416 2826 2483 14).
2882 2414 3032 2478 Quid
3074 2431 3205 2470 vero
3249 2416 3466 2485 justius
3510 2417 3641 2481 Noe,
3683 2418 3768 2486 qui

2161 2525 2290 2562 cum
2342 2509 2557 2579 repleta
2609 2511 2757 2562 esset
2808 2513 2961 2562 terra
3008 2509 3270 2579 peccatis,
3321 2511 3480 2564 solus
3529 2511 3769 2564 inventus

2161 2602 2451 2671 estjustus
2501 2601 2556 2654 in
2598 2601 2798 2655 terris?
2841 2601 2984 2663 Quid
3018 2602 3312 2671 gloriosius
3355 2603 3621 2656 Daniele?
3649 2603 3769 2672 quid

2161 2695 2253 2748 illo
2292 2695 2361 2748 ad
2402 2695 2659 2748 facienda
2704 2695 2973 2764 martyris
3014 2695 3071 2748 in
3112 2695 3244 2748 ﬁdei
3283 2696 3554 2751 firmitate
3596 2696 3772 2750 robus-

2161 2789 2292 2856 tius,
2351 2788 2407 2841 in
2462 2789 2561 2840 Dei
2615 2787 2944 2858 dignatione
3000 2788 3218 2841 felicius
3239 2790 3308 2856 ⁷⁸,
3363 2789 3463 2859 qui
3514 2789 3670 2843 toties
3719 2792 3770 2841 et

2161 2899 2290 2936 cum
2333 2881 2670 2951 conﬂigeret
2706 2881 2856 2947 vicit,
2886 2885 2943 2934 et
2981 2898 3108 2935 cum
3150 2881 3407 2938 vinceret
3445 2883 3771 2953 supervixit?

2158 2974 2304 3038 Quid
2344 2976 2446 3029 Job
2493 2977 2548 3028 in
2595 2975 2860 3044 operibus
2901 2976 3239 3045 promptius,
3283 2977 3338 3028 in
3391 2975 3770 3030 tentationibus

1806 3100 2012 3162 Variae
2071 3099 2404 3163 lectiones.

501 3206 540 3238 7"
570 3207 712 3254 Dare
741 3218 799 3255 se
831 3205 1052 3255 cunctis
1078 3216 1238 3265 posse
1264 3206 1417 3267 Impr.
1452 3205 1593 3254 Dare
1623 3219 1680 3255 se
1701 3219 1861 3268 posse
1905 3208 2026 3255 Bod.
2068 3209 2114 3256 2.

2185 3205 2227 3237 7'
2257 3204 2340 3254 Ad
2381 3202 2480 3252 Dei
2519 3199 2879 3249 sacerdotem.
2950 3197 2990 3230 ⁷²
3017 3198 3206 3248 Fieri?
3240 3198 3298 3248 Si
3340 3201 3495 3248 Oxon.
3563 3199 3600 3232 ⁷⁵
3626 3198 3769 3248 Libro

433 3279 527 3325 tuo
557 3276 695 3324 Lam.
729 3275 908 3336 Quem
939 3274 1149 3336 scripsi.
1193 3275 1322 3322 Voss.
1353 3275 1394 3322 i.
1465 3273 1506 3306 ⁷⁴
1535 3276 1843 3338 Deliquerit
1880 3279 2010 3326 Voss.
2045 3280 2087 3326 1.
2123 3279 2260 3327 Ρειη.
2327 3274 2368 3306 ⁷⁵
2396 3274 2487 3322 Ait
2514 3273 2791 3321 Dominus
2821 3271 2974 3318 Oxon.
3043 3268 3085 3301 7°
3113 3269 3357 3320 Facilius
3393 3271 3526 3320 Voss.
3557 3271 3600 3319 2.

1728 3387 1953 3469 Steph.
2002 3388 2253 3452 Baluzii
2294 3393 2488 3450 notas.

491 3491 589 3551 (67)
698 3489 990 3538 Plurimum
1066 3495 1385 3553 martyrum.

430 3566 485 3610 et
553 3564 679 3609 octo
756 3559 878 3608 libri
954 3563 1166 3610 veteres
1247 3560 1454 3610 habent
1528 3561 1819 3624 plurimum
1882 3565 2061 3615 valere

429 3635 746 3712 martyrum.
785 3629 894 3680 Sed
946 3643 1052 3680 vox
1096 3631 1272 3679 valere
1300 3645 1411 3681 non
1441 3637 1618 3682 exstat
1652 3635 1708 3682 in
1746 3634 1868 3684 aliis
1921 3637 2060 3685 anti-

434 3713 596 3834 qtiiisé)
642 3770 928 3820 Facultate.
978 3771 1205 3822 Veteres
1259 3771 1532 3822 editiones
1583 3776 1635 3822 et
1678 3787 1877 3825 novem
1935 3775 2058 3825 libri

429 3846 663 3901 veteres,
721 3843 888 3892 etiam
965 3841 1376 3904 Seguierianus,
1419 3843 1718 3906 praeferunt
1784 3845 2056 3907 facilitate.

434 3913 544 3992 {iiii
571 3915 806 3976 quatuor
839 3911 1114 3973 felicitate,
1142 3913 1424 3974 nimirum,
1452 3917 1513 3962 ut
1537 3915 1748 3978 opinor,
1775 3929 1872 3979 pro
1919 3916 2061 3978 faci—

433 3983 596 4115 ngg).
623 4053 838 4102 Bonum.
897 4052 1175 4102 Pamelius
1203 4054 1388 4115 posuit
1435 4053 1673 4116 dignum,
1721 4059 1907 4107 nescio
1951 4071 2060 4121 qua

431 4122 776 4171 auctoritate.
809 4121 926 4185 Ego
957 4135 1092 4172 sane
1136 4121 1326 4172 bonum
1370 4123 1483 4171 vidi
1524 4126 1790 4188 scriptum
1848 4130 1903 4177 in
1947 4143 2059 4178 om-

432 4192 597 4273 nibus
636 4192 880 4255 antiquis
925 4190 1265 4242 editionibus
1305 4196 1359 4242 et
1395 4194 1453 4242 in
1499 4196 1753 4247 omnibus
1791 4198 1947 4249 libris
1970 4214 2060 4250 ve-

433 4262 969 4393 tei’ildilsi’indicetur.
1028 4333 1320 4382 Falluntur
1375 4335 1618 4398 profecto
1701 4339 1796 4400 qui
1864 4343 2058 4401 putant

427 4403 572 4452 hanc
601 4415 792 4452 vocem
851 4403 974 4451 istic
1009 4403 1387 4467 accipiendam
1433 4418 1554 4455 esse
1614 4420 1678 4456 eo
1726 4420 1895 4457 sensu
1947 4422 2058 4471 quo

431 4472 700 4534 accipitur
739 4471 887 4533 apud
937 4471 1198 4534 Optatum
1259 4487 1388 4523 cum
1444 4475 1687 4538 loquitur
1728 4476 1797 4526 de
1840 4478 2057 4527 ossibus
2100 4487 2102 4490 '

431 4541 720 4605 cujusdam
749 4542 1004 4606 martyris
1028 4543 1280 4592 nondum
1308 4544 1584 4595 vindicati.
1613 4547 1741 4596 lstic
1767 4549 1916 4597 enim
1951 4562 2056 4598 vox

429 4614 524 4662 illa
575 4613 764 4662 referri
813 4625 909 4675 per
963 4615 1420 4678 consequentiam
1469 4618 1840 4666 necessariam
1895 4619 2058 4668 debet

428 4683 496 4734 ad
523 4696 586 4732 ea
618 4696 744 4746 qua:
774 4683 1134 4745 antecedunt,
1165 4699 1234 4734 ex
1265 4685 1469 4748 quibus
1500 4687 1675 4751 liquet
1705 4689 2057 4738 existimasse

431 4753 773 4817 Cyprianum
827 4754 1128 4816 plurimum
1181 4769 1342 4818 posse
1386 4758 1532 4820 apud
1582 4760 1829 4820 judicem
1863 4761 2058 4810 merita

431 4829 736 4886 martyrum
767 4828 821 4874 et
863 4837 1027 4886 opera
1069 4828 1364 4888 justorum,
1420 4829 1517 4878 sed
1559 4843 1688 4879 cum
1714 4831 1909 4893 judicii
1937 4831 2056 4880 dies

430 4896 663 4954 venerit,
692 4908 822 4944 cum
848 4900 972 4958 post
1019 4909 1278 4946 occasum
1316 4899 1506 4949 sazculi
1543 4899 1708 4963 hujus
1762 4906 1817 4951 et
1862 4901 2056 4950 mundi

431 4970 559 5014 ante
605 4965 843 5014 tribunal
903 4966 1105 5016 Christi
1183 4969 1422 5031 populus
1478 4971 1600 5031 ejus
1681 4972 1928 5022 astiterit.
1989 4973 2060 5022 Et

429 5049 559 5085 mox
588 5036 897 5099 Cyprianus
939 5036 1092 5086 affert
1145 5037 1331 5087 locum
1376 5053 1444 5088 ex
1505 5041 1834 5105 Apocalypsi
1864 5045 1918 5093 in
1947 5058 2057 5107 quo

430 5107 631 5155 animae
663 5110 964 5169 martyrum
993 5107 1303 5157 occisorum
1332 5109 1436 5158 sub
1473 5124 1563 5159 ara
1602 5111 1703 5160 Dei
1740 5115 2057 5164 constitutas

426 5177 710 5240 postulant
749 5190 777 5224 a
819 5178 935 5226 Deo
968 5176 1267 5226 vindictam
1314 5179 1382 5230 de
1425 5183 1874 5243 persecutoribus
1919 5186 2054 5234 suis.

429 5249 555 5297 Alia
621 5251 736 5297 erat
791 5261 962 5297 causa
1022 5253 1328 5310 martyrum
1390 5251 1642 5300 nondum
1725 5257 2054 5317 occisorum,

429 5331 568 5380 quos
599 5318 911 5380 Cyprianus
946 5317 1023 5365 ait
1056 5331 1168 5367 non
1197 5333 1357 5382 posse
1397 5323 1675 5372 remittere
1720 5338 1904 5389 neque
1953 5327 2058 5376 do-

427 5404 562 5440 nare
608 5394 850 5452 peccata,
901 5403 1084 5451 neque
1131 5391 1277 5454 ipsos
1325 5406 1486 5456 posse
1566 5395 1702 5445 alios
1759 5397 2056 5449 defendere

429 5464 730 5520 antequam
777 5461 879 5522 ipsi
929 5459 1299 5523 vindicentur,
1343 5465 1419 5513 uti
1470 5467 1822 5529 postulabant
1855 5470 2056 5519 animae

428 5533 734 5602 martyrum
816 5531 1146 5582 occisorum.
1199 5535 1408 5585 Eodem
1490 5551 1657 5588 sensu
1743 5541 1898 5602 epist.
1975 5542 2056 5602 56,

427 5600 502 5648 ait
557 5600 860 5650 Dominum
908 5604 1193 5666 passiones
1238 5611 1454 5657 nostras
1528 5613 1580 5659 et
1651 5600 1881 5661 vuln—era
1937 5600 2056 5660 vin?

427 5669 763 5746 dicaturum.
805 5675 947 5727 Vide
995 5678 1160 5728 etiam
1213 5683 1517 5731 extremam
1560 5688 1773 5746 partem
1818 5684 1944 5734 libri
1995 5684 2058 5732 de

419 5738 552 5794 bona
621 5746 910 5805 patientia.
985 5748 1390 5812 Tertullianus,
1448 5752 1505 5800 in
1560 5738 1724 5804 .1ibro
1777 5755 1841 5806 de
1904 5756 2056 5818 Fuga

2077 4868 2134 4938 D

1478 3492 1703 3582 Veteres
1793 3495 2136 3582 editiopesc
2164 3497 2219 3582 ip
2255 3493 2643 3573 persecutione
2677 3507 2688 3538 :
2735 3509 2763 3535 «
2791 3491 2951 3541 Potes
2996 3491 3184 3582 itaque
3229 3495 3282 3572 te
3310 3495 3618 3582 “martyre‘m
3659 3491 3773 3539 vin—

2163 3567 2364 3625 dicare,
2402 3564 2586 3613 sciens
2625 3575 2747 3612 esse
2795 3575 3056 3624 magnum
3105 3565 3158 3610 te
3208 3561 3480 3611 vindicari
3523 3561 3590 3610 ab
3624 3574 3700 3610 eo.
3745 3578 3765 3601 κ

2161 3640 2378 3689 Lucifer
2409 3637 2773 3696 Calaritanus,
2806 3637 2861 3684 in
2891 3635 3158 3698 Apologia
3195 3648 3212 3684 1
3250 3649 3350 3697 pro
3391 3641 3584 3685 sancto
3610 3634 3771 3683 Atha—

2160 3711 2316 3759 nasio
2351 3724 2360 3756 :
2401 3726 2426 3754 «
2458 3708 2606 3757 Talis
2651 3721 2771 3756 mos
2815 3710 2899 3756 est
2937 3707 3038 3755 Dei
3073 3705 3385 3755 cultoribus
3425 3709 3487 3755 ut
3512 3710 3677 3754 totum
3702 3717 3772 3752 re-

2161 3785 2379 3831 servent
2429 3780 2562 3836 Deo,
2617 3778 2858 3826 scientes
2913 3789 3036 3826 esse
3075 3789 3340 3840 magnum
3405 3775 3663 3825 vindicari
3711 3773 3770 3821 ab

2161 3865 2242 3900 eo.
2273 3868 2300 3895 »
2330 3848 2470 3898 Vide
2500 3848 2722 3910 Rigaltii
2765 3847 3176 3896 observationes
3223 3847 3295 3894 ad
3331 3847 3537 3896 librum
3576 3845 3770 3896 Tertul-

2160 3924 2292 3972 liani
2336 3924 2399 3972 de
2451 3922 2716 3970 Oratione.
2769 3920 2952 3970 Julius
2999 3919 3345 3982 Capitolinus
3392 3921 3449 3969 in
3511 3920 3771 3969 Pertinace

2161 3993 2331 4042 dixit:
2367 4011 2393 4038 «
2440 3993 2669 4056 Aliquot
2706 3993 2870 4041 etiam
2920 3996 3167 4041 mortuos
3219 3991 3597 4041 vindicavit.»
3627 3987 3772 4052 Quod

2160 4069 2346 4113 tamen
2383 4064 2573 4113 referri
2629 4076 2741 4112 non
2784 4065 2963 4125 potest
3009 4061 3076 4112 ad
3124 4066 3372 4112 mortuos
3397 4061 3698 4112 vindicatos
3723 4060 3770 4108 in

2160 4147 2327 4183 sensu
2359 4134 2560 4197 Optati.

2223 4205 2319 4265 (7t)
2351 4205 2543 4254 Sinon
2577 4206 2775 4251 contra.
2811 4202 3084 4264 Rigaltius
3120 4202 3242 4250 istic
3288 4203 3365 4250 ait
3403 4202 3507 4251 ista
3558 4203 3636 4251 sic
3674 4211 3772 4248 uno

2159 4279 2332 4324 tractu
2369 4273 2724 4337 perducenda
2760 4287 2770 4320 :
2819 4291 2845 4317 «
2884 4272 2942 4322 Si
2987 4287 3099 4323 non
3145 4276 3336 4322 contra
3385 4275 3568 4335 ipsum
3608 4271 3774 4321 Domi-

2160 4359 2293 4394 num
2321 4359 2351 4394 a
2377 4345 2478 4394 Dei
2521 4343 2805 4393 sacerdote
2850 4344 3104 4393 facienda
3150 4344 3218 4392 sit
3250 4342 3675 4406 obtemperantis
3703 4341 3770 4388 fa-

2160 4417 2281 4467 cilis
2310 4420 2365 4465 et
2394 4429 2564 4477 prona
2605 4415 2920 4476 consensio,
2953 4433 2978 4460 »
3022 4415 3279 4477 hancque
3323 4416 3649 4478 scripturam
3687 4425 3774 4475 pu-

2160 4490 2237 4535 tat
2285 4499 2405 4535 esse
2457 4486 2817 4535 verissimam.
2853 4484 3063 4534 Laudat
3095 4489 3278 4534 autem
3318 4485 3568 4536 codicem
3615 4484 3772 4532 Vero—

2158 4571 2404 4618 nensem,
2467 4559 2522 4606 in
2573 4570 2684 4620 quo
2731 4557 2996 4619 scriptum
3053 4560 3166 4606 erat
3214 4557 3282 4605 sit
3349 4571 3448 4619 pro
3498 4561 3632 4605 sunt.
3691 4553 3772 4603 Sic

2159 4629 2322 4678 etiam
2367 4629 2422 4677 in
2484 4627 2728 4677 editione
2784 4627 3116 4676 Morelliana.
3185 4631 3256 4675 At
3313 4628 3368 4674 in
3427 4626 3771 4690 Seguieriano

2157 4700 2360 4762 legitur
2395 4714 2462 4746 :«
2489 4699 2753 4748 Mandant
2800 4699 3008 4762 aliquid
3054 4702 3320 4761 martyres
3372 4699 3512 4758 ﬁeri,
3557 4699 3600 4746 si
3623 4699 3769 4759 justa,

2157 4770 2203 4818 si
2230 4771 2398 4828 licita,
2453 4771 2499 4818 si
2544 4783 2655 4818 non
2696 4772 2886 4818 contra
2941 4770 3122 4830 ipsum
3158 4770 3463 4818 Dominum
3508 4783 3537 4817 a
3579 4768 3672 4817 Dei
3699 4779 3772 4814 sa-

2158 4841 2378 4890 cerdote
2409 4839 2673 4890 facienda.
2722 4840 2804 4889 Sit
2847 4841 3280 4902 obtemperantis
3323 4839 3506 4889 facilis
3535 4845 3587 4889 et
3618 4849 3771 4901 prona

2157 4912 2470 4967 consensio,
2499 4911 2544 4959 si
2596 4911 2835 4973 petentis
2887 4910 3050 4960 fuerit
3096 4911 3355 4973 religiosa
3409 4910 3770 4959 moderatio.»

2159 4982 2234 5030 Ita
2264 4983 2428 5031 etiam
2456 4983 2628 5032 ferme
2653 4981 2829 5031 codex
2855 4983 3030 5031 sancti
3062 4981 3358 5043 Arnulphi.

2221 5053 2316 5113 (72)
2345 5054 2596 5101 Fecerunt
2621 5051 2724 5102 sibi
2749 5052 2870 5100 deos
2903 5065 3111 5101 aureos.
3159 5053 3294 5101 Haec
3342 5051 3545 5101 desunt
3585 5053 3639 5100 in
3683 5061 3769 5097 an-

2157 5123 2328 5185 tiquis
2385 5123 2720 5173 editionibus
2771 5129 2825 5173 et
2884 5125 2939 5172 in
3003 5123 3423 5187 quatuordecim
3503 5119 3768 5171 codicibus

2158 5196 2564 5257 manuscriptis.
2605 5195 2838 5244 Exstant
2869 5200 3052 5245 tamen
3105 5197 3161 5243 in
3218 5195 3338 5243 aliis
3364 5198 3592 5256 septem,
3628 5195 3681 5240 et
3721 5189 3769 5235 in

2158 5265 2488 5326 quibusdam
2542 5264 2759 5314 additur
2804 5270 2848 5313 et
2899 5270 3182 5328 argenteos,
3216 5265 3363 5328 quod
3408 5265 3562 5314 deest
3601 5263 3652 5309 in
3679 5260 3769 5328 Fu-

2156 5337 2315 5384 xensi
2356 5340 2414 5385 et
2442 5337 2495 5383 in
2540 5335 2783 5385 editione
2831 5327 3081 5385 Morellii.
3126 5338 3186 5385 In
3235 5327 3416 5399 capite
3460 5337 3491 5384 4
3528 5327 3770 5396 Epistolas

2157 5406 2225 5454 ad
2283 5407 2628 5455 Fartunatum
2687 5406 2755 5456 de
2799 5406 3180 5457 exhortatione
3229 5407 3479 5468 martyrii
3541 5403 3766 5466 legitur:

2157 5477 2408 5525 Fecerunt
2440 5477 2539 5526 sibi
2558 5477 2679 5527 deos
2706 5492 2910 5528 aureos.
2941 5479 3000 5526 In
3031 5479 3172 5528 libro
3217 5491 3343 5528 vero
3386 5491 3404 5525 ι
3458 5471 3772 5525 Testimonio-

2157 5561 2292 5607 rum,
2325 5560 2444 5610 cap.
2475 5549 2493 5596 l
2531 5564 2540 5595 :
2574 5550 2828 5599 Fecerunt
2872 5550 2972 5600 sibi
3013 5550 3136 5600 deos
3186 5562 3372 5599 aureos
3410 5553 3457 5596 et
3497 5547 3767 5608 argenteos.

2157 5616 2219 5665 In
2287 5620 2465 5680 capite
2529 5631 2698 5670 xxxn
2776 5620 2975 5682 Exodi,
3036 5622 3395 5684 Feceruntque
3479 5617 3578 5668 sibi
3660 5614 3768 5662 deos

2155 5701 2344 5738 aureos
2352 5726 2362 5737 .
