3978 6194
212 204 301 259 497
1558 202 1752 258 LIBER
1790 202 1877 257 DE
1917 203 2165 261 LAPSIS.

210 325 409 390 fortius,
450 324 506 378 in
545 324 736 379 dolore
764 324 1091 395 patientius,
1123 326 1181 379 in
1211 325 1416 380 timore
1441 326 1801 384 submissius.
1826 328 2183 410 Aambulare
2226 344 2394 399 neque
2433 334 2626 387 audire
2670 335 2833 401 legem
2885 336 3002 402 ejus

206 419 257 473 in
282 417 385 472 fide
414 417 634 472 verius?
659 420 768 473 Nec
794 418 882 472 his
921 423 1138 485 tamen,
1170 420 1215 473 si
1247 424 1539 490 rogarent,
1570 436 1803 474 conces-

205 528 384 566 surum
432 527 486 565 se
532 513 676 566 Deus
717 511 874 566 dixit.
903 513 1045 567 Cum
1090 514 1375 584 propheta
1408 513 1656 567 Ezechiel
1697 529 1803 585 pro

201 604 386 660 delicto
430 604 625 675 pepuli
670 605 1092 674 deprecaretur,
1146 609 1331 669 Terra,
1386 606 1599 677 inquit,
1657 622 1802 676 quae-

200 713 392 767 cunque
411 701 710 767 peccaverit
740 698 875 753 mihi
915 704 979 752 ut
1006 699 1292 769 delinquat
1316 700 1588 763 delictum,
1618 705 1802 755 arten-

200 793 314 846 dam
361 806 581 846 manum
620 807 794 847 meam
822 807 982 863 super
1021 808 1158 861 eam,
1215 797 1265 848 et
1301 795 1545 848 obteram
1589 794 1801 848 stabili-

197 889 420 940 mentum
432 888 598 955 panis
617 890 668 940 et
686 888 975 942 immittam
1002 889 1062 941 in
1089 902 1206 941 eam
1227 888 1447 954 famem,
1476 892 1525 942 et
1551 890 1805 954 auferam

196 980 255 1033 ab
282 994 342 1032 ea
371 980 633 1033 hominem
666 985 714 1033 et
735 994 949 1049 pecora.
979 983 1048 1035 Et
1072 982 1121 1035 si
1141 982 1355 1047 fuerint
1390 986 1496 1035 tres
1524 983 1634 1035 viri
1659 982 1716 1034 hi
1742 983 1803 1035 in

194 1071 349 1126 medio
385 1071 518 1139 eius,
559 1075 687 1133 Noe,
718 1074 914 1127 Daniel
967 1078 1018 1127 et
1044 1073 1160 1134 Job,
1189 1088 1297 1127 non
1333 1074 1642 1128 liberabunt
1665 1075 1803 1142 ﬁlios

194 1179 347 1233 neque
390 1165 556 1233 ﬁlias,
602 1167 712 1233 ipsi
748 1166 854 1219 soli
877 1166 1019 1219 salvi
1062 1171 1222 1220 erunt
1266 1165 1500 1236 (Ezech.,
1542 1183 1657 1233 xiv,
1693 1170 1797 1236 13).

190 1255 389 1311 Adeo"
423 1273 540 1311 non
578 1273 747 1312 omne
784 1258 941 1329 quod
986 1258 1201 1328 petitur
1246 1258 1304 1312 in
1350 1260 1676 1330 praejudicio
1703 1276 1797 1330 pe-

193 1349 348 1403 tentis
369 1350 417 1383 ⁷⁸
463 1350 557 1405 sed
584 1350 645 1405 in
672 1350 861 1405 dantis
888 1351 1124 1407 arbitrio
1177 1357 1262 1407 est
1291 1370 1304 1420 ;
1341 1368 1443 1407 nec
1487 1353 1800 1424 quidquam

191 1441 281 1496 sibi
307 1449 536 1513 usurpat
564 1449 621 1497 et
651 1444 895 1499 vindicat
922 1446 1175 1501 humana
1226 1446 1529 1516 sententia,
1563 1446 1670 1501 nisi
1695 1463 1798 1501 an-

196 1539 319 1589 nuat
343 1540 399 1591 et
424 1551 669 1591 censura
697 1538 909 1592 divina.

250 1628 345 1681 XX.
399 1629 461 1682 In
523 1630 830 1701 Evangelio
893 1632 1165 1687 Dominus
1226 1633 1481 1703 loquitur
1540 1633 1734 1689 dicens
1782 1651 1795 1688 :

194 1722 283 1786 Qui
326 1723 603 1787 confessus
655 1740 738 1778 me
794 1726 967 1791 fuerit
1031 1741 1210 1780 coram
1274 1701 1681 1795 hominibus”,
1750 1701 1876 1782 etB

194 1830 272 1884 ego
295 1816 579 1883 conﬁtebor
602 1831 720 1871 eum
763 1833 942 1873 coram
981 1821 1145 1874 Patre
1174 1835 1283 1874 meo
1319 1822 1415 1889 qui
1442 1823 1501 1873 in
1528 1821 1671 1875 cretis
1698 1826 1795 1876 est.

192 1909 282 1973 Qui
312 1914 490 1963 autem
546 1924 629 1963 me
662 1913 959 1980 negaverit,
1001 1917 1051 1966 et
1092 1928 1184 1980 ego
1224 1914 1429 1983 negabo
1473 1929 1593 1968 eum
1620 1915 1794 1985 (Luc.,

192 2017 272 2067 xu,
299 2002 371 2072 8).
401 2003 456 2058 Si
500 2009 809 2073 negantem
837 2021 953 2059 non
996 2011 1187 2076 negat,
1220 2022 1327 2060 nec
1354 2007 1718 2062 conﬁtentem
1751 2008 1799 2042 ⁸ο

191 2095 494 2150 confitetur.
540 2098 658 2151 Non
702 2102 891 2169 potest
918 2099 1287 2171 Evangelium
1326 2099 1384 2154 in
1412 2106 1569 2171 parte
1610 2101 1795 2155 consi-

192 2193 324 2243 stere
363 2193 421 2244 et
463 2191 524 2244 in
563 2197 722 2263 parte
773 2198 976 2247 nutare
1024 2209 1037 2246 ε
1091 2198 1192 2247 aut
1231 2198 1536 2263 utrumque
1576 2198 1799 2265 oportet

192 2283 373 2349 valeat,
412 2289 513 2338 aut
538 2287 846 2356 utrumque
872 2285 989 2339 vim
1016 2286 1270 2340 veritatis
1298 2284 1491 2359 483
1522 2287 1747 2342 amittat
1780 2304 1793 2341 :

191 2376 228 2428 si
255 2383 529 2447 negantes
559 2377 639 2433 rei
667 2377 923 2432 criminis
959 2394 1071 2432 non
1104 2385 1295 2447 erunt,
1325 2395 1431 2436 nec
1458 2381 1798 2435 conﬁtentes

193 2472 470 2537 praemium
532 2470 755 2525 virtutis
804 2471 1111 2542 accipient.
1159 2474 1353 2540 Porro,
1389 2472 1434 2526 si
1481 2473 1621 2527 fides
1670 2490 1797 2544 quae

192 2562 371 2615 vicerit
392 2569 722 2630 coronatur,
756 2580 990 2619 necesse
1032 2569 1117 2619 est
1156 2571 1219 2620 ut
1251 2563 1391 2619 victa
1433 2565 1670 2636 perfidia
1699 2584 1796 2637 pu-

191 2655 375 2709 niatur.
420 2658 503 2711 Ita
548 2663 849 2727 martyres,
882 2664 982 2712 aut
1020 2658 1163 2712 nihil
1195 2664 1435 2729 possunt
1459 2659 1505 2712 si
1531 2662 1794 2730 Evange-

190 2747 309 2802 lium
355 2750 495 2804 solvi
534 2756 740 2820 potest,
790 2754 889 2805 aut
922 2751 966 2804 si
1018 2752 1394 2821 Evangelium
1446 2769 1560 2807 non
1608 2758 1797 2823 potest

192 2842 305 2897 solvi
326 2844 391 2910 ⁸⁸,
419 2846 620 2897 contra
649 2843 1015 2915 Evangelium
1040 2844 1231 2900 facere
1262 2862 1376 2901 non
1418 2853 1655 2917 possunt
1698 2847 1797 2918 qui

192 2934 250 2988 de
276 2936 581 3005 Evangelio
622 2940 899 3008 martyres
938 2938 1103 2991 ﬁunt.
1148 2938 1345 3008 Nemo,
1387 2940 1592 2993 fratres
1632 2939 1796 2994 dilec-

3426 215 3528 269 498

3058 352 3069 390 :
3117 342 3168 391 et
3206 336 3529 407 superducta

1903 437 2065 490 super
2111 437 2196 477 eos
2237 426 2378 477 iram
2422 428 2772 481 animationis
2812 442 2923 482 suae
2953 430 3104 497 (Isa..
3151 445 3277 499 xm,
3319 429 3431 499 24).
3462 430 3529 483 Et

1905 513 2040 568 alibi
2081 518 2320 569 testatur
2357 532 2421 571 ac
2460 518 2596 572 dicit
2627 537 2641 573 :
2674 521 2953 589 Numquid
2992 537 3100 575 non
3138 523 3283 576 valet
3329 538 3526 576 manus

1904 609 2002 662 Dei
2026 612 2087 662 ut
2115 610 2292 664 salvos
2316 612 2511 677 faciat,
2540 618 2638 665 aut
2682 616 2935 681 gravavit
2959 629 3146 668 aurem
3188 619 3249 668 ut
3272 630 3381 669 non
3425 630 3522 669 ea:-

1904 702 2147 756 audiat?
2171 702 2278 758 Sed
2320 710 2543 772 peccata
2572 709 2751 760 vestra
2787 708 2932 759 inter
2972 721 3064 760 vos
3090 713 3140 760 et
3178 710 3346 761 Deum
3369 723 3522 776 sepa-

1903 801 2054 861 rant,
2100 801 2151 849 et
2188 802 2414 866 propter
2442 796 2643 851 delicta
2669 804 2852 853 vestra
2882 801 3078 853 avertit
3097 801 3291 866 faciem
3317 817 3349 853 a
3378 802 3527 855 vobis

1905 904 1971 942 ne
1998 890 2315 943 misereatur
2358 890 2517 960 (Isa.,
2564 906 2668 957 ιιι,
2721 891 2791 959 1).
2844 891 3051 946 Delicta
3098 892 3283 962 potius
3330 896 3525 946 nostra

1903 984 2256 1052 reputemus,
2290 988 2445 1037 actus
2476 989 2700 1038 nostros
2729 986 2786 1037 et
2813 985 2859 1018 3‘
2900 984 3075 1038 animi
3095 988 3312 1039 secreta
3353 986 3529 1039 revol-

1902 1080 2120 1142 ventes,
2149 1074 2507 1130 conscientiae
2538 1077 2741 1131 merita
2771 1077 3179 1148 ponderemus.
3215 1076 3427 1133 Redeat
3470 1078 3526 1132 in

1902 1183 1998 1222 cor
2041 1172 2299 1222 nostrum
2344 1184 2458 1222 non
2502 1169 2819 1225 ambulasse
2849 1186 2951 1223 nos
2994 1171 3054 1224 in
3082 1169 3184 1223 viis
3213 1169 3439 1225 Domini
3467 1174 3525 1225 et

1904 1260 2173 1330 abjecisse
2204 1262 2390 1332 legem
2430 1262 2549 1329 Dei,
2582 1266 2861 1333 praecepta
2898 1264 3016 1333 ejus
3051 1266 3108 1317 et
3140 1264 3352 1318 monita
3379 1264 3525 1318 salu-

1903 1353 2044 1408 taria
2067 1369 2355 1424 nunquam
2376 1370 2598 1409 servare
2620 1355 2881 1410 voluisse.

1971 1446 2120 1500 XXII.
2169 1446 2317 1511 Quid
2363 1447 2433 1503 de
2478 1464 2543 1501 eo
2586 1448 2722 1503 boni
2762 1448 2988 1517 sentias,
3027 1466 3202 1521 quem
3255 1449 3519 1504 timorem

1900 1539 2073 1594 fuisse
2087 1540 2237 1611 apud
2256 1557 2408 1608 eum,
2426 1558 2595 1612 quam
2619 1542 2787 1596 ﬁdem
2807 1543 3019 1611 credas,
3040 1559 3210 1614 quem
3232 1543 3519 1615 corrigere

1900 1649 2006 1687 nec
2036 1637 2220 1690 metus
2249 1634 2451 1705 potuit,
2482 1652 2653 1706 quem
2683 1636 3000 1706 persecutio
3044 1637 3164 1707 ipsa
3204 1653 3317 1691 non
3347 1638 3522 1692 refor-

1901 1728 2120 1781 mavit?
2146 1728 2267 1781 Alta
2292 1734 2347 1782 et
2374 1732 2566 1783 erecta
2597 1728 2780 1784 cervix
2810 1746 2911 1784 nec
2936 1729 3064 1800 quia
3090 1722 3291 1784 cecidit
3316 1730 3522 1784 inﬂexa

1900 1826 2003 1875 est.
2044 1822 2295 1875 Tumens
2338 1822 2563 1876 animus
2612 1828 2668 1877 et
2714 1823 2992 1894 superbus
3021 1840 3127 1877 nec
3169 1823 3301 1894 quia
3345 1824 3521 1876 victus

1900 1921 1983 1969 est
2013 1914 2204 1988 484
2233 1915 2444 1969 fractus
2479 1921 2581 1970 est.
2621 1919 2818 1970 Jacens
2860 1917 3137 1971 stantibus
3189 1921 3244 1970 et
3277 1916 3517 1987 integris

1898 2009 2228 2062 vulneratus
2268 2009 2541 2077 miratur;
2586 2014 2641 2063 et
2685 2010 2834 2080 quod
2891 2026 3004 2063 non
3049 2009 3240 2064 statim
3290 2009 3521 2063 Domini

1900 2118 2102 2172 corpus
2126 2102 2440 2173 inquinatis
2468 2102 2730 2156 manibus
2759 2104 3017 2173 accipiat,
3051 2107 3148 2157 aut
3177 2119 3274 2157 ore
3296 2103 3518 2173 polluto

1898 2195 2118 2250 Domini
2163 2196 2499 2265 sanguinem
2543 2195 2721 2264 bibat,
2763 2196 3145 2250 sacerdotibus
3194 2195 3510 2267 sacrilegus

1900 2283 2177 2338 irascitur.
2230 2288 2446 2354 Atque,
2512 2300 2546 2337 o
2608 2288 2765 2338 tuam
2796 2285 2842 2318 ⁸⁵
2918 2284 3192 2352 nimiam,
3274 2285 3519 2351 furiose,

1900 2376 2285 2432 dementiam!
2326 2376 2582 2431 irasceris
2622 2377 2675 2431 ei
2714 2378 2810 2448 qui
2848 2377 2945 2432 abs
2985 2382 3042 2431 te
3073 2384 3332 2433 avertere
3377 2378 3519 2432 iram

1900 2471 1999 2523 Dei
2029 2470 2261 2537 nititur;
2288 2469 2340 2524 ei
2363 2472 2410 2505 ⁸⁵
2440 2470 2673 2524 minaris
2700 2470 2798 2541 qui
2823 2487 2929 2541 pro
2967 2474 3020 2524 te
3054 2471 3275 2525 Domini
3302 2472 3520 2526 miseri-

1898 2563 2153 2618 cordiam
2195 2564 2554 2634 deprecatur,
2604 2564 2702 2634 qui
2728 2564 2931 2618 vulnus
2961 2570 3118 2618 tuum
3168 2564 3339 2619 sentit
3364 2565 3522 2636 quod

1896 2658 2016 2727 ipse
2044 2673 2156 2711 non
2201 2656 2396 2724 sentis,
2442 2657 2537 2727 qui
2581 2673 2685 2727 pro
2719 2663 2772 2711 te
2816 2657 3095 2728 lacrymas
3123 2657 3329 2726 fundit,
3380 2674 3521 2729 quas

1896 2750 2135 2804 forsitan
2173 2750 2293 2820 ipse
2335 2766 2448 2803 non
2486 2750 2694 2804 fundis.
2734 2750 2945 2805 Oneras
2983 2751 3167 2804 adhuc
3217 2750 3434 2805 crimen
3464 2756 3524 2806 et

1897 2843 2151 2898 cumules
2174 2860 2185 2895 :
2216 2849 2272 2896 et
2298 2858 2429 2896 cum
2452 2842 2527 2896 sis
2555 2842 2671 2913 ipse
2687 2842 3053 2913 implacabilis
3079 2844 3123 2877 ⁸⁷
3153 2843 3223 2897 ad
3236 2842 3521 2899 antistites

1898 2942 1955 2991 et
1995 2936 2309 2990 sacerdotes
2348 2935 2461 3004 Dei,
2495 2939 2673 3005 'putas
2718 2935 2864 2990 circa
2914 2939 2968 2992 te
3014 2937 3321 2991 Dominum
3351 2954 3516 3008 pesse

191 3027 368 3083 tissimi
395 3030 535 3100 (73),
563 3045 733 3085 nemo
759 3029 995 3085 infamet
1014 3033 1331 3103 martyrum
1354 3032 1699 3103 dignitatem
1724 3034 1792 3101 ⁸2,
1816 3055 1870 3128 C
1896 3030 2106 3102 placari
2129 3031 2155 3084 Τ

191 3137 341 3175 nemo
383 3139 586 3177 eorum
644 3124 850 3194 glorias
892 3125 1145 3179 destruat
1190 3128 1247 3179 et
1296 3141 1551 3180 coronas.
1610 3127 1797 3180 Manet

192 3214 515 3287 incorruptae
541 3215 671 3271 ﬁdei
691 3216 866 3271 robur
886 3216 1206 3287 incolume;
1235 3235 1341 3273 nec
1370 3218 1556 3274 dicere
1578 3219 1793 3290 aliquid

190 3313 271 3361 aut
294 3309 475 3364 facere
507 3313 705 3365 contra
731 3310 1016 3364 Christum
1049 3316 1254 3381 potest,
1293 3311 1453 3381 cujus
1494 3315 1551 3365 et
1578 3329 1706 3383 spes
1738 3316 1795 3367 et

190 3401 309 3456 ﬁdes
332 3410 386 3457 et
425 3406 608 3458 virtus
650 3406 706 3457 et
735 3403 911 3473 gloria
941 3404 1125 3458 omnis
1155 3404 1211 3458 in
1243 3405 1465 3459 Christo
1496 3411 1602 3460 est.
1629 3407 1696 3460 Ut
1724 3406 1792 3459 ab

191 3496 440 3567 episcopis
479 3502 681 3551 contra
727 3497 1066 3552 mandatum
1096 3499 1195 3553 Dei
1237 3498 1352 3567 ﬁat,
1382 3504 1639 3554 auctores
1670 3516 1792 3553 esse

190 3602 287 3643 non
309 3596 543 3660 possunt
563 3590 660 3661 qui
682 3590 787 3661 ipsi
813 3592 911 3645 Dei
932 3590 1203 3645 mandata
1234 3592 1507 3646 fecerunt.
1539 3596 1623 3647 An
1645 3593 1793 3663 quis-

193 3696 341 3750 quam
362 3684 550 3754 major
567 3685 681 3737 Deo
698 3687 799 3737 aut
828 3684 1015 3738 divina
1041 3681 1671 3753 bonitate’clcmentior,
1696 3687 1794 3757 qui

193 3779 274 3829 aut
309 3776 581 3831 infectum
607 3777 741 3831 velit
779 3778 929 3848 quod
961 3794 1158 3848 passus
1200 3784 1286 3833 est
1326 3779 1475 3833 Deus
1504 3780 1648 3848 ﬁeri,
1694 3785 1792 3833 aut

192 3868 417 3937 quasiilli
438 3870 630 3925 minus
649 3870 943 3941 potestatis
964 3871 1035 3925 ad
1056 3872 1464 3942 protegendam
1489 3873 1791 3927 Ecclesiam

193 3974 329 4015 suam
354 3962 547 4030 fuerit,
583 3963 791 4018 auxilio
817 3980 923 4018 nos
949 3980 1049 4018 suo
1075 3968 1235 4034 putet
1265 3981 1428 4035 posse
1460 3966 1722 4020 servari?

250 4056 363 4110 XXI.
407 4058 523 4111 Nisi
564 4057 610 4110 si
637 4057 757 4110 haec
796 4057 999 4127 ignaro
1042 4057 1156 4111 Deo
1189 4061 1342 4127 gesta
1369 4063 1521 4126 sunt,
1552 4065 1648 4112 aut
1675 4076 1791 4114 non

192 4149 529 4216 permittente
560 4150 607 4183 ⁸³
644 4150 739 4203 illo
778 4150 975 4204 omnia
1017 4150 1127 4203 ista
1171 4153 1470 4219 venerunt,
1519 4167 1651 4206 cum
1692 4152 1794 4206 do-

190 4245 295 4293 ceat
320 4242 595 4296 indociles
641 4248 697 4297 et
733 4241 1039 4297 admoneat
1089 4243 1453 4298 immemores
1500 4243 1793 4315 Scriptura

195 4330 383 4400 divina,
407 4351 536 4407 qua:
574 4336 827 4406 loquitur
848 4336 1042 4390 dicens
1071 4356 1082 4391 :
1109 4338 1238 4404 Quis
1264 4338 1414 4392 dedit
1442 4341 1500 4392 in
1528 4339 1789 4409 direptio-

1966 3124 2142 3178 XXIII.
2189 3122 2389 3195 Accipe
2431 3122 2618 3193 potius
2648 3126 2706 3176 et
2749 3122 2988 3177 admitte
3028 3139 3156 3194 qua:
3200 3123 3510 3194 loquimur.

1894 3218 2036 3282 Quid
2075 3217 2261 3271 surdae
2290 3232 2457 3271 aures
2492 3217 2759 3271 salutaria
2793 3222 3082 3287 praecepta
3119 3233 3234 3271 non
3275 3216 3519 3271 audiunt

1896 3328 2022 3383 qua:
2076 3311 2416 3364 monemus?
2458 3309 2594 3380 quid
2646 3310 2775 3364 cmci
2819 3310 2965 3363 oculi
3011 3309 3363 3380 poenitentiae
3409 3310 3518 3364 iter

1893 3422 2006 3460 non
2051 3404 2246 3459 vident
2286 3404 2435 3475 quod
2484 3404 2884 3457 ostendimus?
2928 3404 3067 3474 quid
3101 3405 3359 3475 perculsa
3381 3405 3427 3439 ⁸⁸
3460 3412 3518 3460 et

1894 3500 2138 3553 alienata
2164 3514 2321 3552 mens
2350 3496 2604 3551 remedia
2633 3496 2824 3549 vitalia
2852 3513 2965 3550 non
3001 3498 3243 3569 percipit
3289 3514 3416 3569 qum
3445 3497 3515 3554 de

1894 3591 2195 3661 Scripturis
2227 3591 2543 3645 coelestibus
2574 3594 2630 3643 et
2656 3588 2925 3642 discimus
2966 3596 3024 3643 et
3056 3591 3367 3645 docemus?
3407 3596 3517 3646 Aut

1894 3684 1939 3738 si
1971 3683 2277 3738 incredulis
2303 3681 2646 3755 quibusdam
2670 3681 2863 3735 minor
2890 3681 3031 3736 ﬁdes
3057 3685 3140 3737 est
3167 3682 3511 3751 futurorum,

1892 3780 1981 3833 vel
2010 3777 2386 3848 przesentibus
2433 3780 2769 3832 terreantur.
2804 3776 2944 3830 Ecce
2970 3792 3171 3831 eorum
3210 3778 3310 3848 qui
3333 3794 3513 3849 nega-

1892 3873 2098 3925 verunt
2110 3886 2237 3939 quas
2258 3886 2318 3923 su
2328 3869 2535 3940 pplicia
2545 3868 2947 3941 conspicimus,
2964 3884 3105 3938 quos
3118 3885 3318 3924 eorum
3333 3870 3518 3925 tristes

1895 3964 2080 4018 exitus
2106 3962 2308 4016 ﬂemus
2329 3962 2435 4033 (74)
2456 3961 2483 4015 ?
2512 3962 2620 4016 Nec
2649 3962 2741 4015 hic
2759 3978 2880 4015 esse
2911 3960 3030 4015 sine
3057 3978 3229 4032 poena
3254 3969 3513 4033 possunt,

1893 4055 2152 4128 quamvis
2176 4054 2418 4109 necdum
2443 4054 2560 4108 dies
2583 4055 2802 4109 venerit
2820 4070 3003 4124 poenae
3026 4054 3157 4124 (75).
3181 4056 3515 4110 Plectuntur

1894 4148 2129 4203 interim
2155 4149 2201 4183 39
2245 4148 2505 4219 quidam,
2554 4163 2669 4218 quo
2727 4148 2915 4201 caeteri
2964 4147 3326 4219 corrigantur
3380 4150 3513 4220 (76).

1893 4242 2169 4313 Exempla
2195 4248 2327 4296 sunt
2352 4242 2609 4295 omnium
2648 4246 2931 4295 tormenta
2962 4257 3299 4312 paucorum.

1964 4337 2138 4392 XXIV.
2180 4337 2331 4389 Unus
2374 4352 2441 4389 ex
2485 4335 2572 4389 his
2613 4334 2709 4405 qui
2737 4337 2937 4404 sponte
2967 4336 3312 4406 Capitolium
3345 4354 3514 4407 nega-

195 4442 293 4480 nem
314 4430 470 4484 Iacob
498 4438 549 4484 et
581 4430 751 4484 Israel
773 4432 841 4485 iis
871 4432 969 4498 qui
992 4431 1387 4500 praedabantur
1414 4432 1613 4486 illum?
1639 4436 1787 4488 Non-
1810 4416 1869 4486 D
1893 4434 2053 4484 turus
2084 4428 2355 4494 ascendit,
2387 4433 2690 4498 postquam
2728 4427 3019 4483 Christum
3045 4430 3279 4500 negavit
3316 4430 3516 4485 obmu-

194 4533 247 4573 ne
282 4523 429 4592 Deus,
461 4525 554 4577 cui
592 4526 1000 4593 peccaverunt?
1036 4527 1105 4579 Et
1135 4525 1423 4580 noluerunt
1465 4527 1524 4579 in
1548 4528 1651 4580 viis
1677 4526 1787 4595 ejus
1889 4524 2018 4578 tuit.
2062 4525 2234 4578 Pmna
2275 4522 2404 4576 inde
2447 4521 2618 4591 coepit
2661 4520 2812 4575 unde
2848 4520 3018 4591 coepit
3065 4525 3122 4576 et
3156 4521 3411 4591 crimen;
3454 4526 3514 4577 ut

1538 4675 1741 4740 Variae
1794 4676 2132 4740 lectiones.

243 4810 278 4882 τ’
301 4817 344 4865 Α
368 4817 482 4865 Deo
518 4818 649 4865 Voss.
679 4818 727 4866 2.
793 4815 836 4849 ⁷⁸
859 4817 920 4866 In
952 4831 1143 4880 preces
1166 4818 1376 4882 judicio
1411 4821 1650 4882 potentis
1696 4822 1827 4870 Voss.
1858 4823 1903 4871 1.
1971 4820 2013 4853 79
2038 4818 2237 4871 Coram
2280 4818 2595 4868 hominibus
2627 4816 2753 4867 Bod.
2793 4818 2837 4866 4.
2904 4815 2947 4850 ³ο
2988 4815 3358 4867 Conﬁtentem
3400 4830 3511 4867 non

194 4881 283 4956 NG:
304 4887 355 4934 4.
382 4888 489 4936 Lin.
556 4886 596 4921 ⁸⁸
623 4888 679 4937 Si
714 4887 1077 4952 Evangelium
1102 4881 1240 4939 solvi
1267 4881 1461 4954 potest,
1494 4895 1587 4941 aut
1615 4892 1662 4941 si
1683 4906 1792 4942 non
1820 4895 1998 4956 potest
2022 4892 2159 4941 solvi
2191 4894 2382 4941 contra
2408 4890 2515 4937 Lin.
2547 4890 2682 4937 Lam.
2708 4887 2815 4937 ΝΟ.
2852 4888 2895 4948 1,
2923 4887 2971 4936 2.
3004 4889 3140 4936 Pem.
3179 4886 3332 4936 Ebor.
3376 4887 3510 4935 Voss.

195 4953 231 5025 1.
255 4954 367 5025 Bod.
407 4959 449 5017 t,
474 4956 525 5017 2,
559 4958 606 5018 3,
636 4960 682 5007 4.
752 4958 793 4992 ⁸³
823 4960 997 5009 Nemo
1027 4960 1172 5011 hanc
1196 4962 1426 5025 gloriam
1455 4963 1675 5013 mutilet
1726 4953 1847 5012 Bari.
1878 4963 1923 5013 3.
1996 4960 2035 4994 ⁸³
2062 4964 2176 5011 Aut
2202 4960 2571 5023 permittente.
2597 4958 2705 5007 Lin.
2775 4956 2816 4990 3‘
2846 4958 3020 5006 Actus
3044 4957 3216 5006 nostri
3243 4957 3366 5005 Bod.
3393 4959 3440 5019 1,
3462 4956 3511 5007 2.

194 5023 232 5094 ξ.
288 5024 324 5059 ⁸⁵
348 5025 429 5077 Ob
458 5032 609 5077 tuam
640 5028 763 5077 Bod.
792 5030 837 5088 1,
867 5028 915 5090 2,
952 5030 997 5079 3.
1036 5030 1167 5077 Voss.
1198 5023 1244 5080 Ξ.
1312 5031 1355 5065 ⁸⁸
1385 5032 1587 5082 Nititur
1617 5037 1671 5085 et
1699 5034 1823 5083 Bod.
1863 5036 1909 5094 1,
1932 5034 1980 5094 2,
2009 5033 2054 5082 3.
2124 5032 2166 5064 ⁸⁷
2198 5029 2567 5093 Implacabilis
2605 5029 2855 5080 irasceris
2890 5028 3045 5078 Oxon.
3075 5028 3161 5078 Ad
3198 5028 3513 5080 sacerdotes

193 5092 277 5144 Dei
296 5096 552 5159 irasceris,
578 5102 628 5149 et
656 5099 766 5148 Lin.
805 5099 937 5149 Voss.
1005 5096 1047 5133 δε
1076 5099 1348 5151 Ρινωειιιεδ
1385 5103 1517 5151 Pem.
1558 5104 1693 5154 Voss.
1720 5107 1767 5155 I.
1793 5092 1903 5154 Nc.
1928 5092 1977 5153 2.
2006 5102 2128 5153 Bod.
2162 5103 2209 5152 2.
2274 5092 2317 5135 θ’
2349 5101 2406 5149 In
2439 5103 2581 5151 terra
2607 5101 2716 5150 NC.
2746 5100 2794 5149 2.

1453 5244 1678 5327 Steph.
1728 5244 1969 5309 Baluzii
2012 5250 2207 5308 notae.

246 5373 333 5435 (73)
376 5376 723 5429 Ditectissimi.
764 5379 900 5430 Tres
946 5378 1070 5429 libri
1120 5383 1378 5431 veteres:
1430 5383 1610 5444 Nemo,
1659 5381 1785 5444 fra-

1943 5383 2048 5445 (75)
2098 5384 2215 5432 Dies
2262 5381 2461 5431 venerit
2500 5393 2681 5444 paenae.
2727 5377 2918 5431 Codex
2960 5378 3376 5444 Seguierianus,
3411 5382 3510 5443 ju-

201 5444 283 5516 tres
319 5445 651 5511 dilectissimi,
704 5463 851 5499 nemo
896 5450 1032 5500 hanc
1086 5449 1314 5515 gloriam
1368 5451 1572 5501 mutilet
1618 5463 1786 5516 neque
1882 5444 2008 5504 dieii
2032 5444 2140 5503 dies
2168 5452 2390 5502 venerit.

203 5513 597 5643 'ngzetﬁtemus.
648 5589 839 5641 Codex
894 5592 1284 5656 Burgundicus
1340 5593 1492 5644 addit
1549 5598 1596 5643 et
1645 5593 1785 5643 dole-

1946 5525 2041 5584 (76)
2093 5524 2467 5586 Corrigantur.
2516 5521 2606 5572 Sic
2646 5521 2910 5571 Erasmus
2959 5524 3014 5571 et
3056 5520 3151 5572 alii
3200 5524 3325 5585 post
3360 5533 3508 5570 eum.

1885 5595 2025 5658 Quae
2063 5594 2227 5644 lectio
2264 5607 2396 5644 sane
2436 5593 2579 5644 bona
2620 5597 2719 5642 est.
2768 5592 2836 5641 Et
2870 5591 3348 5653 tamenantiqum
3390 5588 3510 5638 edi-

205 5666 307 5702 mus.
330 5657 417 5707 Sic
443 5660 604 5709 etiam
630 5661 686 5710 in
713 5661 980 5711 Vaticano
1008 5664 1276 5726 scriptum
1313 5677 1433 5715 esse
1462 5666 1653 5719 inveni
1679 5665 1782 5715 ad-
1884 5657 2063 5716 tiones
2090 5668 2141 5714 et
2162 5664 2426 5717 tredecim
2450 5664 2575 5716 libri
2602 5664 2775 5714 nostri
2804 5664 3052 5727 itemque
3082 5666 3197 5716 tres
3222 5659 3514 5723 Anglicani

205 5730 422 5780 notatum
448 5730 506 5781 in
530 5730 769 5784 editione
798 5731 1119 5799 Anglicana.

1883 5737 2186 5803 praeferunt
2208 5735 2527 5804 dirigantur.
