3978 6194
373 5989 390 6008 γ

437 250 540 304 499

1332 250 1388 305 S.
1430 251 1742 306 CYPRIANI
1779 249 2055 306 OPERUM
2096 249 2265 304 PARS
2307 248 2368 302 ll.
2404 276 2469 286 —
2508 248 2876 302 OPUSCULA.

3691 252 3784 303 500

441 393 548 432 nec
595 393 792 448 rogare
815 379 937 446 jam
985 381 1173 446 posset
1202 377 1298 446 qui
1343 377 1514 430 verba
1556 377 1624 430 ad
1668 392 1904 447 precum
1949 375 2057 444 (77)
2083 377 2374 458 Atortore
2419 378 2678 443 cogente,
2730 373 2934 443 quibus
2961 377 3183 442 poterat
3233 371 3450 426 indiciis
3495 373 3767 428 conscien-

442 470 885 525 misericordiam
927 487 1041 522 non
1083 470 1333 523 haberet.
1378 470 1501 523 Alia
1527 470 1584 522 in
1619 470 1834 523 balneis
1863 469 2065 522 consti—

444 569 564 617 tuta
613 565 741 633 (hoc
781 563 930 616 enim
965 561 1189 616 crimini
1231 563 1352 631 ejus
1385 569 1442 615 et
1473 563 1634 615 malis
1679 564 1874 616 deerat
1900 564 1968 628 9°,
1995 565 2060 615 ut

444 663 499 711 et
527 658 596 710 ad
644 657 876 709 balneas
912 656 1102 710 statim
1149 659 1417 724 pergeret
1464 672 1592 726 quae
1643 657 1846 708 lavacri
1888 655 2067 709 vitalis

442 745 686 813 gratiam
716 744 1093 814 perdidisset),
1127 744 1239 798 illic
1284 745 1353 798 ab
1399 745 1698 798 immundo
1727 745 1929 815 spiritu
1961 744 2065 797 im-

446 840 659 892 munda
704 842 998 908 correpta,
1043 837 1272 892 laniavit
1321 837 1428 906 (78)
1490 837 1758 891 dentibus
1805 838 2067 907 linguam

444 950 571 1003 quae
595 934 782 986 fuerat
814 933 898 985 vel
945 935 1106 1001 pasta
1154 932 1326 1001 impie
1375 933 1456 984 vel
1494 932 1698 984 locuta.
1757 933 2066 1001 Postquam

446 1026 750 1080 sceleratus
777 1024 931 1078 cibus
954 1029 1212 1094 sumptus
1231 1030 1334 1089 est,
1365 1024 1424 1077 in
1448 1023 1760 1092 perniciem
1794 1039 1952 1076 suam
1982 1039 2067 1076 ra-

443 1118 565 1172 bies
595 1118 707 1172 oris
738 1119 956 1172 armata
983 1122 1085 1171 est.
1118 1118 1245 1188 Ipsa
1274 1117 1359 1169 sui
1385 1116 1637 1171 carnifex
1669 1115 1920 1181 exstitit;
1967 1131 2068 1170 nec

449 1212 547 1266 diu
590 1227 884 1281 superesse
929 1209 1296 1280 postmodum
1349 1208 1574 1280 potuit:
1611 1207 1898 1262 doloribus
1942 1223 2068 1262 ven-

446 1305 551 1359 tris
577 1310 632 1358 et
661 1303 936 1358 viscerum
965 1303 1233 1369 cruciata,
1264 1301 1496 1356 defecit.

519 1403 666 1457 XXV.
720 1404 1002 1454 Praesente
1047 1415 1110 1454 ac
1153 1405 1294 1453 teste
1339 1415 1430 1453 me
1481 1401 1599 1469 ipso
1649 1400 1887 1469 accipite
1933 1399 2070 1470 quid

449 1495 718 1552 evenerit.
780 1497 1045 1548 Parentes
1091 1494 1235 1547 forte
1299 1493 1606 1562 fugientes,
1672 1492 1809 1545 dum
1863 1492 2070 1562 trepidi

448 1589 639 1643 minus
669 1589 773 1658 (79)
807 1587 1132 1652 consulunt,
1163 1587 1265 1640 sub
1309 1586 1546 1639 nutricis
1575 1585 1844 1638 alimento
1874 1601 2070 1654 parvu-

450 1684 560 1736 lam
589 1681 767 1735 ﬁliam
788 1680 1182 1751 reliquerunt;
1209 1678 1399 1752 485
1426 1679 1685 1733 relictam
1705 1679 1889 1732 nutrix
1913 1678 2072 1732 detu-

2165 467 2304 522 tiam
2332 467 2467 521 facti
2499 466 2556 520 in
2597 466 2951 536 simplicibus
2999 466 3181 520 adhuc
3211 467 3376 519 annis
3423 465 3576 520 rudis
3603 468 3783 521 anima

2169 561 2276 630 (82)
2313 561 2596 615 fatebatur
2626 558 2758 629 (83).
2791 559 2895 613 Ubi
2924 574 3056 614 vero
3085 559 3444 612 solemnibus
3473 558 3785 630 adimpletis

2167 654 2396 708 calicem
2439 653 2706 708 diaconus
2752 655 2870 723 (84)
2925 652 3129 706 offerre
3183 653 3555 722 praesentibus
3604 653 3781 722 coepit,

2168 751 2222 801 et
2253 747 2659 818 accipientibus
2707 746 2927 800 caeteris
2953 747 3108 800 locus
3135 746 3259 815 ejus
3297 745 3549 811 advenit,
3592 746 3783 800 faciem

2167 857 2330 895 suam
2360 841 2592 910 parvula
2631 840 2899 893 instinctu
2929 839 3136 892 divinae
3167 839 3487 909 majestatis
3515 845 3777 904 avertere,

2167 950 2228 986 os
2272 933 2434 987 labiis
2461 933 2860 987 obturantibus
2887 933 2997 1001 (85)
3046 948 3334 1002 premere,
3367 932 3602 986 calicem
3636 949 3781 987 recu-

2169 1043 2308 1081 sare.
2367 1025 2618 1080 Perstitit
2661 1029 2850 1080 tamen
2903 1025 3194 1093 diaconus,
3227 1029 3284 1079 et
3328 1025 3623 1079 reluctanti
3665 1026 3786 1079 licet

2170 1121 2242 1174 de
2290 1123 2652 1175 sacramento
2695 1119 2884 1173 calicis
2936 1119 3163 1174 infudit.
3215 1121 3370 1173 Tunc
3402 1119 3659 1189 sequitur
3686 1119 3785 1174 sin-

2169 1215 2360 1284 gultus
2405 1219 2460 1268 et
2500 1212 2767 1266 vomitus.
2825 1215 2885 1266 ln
2934 1228 3170 1283 corpore
3215 1217 3388 1283 atque
3436 1228 3536 1266 ore
3587 1213 3784 1267 violato

2171 1307 2521 1361 Eucharistia
2550 1321 2886 1376 permanere
2915 1322 3032 1360 non
3082 1307 3286 1376 potuit.
3317 1304 3703 1360 Sanctiﬁcatus
3733 1307 3783 1360 in

2173 1398 2363 1471 486
2385 1399 2611 1452 Domini
2640 1399 2917 1469 sanguine
2946 1405 3114 1469 potus
3135 1399 3206 1452 de
3229 1398 3460 1468 pollutis
3495 1398 3781 1453 visceribus

2172 1492 2376 1562 erupit.
2416 1493 2595 1546 Tanta
2625 1496 2709 1546 est
2747 1495 2998 1562 potestas
3027 1491 3274 1558 Domini,
3303 1497 3463 1545 tanta
3495 1491 3778 1560 majestas!

2174 1586 2402 1640 Secreta
2445 1585 2810 1639 tenebrarum
2857 1585 2960 1638 sub
3016 1585 3139 1654 ejus
3184 1585 3309 1639 luce
3355 1585 3602 1638 detectat
3649 1575 3784 1649 sunt,

2175 1678 2524 1732 sacerdotem
2554 1679 2646 1731 Dei
2672 1695 2776 1732 nec
2803 1679 3020 1732 occulta
3047 1679 3289 1732 crimina
3317 1678 3662 1732 fefellerunt.

448 1775 513 1830 lit
537 1775 606 1829 ad
657 1747 1036 1845 magistratus.
1084 1773 1165 1826 Illi
1212 1747 1470 1843 c—i,'apud
1504 1772 1720 1826 idolum
1763 1788 1873 1842 quo
1900 1747 2148 1842 popu—B
2246 1772 2416 1826 XXVI.
2450 1773 2562 1826 Hoc
2587 1771 2734 1825 circa
2786 1772 3062 1826 infantem
3109 1787 3236 1843 qua:
3273 1771 3348 1824 ad
3389 1770 3765 1842 eloquendum

453 1870 538 1922 lus
581 1866 927 1930 conﬂuebat,
974 1867 1123 1937 quod
1165 1882 1396 1919 carnem
1425 1865 1669 1918 necdum
1695 1869 1882 1934 posset
1907 1865 2074 1919 edere

453 1977 556 2032 per
583 1964 826 2027 (etatem,
857 1977 1067 2030 panem
1089 1975 1246 2013 mero
1279 1959 1384 2028 (80)
1419 1959 1672 2026 mistuin,
1700 1959 1849 2028 quod
1881 1963 2074 2012 tamen

453 2059 507 2107 et
550 2054 736 2124 ipsum
787 2053 856 2106 de
905 2053 1292 2106 immolatione
1336 2052 1697 2121 pereuntium
1755 2057 2069 2120 supererat,

453 2147 824 2201 tradiderunt.
858 2146 1092 2216 ltecepit
1121 2146 1291 2198 ﬁliam
1329 2144 1694 2214 postmodum
1728 2150 1932 2197 mater.
1966 2144 2075 2198 Sed

453 2241 667 2295 facinus
714 2240 902 2310 puclla
933 2239 1301 2292 commissum
1347 2242 1460 2291 tam
1509 2238 1665 2308 loqui
1718 2241 1774 2290 et
1826 2237 2074 2290 indicare

457 2350 569 2387 non
609 2333 814 2403 potuit,
858 2348 1030 2402 quam
1079 2347 1180 2384 nec
1211 2331 1531 2400 intelligere
1565 2330 1722 2400 prius
1751 2330 1939 2399 potuit
1970 2346 2077 2382 nec

459 2442 652 2480 arcere
685 2426 816 2496 (81).
852 2425 1211 2494 lgnoratione
1239 2424 1416 2494 igitur
1453 2424 1755 2492 obreptum
1802 2427 1886 2476 est
1912 2426 1974 2476 ut
2000 2440 2079 2476 sa-

461 2519 842 2572 criﬁcantibus
871 2518 1029 2571 nobis
1056 2534 1181 2571 eam
1222 2533 1414 2570 secum
1457 2522 1640 2569 mater
1686 2517 1937 2569 inferret.
1971 2517 2080 2570 Sed

459 2612 610 2665 enim
655 2611 841 2682 puella
886 2611 1051 2664 mista
1099 2627 1226 2663 cum
1274 2610 1501 2674 sanctis,
1549 2609 1728 2678 precis
1773 2614 1979 2662 nostrae
2027 2615 2082 2662 et

462 2705 737 2758 orationis
783 2703 1108 2773 impatiens,
1163 2719 1312 2756 nunc
1361 2703 1580 2772 ploratu
1628 2704 1876 2768 concuti,
1930 2719 2080 2756 nunc

463 2796 666 2850 mentis
711 2802 847 2850 aestu
893 2796 1062 2865 coepit
1103 2796 1511 2850 fluctuabuuda
1551 2796 1774 2864 jactari,
1824 2800 1879 2849 et
1931 2796 2081 2849 velut

2177 1865 2428 1919 alienum
2451 1864 2598 1918 circa
2626 1880 2684 1919 se
2711 1865 2930 1918 crimen
2957 1864 3206 1918 necdum
3225 1863 3430 1919 habuit
3458 1867 3696 1918 aetatem.
3727 1867 3789 1917 At

2178 1975 2310 2012 vero
2354 1975 2420 2013 ea
2446 1975 2595 2028 quae,
2621 1960 2786 2011 aetate
2837 1963 3101 2028 provecta
3127 1961 3183 2012 et
3212 1956 3269 2011 in
3301 1958 3472 2012 annis
3512 1957 3789 2011 adultiori-

2175 2052 2280 2106 bus
2323 2052 2646 2118 constituta,
2697 2051 3138 2105 sacriﬁcantibus
3188 2051 3356 2105 nobis
3405 2052 3514 2120 (86)
3563 2051 3789 2105 latenter

2178 2145 2449 2215 obrepsit,
2496 2161 2612 2199 non
2660 2144 2850 2198 cibum
2896 2145 2991 2197 sed
3026 2143 3281 2213 gladium
3312 2144 3420 2198 sibi
3461 2160 3704 2212 sumens,
3731 2149 3780 2197 et

2175 2239 2328 2292 velut
2365 2239 2628 2308 quaedam
2659 2254 2876 2291 venena
2906 2237 3141 2291 lethalia
3176 2238 3323 2291 intra
3354 2239 3468 2305 (87)
3529 2237 3712 2291 fauces
3739 2243 3788 2290 et

2179 2335 2373 2401 pectus
2402 2331 2712 2386 admittens
2738 2331 2872 2400 (88),
2917 2331 3051 2400 angi
3097 2336 3151 2384 et
3203 2330 3406 2384 anima
3455 2333 3787 2384 exaestuante

2180 2425 2438 2478 concludi
2469 2424 2834 2495 postmodum
2862 2424 3050 2493 coepit.
3087 2426 3150 2477 Et
3178 2440 3504 2493 pressuram
3536 2439 3644 2476 non
3669 2424 3782 2492 jam

2181 2517 2588 2587 persecutionis
2613 2517 2713 2571 sed
2747 2517 2935 2570 delicti
2965 2517 3048 2570 sui
3078 2533 3263 2587 passa,
3295 2516 3579 2586 palpitans
3606 2523 3657 2569 et
3683 2521 3784 2568 tre-

2183 2626 2342 2662 mens
2371 2609 2638 2664 concidit.
2686 2610 3039 2679 Impunitum
3070 2611 3163 2663 diu
3203 2625 3316 2662 non
3368 2609 3476 2662 fuit
3507 2625 3604 2661 nec
3625 2608 3786 2661 occul-

2179 2708 2300 2756 tum
2333 2703 2698 2756 dissimulatus
2740 2701 3101 2756 conscientiae
3143 2703 3386 2755 crimen.
3439 2703 3570 2764 Quae
3597 2700 3789 2754 fefelle-

2183 2801 2266 2849 rat
2285 2796 2601 2862 hominem,
2623 2797 2796 2851 Deum
2814 2795 2992 2849 sensit
3010 2795 3277 2849 ultorem.
3305 2795 3370 2848 Et
3393 2810 3522 2847 cum
3543 2792 3784 2863 quaedam

1849 2929 2058 2993 Variae
2100 2930 2438 2993 lectiones.

523 3013 564 3042 9°
594 3012 712 3062 Non
739 3011 924 3062 deerat
948 3011 1086 3059 Lam.
1120 3010 1272 3059 Ebor.
1310 3010 1413 3059 NC.
1449 3011 1492 3058 '1.

1762 3093 1985 3174 Steph.
2028 3094 2272 3157 Baluzii
2317 3099 2513 3157 notae.

543 3224 622 3306 77)
658 3223 891 3306 Rrecum.
927 3218 1077 3306 Istpd
1109 3231 1334 3282 quoque
1366 3223 1581 3306 mutare
1609 3221 1850 3306 oportuit
1873 3224 2095 3306 propter
2116 3235 2169 3306 Ο
2197 3219 2728 3306 edition‘esMalnu‘tii
2758 3226 2810 3270 et
2839 3221 3091 3306 ltforellii.
3122 3223 3356 3306 'Veteres
3393 3227 3447 3273 et
3471 3228 3600 3306 ‘octo
3628 3226 3789 3272 vetera

463 3294 851 3344 auctoritatem
934 3293 1181 3340 veterum
1249 3291 1647 3352 exemplarium
1719 3295 1772 3338 et
1839 3291 2095 3339 editionis

465 3363 760 3428 Spirensis.
805 3361 1070 3410 Erasmus
1114 3360 1326 3422 primus
1370 3362 1553 3422 posuit
1588 3361 1929 3422 precandum.
1980 3360 2091 3411 Sed

466 3448 567 3498 ego
592 3435 888 3484 lectionem
920 3431 1067 3479 illam
1101 3444 1209 3478 non
1242 3432 1416 3492 reperi
1444 3432 1549 3479 nisi
1599 3432 1653 3478 in
1690 3431 1881 3480 codice
1911 3432 2095 3480 Turo-

466 3507 642 3555 nensi.
694 3503 970 3553 Caeterum
1016 3515 1112 3563 pro
1142 3500 1554 3550 misericordiam
1605 3501 1884 3550 Fuxensis
1929 3501 2100 3550 habet

468 3575 736 3626 medelam.
1869 3619 1878 3630 _

537 3649 628 3709 (78)
678 3647 932 3708 Con-opta
975 3643 1220 3690 laniavit.
1267 3642 1531 3690 Erasmus
1587 3643 1804 3704 scripsit
1855 3648 2096 3704 correpta

469 3718 654 3769 cecidit
705 3716 952 3766 laniavit.
1010 3715 1078 3762 At
1127 3726 1321 3762 vocem
1371 3712 1551 3762 cecidit
1603 3714 1793 3762 nullus
1845 3718 2096 3763 veterum

470 3791 737 3840 librorum
770 3790 1086 3836 nostrorum
1126 3784 1396 3846 agnoscit,
1427 3784 1534 3832 nisi
1566 3784 1715 3847 quod
1743 3784 1852 3832 duo
1893 3799 1961 3832 ex
1990 3785 2099 3833 illis

471 3861 677 3911 habent
719 3857 960 3907 concidit.
996 3856 1114 3904 Non
1151 3859 1368 3904 exstare
1408 3855 1571 3904 etiam
1614 3855 1669 3902 in
1702 3855 2008 3904 Veronensi
2045 3859 2100 3904 et

471 3935 529 3984 in
559 3934 968 3986 Beneventano,
994 3929 1242 3989 itemque
1270 3927 1325 3974 in
1353 3925 1734 3987 Seguieriano,
1769 3926 1904 3975 mihi
1937 3940 2098 3975 com—

470 4008 686 4067 pertum
717 4004 815 4050 est.

533 4074 628 4135 (79)
692 4073 884 4122 Minus.
938 4068 1216 4118 Pamelius
1279 4071 1466 4129 postea
1517 4079 1708 4115 vocem
1761 4066 1858 4115 sibi
1919 4068 2100 4129 posuit

470 4160 535 4196 ex
568 4146 886 4194 oon'ectura
935 4138 1188 4199 Caucliii,
1227 4137 1404 4185 fassus
1449 4150 1568 4186 eam
1610 4149 1720 4184 non
1773 4137 1998 4198 reperiri
2043 4137 2098 4184 in

471 4215 594 4265 aliis
625 4211 1055 4274 exemplaribus.
1095 4209 1210 4271 Ego
1249 4219 1381 4256 sane
1420 4207 1675 4268 nuspiam
1723 4206 1875 4256 illam
1912 4208 2098 4257 inveni

473 4289 530 4337 in
562 4289 629 4337 iis
658 4286 863 4349 quibus
888 4296 1024 4332 usus
1054 4294 1196 4330 sum.

537 4357 632 4419 (80)
678 4357 872 4404 Panem
913 4366 1073 4402 mero.
1109 4351 1185 4399 Ita
1230 4361 1421 4398 omnes
1463 4349 1588 4399 libri
1637 4353 1856 4401 veteres
1897 4354 1950 4400 et
1983 4350 2100 4400 edi-

474 4429 676 4479 tiones.
723 4426 1051 4476 Pithmanus
1090 4427 1273 4472 tamen
1317 4421 1484 4471 habet
1530 4440 1557 4466 «
1595 4422 1800 4472 Panem
1843 4421 2103 4472 mordidit

471 4501 720 4548 mistum.
752 4515 780 4543 »

537 4571 638 4633 (81)
682 4572 890 4619 Arcera.
949 4566 1196 4628 Quatuor
1239 4564 1359 4612 libri
1405 4567 1617 4613 veteres
1669 4564 1967 4625 praeferunt
2013 4576 2100 4610 ca-

474 4655 608 4691 vare.
660 4640 723 4690 In
771 4652 882 4688 uno
930 4641 1114 4686 tamen
1158 4636 1423 4698 scriptum
1472 4638 1552 4684 est
1605 4646 1784 4682 arcera
1837 4637 1891 4682 et
1936 4647 2102 4695 supra

475 4715 681 4763 lineam
712 4711 793 4760 vel
822 4723 1020 4760 cavere.

534 4785 630 4846 (82)
677 4782 838 4832 Rudis
880 4782 1078 4831 anima.
1111 4781 1275 4838 Infra,
1323 4779 1379 4826 in
1429 4777 1568 4826 libro
1609 4776 1671 4825 de
1704 4777 1846 4825 Bono
1889 4776 2102 4824 Patien-

473 4858 561 4906 tiae
609 4872 626 4905 :
669 4872 695 4899 «ι
742 4855 963 4903 Ploratn
1012 4857 1066 4902 et
1109 4852 1317 4913 gemitu
1359 4849 1511 4898 rudis
1553 4849 1736 4896 anima
1785 4851 2032 4897 testatur.
2079 4865 2103 4889 »

477 4925 857 4977 Tertullianns
904 4926 959 4973 in
999 4922 1328 4986 Apologetico
1365 4936 1380 4966 .·
1422 4937 1448 4964 (ι
1487 4919 1816 4981 Fugientem
1861 4918 2103 4966 animam

473 5011 675 5047 novam
734 5000 1030 5058 exspecta,
1097 4993 1299 5053 excipe
1398 4989 1590 5040 rudem
1659 4988 2004 5052 sanguinem.
2077 5006 2104 5034 »

479 5069 876 5131 Hieronymus,
915 5068 969 5114 in
1005 5064 1250 5126 Epistola
1289 5061 1356 5110 ad
1387 5059 1802 5123 Ctesiphontem
1841 5059 2105 5108 adversus

477 5139 806 5201 Pelagianos
855 5154 864 5184 :
925 5156 949 5178 ‹‹
1009 5134 1224 5184 Asseris
1274 5145 1437 5195 posse
1478 5131 1761 5179 hominem
1818 5144 1940 5180 esse
1985 5131 2104 5201 sine

478 5200 726 5273 peccato,
775 5209 817 5256 si
866 5207 1014 5266 velit,
1043 5210 1099 5256 et
1143 5208 1266 5267 post
1313 5203 1698 5266 gravissimum
1732 5214 1993 5273 somnum
2037 5200 2104 5250 ad

478 5271 833 5344 decipiendas
865 5278 1032 5327 rudes
1071 5277 1285 5324 animas
1328 5275 1524 5321 frustra
1556 5272 1772 5320 conaris
1806 5271 2107 5336 adjungere

477 5365 592 5400 non
620 5350 830 5413 absque
864 5349 964 5398 Dei
995 5347 1188 5410 gratia.
1224 5363 1249 5390 »

540 5422 637 5484 (83)
663 5420 963 5471 Fatebatur.
995 5420 1117 5467 Duo
1147 5416 1270 5466 libri
1303 5419 1514 5466 veteres
1546 5413 1856 5463 testabatur.

541 5492 640 5555 (84)
681 5490 900 5540 Calicem
947 5489 1220 5538 diaconus.
1255 5487 1393 5535 Vide
1433 5485 1792 5548 Beveregium
1833 5484 1900 5533 ad
1940 5497 2107 5534 cano-

476 5577 606 5614 nem
639 5576 675 5611 ΙΙ
705 5560 902 5624 synodi
945 5563 1278 5623 Ancyranaa.
1307 5557 1558 5608 Similem
1604 5556 1776 5606 ferme
1820 5555 2106 5605 historiam

472 5633 543 5683 de
579 5630 817 5696 quadam
842 5629 1139 5694 juvencula
1169 5628 1351 5679 Araba
1385 5629 1610 5677 natione
1650 5630 1834 5676 narrat
1876 5627 2108 5687 Prosper

471 5705 531 5754 in
561 5703 703 5752 libro
731 5701 993 5766 inscripto
1027 5700 1316 5752 Dimidium
1345 5699 1614 5762 teinporis,
1643 5712 1689 5747 c.
1717 5697 1762 5747 6.

535 5775 635 5837 (85)
681 5771 1071 5825 Obturantibus.
1115 5772 1193 5822 Ita
1242 5770 1560 5838 quindecim
1607 5768 1728 5820 libri
1783 5771 1996 5819 veteres
2053 5770 2106 5815 et

2123 4592 2181 4663 D

2197 3291 2531 3353 exemplaria
2585 3292 2792 3342 habent
2833 3294 3228 3344 obdurantibus.
3267 3295 3411 3356 Quae
3454 3294 3792 3357 discrepantia

2195 3366 2310 3410 orta
2337 3367 2417 3410 est
2450 3375 2519 3411 ex
2553 3367 2986 3414 commutatione
3021 3365 3352 3416 litterarum.

2261 3433 2358 3493 (86)
2413 3434 2848 3495 Sacriﬁcantibus
2894 3435 3062 3485 nobis.
3111 3437 3271 3486 Hanc
3316 3437 3606 3488 lectionem
3650 3435 3792 3486 exhi-

2198 3503 2332 3552 bent
2387 3507 2509 3554 octo
2557 3503 2777 3555 codices
2820 3507 3034 3569 antiqui
3079 3512 3130 3557 et
3189 3507 3357 3557 editio
3412 3508 3650 3558 Morellii.
3697 3505 3791 3554 Sed

2199 3578 2410 3624 veteres
2463 3575 2768 3635 editiones,
2816 3578 2980 3626 etiam
3032 3578 3390 3638 Manutiana,
3445 3585 3497 3628 et
3557 3577 3789 3627 tredecim

2198 3643 2324 3693 libri
2375 3649 2589 3695 veteres
2633 3659 2740 3695 non
2790 3647 3000 3697 habent
3046 3661 3240 3698 vocem
3289 3648 3457 3705 nobis,
3499 3663 3657 3712 quam
3706 3659 3793 3709 ego

2198 3715 2433 3765 arbitror
2485 3730 2596 3765 non
2653 3730 2775 3768 esse
2843 3721 3231 3769 necessariam.
3286 3720 3412 3770 Non
3463 3734 3580 3769 sum
3631 3724 3789 3768 tamen

2200 3799 2368 3835 ausus
2399 3799 2739 3849 expungere,
2781 3789 2908 3850 quia
2948 3802 3057 3837 non
3098 3789 3272 3838 ofﬁcit
3312 3791 3599 3839 sententiae
3640 3787 3791 3837 sancti

2199 3857 2472 3920 martyris.
2505 3855 2700 3906 Simile
2740 3857 2871 3921 quid
2916 3859 3151 3908 habetur
3185 3860 3238 3907 in
3277 3860 3419 3909 libro
3459 3860 3710 3910 Lactantii
3741 3857 3792 3905 de

2199 3927 2452 3977 Mortibus
2504 3929 2915 3988 Persecutorum,
2949 3943 3066 3992 cap.
3115 3932 3190 3991 tt),
3235 3931 3332 3979 ubi
3375 3949 3403 3979 «
3445 3930 3657 3994 quidam
3697 3929 3790 3976 mi—

2199 3997 2499 4046 nistrorum
2545 3997 2784 4048 scientes
2827 4000 3145 4059 Dominum,
3194 4014 3325 4050 cum
3364 4003 3665 4052 assisterent
3697 3999 3790 4046 im-

2200 4067 2450 4127 molanti,
2489 4069 2873 4131 imposuerunt
2905 4071 3176 4120 frontibus
3200 4072 3510 4122 immortale
3534 4072 3790 4133 signum.»

2202 4138 2312 4199 Qui
2352 4139 2509 4188 locus
2549 4139 2760 4188 nullam
2807 4142 2972 4192 habet
3011 4143 3413 4194 difﬁcultatem.
3459 4143 3661 4206 Quippe
3699 4139 3791 4188 mi-

2202 4209 2358 4258 nistri
2390 4211 2633 4259 scientes
2654 4211 2953 4261 Dominum
2985 4227 3092 4262 non
3127 4220 3359 4277 possunt
3382 4226 3500 4263 esse
3527 4212 3614 4260 alii
3647 4222 3787 4274 quam

2203 4279 2524 4339 Christiani,
2561 4285 2864 4344 prmsertim
2913 4298 3042 4334 cum
3083 4287 3267 4334 statim
3314 4285 3622 4335 Lactantius
3658 4283 3788 4330 dicat

2202 4350 2325 4400 illos
2379 4350 2708 4413 imposuisse
2764 4354 3040 4404 frontibus
3079 4357 3194 4404 suis
3245 4357 3464 4420 signum
3507 4354 3688 4404 crucis.
3734 4350 3788 4420 Et

2203 4425 2385 4470 tamen
2439 4421 2544 4469 fuit
2594 4435 2770 4484 nuper
2820 4426 2915 4486 qui
2968 4419 3316 4475 existimaret,
3361 4426 3507 4475 hunc
3561 4419 3789 4484 loquendi

2203 4491 2429 4540 modum
2468 4504 2588 4540 esse
2620 4492 2965 4556 ambiguum,
3007 4495 3238 4545 dubium
3272 4497 3420 4545 enim
3451 4507 3565 4545 esse
3604 4506 3664 4542 an
3702 4488 3786 4537 mi-

2204 4562 2360 4610 nistri
2395 4561 2475 4610 illi
2506 4563 2709 4612 fuerint
2740 4565 2975 4613 ministri
3015 4566 3343 4616 Diocletiani
3378 4570 3472 4615 aut
3511 4557 3786 4614 Christiani.

2206 4632 2550 4683 Christianos
2603 4648 2764 4696 porro
2817 4635 2987 4684 fuisse
3035 4637 3337 4686 ostendunt
3388 4638 3546 4685 etiam
3588 4647 3644 4682 ea
3682 4640 3786 4692 qus:

2204 4708 2515 4766 sequuntur
2553 4705 2607 4752 in
2655 4704 2762 4754 hoc
2809 4705 2931 4754 loco
2971 4707 3261 4765 Lactantii,
3312 4712 3426 4755 tum
3474 4707 3627 4753 etiam
3669 4699 3788 4748 alius

2207 4775 2362 4824 locus
2421 4775 2536 4836 ejus
2598 4788 2664 4823 ex
2719 4775 2858 4824 libro
2921 4788 2976 4826 1v
3036 4777 3352 4826 Divinarum
3403 4773 3786 4825 Institutionum,

2205 4859 2321 4907 cap.
2347 4845 2427 4904 9.7,
2452 4845 2546 4894 ubi
2586 4844 2655 4894 de
2684 4845 2790 4896 hac
2823 4848 2938 4910 ipsa
2981 4861 3038 4896 re
3069 4861 3237 4910 agens
3275 4847 3461 4896 scribit
3494 4861 3502 4891 :
3532 4862 3556 4891 (ς
3582 4839 3784 4910 Quidam

2205 4917 2581 4965 ministrorum
2673 4908 2986 4967 nostrorum
3065 4908 3504 4968 sacriﬁcantibus
3583 4908 3788 4962 dominis

2205 4989 2546 5037 assisterent.
2577 5007 2604 5032 »

2267 5060 2366 5120 (87)
2412 5061 2575 5107 Intra.
2629 5060 2747 5108 Non
2797 5058 3151 5109 admonerem
3205 5074 3294 5110 me
3335 5063 3566 5108 mutasse
3608 5065 3692 5116 pro
3732 5059 3784 5096 eo

2205 5129 2355 5190 quod
2398 5129 2674 5178 Pamelius
2724 5130 2908 5191 posuit
2938 5132 3092 5190 inter,
3120 5130 3225 5178 nisi
3273 5131 3345 5179 ita
3376 5141 3462 5177 me
3505 5128 3668 5174 facere
3702 5130 3785 5167 co-

2201 5200 2399 5262 egisset
2429 5201 2727 5250 auctoritas
2755 5204 3000 5250 vet-erum
3022 5202 3436 5264 exemplarium.
3469 5198 3665 5259 Quippe
3685 5201 3782 5264 om-

2206 5272 2316 5327 nia,
2354 5271 2400 5319 si
2427 5271 2538 5320 duo
2567 5275 2781 5319 tantum
2827 5273 3094 5334 excipias,
3127 5263 3329 5321 habent
3360 5272 3515 5318 intra.
3548 5267 3617 5314 lla
3645 5263 3782 5312 etiam

2205 5338 2372 5389 habet
2397 5341 2566 5391 editio
2598 5341 2846 5391 Morellii.
3749 5397 3755 5405 ι

2273 5412 2366 5471 (88)
2416 5411 2594 5460 Pectus
2646 5411 2940 5460 admittens.
2990 5412 3267 5462 Pamelius
3314 5414 3532 5462 secutus
3575 5405 3782 5452 auctori-

2209 5484 2376 5530 tatem
2426 5480 2632 5530 codicis
2679 5481 3144 5533 Camberonensis
3187 5484 3368 5546 posuit
3400 5500 3424 5525 «
3460 5481 3784 5546 pectusﬂsalik

2207 5554 2431 5615 guinem
2475 5553 2842 5603 admittens.»
2887 5555 3022 5604 Eam
3063 5538 3347 5604 lectionem
3379 5538 3588 5601 retinnit
3619 5538 3780 5621 Rigal-

2198 5625 2336 5684 tius,
2369 5624 2530 5686 Angli
2559 5630 2964 5688 expunxaruut.
2999 5627 3191 5676 Recte.
3221 5627 3339 5683 Non
3383 5623 3550 5673 exstat
3584 5625 3711 5688 eiut}!
3736 5621 3779 5654 ιιι

2208 5681 2361 5743 libris
2387 5681 2589 5744 nostris
2618 5681 2802 5760 neque
2837 5698 2892 5746 in
2923 5697 3147 5747 duobus
3177 5681 3478 5746 Petavianis
3518 5688 3581 5739 ab
3612 5681 3778 5734 Alber'

2208 5767 2322 5816 tino
2351 5765 2550 5816 citatis.
