3978 6194
206 167 287 218 501
1537 166 1739 222 LIBER
1779 166 1865 222 DE
1903 167 2149 221 LAPSIS.
3425 171 3524 220 502

204 303 370 341 arcam
400 302 553 341 suam
581 287 712 355 (89),
745 288 804 341 in
825 305 933 359 qua
966 290 1190 343 Domini
1234 293 1489 343 sanctum
1532 289 1640 359 (90)
1671 290 1795 356 fuit,
1822 302 1879 375 Α
1902 291 2154 345 luerunt.
2188 292 2253 343 Et
2277 289 2371 343 illa
2402 292 2670 359 professio
2711 293 3040 362 denegantis
3076 294 3408 347 contestatio
3441 297 3524 345 est

202 379 441 433 manibus
494 378 743 450 indignis
785 383 827 415 ⁹¹
876 382 985 451 (91)
1044 385 1317 437 tentasset
1370 383 1609 453 aperire,
1668 383 1799 453 igne
1899 383 2206 439 Christiani
2269 383 2421 453 quod
2486 385 2672 438 fuerat
2716 386 2762 418 95
2804 385 3121 440 abnuentis.
3184 386 3397 439 Fecisse
3464 402 3521 439 se

200 474 315 527 inde
339 478 605 542 surgente
641 474 906 529 deterrita
935 478 1022 529 est
1045 492 1116 529 ne
1143 476 1376 530 auderet
1402 477 1702 546 attingere.
1738 478 1803 530 Et
1900 476 2039 531 dixit
2092 476 2368 546 quidquid
2420 476 2560 530 alius
2612 478 2867 533 faciendo
2915 477 3216 533 commisit.
3269 480 3524 549 Cumque

200 565 413 635 quidem
445 565 587 619 alius
624 566 695 633 9’,
722 568 857 638 quia
885 573 935 621 et
969 568 1088 637 ipse
1119 569 1428 622 maculatus
1459 568 1731 623 sacriﬁcio
1770 586 1802 621 a
1902 570 2175 639 scriptum
2227 570 2321 637 sit,
2367 573 2486 626 Non
2528 574 2747 638 potestis
2797 572 3001 625 duobus
3056 573 3283 626 dominis
3326 574 3527 626 servire

196 658 464 712 sacerdote
507 659 790 713 celebrato
833 664 1053 731 partem
1098 678 1227 715 cum
1274 661 1491 715 czeteris
1536 662 1583 695 ’3
1633 678 1802 716 ausus
1904 663 2149 732 (Matth.,
2184 678 2256 729 Vl,
2297 662 2408 731 24),
2454 662 2677 715 servivit
2724 664 2972 717 saeculari
3015 664 3248 718 domino
3284 665 3382 735 qui
3421 664 3521 717 ob-

194 756 265 805 est
308 752 547 806 latenter
594 752 870 824 accipere,
922 756 1183 809 sanctum
1240 755 1463 808 Domini
1518 756 1691 809 edere
1747 761 1803 809 et
1900 756 2241 824 temperavit
2287 756 2409 824 ejus
2457 755 2677 823 edicto;
2724 756 2909 825 magis
2953 756 3236 810 obaudivit
3274 758 3522 811 humano

192 848 523 900 contrectare
570 862 685 899 non
735 847 934 916 potuit,
985 848 1236 902 cinerem
1286 848 1431 903 ferre
1480 865 1539 902 se
1593 850 1802 919 apertis
1901 847 2144 917 imperio
2175 864 2345 919 quam
2378 849 2513 903 Deo.
2549 848 2761 902 Viderit
2789 865 2862 901 an
2890 848 3113 902 minore
3141 851 3228 903 vel
3255 850 3524 903 dedecore

192 937 438 992 manibus
464 938 698 993 invenit.
721 938 907 1011 487
937 942 1284 995 Documento
1313 942 1479 995 unius
1506 948 1800 996 ostensum
1903 940 1989 993 vel
2006 940 2246 993 crimine
2266 942 2415 1010 apud
2440 940 2701 994 homines
2725 940 3092 1010 publicaverit
3111 942 3257 1011 quod
3279 942 3523 995 admisit.

192 1035 263 1085 est
289 1030 590 1085 Dominum
622 1033 887 1087 recedere
912 1049 1041 1087 cum
1070 1036 1335 1103 negatur,
1360 1050 1462 1087 nec
1490 1034 1799 1088 immeren-
1902 1036 2076 1087 Deum
2112 1037 2299 1086 tamen
2323 1034 2573 1102 judicem
2603 1034 2805 1103 fugere
2837 1034 2947 1101 (96)
2986 1039 3043 1087 et
3069 1033 3239 1087 vitare
3276 1050 3392 1087 non
3425 1050 3523 1103 po-

191 1124 323 1177 tibus
364 1123 438 1177 ad
487 1126 729 1179 salutem
776 1126 1039 1195 prodesse
1080 1127 1231 1197 quod
1270 1127 1531 1193 sumitur,
1574 1127 1801 1197 quando
1902 1127 2055 1192 terit,
2089 1142 2215 1179 cum
2250 1126 2399 1179 dicat
2426 1126 2668 1196 Spiritus
2696 1132 2922 1180 sanctus
2956 1128 3013 1180 in
3051 1128 3283 1181 Psalmis
3324 1144 3336 1180 :
3376 1127 3529 1191 Quod

191 1217 357 1287 gratia
392 1218 656 1272 salutaris
701 1220 755 1272 in
787 1220 1037 1273 cinerem
1076 1220 1370 1273 sanctitate
1405 1220 1660 1289 fugiente
1691 1221 1801 1288 (92)
1904 1225 1981 1274 est
2008 1220 2376 1287 imperfectum
2404 1236 2574 1272 meum
2618 1220 2872 1273 viderunt
2904 1222 3047 1274 oculi
3076 1223 3177 1285 tui,
3206 1226 3255 1273 et
3296 1223 3352 1273 in
3395 1221 3529 1274 libro

190 1314 444 1364 mutatur.
477 1312 657 1374 Quam
687 1312 853 1366 multi
891 1312 1144 1384 quotidie
1185 1314 1231 1347 9‘
1260 1312 1655 1383 paenitentiam
1688 1329 1803 1367 non
1907 1319 1995 1366 tuo
2029 1327 2206 1365 omnes
2228 1312 2530 1365 scribentur
2558 1314 2729 1380 (Psat.
2766 1327 3021 1379 cxxxvm,
3054 1314 3157 1382 16).
3186 1314 3252 1366 Et
3277 1313 3485 1367 iterum
3519 1330 3531 1366 :

188 1409 399 1473 agentes
424 1445 438 1469 ,
497 1420 601 1458 nec
659 1405 853 1459 delicti
916 1407 1003 1458 sui
1063 1406 1467 1459 conscientiam
1525 1405 1801 1460 conﬁten-
1904 1409 2069 1460 Homo
2106 1406 2252 1459 videt
2292 1408 2349 1458 in
2383 1406 2547 1470 facie,
2580 1403 2773 1476 488
2820 1409 2954 1461 Deus
2993 1411 3174 1460 autem
3206 1410 3264 1459 in
3303 1408 3457 1460 corde
3481 1407 3525 1440 9"

193 1501 263 1550 tes
305 1496 434 1565 (93),
482 1498 797 1552 immundis
843 1499 1131 1569 spiritibus
1184 1499 1590 1569 adimplentur,
1633 1516 1805 1569 quam
1910 1499 1943 1565 (1
1970 1501 2121 1565 Reg.,
2150 1515 2259 1565 xvx,
2282 1497 2357 1566 7).
2386 1500 2508 1567 Ipse
2537 1514 2766 1568 quoque
2795 1499 3073 1552 Dominus
3102 1503 3449 1569 praemoneat
3473 1503 3531 1552 et

192 1594 338 1646 multi
364 1610 547 1664 usque
571 1595 643 1647 ad
666 1596 943 1649 insaniam
974 1597 1178 1650 mentis
1207 1597 1470 1650 excordes
1500 1597 1806 1651 dementiae
1908 1595 2212 1660 praestruat
2245 1590 2436 1643 dicens
2469 1608 2481 1643 :
2512 1594 2579 1645 Et
2609 1593 2775 1645 scient
2810 1608 2987 1645 omnes
3023 1594 3250 1645 ecclesiae
3277 1596 3407 1661 quia
3437 1610 3531 1660 ego

194 1686 364 1740 furore
405 1687 790 1758 quatiuntur?
828 1690 934 1742 Nec
974 1705 1199 1743 necesse
1243 1693 1325 1742 est
1366 1691 1445 1743 ire
1490 1706 1592 1759 per
1629 1665 1881 1743 exitusB
1905 1700 2021 1738 sum
2061 1689 2330 1738 scrutator
2361 1687 2504 1737 renis
2533 1690 2582 1737 et
2610 1686 2783 1738 cordis
2817 1686 3029 1754 (Apoc.,
3067 1702 3124 1752 ll,
3168 1688 3281 1753 23).
3322 1688 3533 1756 Perspi-

194 1779 553 1849 singulorum,
583 1781 719 1834 dum
743 1799 848 1852 per
879 1782 1029 1835 orbis
1057 1781 1437 1836 multiformes
1463 1783 1657 1836 ruinas
1688 1788 1805 1836 tam
1906 1778 1981 1831 cit
2012 1777 2105 1830 ille
2137 1777 2347 1844 abdita,
2375 1782 2430 1830 et
2468 1783 2682 1831 secreta
2720 1782 2893 1847 atque
2934 1779 3152 1831 occulta
3190 1779 3530 1833 considerat.

193 1872 513 1926 delictorum
567 1890 734 1943 pcena
788 1875 858 1928 sit
912 1876 1066 1928 varia
1116 1892 1287 1945 quam
1346 1875 1803 1945 delinquentium
1905 1872 2016 1925 Nec
2066 1870 2162 1924 Dei
2215 1871 2403 1923 oculos
2453 1873 2639 1940 potest
2689 1870 2889 1940 aliquis
2944 1872 3183 1925 evadere
3230 1871 3466 1925 dicentis
3517 1889 3529 1924 :

193 1965 486 2020 multitudo
530 1982 857 2021 numerosa.
894 1968 1289 2038 Unusquisque
1318 1968 1658 2035 consideret,
1691 1984 1805 2021 non
1905 1968 2016 2031 Ego
2043 1967 2178 2018 Deus
2208 1966 2620 2033 approximans,
2648 1968 2696 2018 et
2726 1980 2832 2017 non
2867 1967 3006 2017 Deus
3039 1965 3102 2017 de
3132 1966 3440 2034 longinquo.
3470 1966 3531 2021 Si

191 2059 305 2127 quid
342 2060 492 2113 alius
525 2076 723 2130 passus
764 2062 853 2127 sit,
894 2062 986 2115 sed
1021 2061 1158 2130 quid
1194 2062 1307 2131 pati
1344 2068 1399 2115 et
1440 2062 1559 2130 ipse
1588 2077 1803 2113 merea-
1905 2058 2248 2111 absconditus
2308 2058 2477 2122 fuerit
2537 2056 2688 2109 homo
2740 2059 2797 2109 in
2857 2058 3185 2111 absconditis
3242 2059 3384 2128 (97),
3440 2074 3533 2127 ego

189 2158 286 2205 tur.
331 2153 439 2207 Nec
486 2154 733 2207 evasisse
772 2170 827 2208 se
868 2154 1085 2220 credat,
1119 2155 1164 2207 si
1195 2170 1327 2208 eum
1371 2154 1601 2209 interim
1638 2170 1805 2223 poena
1905 2166 2026 2218 ergo
2068 2166 2175 2202 non
2210 2149 2393 2202 videbo
2430 2165 2549 2202 eum
2587 2150 2674 2202 9”?
2700 2152 2884 2205 Nonne
2913 2152 3099 2205 cretum
3127 2157 3178 2204 et
3210 2158 3409 2204 terram
3436 2167 3528 2219 ego

190 2244 472 2312 distulerit,
512 2263 644 2300 cum
682 2248 885 2300 timere
926 2247 1047 2316 plus
1087 2247 1293 2301 debeat
1332 2264 1505 2317 quam
1546 2246 1652 2300 sibi
1693 2247 1802 2315 (94)
1906 2244 2098 2311 impleo
2132 2244 2241 2311 (98)
2286 2245 2522 2311 (Jerem.,
2558 2258 2709 2309 XXIII,
2756 2242 2888 2309 23)?
2927 2242 3091 2295 Videt
3132 2244 3224 2297 ille
3264 2245 3435 2299 corda
3474 2250 3531 2298 et

191 2338 499 2407 Deijudicis
536 2340 613 2393 ira
639 2340 747 2409 (95)
778 2341 1018 2393 servavit
1046 2342 1109 2392 95.
1904 2342 2134 2405 pectora
2163 2336 2537 2405 singulorum,
2570 2340 2625 2387 et
2644 2335 3003 2404 judicaturus
3032 2340 3134 2401 est,
3166 2354 3278 2389 non
3309 2342 3528 2391 tantum

251 2432 445 2487 XXVII.
509 2434 619 2486 Nec
676 2433 781 2486 sibi
834 2434 1142 2504 quominus
1190 2438 1363 2503 agant
1410 2432 1802 2503 paenitentiam
1904 2430 1973 2483 de
2005 2429 2181 2496 factis,
2208 2428 2307 2481 sed
2341 2431 2397 2481 ct
2424 2428 2493 2481 de
2519 2427 2703 2480 verbis
2731 2428 2880 2481 etde
2921 2428 3359 2497 cogitationibus
3402 2448 3523 2483 nos-

189 2522 555 2580 blandiantur
588 2525 682 2596 qui
712 2526 813 2580 etsi
846 2526 1108 2580 nefandis
1139 2526 1421 2580 sacriﬁciis
1457 2542 1664 2580 manus
1689 2542 1801 2579 non
1904 2523 2023 2589 tris,
2060 2521 2315 2575 omnium
2356 2524 2576 2574 mentes
2614 2520 3043 2591 voluntatesque
3080 2526 3377 2592 conceptas
3420 2527 3527 2593 (99)

191 2619 736 2685 contaminaverunt,
777 2620 983 2674 libellis
1022 2623 1211 2673 tamen
1252 2620 1650 2674 conscientiam
1688 2620 1805 2689 pol-
1905 2616 1965 2668 in
1994 2615 2126 2685 ipsis
2154 2614 2337 2668 adhuc
2366 2614 2539 2667 clausi
2566 2614 2809 2683 pectoris
2834 2613 3070 2668 latebris
3098 2615 3369 2669 intuetur.

1555 2760 1764 2823 Varias
1807 2760 2141 2823 lectiones.

240 2886 275 2917 τη
302 2887 615 2950 Inquinatis
644 2889 783 2937 Pem.
827 2886 962 2938 Voss.
1006 2889 1051 2937 2.
1122 2891 1162 2921 9’
1195 2890 1265 2939 Et
1300 2902 1427 2939 cum
1470 2888 1613 2937 alius
1666 2887 1789 2937 Bod.
1830 2888 1874 2935 1.
1944 2887 1982 2918 9³
2011 2885 2240 2937 (Σωιθπίε
2283 2884 2687 2949 accipientibus
2722 2885 2857 2932 Pem.
2907 2882 3038 2931 Voss.
3082 2884 3128 2932 2.
3197 2885 3237 2916 9⁴
3269 2885 3527 2947 Quotidie

191 2956 441 3006 immundi
473 2958 628 3019 Bod.,
656 2960 701 3019 1,
729 2959 778 3019 2,
804 2959 854 3020 3,
884 2961 929 3009 4.
962 2960 1101 3022 Spir.
1170 2960 1211 2992 95
1235 2960 1317 3009 Ira
1346 2960 1445 3009 Dei
1486 2960 1787 3009 reservavit
1825 2959 1977 3015 Bod.,
2012 2960 2054 3015 t,
2082 2958 2129 3017 2,
2159 2958 2208 3016 3,
2248 2959 2293 3006 4.
2332 2959 2469 3005 Lam.
2506 2956 2656 3004 Ebor.
2700 2957 2807 3003 Lin.
2850 2955 2959 3004 ΝΟ.
2992 2955 3039 3013 1,
3077 2952 3326 3005 Censura
3372 2956 3524 3005 Oxon.

194 3025 227 3057 ⁵⁸
251 3025 404 3087 Quod
431 3041 565 3078 eum
592 3028 773 3078 fuerat
796 3030 942 3079 Lam.
1010 3027 1053 3060 97
1085 3029 1143 3077 In
1175 3042 1285 3080 cor.
1327 3030 1434 3079 Ver.
1464 3031 1581 3078 Ben.
1650 3027 1691 3061 τε
1719 3029 1840 3078 Non
1866 3026 2064 3078 videbo
2100 3040 2230 3076 eum
2246 3030 2271 3075 ‘2
2300 3027 2461 3077 Videt
2490 3026 2579 3076 ille
2615 3027 2730 3075 Ben.
2764 3027 2901 3075 Lam.
2937 3024 3090 3075 Ebor.
3124 3026 3252 3087 NC.,
3278 3029 3319 3075 1.

1462 3156 1684 3237 Steph.
1744 3154 1991 3219 Baluzii
2036 3161 2231 3218 notae.

244 3282 572 3369 t89)‘.4rcazi
617 3295 787 3369 suain.
837 3282 1235 3369 Hospiuianus,
1269 3284 1451 3369 Ιξρλη,
1497 3297 1617 3363 cap.
1660 3284 1710 3343 5,
1739 3282 1880 3369 deC
1907 3282 2094 3369 tertias.
2133 3281 2334 3369 I’elagii
2388 3282 2437 3369 II
2485 3280 2569 3369 ad‘
2606 3282 2893 3343 episcopos
2928 3280 3135 3369 'ILstriaa,
3182 3282 3277 3330 ubi
3329 3283 3529 3346 legitur

195 3351 442 3415 Templis,
475 3352 715 3404 efferens
745 3353 895 3404 hunc
924 3354 1113 3403 locum
1146 3356 1321 3403 sancti
1350 3354 1627 3416 Cypriani,
1663 3354 1806 3401 mul-
1832 3351 1880 3369 ν
1906 3353 2181 3402 sanctitate
2225 3356 2481 3400 servante.
2531 3352 2633 3401 Pro
2680 3366 2791 3414 quo
2834 3351 3191 3402 scribendum
3250 3366 3368 3401 esse
3409 3368 3529 3403 ser—

193 3425 295 3471 tum
343 3424 595 3487 disputat
642 3424 939 3475 adversum
984 3438 1103 3486 nos,
1154 3428 1445 3487 propterea
1495 3423 1642 3486 quod
1692 3423 1806 3472 Eu-
1908 3424 2053 3470 vovit
2088 3422 2249 3471 docet
2274 3426 2434 3470 vetus
2463 3421 2640 3470 codex
2670 3434 2735 3470 ex
2758 3435 2867 3484 quo
2900 3422 2989 3471 illa
3016 3422 3161 3471 edita
3192 3427 3293 3473 est.
3318 3424 3528 3474 Ibidem

192 3493 496 3544 cbaristiam
542 3496 929 3545 concludimus
978 3498 1034 3545 in
1070 3510 1195 3546 arca
1240 3498 1361 3546 sive
1396 3496 1557 3545 theca
1587 3494 1673 3544 vel
1713 3507 1807 3542 ar—
1906 3492 2075 3555 paulo
2124 3496 2251 3541 ante
2294 3491 2545 3541 addenda
2590 3496 2721 3539 sunt
2762 3492 2861 3539 tria
2910 3492 3177 3541 vocabula
3217 3507 3343 3556 quin
3381 3497 3533 3545 exci-

194 3566 366 3625 mario,
423 3572 483 3614 et
540 3567 615 3614 ait
669 3566 887 3615 nullum
944 3566 1013 3616 de
1074 3566 1409 3616 includenda
1458 3563 1806 3614 Eucharistia
1908 3563 2110 3611 derunt
2156 3562 2328 3611 veteri
2375 3561 2615 3610 librario.
2650 3561 2969 3623 Legendum
3014 3562 3218 3623 igitur;
3255 3565 3417 3625 «Qui
3459 3566 3526 3615 de

194 3636 508 3685 mandatum
537 3640 753 3685 exstare
782 3638 867 3685 vel
900 3636 1103 3687 Christi
1133 3638 1217 3685 vel
1241 3637 1632 3700 apostolorum.
1669 3636 1806 3683 Inu—
1909 3634 2157 3683 iterando
2190 3634 2519 3697 baptismate
2552 3634 2865 3695 scripserat,
2903 3634 2958 3682 in
2994 3635 3209 3684 unitate
3250 3637 3524 3688 catholica

196 3705 343 3755 tiliter
396 3702 647 3770 profecto
704 3708 905 3769 scripta
967 3708 1060 3755 illa
1116 3713 1245 3756 sunt
1309 3707 1379 3755 ab
1442 3707 1803 3769 Hospiniano.
1908 3706 2233 3754 defunctum
2280 3704 2576 3768 perhibuit.
2608 3720 2637 3751 »
2678 3706 2757 3753 Ita
2793 3706 3137 3767 Augustinus
3182 3706 3237 3754 in
3286 3707 3426 3758 libro
3468 3710 3530 3759 de

197 3775 315 3825 Nam
341 3791 441 3827 nos
474 3777 530 3825 id
572 3778 731 3827 facile
761 3778 1140 3827 concedimus.
1176 3778 1236 3826 In
1266 3777 1361 3826 illa
1404 3777 1669 3826 Ecclesiae
1699 3789 1807 3824 no-
1906 3779 2059 3825 unico
2090 3778 2373 3838 Baptismo,
2394 3790 2513 3837 cap.
2551 3774 2627 3824 12.

195 3847 360 3908 vitate,
387 3862 523 3898 cum
568 3849 659 3897 illa
702 3851 846 3899 inter
892 3852 1274 3911 persecutores
1316 3861 1447 3897 suos
1481 3848 1721 3910 degeret,
1755 3851 1807 3895 et
1970 3848 2065 3908 (93)
2125 3847 2491 3896 Paenitentiam
2541 3860 2649 3897 non
2706 3852 2971 3907 agentes...
3036 3847 3351 3907 conﬁtentes.
3418 3851 3528 3900 Ista

197 3916 245 3963 in
297 3919 519 3968 occulto
572 3918 870 3969 Christiani
917 3925 1240 3983 peragerent
1288 3919 1475 3967 divina
1526 3917 1803 3980 mysteria,
1908 3920 2147 3980 primum
2188 3930 2458 3967 emersere
2498 3930 2528 3967 e
2574 3917 2935 3980 typographia
2964 3917 3212 3966 Manutii.
3246 3919 3437 3969 Inveni
3470 3922 3525 3970 in

195 3986 334 4036 locus
358 4003 473 4038 non
506 3993 619 4038 erat
649 3993 801 4039 tutus
830 3994 885 4039 et
912 3995 1094 4040 certus
1137 3992 1190 4037 in
1231 4002 1342 4053 quo
1377 3988 1635 4038 concludi
1680 4002 1805 4050 pos-
1908 3990 2082 4038 tribus
2109 3990 2353 4052 antiquis
2390 3988 2692 4038 codicibus.
2743 3989 2955 4038 Desunt
2992 3990 3177 4036 autem
3222 3989 3277 4037 in
3324 3990 3525 4040 sexde-

196 4060 268 4105 set
316 4058 681 4109 Eucharistia.
738 4061 928 4123 Itaque
979 4060 1417 4109 distribuebatur
1464 4058 1724 4108 ﬁdelibus
1777 4072 1807 4107 a
1908 4061 2017 4109 cim
2045 4064 2096 4109 et
2124 4060 2177 4107 in
2209 4060 2449 4109 editione
2478 4059 2726 4109 Morellii.

197 4129 461 4190 ministris,
514 4135 567 4180 et
624 4131 1009 4193 unusquisque
1054 4136 1264 4193 partem
1310 4143 1465 4179 suam
1523 4129 1807 4179 deferebat
1968 4132 2065 4191 (9t)
2111 4132 2272 4190 Quam
2311 4130 2427 4179 sibi.
2468 4133 2645 4180 Antea
2688 4131 2741 4178 in
2787 4129 3047 4179 omnibus
3096 4129 3431 4179 editionibus
3475 4138 3528 4181 et

198 4199 405 4249 domum
437 4205 495 4249 ut
524 4202 972 4250 communionem
1005 4203 1296 4264 acciperet.
1327 4203 1397 4249 At
1429 4206 1636 4263 postea,
1676 4212 1803 4248 cum
1908 4202 1963 4250 in
2014 4202 2273 4250 omnibus
2314 4202 2423 4250 fere
2469 4202 2762 4251 codicibus
2810 4201 3201 4263 manuscriptis
3242 4200 3529 4265 legebatur

200 4275 329 4319 totus
384 4273 533 4321 orbis
590 4274 767 4321 factus
824 4273 1017 4322 fuisset
1070 4271 1440 4330 Christianus,
1498 4271 1701 4319 decens
1755 4273 1807 4318 et
1908 4287 2076 4335 quem.
2147 4273 2331 4321 Facile
2396 4278 2511 4321 erat
2580 4273 2897 4321 existimare
2962 4271 3339 4334 reponendum
3408 4287 3528 4325 esse

199 4354 495 4406 congruens
532 4344 712 4391 visum
757 4346 841 4392 est
875 4344 931 4392 in
974 4344 1097 4393 loco
1141 4347 1290 4394 certo
1326 4348 1377 4393 et
1422 4347 1537 4391 tuto
1572 4356 1692 4391 eam
1722 4356 1806 4389 re-
1906 4358 2077 4405 quam.
2135 4344 2205 4392 Et
2246 4347 2427 4391 tamen
2484 4356 2604 4391 eam
2650 4343 2963 4401 lectionem,
3013 4356 3179 4404 quam
3223 4347 3357 4406 puto
3409 4358 3529 4395 esse

200 4426 383 4473 ponere
413 4419 475 4463 ut
523 4427 587 4463 ea
629 4415 809 4463 statim
851 4414 1270 4464 distribueretur
1312 4428 1530 4464 sumere
1572 4414 1805 4462 volenti-
1908 4416 2273 4472 verissimam,
2311 4414 2566 4475 nuspiam
2608 4415 2779 4475 reperi
2812 4414 2916 4461 nisi
2960 4414 3016 4460 in
3047 4413 3237 4461 codice
3269 4413 3526 4463 Remensi

200 4483 309 4543 bus,
349 4499 457 4534 non
490 4486 546 4532 in
574 4483 814 4543 occulto,
843 4488 903 4533 ut
942 4487 996 4533 in
1037 4486 1229 4548 primis
1259 4486 1527 4535 Ecclesim
1564 4484 1804 4543 saeculis,
1907 4486 2083 4533 sancti
2108 4484 2377 4547 Dionysii.
2407 4482 2561 4531 Unus
2588 4483 2930 4544 Anglicanus
2956 4483 3172 4544 praefert
3194 4495 3327 4545 quae.

201 4556 283 4605 sed
330 4557 508 4619 palam
550 4558 603 4604 et
644 4555 867 4617 publice
900 4561 955 4603 et
998 4558 1184 4605 statim
1229 4571 1356 4606 cum
1389 4558 1515 4620 quis
1561 4560 1803 4619 cuperet.
1972 4556 2069 4614 (95)
2094 4556 2199 4603 Ira.
2236 4553 2370 4601 Haec
2399 4556 2481 4600 est
2516 4554 2785 4614 scriptura
2835 4552 3026 4612 viginti
3056 4556 3303 4601 veterum
3331 4566 3527 4602 exem-

252 4627 340 4684 (90)
379 4626 591 4675 Domini
629 4631 885 4675 sanctum.
919 4626 977 4674 Id
1020 4631 1105 4677 est
1144 4627 1516 4689 Eucharistia,
1548 4641 1710 4690 quam
1752 4628 1805 4674 in
1830 4662 1887 4690 η
1912 4626 2147 4689 plurium
2190 4628 2502 4672 nostrorum
2555 4627 2608 4671 et
2652 4626 2777 4671 octo
2821 4621 3269 4684 Anglicanorum.
3320 4624 3526 4673 Eorum

255 4662 340 4684 μω,
379 4662 589 4675 mm..."
629 4662 885 4675 υι...ν.......
919 4662 977 4674 ,μ
1021 4662 1105 4677 νυν
1144 4662 1493 4677 uacuum"...
1590 4662 1710 4675 μμ...
1928 4662 2147 4674 ...........
2192 4662 2502 4672 ..νυηνυηυ
2558 4662 2607 4671 ν-
2653 4662 2774 4671 Vw-
2821 4662 3269 4684 .-..ο..η--ν-υ.-..
3320 4662 3525 4673 “om...

203 4696 357 4746 initiis
414 4697 746 4748 Christianas
794 4697 1075 4759 religionis
1131 4666 1519 4763 unusquisque
1548 4662 2210 4746 “domumeuctoritas
2262 4694 2395 4742 mihi
2444 4693 2715 4754 persuasit
2764 4697 2825 4741 ut
2878 4692 2949 4739 ita
3005 4704 3263 4763 ponerem
3316 4707 3413 4755 pro
3462 4707 3525 4744 eo

203 4768 389 4818 terebat
438 4774 500 4817 ut
548 4768 650 4817 sibi
700 4770 817 4831 ipse
865 4769 1035 4818 libere
1083 4762 1529 4819 communionem
1562 4769 1805 4831 corporis
1860 4808 1861 4811 η
1904 4766 2052 4830 quod
2086 4765 2355 4814 editiones
2385 4763 3123 4825 habentconsuru,quamvis
3154 4762 3275 4812 haec
3301 4775 3525 4825 quoque

203 4837 389 4889 Christi
442 4842 834 4903 impertiretur.
891 4842 1265 4891 Tertullianus
1324 4843 1378 4890 in
1441 4842 1581 4890 libro
1639 4854 1674 4889 II
1734 4841 1803 4888 ad
1904 4838 2068 4886 lectio
2104 4836 2248 4885 bona
2286 4837 2356 4884 sit
2386 4840 2435 4883 et
2464 4835 2769 4897 reperiatur
2798 4836 2852 4882 in
2886 4831 3218 4896 quibusdam
3246 4832 3402 4881 libris
3426 4847 3529 4883 ve-

210 4909 406 4959 t'zorem
446 4927 460 4959 :
504 4927 533 4958 (ς
588 4910 707 4959 Non
759 4912 897 4960 sciet
944 4913 1174 4961 maritus
1225 4912 1358 4975 quid
1412 4915 1624 4961 secreto
1678 4914 1803 4959 ante
1903 4908 2128 4957 teribus.

203 4992 402 5031 omnem
450 4982 640 5031 cibum
687 4986 889 5043 gustes.
920 5001 948 5027 »
984 4983 1127 5033 Vide
1175 4974 1300 5047 quise
1344 4987 1598 5032 notamus
1641 4980 1707 5029 ad
1739 4982 1801 5029 li-
1966 4981 2060 5040 (96)
2103 4981 2313 5040 Fugere.
2366 4977 2541 5027 Antea
2587 4977 2870 5041 legebatur
2920 4974 3312 5036 subterfugere;
3361 4988 3526 5038 quam

203 5048 347 5099 brum
371 5054 431 5101 de
461 5054 602 5101 Bono
630 5053 911 5101 Patientis.
1904 5052 2201 5100 lectionem
2229 5063 2329 5111 ego
2356 5049 2587 5098 arbitror
2618 5062 2738 5098 esse
2769 5048 3031 5110 optimam
3057 5061 3068 5105 ;
3108 5058 3299 5095 verum
3338 5051 3527 5095 aucto-

258 5122 345 5180 (91)
393 5121 638 5171 Manibus
688 5123 937 5184 indignis.
992 5122 1179 5173 Codex
1231 5124 1605 5183 Veronensis,
1660 5135 1803 5171 unus
1905 5124 2037 5171 ritas
2084 5127 2330 5171 veterum
2390 5120 2656 5169 librorum
2702 5120 2883 5181 exegit
2935 5121 2996 5166 ut
3047 5120 3336 5165 mutarem.
3386 5116 3530 5167 Sunt

205 5202 364 5249 meus,
390 5197 443 5241 et
476 5193 586 5241 duo
614 5193 904 5255 Anglicani
931 5193 1134 5242 habent
1162 5194 1474 5257 inquinatis.
1905 5197 2089 5243 autem
2117 5205 2349 5241 numero
2379 5203 2479 5240 VIX
2507 5190 2929 5254 comprobantes
2961 5188 3106 5237 hanc
3143 5190 3526 5238 mutationem.

260 5264 351 5323 (92)
420 5264 702 5313 Sanctitate
776 5264 1019 5327 fugiente.
1101 5264 1289 5315 Codex
1362 5265 1799 5329 Seguierianus,
1970 5266 2068 5323 (97)
2115 5262 2459 5312 Absconditis.
2496 5263 2635 5311 Duae
2680 5264 2807 5309 sunt
2836 5260 3005 5322 hujus
3034 5259 3141 5307 loci
3176 5258 3529 5329 lectionesin

208 5341 369 5383 sancto
417 5334 537 5383 inde
586 5335 833 5396 fugiente.
885 5335 1057 5383 Paulo
1102 5338 1228 5385 ante
1276 5327 1457 5384 dixit}
1500 5352 1529 5381 α
1582 5336 1643 5383 In
1694 5350 1804 5399 qua
1905 5334 2194 5384 codicibus
2238 5334 2643 5396 manuscriptis.
2691 5330 2931 5393 Quidam
2975 5331 3125 5379 enim
3172 5328 3380 5378 habent
3418 5327 3531 5375 abs-

208 5403 410 5452 Domini
456 5408 709 5453 sanctum
759 5404 875 5453 fuit.
907 5420 935 5450 ››
983 5406 1174 5467 Itaque
1221 5406 1325 5455 ista
1376 5407 1541 5456 lectio
1585 5406 1805 5456 videtur
1905 5406 2147 5463 conditis,
2176 5404 2268 5454 alii
2301 5405 2509 5454 abditis.
2544 5404 2784 5467 Utraque
2812 5403 2974 5453 lectio
3005 5402 3149 5449 bona
3180 5404 3277 5449 est.

210 5485 315 5521 esse
350 5476 552 5524 melior.
596 5473 703 5525 Sed
732 5488 842 5525 non
873 5490 997 5525 sum
1039 5490 1208 5526 ausus
1244 5482 1472 5539 mutare,
1505 5480 1635 5541 quia
1678 5479 1802 5528 reli-
1966 5478 2064 5534 (98)
2088 5478 2270 5526 Nonne
2311 5476 2490 5525 caelum
2526 5475 2730 5538 impleo.
2770 5475 2905 5525 Haec
2943 5473 3146 5522 desunt
3186 5472 3243 5519 in
3284 5467 3529 5530 antiquis

212 5544 293 5603 qui
323 5544 444 5593 libri
474 5546 770 5608 praeferunt
809 5548 1096 5597 sanctitate.
1138 5547 1216 5597 Ea
1252 5548 1458 5611 quippe
1490 5549 1656 5598 lectio
1700 5550 1805 5597 bo—
1906 5548 2243 5600 editionibus
2272 5552 2325 5597 et
2356 5549 2409 5595 in
2434 5546 2756 5610 quindecim
2784 5546 3069 5598 codicibus
3094 5542 3359 5604 antiquis.

212 5625 328 5662 num
358 5628 574 5679 quoque
595 5628 817 5666 sensum
846 5618 1145 5668 constituit.
1178 5608 1425 5682 Captabo
1453 5624 1639 5669 autem
1662 5620 1805 5669 hanc
1967 5620 2062 5678 (99)
2132 5619 2432 5681 Conceptus.
2452 5608 2467 5610 “
2503 5616 2695 5667 Codex
2776 5616 3048 5670 Fuxensis
3074 5652 3087 5675 ,
3161 5608 3534 5673 contemplans.

215 5688 535 5740 occasionem
561 5694 623 5739 ut
655 5689 946 5743 emendem
974 5693 1276 5744 extremam
1311 5695 1526 5755 partem
1555 5690 1803 5756 epistolae
1908 5691 2046 5754 Qua:
2073 5690 2238 5744 lectio
2268 5704 2380 5744 non
2414 5692 2499 5742 est
2526 5688 2688 5743 mala.
