3978 6194
440 268 544 323 503

1348 267 1405 322 8.
1447 267 1760 325 CYPRIANI
1797 267 2071 361 OPEBUM
2113 268 2283 324 PARS
2323 270 2386 323 Il.
2421 300 2488 310 --
2519 270 2884 327 OPUSCULA.

3684 278 3776 331 504

483 395 732 451 XXVIII.
780 394 1036 464 Denique
1085 396 1300 466 quanto
1342 399 1399 448 et
1438 393 1552 448 ﬁde
1595 394 1841 464 majores
1890 394 1964 464 (t)
2014 398 2070 448 et
2091 394 2317 478 Averis
2378 395 2667 450 doloribus
2724 397 3138 477 exprimentes,
3196 397 3291 452 Dei
3343 398 3777 455 misericordiam

438 488 645 543 timore
690 488 956 542 meliores
997 492 1131 542 sunt
1177 488 1272 559 qui
1312 487 1565 559 quamvis
1612 487 1764 541 nullo
1812 488 2066 542 sacrificii

439 587 536 636 aut
573 580 745 635 libelli
784 580 1040 636 facinore
1082 581 1390 649 constricti,
1434 581 1704 652 quoniam
1754 584 1948 635 tamen
1996 578 2067 635 de
2118 580 2119 583 “

438 675 546 728 hoc
586 674 672 729 vel
714 674 1121 744 cogitaverunt,
1168 675 1276 729 hoc
1321 675 1508 745 ipsum
1553 673 1704 745 apud
1750 675 2069 728 sacerdotes

440 768 535 821 Dei
586 768 845 822 dolenter
894 771 951 821 et
998 767 1327 838 simpliciter
1373 768 1741 837 conﬁtentes,
1780 767 2067 822 exomolo-

441 861 601 931 gesin
628 860 981 915 conscientiae
1019 861 1253 928 faciunt,
1284 860 1463 915 animi
1507 861 1588 914 sui
1633 861 1853 931 pondus
1890 876 2065 930 expo-

439 959 602 1021 nunt,
644 954 955 1008 salutarem
1000 954 1283 1008 medelam
1333 953 1514 1024 parvis
1562 954 1689 1008 licet
1731 957 1791 1007 et
1826 954 2067 1008 modicis

441 1047 768 1102 vulneribus
800 1048 1125 1118 exquirunt,
1159 1046 1399 1101 scientes
1424 1047 1697 1117 scriptum
1735 1063 1888 1101 esse:
1926 1050 2067 1102 Deus

439 1162 549 1200 non
578 1147 856 1201 deridetur
872 1145 1100 1215 (Galat.,
1122 1162 1198 1214 v1,
1218 1149 1293 1216 7).
1319 1144 1565 1199 Derideri
1588 1150 1644 1199 et
1667 1146 2065 1200 circumveniri

443 1241 592 1294 Deus
621 1256 738 1294 non
769 1242 953 1310 potest
982 1255 1087 1293 nec
1122 1239 1324 1292 astutia
1355 1238 1546 1309 aliqua
1584 1238 1814 1292 fallente
1846 1238 2061 1293 deludi.

440 1335 568 1388 Plus
606 1333 722 1388 imo
766 1332 1048 1403 delinquit
1081 1332 1177 1403 qui
1215 1331 1527 1385 secundum
1559 1331 1851 1386 hominem
1881 1333 2064 1387 Deum

2170 487 2563 559 deprecemur.
2592 489 2678 544 Illi
2707 507 2765 544 se
2798 490 2984 545 anima
3011 496 3332 561 prosternat
3356 491 3401 557 ³,
3422 491 3498 545 illi
3529 492 3777 549 maestitia

2168 582 2554 652 satisfaciat",
2597 583 2677 637 illi
2745 600 2872 655 spes
2938 585 3123 638 omnis
3188 584 3498 639 incumbat.
3570 586 3777 656 Rogare

2167 674 2412 744 qualiter
2457 675 2767 731 debeamus
2811 676 2945 731 dicit
2983 677 3105 748 ipse
3135 692 3147 731 :
3178 678 3547 743 Bevertimini,
3585 678 3774 748 inquit,

2165 769 2242 823 ad
2280 783 2363 823 me
2404 785 2470 825 ea:
2515 775 2625 824 toto
2665 771 2823 826 corde
2862 777 3036 826 vestro
3078 770 3174 841 (5),
3224 772 3388 825 simul
3424 775 3474 825 et
3499 771 3699 839 jejunio
3734 779 3779 828 et

2163 864 2288 929 ﬂetu
2341 867 2391 917 et
2435 864 2691 933 planctu,-
2745 870 2794 918 et
2841 865 3069 919 scindite
3116 865 3279 919 corda
3324 871 3536 927 vestra,
3588 871 3637 918 et
3678 882 3777 921 non

2164 957 2479 1011 vestimenta
2514 963 2695 1011 vestra
2741 958 2894 1028 (Joet,
2941 974 2995 1023 ιι,
3041 956 3148 1026 12).
3201 957 3283 1013 Ad
3331 957 3630 1012 Dominum
3668 964 3776 1014 toto

2166 1049 2331 1104 corde
2374 1049 2693 1105 redeamus.
2740 1052 2887 1105 Iram
2936 1054 2992 1105 et
3035 1050 3309 1105 offensam
3365 1050 3487 1120 ejus
3534 1050 3773 1121 jejuniis,

2165 1140 2408 1209 ﬂetibus,
2466 1142 2805 1213 planctibus,
2862 1144 3008 1197 sicut
3067 1143 3345 1198 admonet
3402 1143 3555 1214 ipse,
3608 1146 3775 1215 place-

2165 1251 2311 1288 mus.

2237 1333 2379 1387 XXX.
2431 1333 2753 1388 Lamentari
2809 1350 2939 1389 eum
2994 1339 3259 1406 putamus
3310 1350 3379 1389 ex
3437 1338 3552 1389 toto
3599 1336 3769 1405 corde,

440 1428 692 1499 cogitans
720 1427 956 1481 evadere
985 1442 1041 1481 se
1072 1441 1299 1497 poenam
1334 1424 1585 1479 criminis
1625 1425 1826 1493 credit,
1860 1426 1904 1479 si
1950 1442 2065 1479 non
2159 1424 2412 1495 jejuniis,
2467 1427 2712 1493 ﬂetibus,
2772 1428 3088 1498 planctibus
3131 1428 3436 1483 Dominum
3481 1429 3770 1498 deprecari,

440 1520 627 1591 palam
666 1520 884 1575 crimen
926 1519 1171 1573 admisit.
1220 1517 1474 1573 Christus
1510 1518 1569 1572 in
1614 1518 1911 1589 praeceptis
1950 1519 2064 1573 suis
2166 1519 2261 1590 qui
2310 1537 2380 1573 ex
2427 1521 2612 1592 primo
2664 1520 2914 1575 criminis
2960 1521 3048 1575 dic
3091 1522 3317 1575 lavacra
3365 1520 3617 1592 quotidie
3657 1538 3771 1577 cum

443 1614 624 1669 dicit:
667 1616 773 1680 Qui
814 1615 1071 1680 confusus
1112 1612 1185 1682 (2)
1229 1627 1311 1666 me
1353 1614 1544 1678 fuerit,
1599 1612 1893 1678 confundet
1945 1628 2066 1666 eum
2164 1612 2391 1667 feminis
2423 1613 2496 1684 (6)
2529 1614 2796 1682 celebrat,
2839 1615 2933 1685 qui
2973 1614 3154 1684 epulis
3194 1613 3560 1668 afﬂuentibus
3596 1620 3772 1684 pastus

438 1708 586 1777 ﬁlius
630 1709 858 1762 hominis
904 1707 1120 1775 (Marc.,
1165 1722 1279 1773 Vlll,
1321 1704 1432 1773 38).
1474 1706 1542 1758 Et
1578 1704 1962 1760 Christianum
2007 1721 2134 1778 se“
2166 1710 2221 1762 et
2249 1707 2445 1777 sagina
2478 1706 2719 1778 largiore
2761 1707 3057 1775 distentus,
3086 1706 3399 1762 cruditates
3430 1722 3555 1760 suas
3592 1707 3774 1778 postri-

440 1805 606 1873 putat
646 1801 745 1872 qui
790 1799 1138 1854 Christianus
1186 1815 1307 1852 esse
1357 1801 1454 1852 aut
1497 1797 1863 1853 confunditur
1888 1799 1936 1833 99
1968 1766 2141 1853 autB
2167 1800 2257 1855 die
2288 1804 2490 1868 ructat,
2522 1815 2628 1853 nec
2656 1799 2808 1854 cibos
2848 1803 2906 1854 et
2934 1803 3103 1871 potus
3139 1816 3269 1855 suos
3298 1816 3431 1855 cum
3473 1817 3772 1871 pauperum

438 1894 700 1949 veretur?
725 1892 1024 1958 Quomodo
1053 1896 1240 1963 potest
1275 1908 1395 1945 esse
1430 1907 1560 1945 cum
1597 1890 1816 1948 Christo
1858 1892 1955 1962 qui
1996 1892 2066 1946 ad
2167 1892 2499 1949 necessitate
2530 1893 2949 1948 communicat?
2973 1894 3078 1958 Qui
3118 1894 3316 1948 hilaris
3354 1910 3419 1948 ac
3458 1893 3615 1948 laetus
3643 1893 3774 1948 ince-

438 1988 725 2044 Christum
757 1985 1041 2058 pertinere
1071 1989 1170 2039 aut
1189 1984 1468 2040 erubescit
1490 1983 1681 2057 489
1700 1989 1798 2039 aut
1824 1985 2066 2039 metuit?
2166 1987 2266 2055 dit,
2296 1986 2582 2058 quomodo
2615 1989 2863 2041 mortem
2903 2003 3062 2041 suam
3101 1986 3314 2042 deﬂet?
3340 1988 3596 2057 Cumque
3620 1987 3774 2058 scrip-

439 2082 620 2138 Minus
651 2080 819 2152 plane
848 2079 1163 2150 peccaverit
1197 2094 1313 2133 non
1350 2077 1593 2132 videndo
1625 2078 1791 2143 idola,
1818 2094 1923 2131 nec
1964 2077 2066 2131 sub
2166 2085 2290 2135 tum
2343 2080 2415 2135 sit
2455 2096 2467 2133 :
2522 2083 2642 2137 Non
2694 2083 3043 2149 corrumpetis
3099 2082 3334 2149 effigiem
3386 2080 3563 2134 barbae
3605 2086 3775 2134 vestra:

443 2176 622 2231 oculis
659 2172 1076 2229 circumstantis
1113 2176 1284 2242 atque
1324 2170 1645 2225 insultantis
1674 2170 1867 2242 populi
1910 2186 2067 2225 sauc-
2170 2174 2376 2241 (Leuit,
2419 2189 2529 2241 XIX,
2561 2172 2673 2239 27),
2702 2173 2934 2227 barbam
2975 2172 3131 2227 vellit
3166 2172 3240 2244 (7)
3287 2177 3346 2227 et
3391 2172 3594 2227 faciem
3624 2188 3772 2226 suam

442 2270 665 2325 titatem
719 2266 852 2322 ﬁdei
906 2264 1287 2337 profanando,
1336 2280 1454 2318 non
1504 2263 1813 2334 polluendo
1868 2279 2068 2317 manus
2167 2266 2380 2321 comit?
2419 2267 2487 2320 Et
2530 2267 2754 2337 placere
2801 2282 2953 2321 nunc
3000 2266 3268 2337 cuiquam
3312 2266 3505 2320 studet
3540 2265 3631 2337 qui
3673 2265 3773 2319 Deo

442 2379 571 2417 suas
627 2359 865 2416 funestis
916 2357 1239 2423 sacrificiis,
1294 2372 1399 2410 nec
1445 2356 1731 2411 sceleratis
1781 2355 1918 2411 cibis
1968 2373 2067 2410 ora
2167 2359 2460 2430 displicet?
2495 2360 2581 2414 An
2627 2359 2727 2414 illa
2774 2359 3088 2430 ingemiscit
3127 2364 3184 2413 et
3224 2359 3452 2431 plangit
3496 2359 3584 2413 cui
3627 2361 3769 2412 vacat

443 2454 800 2510 maculanda.
855 2453 967 2506 Hoc
1020 2467 1084 2504 eo
1136 2449 1359 2520 proficit
1406 2453 1465 2503 ut
1517 2449 1589 2502 sit
1640 2449 1830 2503 minor
1877 2449 2063 2520 culpa,

441 2566 557 2603 non
591 2552 652 2602 ut
678 2548 951 2601 innocens
986 2542 1355 2597 conscientia.
1387 2541 1620 2597 Facilius
1662 2546 1844 2612 potest
1877 2542 1951 2596 ad
1980 2559 2067 2597 ve-

442 2643 600 2697 niam
641 2639 894 2694 criminis
931 2636 1249 2708 pervenire.
1282 2636 1403 2690 Non
1442 2638 1526 2690 est
1562 2640 1753 2689 tamen
1793 2636 2067 2690 immunis

442 2753 475 2789 a
505 2734 763 2789 crimine.
793 2734 901 2786 Nec
943 2735 1127 2785 cesset
1168 2729 1227 2783 in
1270 2729 1495 2799 agenda
1532 2729 1863 2799 paenitentia
1894 2732 2064 2801 atque

440 2829 499 2883 in
528 2826 750 2882 Domini
778 2822 1157 2880 misericordia
1188 2822 1566 2892 deprecanda,
1601 2839 1671 2876 ne
1698 2822 1850 2892 quod
1874 2823 2066 2876 minus

441 2940 555 2977 esse
584 2922 640 2975 in
678 2919 949 2992 qualitate
976 2916 1166 2972 delicti
1198 2917 1216 2950 ι
1246 2916 1483 2984 videtur,
1517 2916 1574 2969 in
1611 2916 1868 2986 neglecta
1911 2917 2066 2971 satis-

435 3016 680 3070 factione
709 3012 1048 3068 cumulatur.

2167 2452 2383 2506 cultum
2428 2453 2699 2523 pretiosae.
2742 2452 2906 2507 vestis
2952 2452 3192 2506 induere
3243 2468 3349 2507 nec
3392 2452 3771 2506 indumentum

2169 2544 2361 2618 490
2399 2545 2603 2601 Christi
2631 2546 2779 2616 quod
2809 2545 3049 2616 perdidit
3078 2546 3351 2616 cogitare,
3382 2546 3630 2616 accipere
3660 2561 3773 2615 pre-

2169 2640 2310 2693 tiosa
2343 2642 2681 2693 ornamenta
2722 2644 2777 2692 et
2816 2638 3046 2693 monilia
3086 2638 3377 2693 elaborata
3402 2641 3444 2706 ‘,
3474 2655 3577 2692 nec
3618 2637 3771 2692 divini

2167 2739 2223 2787 et
2267 2732 2504 2786 caelestis
2549 2738 2785 2786 ornatus
2832 2732 3038 2786 damna
3082 2730 3334 2785 deﬂere?
3381 2733 3481 2799 Tu,
3536 2731 3657 2785 licet
3700 2731 3771 2785 in-

2167 2826 2437 2880 dumenta
2476 2825 2783 2896 peregrina
2826 2830 2882 2879 et
2923 2828 3100 2879 vestes
3135 2826 3344 2879 sericas
3385 2825 3604 2891 induas,
3638 2823 3772 2878 nuda

2168 2935 2248 2973 es.
2276 2921 2429 2973 Auro
2477 2923 2532 2973 te
2570 2918 2703 2973 licet
2738 2921 2797 2972 et
2824 2918 3149 2989 margaritis
3189 2919 3547 2990 gemmisque
3589 2917 3769 2972 conde-

2166 3028 2349 3081 cores,
2404 3012 2531 3066 sine
2579 3011 2785 3069 Christi
2838 3012 3045 3067 decore
3100 3011 3376 3067 deformis
3423 3030 3502 3067 es.
3559 3013 3622 3065 Et
3658 3026 3768 3081 qua:

512 3112 685 3168 XXIX.
711 3110 1101 3165 Conﬁteantur
1129 3107 1359 3178 singuli,
1387 3122 1578 3178 quaeso
1605 3123 1723 3173 vos,
1757 3108 1958 3160 fratres
1990 3108 2063 3175 (3)
2088 3125 2142 3198 Ο
2168 3106 2394 3177 capillos
2433 3111 2559 3160 tuos
2596 3105 2795 3172 inﬁcis,
2839 3106 2927 3161 vel
2968 3121 3117 3159 nunc
3152 3105 3210 3159 in
3236 3105 3528 3161 doloribus
3562 3104 3765 3170 desine;

444 3202 818 3270 dilectissimi,
858 3202 1129 3256 delictum
1160 3217 1346 3267 suum,
1388 3199 1526 3254 dum
1567 3199 1753 3254 adhuc
1794 3199 1891 3270 qui
1935 3201 2068 3254 deli-

442 3300 568 3370 quit
603 3299 662 3352 in
689 3296 893 3350 saeculo
933 3300 1035 3361 est,
1086 3294 1222 3347 dum
1266 3293 1489 3347 admitti
1536 3293 1812 3346 confessio
1846 3292 1916 3361 (4)
1948 3294 2069 3363 ejus

443 3394 650 3464 potest,
681 3389 821 3443 dum
854 3386 1153 3443 satisfactio
1182 3389 1239 3440 et
1276 3385 1536 3440 remissio
1566 3386 1715 3440 facta
1745 3402 1849 3455 per
1890 3402 2068 3440 sacer-

442 3487 600 3540 dotes
641 3483 791 3553 apud
831 3480 1143 3535 Dominum
1186 3484 1346 3551 grata
1397 3484 1498 3534 est.
1547 3480 1961 3534 Convertamur
1997 3479 2066 3533 ad

445 3577 753 3635 Dominum
813 3579 1002 3630 mente
1058 3576 1203 3641 tota;
1260 3578 1316 3628 et
1365 3572 1760 3644 paenitentiam
1815 3572 2066 3628 criminis

2171 3205 2228 3254 et
2266 3215 2396 3270 quae
2426 3199 2575 3269 nigri
2605 3198 2851 3269 pulveris
2878 3198 3052 3253 ductu
3086 3200 3106 3232 ⁵
3134 3199 3431 3254 oculorum
3472 3198 3769 3252 liniamenta

2168 3293 2452 3363 depingis,
2496 3292 2583 3347 vel
2629 3308 2778 3346 nunc
2814 3292 3076 3362 lacrymis
3120 3293 3310 3346 oculos
3353 3299 3480 3347 tuos
3507 3291 3680 3345 ablue.
3718 3288 3767 3342 Si

2168 3401 2343 3457 quem
2375 3386 2445 3440 de
2481 3386 2591 3440 tuis
2627 3385 2864 3439 charum
2896 3385 2917 3420 ⁸
2949 3384 3315 3439 mortalitatis
3346 3384 3501 3439 exitu
3525 3382 3768 3455 perdidis-

2167 3496 2279 3549 ses,
2318 3478 2718 3550 ingemiseeres
2757 3478 3017 3533 dolenter
3058 3483 3114 3532 et
3150 3478 3339 3547 ﬂeres,
3384 3477 3525 3533 facie
3559 3475 3765 3539 inculta,

2166 3577 2318 3627 veste
2366 3577 2604 3635 mutata,
2647 3572 2904 3643 neglecto
2953 3571 3177 3642 capillo,
3226 3572 3384 3626 vultu
3435 3569 3637 3636 nubilo,
3682 3582 3765 3621 ore

1724 3805 1726 3809 ν
1810 3764 2021 3829 Variae
2076 3766 2414 3831 lectiones.

506 3932 548 3963 θ’
583 3933 696 3983 Aut
718 3930 857 3980 deest
883 3932 933 3978 in
966 3930 1124 3979 Oxon.
1193 3930 1208 3960 ¹
1238 3927 1421 3979 Minus
1440 3939 1563 3978 esse
1587 3927 1773 3978 delicti
1801 3928 1942 3976 Lam.
1970 3925 2122 3976 Ebor.
2155 3926 2267 3977 ΝΟ.
2296 3928 2340 3976 1.
2373 3925 2498 3975 Bod.
2533 3927 2582 3976 2.
2614 3927 2729 3976 Len.
2796 3927 2816 3956 ³
2849 3925 2934 3975 Illi
2965 3937 3024 3974 se
3066 3927 3379 3988 prosternat
3414 3925 3527 3974 Ben.
3593 3927 3608 3955 ³
3633 3920 3764 3970 Illius

445 4003 718 4068 majestati
760 3999 1063 4051 satisfaciat
1121 3999 1253 4068 Voss.
1290 3999 1335 4068 in.
1402 3997 1424 4027 ⁴
1453 3996 1722 4048 Laborata
1767 3997 1898 4060 Lips.
1934 3997 2147 4047 Gronov.
2177 4011 2241 4046 ex
2275 3996 2427 4048 codd.
2473 4011 2589 4046 mss.
2660 3998 2677 4028 ⁵
2710 3997 2872 4059 Nigro
2906 3996 3150 4059 pulveris
3192 3994 3367 4046 ductu
3412 3996 3519 4045 Ver.
3555 3991 3765 4043 Inducta

446 4075 582 4126 Pem.
650 4073 671 4105 ⁸
695 4073 781 4124 Sic
807 4070 953 4122 codd.
981 4083 1171 4119 novem.
1204 4067 1360 4119 Caris
1386 4068 1542 4117 Oxon.

1746 4228 1971 4311 Steph.
2013 4229 2259 4293 Baluzii
2306 4235 2499 4294 natm.

516 4399 578 4462 (1)
626 4398 753 4449 Fide
803 4398 1047 4461 majores.
1096 4393 1327 4445 Veteres
1363 4393 1660 4456 editiones,
1703 4392 1897 4445 decem
1951 4394 2079 4445 libri

2179 4410 2291 4446 non
2318 4396 2643 4447 admittitur.
2678 4395 3097 4460 Exomologesis
3123 4395 3269 4460 apud
3313 4396 3515 4447 inferos
3541 4406 3644 4443 non
3680 4391 3761 4448 est,

449 4472 645 4531 nostri,
689 4473 746 4519 et
791 4481 889 4518 sex
945 4465 1241 4529 Anglicani
1289 4464 1593 4528 prmfemnt
1631 4463 1732 4527 ﬁde
1779 4466 1982 4528 majore
2029 4469 2152 4531 et“
2182 4472 2239 4518 ut
2265 4468 2340 4516 ait
2370 4466 2698 4531 Cyprianus.
2728 4466 2869 4517 Vide
2892 4468 3217 4517 Pamelium.

448 4508 645 4592 ἦῖιῖἇὲἓ
680 4508 907 4590 sua};
945 4508 2075 4599 ’Aii‘i";;;aeaa"{a"assuetam;
2096 4508 2155 4580 D
2185 4508 2726 4598 "vetustate.
2750 4508 3310 4589 ’ἁόἇὲἱῑῖἧὶἕεέἑωε
3335 4536 3484 4588 addit
3516 4540 3560 4586 et
3581 4547 3641 4584 ea:
3672 4534 3763 4580 tota

446 4613 554 4663 nisi
606 4611 757 4676 quod
804 4612 862 4661 in
916 4609 1026 4659 illis
1078 4608 1346 4671 scriptum
1389 4609 1473 4657 est
1514 4604 1772 4656 meliores.
1825 4606 2078 4670 Quatuor

445 4683 657 4735 habent
696 4684 939 4746 majores.
985 4680 1242 4743 Epitome
1281 4678 1572 4740 Lactantii,
1605 4690 1726 4741 cap.
1771 4678 1834 4729 43
1868 4694 1879 4727 :
1913 4694 1943 4727 ‹‹
1985 4679 2078 4728 In-

446 4757 599 4819 grato
629 4754 836 4817 populo
870 4751 939 4802 ab
962 4750 1288 4800 haeditate
1315 4748 1592 4811 submoto,
1621 4748 1786 4799 aliam
1825 4749 1932 4799 sibi
1960 4749 2076 4812 ple-

445 4827 570 4877 bem
594 4824 899 4875 ﬁdeliorem
928 4822 996 4872 de
1020 4821 1223 4871 exteris
1252 4819 1513 4883 gentibus
1544 4824 1924 4884 congregaret.
1954 4834 1983 4867 ›>

510 4898 572 4960 (2)
606 4896 705 4958 Qui
734 4895 1007 4955 confusus.
1044 4891 1123 4941 Ita
1158 4893 1373 4941 veteres
1408 4889 1679 4940 editiones
1717 4894 1774 4940 et
1810 4888 2075 4940 tredecim

446 4967 574 5017 libri
621 4970 850 5016 veteres.
902 4964 1037 5014 Tres
1092 4961 1183 5011 alii
1237 4960 1485 5011 habent:
1545 4961 1646 5022 Qui
1692 4960 1950 5021 confusus
1999 4974 2078 5009 me

447 5037 626 5101 fuerit,
653 5034 983 5098 confundam
1009 5038 1056 5083 et
1101 5045 1191 5096 ego
1242 5045 1359 5082 eum
1412 5044 1594 5101 coram
1638 5032 1797 5101 Patre
1837 5045 1949 5081 meo
1987 5033 2079 5095 qui

447 5099 505 5156 in
553 5106 693 5157 cretis
733 5111 821 5157 est.
869 5104 1183 5165 Beccensis,
1226 5102 1321 5163 Qui
1364 5099 1610 5162 confusus
1656 5100 1813 5163 fuerit
1861 5114 1941 5149 me
1986 5112 2080 5149 σος-

448 5192 568 5227 ram
617 5176 932 5235 hominibus,
980 5175 1282 5239 confundet.
1330 5173 1555 5233 Contra,
1596 5173 1652 5221 in
1696 5172 1819 5221 aliis
1859 5170 2079 5221 duobus

449 5249 717 5312 scriptum
773 5251 899 5299 est:
958 5248 1061 5308 Qui
1122 5260 1200 5295 me
1242 5244 1503 5307 confessus
1547 5242 1708 5306 fuerit
1754 5241 2081 5305 conﬁtebitur

449 5334 563 5368 eum
620 5319 787 5368 Filius
833 5318 1073 5368 hominis.
1124 5316 1217 5366 Sic
1269 5316 1435 5365 etiam
1487 5327 1655 5377 supra
1703 5314 1860 5376 epist.
1910 5314 1957 5363 9.
2009 5315 2080 5363 At

449 5390 618 5440 lectio
662 5402 789 5453 qua:
815 5390 985 5439 habet
1028 5389 1130 5451 Qui
1168 5386 1418 5449 confusus
1460 5388 1639 5435 exstat
1685 5385 1852 5434 etiam
1894 5398 2077 5447 supra,

451 5462 609 5524 epist.
655 5461 733 5511 63.
782 5461 901 5525 Ego
945 5464 1080 5524 puto
1129 5458 1275 5508 hanc
1331 5456 1761 5520 discrepantiam
1813 5468 1934 5506 esse
1975 5456 2077 5504 im-

449 5532 752 5597 putandam
783 5531 1078 5582 temeritati
1104 5530 1475 5579 librariorum.
1894 5552 1901 5563 σ

515 5603 584 5665 (3)
641 5605 819 5665 Quaeso
866 5615 975 5657 vos.
1031 5601 1245 5664 fratres.
1304 5600 1433 5653 Post
1481 5598 1585 5649 ista
1641 5596 1979 5662 sequebatur
2020 5597 2078 5646 iu

452 5676 593 5726 libro
648 5677 999 5727 Veronensi:
1056 5674 1384 5738 Conﬁtentur
1434 5674 1795 5736 unusquisque
1837 5670 2079 5721 delictum

451 5760 621 5798 suum.

511 5820 576 5883 (4)
637 5821 773 5871 Dum
825 5819 1033 5871 admitti
1101 5816 1373 5882 confessio.
1435 5816 1563 5866 Post
1632 5819 1867 5866 mortem
1929 5812 2080 5865 enim

2178 4610 2361 4658 anima
2382 4613 2575 4658 vestra.

2243 4680 2310 4741 (6)
2364 4679 2491 4729 Cum
2541 4679 2775 4740 feminis.
2827 4679 2909 4728 Ita
2956 4692 3151 4730 omnes
3202 4678 3471 4729 editiones
3522 4678 3638 4727 ante
3672 4672 3762 4721 Pa—

2176 4750 2491 4800 melianam.
2521 4750 2801 4801 Pamelius
2836 4750 3022 4813 itaque
3052 4751 3321 4814 expunxit
3344 4749 3443 4799 has
3466 4759 3636 4803 voces,
3664 4748 3762 4791 tum

2178 4821 2309 4883 quia
2350 4820 2472 4869 illas
2510 4833 2624 4869 non
2674 4818 2981 4882 reperiebat
3022 4820 3076 4868 in
3119 4820 3236 4868 suis
3279 4818 3560 4870 codicibus
3595 4823 3762 4864 manu-

2177 4891 2433 4955 scriptis,
2489 4895 2606 4940 tum
2665 4891 2793 4954 quia
2851 4890 2917 4939 iis
2975 4903 3116 4953 opus
3174 4904 3287 4940 non
3347 4904 3467 4940 esse
3519 4884 3759 4938 credebat.

2180 4961 2327 5012 Sane
2375 4960 2576 5011 desunt
2628 4962 2685 5009 in
2744 4960 3010 5011 tredecim
3064 4963 3283 5011 nostris.
3330 4962 3532 5012 Verum
3574 4955 3763 5008 exstant

2180 5033 2235 5082 in
2266 5033 2389 5083 aliis
2418 5032 2737 5096 quindecim
2780 5035 2834 5082 et
2878 5033 2934 5080 in
2978 5046 3092 5083 uno
3121 5033 3441 5098 Anglicano.
3484 5032 3594 5081 Non
3626 5023 3761 5098 video

2180 5108 2362 5154 autem
2393 5094 2493 5154 cur
2531 5103 2771 5167 expungi
2814 5101 3070 5160 debeant.
3114 5094 3245 5154 cum
3275 5104 3486 5154 videam
3526 5110 3691 5162 supra.
3715 5094 3762 5141 ίη

2178 5173 2321 5225 libre
2361 5173 2423 5222 de
2470 5173 2663 5223 Habitu
2726 5173 3018 5236 Virginum,
3070 5173 3269 5224 balnea
3316 5173 3614 5237 promiscua
3651 5175 3761 5237 eum

2179 5244 2317 5294 viris
2364 5248 2417 5294 et
2475 5244 2700 5295 feminis
2764 5243 3021 5294 interdici
3069 5236 3389 5308 virginibus.
3444 5243 3581 5292 Hinc
3633 5236 3760 5308 enim

2180 5315 2460 5379 colligitur
2517 5314 2753 5364 feminas
2814 5315 2999 5364 lavare
3056 5306 3411 5366 consuevisse
3462 5326 3584 5365 cum
3631 5306 3756 5357 viris.

2179 5386 2321 5436 Vide
2348 5389 2509 5436 notas
2534 5385 2603 5435 ad
2631 5385 2835 5435 librum
2868 5386 2931 5435 de
2966 5385 3448 5450 HabituVirginum.

2247 5457 2308 5520 (7)
2365 5456 2600 5507 Barbam
2651 5455 2812 5505 vellit.
2870 5456 3013 5507 Vide
3067 5456 3161 5506 lib.
3221 5470 3277 5507 ni
3341 5450 3759 5520 Testimoniomm:

2180 5518 2301 5591 cap.
2354 5529 2455 5587 θη
2510 5527 2847 5599 Savaronem
2901 5531 2955 5578 et
3004 5527 3358 5579 Sirmondum
3397 5525 3466 5575 ad
3506 5518 3757 5599 :Sidoniuttz

2179 5600 2278 5650 lib.
2306 5612 2385 5660 iv,
2436 5599 2592 5662 epist.
2620 5598 2700 5648 '24.
2729 5598 2867 5649 Vide
2897 5599 3061 5648 etiam
3107 5598 3455 5649 Franciscum
3496 5595 3758 5652 Georgium

2180 5671 2458 5721 Venetam
2500 5670 2557 5719 in
2605 5669 2747 5718 libro
2795 5670 2857 5720 de
2902 5671 3201 5719 Harmonia
3248 5668 3441 5727 mundi,
3489 5662 3756 5727 canticotl.

2181 5755 2302 5805 cap.
2355 5741 2405 5800 6,
2461 5744 2514 5790 et
2566 5744 2727 5790 notas
2780 5746 2999 5792 nostras
3052 5742 3122 5793 ad
3174 5741 3480 5793 Gratianum
3532 5733 3644 5783 dist.
3689 5725 3753 5784 22.

2180 5826 2300 5878 cap.
2334 5810 2617 5877 Prohibete,
2647 5825 2769 5878 pag.
2793 5812 2903 5864 453.
