3978 6194
203 247 288 297 505
1540 239 1738 294 LIBER
1775 237 1864 294 DE
1903 238 2147 294 LAPSIS.

3421 243 3523 296 506

197 365 394 433 dejecta
425 363 629 417 indicia
659 362 918 416 mmroris
949 362 1290 416 ostenderes.
1320 361 1582 416 Animam
1616 365 1792 426 tuam,
1817 371 1875 444 Α
1896 361 2035 414 scite
2081 359 2401 415 salubribus
2444 361 2734 427 remediis,
2783 361 3032 416 consiliis
3061 361 3284 416 obedite
3323 363 3522 418 melio-

195 457 376 510 misera
412 457 452 522 ⁷,
502 456 823 526 perdidisti,
883 455 1210 525 spiritaliter
1267 457 1494 509 mortua
1546 455 1796 525 supervi-

192 567 302 604 vere
331 549 418 603 hic
447 549 548 603 tibi
578 556 637 602 et
663 550 781 618 ipsa
821 548 1118 602 ambulans
1154 547 1328 602 funus
1369 552 1528 602 tuum
1567 550 1795 617 portare

189 644 412 712 caspisti;
455 649 657 697 etnon
696 642 898 696 acriter
936 642 1182 712 plangis,
1223 658 1336 696 non
1375 642 1595 712 jugiter
1635 640 1796 711 inge-

189 737 377 804 miscis,
424 753 540 790 non
578 741 632 790 te
671 737 753 789 vel
805 736 1024 806 pudore
1069 735 1324 790 criminis
1368 736 1453 790 vel
1502 735 1794 789 continua-

185 831 320 883 tione
361 829 786 884 lamentationis
826 828 1152 884 abscondis!
1187 831 1325 883 Ecce
1368 830 1567 899 pejora
1607 829 1793 883 adhuc

184 923 432 995 peccandi
463 927 697 978 vulnera
732 925 829 994 (8),
861 939 989 977 ecce
1024 924 1240 992 majora
1271 923 1497 989 delicta,
1529 939 1792 993 peccasse

182 1033 269 1070 nec
293 1017 623 1071 satisfacere
656 1017 754 1086 (9),
784 1017 1083 1086 deliquisse
1112 1031 1216 1069 nec
1243 1015 1449 1070 delicta
1476 1016 1701 1069 deflere.

239 1111 399 1165 XXXI.
449 1111 732 1177 Ananiae,
792 1109 1045 1174 Azarias,
1113 1108 1378 1173 Misahel,
1433 1109 1680 1164 illustres
1729 1126 1791 1163 ac

181 1203 378 1258 nobiles
423 1203 606 1273 pueri,
661 1202 964 1273 quominus
1017 1202 1440 1273 exomologesin
1491 1204 1601 1256 Deo
1645 1202 1792 1256 face-

182 1305 292 1352 rent
321 1313 421 1351 nec
451 1297 601 1350 inter
630 1297 888 1350 ﬂammas
909 1301 964 1350 et
983 1296 1190 1350 camini
1213 1296 1574 1350 exaestuantis
1602 1297 1790 1350 incen-

182 1391 259 1444 dia
286 1391 640 1460 quieverunt.
676 1390 824 1444 Bene
864 1389 968 1442 sibi
1005 1389 1138 1443 licet
1163 1389 1370 1444 conscii
1398 1393 1453 1443 et
1485 1390 1789 1444 Dominum

179 1483 292 1538 ﬁdei
336 1500 398 1536 ac
439 1482 659 1537 timoris
701 1483 970 1552 obsequio
1018 1498 1168 1552 srepe
1215 1484 1535 1552 promeriti,
1565 1484 1790 1537 humili-

181 1579 337 1630 tatem
364 1579 564 1630 tamen
593 1581 786 1630 tenere
816 1583 871 1631 et
891 1576 1130 1630 Domino
1158 1576 1476 1630 satisfacere
1508 1592 1612 1630 nec
1641 1577 1789 1630 inter

181 1669 284 1739 ipsa
330 1670 580 1739 gloriosa
633 1669 903 1724 virtutum
961 1685 1193 1723 suarum
1241 1669 1515 1740 martyria
1566 1670 1788 1724 destite-

179 1767 310 1816 runt.
371 1763 649 1833 Loquitur
700 1763 991 1834 Scriptura
1043 1762 1230 1816 divina
1276 1779 1288 1816 :

179 1859 390 1910 Azurias
424 1863 685 1926 precatus
717 1862 814 1925 est,
842 1862 891 1912 et
928 1860 1139 1926 aperuit
1181 1871 1238 1910 os
1283 1872 1441 1911 suum
1482 1864 1532 1911 et
1576 1871 1782 1911 emomo-

180 1951 354 2017 logesin
407 1952 654 2016 faciebat
707 1954 811 2005 Deo
859 1952 1023 2004 simul
1071 1966 1187 2004 cum
1233 1950 1512 2004 sodalibus
1569 1952 1680 2004 suis
1727 1952 1786 2003 in

177 2043 326 2096 medio
371 2047 515 2112 ignis
566 2047 749 2114 (Dan.,
808 2060 887 2111 Ill,
942 2044 1056 2110 25).
1116 2043 1304 2097 Daniel
1355 2058 1612 2112 quoque,
1660 2045 1787 2112 post

177 2135 287 2188 ﬁdei
331 2140 506 2206 atque
557 2137 900 2191 innocentia:
946 2152 1061 2189 sum
1106 2135 1473 2206 multiplicem
1520 2135 1782 2205 gratiam,

177 2234 282 2298 post
320 2229 723 2299 dignationem
766 2229 992 2284 Domini
1019 2227 1168 2282 circa
1209 2229 1447 2282 virtutes
1485 2245 1548 2282 ac
1588 2228 1785 2281 laudes

176 2338 287 2375 suas
336 2339 484 2392 saepe
540 2322 882 2393 repetitam,
936 2321 1173 2392 jejuniis
1225 2322 1410 2376 adhuc
1465 2321 1784 2392 promereri

177 2415 334 2468 Deum
363 2415 590 2480 nititur,
632 2416 688 2468 in
726 2431 882 2469 sacco
922 2415 1028 2480 (10)
1073 2415 1214 2468 etin
1255 2416 1441 2469 cinere
1480 2416 1780 2482 volutatur,

178 2509 577 2578 exomologesin
623 2509 833 2562 faciens
870 2509 1130 2563 dolenter
1168 2512 1225 2562 et
1262 2508 1496 2562 dicens:
1528 2511 1784 2562 Dominus

179 2603 294 2655 Deus
322 2618 557 2671 magnus
583 2607 635 2655 et
661 2604 824 2668 fortis
857 2607 906 2655 et
944 2602 1280 2662 metuendus,
1321 2604 1414 2670 qui
1449 2617 1629 2655 servas
1670 2604 1780 2670 (11)

176 2697 535 2749 testamentum
588 2700 738 2748 tuum
795 2702 842 2748 et
892 2697 1260 2749 miserationes
1310 2697 1383 2748 eis
1422 2697 1518 2763 qui
1563 2700 1611 2747 te
1658 2695 1782 2748 dili-

175 2791 289 2854 gunt
317 2793 364 2841 et
390 2793 711 2841 conservant
753 2786 932 2858 491
990 2790 1215 2858 imperia
1256 2795 1385 2852 tua;
1422 2789 1777 2856 peccavimus,

175 2880 364 2942 facinus
417 2883 761 2943 admisimus,
820 2883 977 2951 impii
1029 2883 1261 2947 fuimus,
1324 2883 1645 2949 transgressi
1694 2895 1780 2934 su-

1335 1736 1524 1824 Stans,
1581 1762 1783 1833 inquit,
1809 1736 1863 1807 Β

1897 454 2084 520 ribus;
2127 470 2255 508 cum
2291 455 2560 524 lacrymis
2598 455 2802 508 nostris
2841 459 3053 510 vestras
3083 456 3357 526 lacrymas
3389 458 3520 527 jun-

1898 549 2036 618 gite,
2065 565 2192 602 cum
2219 555 2414 604 nostro
2447 550 2663 619 gemitu
2704 555 2915 603 vestros
2951 551 3199 619 gemitus
3236 553 3515 621 copulate.

1897 643 2181 713 Rogamus
2210 659 2328 709 vos,
2358 646 2424 696 ut
2451 659 2551 712 pro
2580 642 2734 696 vobis
2769 646 2946 696 Deum
2973 660 3175 713 rogare
3210 646 3512 715 possimus.

1895 737 2096 790 Preces
2140 736 2290 807 ipsas
2337 737 2406 790 ad
2447 752 2540 790 vos
2579 735 2735 806 prius
2766 735 3061 804 vertimus,
3090 738 3292 808 quibus
3332 740 3516 793 Deum

1895 847 1998 900 pro
2025 829 2180 884 vobis
2208 833 2273 884 ut
2299 831 2637 885 misereatur
2662 845 2907 886 oramus.
2939 831 3100 901 Agite
3126 833 3517 902 paenitentiam

1895 925 2157 994 plenam,
2215 924 2464 978 dolentis
2519 941 2582 977 ac
2633 923 2993 978 lamentantis
3045 925 3222 978 animi
3283 927 3516 995 probate

1894 1016 2245 1071 maestitiam.

1963 1111 2182 1164 XXXIII.
2233 1111 2342 1164 Nec
2383 1126 2476 1163 vos
2536 1110 2915 1180 quorumdam
2962 1113 3181 1164 moveat
3222 1114 3320 1164 aut
3361 1127 3519 1166 error

1891 1203 2242 1274 improvidus
2277 1208 2375 1257 aut
2417 1207 2615 1273 stupor
2655 1219 2855 1271 vanus,
2888 1204 3006 1274 qui,
3049 1220 3176 1257 cum
3216 1206 3518 1258 teneantur

1891 1297 1947 1350 in
1980 1302 2098 1351 tam
2134 1297 2291 1368 gravi
2321 1296 2560 1350 crimine
2597 1296 2730 1366 (I3),
2762 1297 3013 1366 percussi
3044 1301 3176 1351 sunt
3199 1297 3377 1350 animi
3415 1314 3519 1352 cae-

1890 1392 2098 1458 citate,
2153 1395 2214 1445 ut
2265 1406 2369 1444 nec
2427 1389 2753 1459 intelligant
2803 1389 3004 1444 delicta
3058 1406 3164 1444 nec
3216 1391 3515 1461 plangant.

1890 1485 2239 1554 Indignantis
2283 1484 2379 1539 Dei
2427 1483 2611 1553 major
2651 1483 2768 1536 haec
2814 1483 2977 1553 plaga
3021 1486 3124 1551 est,
3156 1484 3297 1538 sicut
3343 1485 3516 1556 scrip-

1890 1581 2011 1631 tum
2052 1581 2136 1632 est
2169 1593 2182 1630 :
2210 1579 2279 1631 Et
2322 1577 2471 1631 dedit
2509 1577 2620 1630 illis
2657 1579 2793 1630 Deus
2834 1578 3062 1644 spiritus
3111 1580 3513 1646 transpunctio-

1887 1674 1972 1726 nis
2012 1672 2162 1742 (Isa.,
2209 1686 2351 1736 xxxx,
2399 1669 2505 1739 10).
2553 1671 2620 1722 Et
2660 1669 2866 1723 iterum
2907 1686 2919 1722 :
2965 1670 3224 1724 Dilectum
3269 1673 3515 1725 veritatis

1886 1781 1990 1820 non
2032 1769 2340 1834 receperunt
2380 1770 2442 1816 ut
2477 1766 2616 1818 salvi
2653 1766 2874 1830 ﬁerent;
2917 1778 2978 1816 ac
3016 1767 3300 1832 propterea
3342 1767 3516 1819 mittet

1885 1860 1996 1913 illis
2037 1861 2175 1913 Deus
2207 1860 2568 1926 operationem
2605 1860 2820 1918 erro-ris,
2860 1862 2918 1910 ut
2955 1857 3181 1910 credant
3211 1858 3510 1919 mendacio,

1885 1959 1945 2006 ut
1961 1953 2276 2020 judicentur
2305 1967 2483 2006 omnes
2513 1953 2610 2020 qui
2636 1966 2742 2004 non
2779 1950 3117 2004 crediderunt
3143 1952 3380 2015 veritati,
3419 1951 3514 2003 sed

1885 2046 1991 2122 sibi
2023 2047 2238 2114 placent
2278 2048 2337 2098 in
2372 2045 2643 2113 iujustitiu
2681 2046 2746 2111 (ll
2794 2044 2994 2104 Thess,
3043 2059 3096 2108 u,
3146 2042 3252 2109 10).
3301 2042 3510 2112 Iujuste

1887 2138 1989 2193 sibi
2042 2139 2324 2208 placentes
2373 2141 2430 2190 et
2479 2141 2859 2206 transpunctae
2913 2134 3119 2189 mentis
3167 2135 3511 2190 alienatione

1887 2232 2186 2286 dementes
2214 2230 2448 2284 Domini
2472 2235 2756 2300 pracepta
2793 2231 3185 2295 contemnunt,
3229 2228 3508 2282 medelam

1883 2325 2129 2379 vulneris
2177 2323 2478 2394 negligunt
2521 2323 2564 2388 9,
2616 2338 2787 2392 agere
2839 2321 3233 2391 paenitentiam
3284 2323 3506 2376 nolunt.

1883 2421 2026 2472 Ante
2078 2417 2388 2470 admissum
2445 2416 2666 2470 facinus
2718 2414 3052 2486 improvidi,
3115 2419 3240 2484 post
3291 2415 3510 2468 facinus

1884 2511 2170 2574 obstinati,
2212 2525 2314 2564 nec
2361 2510 2516 2580 prius
2563 2508 2810 2576 stabiles,
2843 2524 2946 2561 nec
2976 2507 3341 2579 postmodum
3381 2523 3510 2577 sup-

1882 2605 2076 2676 plices.
2109 2604 2346 2668 Quando
2377 2603 2690 2657 debuerant
2728 2608 2896 2666 stare,
2919 2602 3252 2671 jacuerunt;
3282 2601 3508 2671 quando

1881 2699 2064 2767 jacere
2098 2701 2154 2751 et
2189 2703 2554 2767 prosternere
2583 2713 2639 2749 se
2679 2697 2791 2749 Deo
2831 2695 3056 2762 debent,
3099 2700 3245 2746 stare
3291 2710 3348 2746 se
3391 2695 3510 2764 opi-

1883 2794 2108 2845 nantur.
2134 2793 2336 2845 Pacem
2363 2789 2468 2843 sibi
2498 2789 2641 2842 ultro
2665 2788 2894 2842 nemine
2925 2787 3093 2841 dante
3120 2791 3502 2856 sumpserunt.

1881 2884 2038 2940 Falsa
2085 2883 2492 2956 pollicitatione
2539 2883 2750 2936 seducti
2791 2886 2846 2935 et
2883 2880 3154 2950 apostatis
3188 2896 3250 2933 ac
3276 2878 3506 2950 perﬁdis

176 2987 291 3033 mus,
317 2989 376 3026 ac
402 2975 735 3028 deseruimus
761 2979 1027 3044 pracepta
1063 2980 1158 3028 tua
1191 2979 1242 3028 et
1262 2974 1479 3042 judicia
1515 2979 1640 3039 tua;
1671 2989 1778 3026 non
1872 2978 2078 3047 juncti,
2111 2992 2362 3030 errorem
2402 2992 2508 3046 pro
2549 2975 2783 3028 veritate
2820 2973 3149 3044 suscipiunt.
3179 2971 3506 3028 Communi-

177 3066 455 3120 audivimus
522 3067 682 3120 verba
742 3082 1036 3136 puerorum
1107 3072 1319 3121 tuorum
1386 3067 1777 3136 Prophetarum
1801 3095 1854 3168 Ο
1881 3070 2162 3124 cationem
2204 3067 2395 3140 492
2447 3085 2562 3122 non
2600 3069 3142 3122 communicantium
3181 3071 3365 3120 ratam
3405 3066 3505 3119 du-

177 3173 274 3224 que:
309 3160 466 3213 locuti
510 3164 638 3213 sunt
674 3163 732 3213 in
773 3163 982 3215 nomine
1015 3167 1104 3214 tuo
1134 3176 1295 3230 super
1331 3176 1478 3227 reges
1502 3167 1706 3214 nostros
1732 3166 1780 3214 et

179 3265 331 3306 omnes
365 3260 552 3319 gentes
582 3261 631 3306 et
661 3269 819 3322 super
859 3269 1057 3308 omnem
1100 3261 1318 3308 terram.
1364 3253 1499 3321 Tibi,
1541 3255 1777 3314 Domine,

169 3343 360 3409 justitiu
408 3347 427 3380 δ
487 3347 623 3416 (12),
689 3349 841 3401 nobis
901 3352 1077 3401 autem
1142 3348 1382 3413 confusio
1446 3349 1630 3416 (Dan.,
1699 3361 1776 3411 ιχ,

179 3436 288 3503 4-7).
1332 3495 1340 3504 ,

234 3531 411 3588 XXXII.
462 3534 597 3586 Haec
639 3533 825 3599 mites,
878 3533 997 3586 haec
1022 3533 1322 3603 simplices,
1353 3533 1474 3586 haec
1512 3533 1778 3586 innocen-

179 3631 244 3677 tes
276 3626 326 3678 in
365 3626 756 3696 promerenda
780 3626 880 3680 Dei
907 3626 1196 3695 majestate
1226 3626 1512 3692 fecerunt;
1548 3631 1603 3679 et
1628 3642 1777 3679 nunc

179 3718 464 3774 satisfacere
504 3724 558 3773 et
593 3720 891 3774 Dominum
934 3735 1138 3789 rogare
1181 3719 1497 3774 detrectant
1540 3719 1636 3789 qui
1680 3720 1777 3772 Do-

180 3811 374 3866 minum
422 3813 814 3884 negaverunt!
872 3813 1071 3876 Quaeso
1127 3829 1240 3880 vos,
1293 3813 1510 3882 fratres,
1558 3812 1777 3883 acquie-

1881 3168 2050 3230 cunt;
2084 3162 2410 3216 hominibus
2443 3169 2638 3216 contra
2678 3162 2860 3214 Deum
2890 3159 3150 3229 credunt,
3185 3159 3284 3230 qui
3308 3161 3505 3213 contra

1880 3251 2143 3305 homines
2170 3253 2279 3305 Deo
2312 3266 2425 3304 non
2453 3249 2838 3304 crediderunt.

1949 3345 2161 3400 XXXIV.
2237 3343 2532 3414 Ejusmodi
2596 3342 2856 3396 homines
2924 3347 3204 3413 quantum
3273 3343 3504 3413 potestis

1878 3436 2110 3508 effugite
2179 3439 2256 3502 ίο,
2321 3435 2655 3507 perniciosis
2729 3436 3075 3490 contactibus
3147 3435 3507 3490 adhaerentes

1879 3531 2094 3586 salubri
2121 3530 2387 3585 cautione
2430 3530 2622 3583 vitate.
2659 3528 2858 3583 Sermo
2895 3545 3091 3582 eorum
3131 3529 3276 3581 sicut
3303 3545 3505 3582 cancer

1878 3624 2074 3694 serpit,
2123 3623 2469 3694 colloquium
2510 3623 2662 3676 velut
2709 3622 3034 3692 contagium
3081 3621 3326 3676 transilit
3369 3622 3500 3691 (14),

1878 3717 2041 3771 noxia
2069 3721 2124 3771 et
2153 3720 2424 3771 venenata
2451 3716 2737 3786 persuasio
2765 3715 3156 3785 persecutione
3191 3715 3311 3786 ipsa
3338 3714 3499 3785 pejus

1881 3809 2169 3864 interficit.
2200 3809 2314 3863 Illic
2349 3813 2604 3879 superest
2637 3807 2747 3878 (15)
2781 3807 3112 3878 pmnitentia
3137 3824 3264 3880 quae
3290 3806 3503 3861 satisfa-

1518 4002 1725 4065 Varia:
1779 4002 2114 4066 lectiones.

229 4159 244 4189 ⁷
273 4163 520 4214 Animam
549 4167 699 4213 tuam
724 4164 980 4214 miseram
1017 4165 1153 4215 Voss.
1183 4167 1229 4224 1,
1256 4165 1303 4214 2.
1336 4165 1466 4213 Pem.
1502 4166 1613 4213 Lin.

1696 4165 1716 4198 ⁸
1739 4164 1925 4216 Gloria
1963 4163 2162 4212 addunt
2197 4163 2313 4212 edd.
2359 4162 2424 4212 ab
2463 4163 2680 4212 Erasmo
2715 4162 2786 4210 ad
2821 4163 2975 4211 Oxon.
3015 4175 3184 4226 usque.
3264 4160 3285 4194 9
3315 4161 3500 4224 Negli-

181 4237 343 4291 gentes
370 4235 507 4283 Lam.
539 4233 688 4283 Ebor.
720 4234 841 4283 Bod.
865 4234 910 4284 2.
985 4238 1022 4266 ¹⁰
1051 4234 1247 4299 Fugite
1277 4236 1432 4284 Oxon.
1460 4235 1607 4285 codd.
1641 4238 1774 4285 Pem.
1802 4235 1909 4284 ΝΟ.
1935 4236 1984 4284 2.

1444 4395 1669 4476 Steph.
1717 4395 1963 4459 Baluzii
2007 4400 2205 4458 notae.

232 4564 291 4623 t8)
340 4566 597 4616 Peccandi
649 4567 893 4616 vulnera.
950 4567 1140 4619 Codex
1184 4570 1434 4619 Lamonii
1475 4570 1642 4621 habet
1687 4571 2006 4656 ge-Dlibri
2056 4574 2270 4656 veteres
2328 4569 2540 4656 addunt
2586 4575 2630 4617 et
2672 4569 2929 4656 disponis.
2974 4567 3082 4616 Alii
3139 4571 3248 4615 tres
3295 4565 3503 4614 habent

183 4643 289 4682 nera
296 4672 306 4683 .

233 4705 286 4765 (9)
330 4708 568 4758 Peccasse
617 4721 710 4758 nec
756 4708 1074 4770 satisfacere.
1127 4710 1502 4771 Quintilianus
1553 4711 1648 4760 lib.
1693 4725 1774 4771 x1,

184 4786 281 4837 cap.
325 4780 340 4827 1
383 4794 392 4825 :
446 4797 474 4824 ‹‹
527 4780 888 4829 Tutissimum
933 4794 1061 4845 ergo
1107 4783 1446 4843 paenitentia
1501 4782 1776 4832 confessio

184 4849 225 4892 et
271 4851 558 4901 satisfactio
611 4851 809 4914 culpae.
873 4870 900 4896 ν
954 4852 1330 4901 Tertullianus
1388 4854 1442 4901 in
1518 4853 1658 4902 libro
1704 4854 1777 4903 'de

184 4915 462 4970 Punitentia
507 4937 524 4968 :
574 4938 601 4967 <<
655 4921 945 4972 Confessio
1006 4923 1153 4971 enim
1196 4924 1590 4973 satisfactionis
1637 4937 1772 4974 con-

184 4987 338 5038 silium
365 4997 460 5041 est.
488 5010 515 5037 »
548 4992 741 5055 Supra,
774 5009 803 5040 <‹
832 4998 959 5043 ante
987 4994 1403 5057 exomologesin
1433 4995 1652 5044 factam.
1678 5011 1706 5041 »

237 5060 316 5117 (1οι
373 5065 428 5111 In
467 5077 634 5113 sacco.
694 5064 956 5126 Quinque
1014 5064 1138 5113 libri
1198 5069 1414 5114 veteres
1469 5067 1773 5128 praeferunt

186 5145 206 5169 α
243 5130 291 5178 In
332 5133 506 5184 cilicio
545 5139 598 5183 et
633 5147 811 5192 sacco,
839 5152 866 5178 »
900 5133 1296 5197 Seguierianus
1325 5154 1351 5180 «
1382 5137 1442 5184 In
1479 5138 1684 5196 cinere,
1716 5137 1772 5185 in

188 5200 353 5250 cilicio.
396 5222 421 5249 »
469 5206 634 5264 Infra,
685 5207 739 5253 in
782 5206 894 5254 ﬁne
947 5206 1112 5268 hujus
1161 5207 1306 5265 libri,
1353 5226 1380 5251 «
1431 5207 1608 5257 Strato
1651 5220 1772 5257 sae--

188 5283 240 5316 co
285 5273 550 5325 adhaerere
603 5277 658 5323 in
719 5277 906 5325 cinere
965 5281 1019 5326 et
1075 5277 1258 5326 cilicio
1311 5281 1362 5326 et
1415 5278 1692 5328 sordibus.
1744 5297 1771 5324 »

189 5338 526 5394 Tertullianus
569 5346 624 5394 in
663 5347 804 5396 libro
847 5347 909 5395 de
956 5348 1266 5397 Paenitentia
1312 5348 1470 5410 dixit,
1516 5367 1544 5395 «
1589 5349 1767 5400 Sacco

189 5414 228 5456 et
268 5414 420 5465 cineri
477 5417 741 5467 incubare
773 5455 786 5478 ,
845 5431 1046 5481 corpus
1107 5419 1368 5469 sordibus
1426 5421 1726 5470 obscurare
1757 5458 1770 5481 ,

189 5485 231 5551 et
275 5484 323 5532 in
390 5489 761 5551 asperitudine
812 5491 959 5538 sacci
1028 5493 1081 5539 et
1159 5490 1383 5541 horrore
1453 5493 1678 5542 cineris.
1743 5510 1771 5537 »

191 5548 383 5625 Saccus,
409 5548 467 5607 ut
493 5561 567 5608 ait
591 5560 965 5622 Hieronymus
991 5561 1046 5609 in
1076 5560 1324 5625 Epistola
1349 5562 1420 5612 ad
1437 5563 1770 5623 Marcellam,

191 5619 246 5702 fle
268 5625 565 5702 muneribus
609 5619 871 5695 acceptis,
899 5634 982 5680 est
1024 5619 1244 5696 signum
1295 5635 1556 5684 orationis
1601 5619 1769 5697 atque

190 5699 370 5754 jejunii.
759 5725 766 5731 -

243 5767 323 5825 (Η)
386 5774 474 5832 Qui
527 5788 722 5824 servas.
790 5776 1016 5827 Veteres
1071 5777 1340 5827 editiones
1407 5783 1458 5827 et
1532 5784 1772 5844 quatuor

1877 4642 2103 4706 quidem
2133 4642 2386 4705 disponis,
2417 4639 2512 4689 sed
2535 4653 2645 4688 non
2672 4639 2882 4688 habent
2904 4650 3101 4686 servas.

1936 4714 2032 4776 (12)
2108 4704 2253 4771 Tibi,
2319 4712 2572 4767 Domine,
2637 4710 2871 4771 justitia.
2935 4709 3198 4758 Erasmus
3268 4704 3500 4757 edidit:

1881 4785 2009 4844 Tibi,
2061 4781 2300 4836 Domine,
2343 4781 2536 4845 gloria,
2582 4779 2675 4829 tibi
2715 4779 2944 4841 justitia.
2992 4776 3100 4827 Sed
3153 4790 3254 4839 ego
3305 4788 3500 4825 vocem

1875 4854 2054 4916 gloria
2107 4853 2359 4915 nuSpiam
2415 4851 2590 4913 reperi
2643 4850 2696 4896 in
2751 4847 3039 4897 codicibus
3090 4847 3496 4908 manuscriptis.

1877 4924 1996 4973 Non
2035 4927 2208 4974 exstat
2237 4926 2421 4971 autem
2466 4923 2522 4970 in
2562 4920 2742 4982 capite
2791 4932 2846 4967 ιιι
2883 4918 3192 4981 Prophetiw
3231 4918 3498 4979 Danielis,

1876 5009 1943 5045 ex
1968 5010 2079 5058 quo
2106 4997 2206 5044 ista
2239 4997 2459 5056 sumpta
2485 4997 2628 5041 sunt.

1939 5067 2036 5122 (13)
2084 5068 2248 5115 Gravi
2292 5065 2525 5115 crimine.
2582 5061 3015 5125 Quatuordecim
3059 5060 3180 5110 libri
3227 5061 3398 5110 nostri
3450 5065 3502 5110 ct

1877 5143 1998 5189 octo
2055 5138 2343 5201 Anglicani
2396 5137 2696 5200 praeferunt
2743 5135 2889 5185 hanc
2939 5134 3232 5184 lectionem
3289 5147 3386 5197 pro
3434 5147 3499 5183 eo

1876 5207 2026 5272 quod
2053 5209 2184 5258 alibi
2209 5209 2475 5271 scriptum
2508 5211 2591 5257 est
2609 5206 2825 5269 grandi.

1939 5281 2031 5342 (14)
2070 5279 2348 5330 Transilit.
2386 5280 2464 5328 Ita
2496 5277 2661 5343 vulgo
2697 5277 2821 5327 libri
2863 5280 3076 5326 veteres
3118 5279 3169 5326 et
3210 5277 3497 5326 editiones.

1876 5352 2110 5413 Quidam
2142 5355 2322 5400 tamen
2355 5351 2513 5399 aliter
2552 5349 2775 5398 habent.
2808 5349 2867 5396 In
2907 5347 3127 5396 duobus
3169 5350 3320 5398 enim
3363 5347 3499 5410 legi-

1875 5427 1962 5472 tur
1994 5422 2281 5484 transﬁgit,
2308 5421 2366 5469 in
2392 5421 2501 5470 alio
2528 5420 2753 5469 demum
2786 5419 3121 5481 transcingit.

1935 5493 2033 5554 (15)
2102 5492 2214 5541 Illic
2289 5496 2539 5552 superest.
2615 5491 2896 5540 Pamelius
2967 5491 3152 5552 posuit
3225 5489 3330 5536 illic
3383 5487 3498 5536 sola

1871 5570 2104 5627 superest
2133 5577 2206 5612 ex
2236 5563 2625 5625 manuscriptis
2670 5566 2725 5611 et
2773 5562 2945 5612 veteri
2985 5575 3238 5612 excusso.
3286 5562 3353 5607 At
3392 5573 3496 5606 vox

1872 5635 2024 5696 sola,
2087 5648 2214 5699 quae
2267 5635 2477 5683 inutilis
2538 5638 2660 5690 est,
2716 5632 2868 5683 deest
2923 5634 2979 5682 in
3036 5632 3288 5682 omnibus
3343 5630 3497 5678 libris

1872 5709 2077 5757 nostris
2125 5709 2320 5769 praeter
2365 5720 2540 5756 unum
2578 5705 3150 5768 Gratianopolitanum
3191 5706 3242 5752 et
3278 5703 3332 5750 in
3369 5714 3494 5764 sep-

1875 5784 1984 5829 tem
2016 5777 2353 5844 Anglicanis.
