3978 6194
451 228 553 280 507

447 443 836 501 satisfactionis
867 444 1018 499 viam
1047 443 1334 500 claudunt.
1366 447 1445 500 lta
1488 446 1549 500 fit
1594 451 1673 514 ut,
1718 446 1854 501 dum
1895 449 2071 500 teme-

447 539 614 594 ritate
657 537 1042 609 quorumdam
1083 538 1168 592 vel
1214 539 1567 608 promittitur
1611 540 1760 594 salus
1811 539 1948 594 falsa
1988 540 2074 594 vel

448 631 716 700 creditur,
745 647 874 702 spes
906 647 1052 686 vera:
1079 631 1272 686 salutis
1297 631 1601 686 adimatur.

519 725 707 780 XXXV.
765 727 872 780 Vos
926 741 1090 793 vero,
1140 724 1343 780 fratres
1394 725 1774 795 dilectissimi,
1831 743 2076 798 quorum

450 819 621 875 timor
647 819 705 874 in
733 820 914 873 Deum
948 834 1160 889 pronus
1186 823 1292 882 est,
1325 824 1380 874 et
1403 819 1461 873 in
1488 819 1653 875 ruina
1685 820 1819 875 licet
1854 821 2076 876 animus

449 914 816 979 constitutus,
870 912 1004 967 mali
1050 912 1138 967 sui
1191 929 1415 969 memor
1462 919 1578 980 est,
1630 915 1972 986 poenitentes
2013 931 2076 969 ac

451 1006 704 1060 dolentes
763 1009 989 1076 peccata
1041 1011 1224 1061 vestra
1282 1007 1619 1076 perspicite,
1672 1009 2075 1078 gravissimum

451 1099 808 1154 conscientiae
858 1099 1074 1154 crimen
1130 1100 1453 1170 agnoscite,
1510 1099 1583 1154 ad
1638 1101 2076 1172 intelligentiam

456 1191 646 1246 delicti
675 1192 845 1246 vestri
875 1193 1067 1246 oculos
1096 1192 1283 1247 cordis
1309 1194 1543 1263 aperite,
1586 1210 1688 1250 nec
1717 1194 2077 1266 desperantes

454 1285 904 1341 misericordiam
953 1284 1215 1351 Domini,
1275 1301 1379 1340 nec
1437 1292 1627 1342 tamen
1675 1288 1795 1358 jam
1852 1287 2077 1342 veniam

464 1378 834 1434 vindicantes.
882 1379 1047 1444 Deus,
1091 1381 1371 1449 quantum
1414 1382 1590 1450 patris
1629 1381 1863 1452 pietate,
1895 1381 2079 1436 indul-

457 1489 598 1544 gens
642 1473 682 1506 ¹¹
731 1485 957 1541 semper
1016 1472 1059 1504 ¹²
1108 1475 1167 1525 et
1215 1472 1396 1526 bonus
1443 1477 1554 1542 est;
1608 1477 1836 1529 tantum
1872 1474 2078 1545 judicis

457 1565 752 1636 majestate
802 1563 1145 1620 metuendus
1190 1571 1296 1620 est.
1347 1567 1524 1630 Quam
1578 1583 1788 1638 magna
1838 1568 2079 1638 deliqui-

1365 227 1420 283 S.
1459 229 1776 286 CYPRIANI
1819 227 2098 286 OPERUM
2139 229 2310 285 PARS
2348 230 2414 284 ll.
2444 254 2515 268 -—
2543 228 2907 284 OPUSCULA.

447 353 581 418 aiat;
647 350 742 421 qui
809 352 997 404 autem
1061 350 1459 422 pcenitentiam
1524 352 1778 406 criminis
1841 353 2066 422 tollunt,
2092 351 2588 438 Apossidentibus
2615 356 2671 406 et
2703 365 2922 406 veneno
2962 350 3071 420 (t8)

3685 233 3776 286 508

3116 366 3128 403 :
3175 350 3246 404 ad
3272 350 3378 404 hoc
3419 353 3638 406 tantum
3664 368 3777 422 pro-

2176 445 2347 500 fuerit
2405 445 2558 516 quod
2617 443 2893 498 remansit
2943 449 3004 496 ut
3053 443 3182 498 inde
3244 442 3462 496 crimen
3517 449 3572 497 et
3630 445 3781 516 culpa

2174 538 2508 593 redimatur.
2555 539 2949 592 Incunctanter
2995 543 3051 590 et
3089 536 3323 606 largiter
3372 536 3469 590 ﬁat
3519 537 3778 606 Operatio,

2175 648 2374 686 census
2416 630 2599 686 omnis
2641 630 2699 684 in
2741 629 3024 685 medelam
3065 629 3312 684 vulneris
3351 632 3634 700 erogatur,
3674 631 3780 700 opi-

2174 725 2281 781 bus
2313 726 2357 760 ¹⁸
2391 728 2448 779 et
2474 723 2835 780 facultatibus
2859 723 3066 778 nostris
3092 723 3189 794 qui
3219 722 3289 776 de
3319 721 3480 776 nobis
3507 722 3549 756 ¹⁷
3575 723 3780 794 judica-

2175 824 2334 874 turus
2371 824 2457 874 est
2485 818 2723 874 Domino
2750 819 3063 873 {teneretur
3087 816 3220 887 (19).
3263 815 3352 871 Sic
3395 815 3498 870 sub
3535 817 3782 886 apostolis

2174 913 2318 968 ﬁdes
2343 912 2524 984 viguit
2552 933 2564 968 :
2596 913 2675 967 sic
2705 911 2924 982 primus
2951 910 3306 966 credentium
3330 909 3573 980 populus
3596 909 3783 965 Christi

2177 1005 2447 1061 mandata
2501 1006 2760 1060 servavit.
2813 1004 3071 1075 Prompti
3112 1008 3292 1070 erant,
3344 1003 3491 1073 largi
3527 1009 3682 1058 erant
3721 1005 3779 1071 ³⁸,

2177 1097 2638 1153 distribuendum
2666 1114 2770 1169 per
2798 1098 3077 1169 apostolos
3116 1100 3299 1151 totum
3337 1095 3565 1164 dabant,
3603 1099 3657 1151 et
3677 1113 3778 1152 non

2177 1191 2308 1246 talia
2338 1191 2548 1246 delicta
2575 1190 2961 1246 redimebant.

2245 1285 2465 1340 XXXVI.
2508 1285 2565 1340 Si
2611 1301 2835 1356 precem
2881 1288 3000 1338 toto
3047 1284 3213 1339 corde
3260 1283 3388 1354 quis
3431 1282 3610 1349 faciat,
3638 1283 3678 1336 si
3707 1299 3780 1338 ve-

2177 1379 2253 1433 ris
2278 1378 2623 1449 ptenitentiaa
2648 1377 3147 1432 lamentationibus
3178 1377 3222 1411 ¹⁹
3252 1381 3310 1431 et
3348 1375 3607 1446 lacrymis
3641 1377 3781 1446 inge-

2177 1472 2396 1540 miscat,
2425 1472 2470 1526 si
2511 1472 2586 1526 ad
2617 1471 2840 1527 veniam
2869 1470 3058 1526 delicti
3104 1470 3190 1524 sui
3231 1468 3536 1524 Dominum
3555 1469 3711 1539 justis
3733 1472 3781 1523 et

2178 1565 2461 1620 continuis
2507 1565 2770 1636 operibus
2817 1564 3087 1631 inﬂectat,
3138 1562 3406 1618 misereri
3455 1562 3650 1618 talium
3694 1579 3778 1632 po-

455 1675 603 1725 mus,
623 1662 739 1713 tam
757 1657 1052 1730 granditer
1078 1658 1408 1714 deﬂeamus.
1427 1661 1552 1714 Alto
1577 1661 1794 1717 vulneri
1823 1661 2075 1733 diligens
2100 1729 2142 1733 _
2181 1662 2288 1714 test
2326 1659 2425 1729 qui
2467 1663 2525 1714 et
2573 1658 3022 1714 misericordiam
3063 1673 3222 1712 suam
3274 1656 3512 1727 protulit
3555 1656 3732 1710 dicens
3769 1672 3779 1708 :

458 1756 514 1807 et
556 1753 725 1823 longa
769 1752 1048 1807 medicina
1093 1769 1209 1807 non
1257 1753 1412 1808 desit.
1463 1754 1798 1810 Pmnitentia
1840 1729 2156 1810 crimineB
2182 1754 2314 1810 Cum
2348 1768 2628 1808 conversus
2677 1754 3018 1820 ingemueris,
3066 1758 3191 1805 tunc
3234 1750 3546 1812 salvaberis,
3587 1758 3634 1804 et
3674 1751 3787 1804 scies

457 1846 645 1900 minor
686 1862 801 1900 non
848 1846 939 1900 sit.
969 1848 1208 1901 Putasne
1254 1849 1314 1900 tu
1357 1848 1660 1902 Dominum
1706 1849 1814 1904 cito
1849 1851 1893 1884 ³³
1921 1865 2082 1920 posse

458 1939 692 2009 placari,
746 1954 920 2010 quem
973 1939 1154 1994 verbis
1204 1940 1436 2011 perﬁdis
1486 1942 1753 2010 abnuisti,
1785 1943 1874 1997 cui
1911 1944 2082 2014 patri-

459 2032 715 2085 monium
769 2048 1103 2102 przeponere
1149 2033 1428 2102 maluisti,
1479 2035 1639 2104 cujus
1682 2035 1954 2106 templum
1998 2053 2082 2091 sa-

460 2124 672 2194 crilega
711 2125 1053 2195 contagione
1094 2126 1352 2180 violasti?
1391 2129 1556 2198 putas
1597 2127 1762 2182 facile
1809 2145 1941 2183 eum
1981 2129 2084 2183 mi-

461 2218 637 2271 sereri
669 2219 712 2253 ¹⁴
752 2217 854 2287 tui,
898 2234 1074 2289 quem
1116 2222 1277 2273 tuum
1323 2235 1450 2293 non.
1489 2237 1610 2275 esse
1649 2222 1873 2278 dixisti?
1913 2223 2085 2277 Orare

462 2314 686 2381 oportet
751 2312 856 2382 (t6)
926 2312 1241 2384 impensius
1301 2319 1359 2368 et
1427 2329 1658 2385 rogare,
1714 2315 1866 2370 diem
1928 2317 2084 2370 luctu

461 2404 809 2476 transigere,
887 2404 1090 2476 vigiliis
1163 2411 1355 2461 noctes
1418 2423 1481 2462 ac
1546 2407 1774 2464 ﬂetibus
1849 2409 2084 2477 ducere,

462 2501 690 2569 tempus
741 2513 913 2552 omne
966 2499 1302 2570 lacrymosis
1361 2501 1862 2557 lamentationibus
1919 2520 2084 2558 occu-

2181 1848 2275 1900 ubi
2309 1847 2482 1913 fueris
2511 1845 2660 1916 (Isu.,
2703 1862 2828 1912 xxx,
2876 1844 2978 1916 15).
3021 1845 3091 1900 Et
3120 1845 3332 1899 iterum
3364 1861 3377 1898 :
3413 1844 3546 1901 Nolo
3589 1847 3787 1897 mortem

2181 1943 2456 1995 morientis
2491 1940 2561 2002 9°,
2599 1939 2732 1994 dicit
2777 1941 3049 2005 Dominus,
3089 1943 3364 2008 quantum
3408 1942 3467 1991 ut
3506 1943 3785 1991 revertatur

2183 2037 2233 2088 et
2275 2035 2428 2087 vivat
2478 2032 2710 2103 (Ezech.,
2739 2047 2926 2098 xxxm,
2960 2031 3069 2099 11).
3106 2033 3172 2085 Et
3206 2031 3326 2086 Joel
3370 2029 3644 2100 propheta
3687 2028 3787 2099 pie-

2184 2130 2358 2180 tatem
2402 2125 2647 2192 Domini,
2695 2125 2936 2179 Domino
2981 2124 3100 2195 ipso
3135 2122 3329 2195 494
3380 2125 3663 2190 monente,
3707 2121 3787 2175 de-

2186 2219 2366 2273 clarat
2403 2219 2447 2253 ²¹
2497 2236 2510 2272 :
2549 2220 2920 2281 Revertimini,
2968 2217 3174 2288 inquit,
3216 2216 3290 2271 ad
3330 2218 3606 2270 Dominum
3641 2217 3787 2268 Deum

2185 2317 2450 2376 vestrum,
2493 2314 2749 2382 quoniam
2792 2314 3090 2366 misericors
3134 2317 3183 2364 et
3224 2312 3355 2379 pius
3392 2313 3467 2364 est
3509 2315 3559 2362 et
3592 2309 3786 2377 patiens

2186 2407 2370 2461 multae
2413 2407 2792 2467 miserationis,
2822 2410 2873 2459 et
2908 2407 3004 2474 qui
3038 2405 3360 2458 sententiam
3399 2405 3576 2470 ﬂectat
3614 2401 3785 2454 adver-

2187 2515 2275 2556 sus
2318 2501 2560 2554 malitias
2602 2502 2873 2566 irrogatas
2919 2498 3070 2568 (Joel,
3113 2513 3170 2561 ιι,
3224 2495 3331 2563 13).
3372 2498 3558 2550 Potest
3593 2494 3678 2548 ille
3718 2493 3787 2546 in-

461 2608 628 2662 pare,
654 2596 858 2646 stratos
889 2593 933 2626 ¹⁵
975 2593 1094 2647 solo
1121 2593 1436 2660 adhaerere,
1485 2595 1541 2648 in
1587 2595 1772 2650 cinere
1816 2602 1872 2652 et
1909 2598 2090 2652 cilicio
2191 2592 2544 2663 dulgentiam
2578 2591 2741 2660 dare,
2786 2589 3125 2645 sententiam
3169 2605 3329 2642 suam
3376 2590 3560 2659 potest
3594 2586 3680 2640 ille
3709 2585 3789 2638 de-

463 2690 519 2740 et
580 2685 842 2740 sordibus
900 2685 1165 2754 volutari,
1237 2695 1362 2757 post
1421 2688 1821 2744 indumentum
1883 2691 2089 2746 Christi
2190 2686 2419 2740 ﬂectere
2465 2686 2595 2755 (20).
2644 2683 2965 2749 Paenitenti,
3014 2682 3306 2753 operanti,
3357 2680 3583 2752 roganti
3626 2682 3788 2749 potest

462 2777 750 2848 perditum
785 2779 1005 2833 nullum
1037 2779 1163 2850 jam
1210 2781 1351 2837 velle
1389 2782 1672 2849 vestitum,
1712 2788 1838 2852 post
1882 2783 2094 2838 diaboli
2193 2781 2504 2834 clementer
2548 2779 2871 2849 ignoscere.
2925 2781 3107 2846 potest
3152 2776 3209 2829 in
3258 2779 3554 2845 acceptum
3601 2772 3785 2826 referre

455 2871 655 2940 cibum
702 2871 873 2927 malle
896 2873 1214 2942 jejunium,
1243 2874 1412 2944 justis
1446 2875 1709 2945 cperibus
1745 2877 2090 2943 incumbere,
2194 2873 2470 2944 quidquid
2505 2887 2606 2942 pro
2647 2870 2851 2925 talibus
2882 2875 2937 2924 et
2968 2867 3238 2940 petierint
3277 2872 3552 2937 martyres
3587 2870 3638 2919 et
3662 2864 3787 2918 fece-

466 2964 669 3036 quibus
712 2971 944 3036 peccata
972 2970 1308 3037 purgantur,
1348 2967 1723 3040 eleemosynis
1763 2971 2095 3040 frequenter
2195 2967 2310 3021 rint
2333 2965 2670 3020 sacerdotes.
2702 2964 2798 3018 Vel
2842 2962 2886 3018 si
2929 2961 3057 3033 quis
3096 2961 3220 3032 plus
3259 2977 3396 3016 eum
3431 2959 3540 3014 suis
3574 2956 3786 3012 satisfac—

465 3059 740 3126 insistere,
791 3059 994 3130 quibus
1023 3077 1055 3113 a
1084 3064 1271 3126 morte
1313 3061 1521 3116 animae
1561 3062 1892 3117 liberantur.
1933 3063 2089 3127 Quod
2112 3093 2164 3130 ρ
2195 3059 2440 3113 tionibus
2504 3057 2764 3126 moverit,
2819 3056 2867 3110 si
2929 3056 3051 3125 ejus
3113 3053 3284 3121 iram,
3351 3053 3395 3107 si
3461 3048 3785 3121 indignantis

467 3153 824 3206 adversarius
848 3154 1139 3209 auferebat
1171 3154 1279 3225 (t7)
1320 3156 1574 3210 Christus
1604 3155 1795 3228 493
1834 3157 2088 3227 accipiat.
2115 3143 2166 3166 υ
2194 3152 2469 3207 offensam
2508 3152 2661 3221 justa
2702 3149 3106 3220 deprecatione
3142 3147 3467 3219 placaverit,
3499 3145 3591 3198 dat
3631 3143 3715 3196 ille
3742 3147 3787 3194 et

466 3248 576 3300 Nec
609 3246 792 3300 teneri
813 3247 933 3316 jam
971 3263 1074 3301 nec
1112 3249 1291 3302 amari
1329 3249 1734 3319 patrimonium
1764 3249 1952 3316 debet,
1982 3265 2092 3320 quo
2192 3262 2349 3300 arma
2376 3245 2486 3314 (21)
2517 3259 2745 3298 rursum
2772 3242 2978 3314 quibus
3006 3241 3184 3295 victus
3213 3241 3260 3274 ²²
3293 3241 3562 3304 armetur,
3587 3236 3787 3307 reparat

468 3339 593 3409 quis
642 3343 698 3394 et
741 3340 1012 3410 deceptus
1056 3344 1111 3395 et
1155 3342 1332 3395 victus
1369 3344 1470 3396 est.
1518 3344 1622 3395 Pro
1667 3343 1826 3396 hoste
1866 3343 2094 3396 vitanda
2193 3349 2249 3394 et
2297 3338 2624 3393 corroborat
2671 3337 2816 3391 vires
2861 3335 3066 3406 quibus
3120 3334 3257 3388 ﬁdes
3303 3333 3608 3386 instaurata
3648 3343 3784 3396 vege-

467 3447 576 3498 res,
626 3448 727 3502 pro
779 3432 1002 3487 latrone
1055 3433 1347 3504 fugienda,
1394 3450 1495 3505 pro
1551 3433 1736 3506 gladio
1787 3434 2094 3489 metuenda
2194 3436 2364 3487 tetur.
2399 3433 2635 3504 Repetet
2657 3435 2944 3485 certamen
2969 3444 3136 3482 suum
3157 3421 3784 3495 miles,iterabitaciem,

1848 3557 2056 3621 Variae
2114 3557 2450 3621 lectiones.

538 3695 572 3724 "
601 3692 861 3743 Clemens
885 3693 1023 3742 Pem.
1064 3693 1195 3743 Voss.
1225 3695 1269 3744 2.
1343 3697 1380 3726 ¹¹
1411 3693 1657 3758 Semper,
1686 3706 1905 3758 semper
1933 3697 1987 3743 et
2012 3693 2193 3743 bonus
2214 3693 2348 3740 Pem.
2417 3694 2455 3722 υ
2483 3690 2568 3738 Sic
2591 3692 2700 3738 octo
2726 3686 2873 3736 codd.
2903 3684 3103 3758 Anglic.
3130 3683 3254 3758 Cito
3277 3681 3425 3758 deest
3443 3683 3494 3729 in
3523 3681 3660 3758 ι’γξιρζί
3685 3680 3784 3756 vett.

472 3763 510 3794 ¹⁴
537 3762 702 3812 Posse
732 3763 975 3814 misereri
1005 3763 1086 3813 tui
1113 3765 1247 3813 Pem.
1322 3766 1358 3796 ’⁵
1391 3749 1571 3814 Strata
1598 3749 1716 3814 solo
1745 3749 1948 3827 Afﬂaat
1979 3763 2100 3812 Tha.
2126 3764 2260 3812 Foss.
2295 3761 2505 3811 Stratos
2525 3760 2644 3809 solo
2666 3756 3146 3827 adhaererecineri
3178 3755 3334 3827 Oxon.
3365 3754 3520 3827 Lips:
3547 3749 3600 3827 _'°
3624 3749 3786 3827 Operi-

465 3831 572 3882 bus
603 3833 712 3882 Lin.
742 3834 873 3882 Pem.
898 3833 1005 3882 ΝΟ.
1038 3833 1085 3883 2.
1119 3833 1241 3882 Bod.
1277 3833 1324 3883 3.
1396 3832 1434 3866 ¹⁷
1464 3833 1575 3895 Qui
1609 3833 1678 3884 de
1710 3820 1871 3884 bonis
1905 3834 2025 3882 Thu.
2072 3832 2209 3882 Voss.
2281 3830 2319 3864 ’⁸
2344 3830 2504 3894 Largi
2533 3833 2685 3879 erant
2711 3828 2781 3878 ad
2806 3823 3246 3895 distribuendum
3279 3825 3415 3895 Pem.
3484 3823 3521 3853 '9
3545 3820 3785 3870 Lamentis

470 3903 609 3952 Lam.
642 3902 792 3953 Ebor.
861 3905 902 3937 ³ο
930 3904 1246 3956 Peccatoris
1273 3905 1385 3954 Lin.
1454 3893 1501 3937 ’ί
1527 3904 1782 3956 Declarat
1806 3904 2000 3955 dicens
2023 3902 2150 3953 Bod.
2184 3901 2231 3950 Ξ.
2259 3903 2402 3951 Lam.
2430 3893 2582 3951 Ebor.
2650 3900 2691 3930 ²¹
2725 3898 2916 3948 Virtus
2945 3897 3185 3946 armetur
3209 3893 3339 3943 Bod.
3367 3895 3410 3942 1.

1766 4017 1989 4098 Steph.
2038 4016 2284 4080 Baluzii
2328 4021 2522 4079 notae.

535 4152 633 4214 (16)
677 4154 844 4203 Orare
876 4159 1094 4216 oportet.
1140 4154 1345 4204 Beatus
1389 4153 1712 4212 Rhenanus,
1757 4166 1884 4202 cum
1931 4152 2106 4201 multa
2203 4149 2478 4214 majestati
2545 4148 2767 4198 videtur
2812 4142 3236 4220 accommodum
3298 4153 3477 4220 quam.
3505 4144 3786 4220 "commune

472 4205 984 4275 de'Ptnnitentia'et
1013 4224 1379 4274 Confessione
1405 4224 1640 4273 dixisset
1677 4205 1731 4272 in
1774 4227 2104 4286 argumento
2197 4205 2600 4293 jusvomnibus
2650 4230 2928 4293 reservare
2983 4205 3359 4293 subjectis‘e‘t
3403 4209 3540 4293 nihil
3581 4205 3786 4293 amplius

471 4295 597 4345 libri
644 4295 967 4345 Tertulliani
1009 4296 1072 4344 de
1118 4295 1450 4356 Pwnitentia,
1499 4294 1726 4344 demum
1770 4281 1923 4343 velut
1958 4307 2104 4343 com-
2198 4281 2364 4342 bonis
2397 4292 2564 4342 licere
2614 4288 2959 4354 principibus
2987 4287 3094 4335 nisi
3131 4283 3282 4348 quod
3325 4282 3487 4332 liceat
3512 4281 3785 4356 privatis.»

475 4367 824 4428 plementum
869 4365 1315 4415 Observationum
1365 4345 1591 4414 suarum
1641 4364 1906 4415 describit
1952 4364 2106 4414 hunc
2203 4364 2535 4434 Ammianus
2563 4345 2921 4434 Marcellinus
2945 4345 3276 4434 lib.-XX_VIII,
3305 4365 3472 4434 agens
3496 4351 3561 4400 de
3589 4345 3782 4434 prmitie-

479 4419 743 4500 Cypriani
814 4437 1020 4488 locum.
1082 4438 1308 4487 Interim
1377 4437 1652 4486 admoneo
1716 4441 2103 4499 argumentum
2123 4483 2177 4500 ἢ
2206 4439 2328 4483 tura
2350 4433 2582 4497 Olybrii,
2615 4433 2689 4481 ait
2717 4447 2727 4478 :
2759 4449 2785 4477 ‹‹
2812 4429 3231 4500 Calumniarum
3265 4425 3562 4500 acerrimus
3588 4419 3785 4469 insecta-

477 4483 619 4556 i'lldurd—
634 4483 790 4557 beati
816 4483 1319 4558 'eiiBEani'déésEA
1367 4483 2102 4570 ihﬂpositerioribusreditio-
2123 4483 2182 4554 D
2206 4509 2306 4564 tor,
2328 4483 2446 4554 ﬁsci
2479 4483 2632 4554 lucra
2661 4501 2809 4552 unde
2843 4501 3056 4570 poterat
3084 4495 3435 4570 intercidens.
3460 4511 3486 4570 »_

477 4555 642 4629 nibus
663 4555 892 4642 asa-un;
923 4555 1529 4629 renuntiatam.“
1612 4555 1615 4556 ί
1924 4555 1927 4556 ⁷
2262 4555 2359 4639 (18)
2409 4576 2628 4624 Veneno.
2663 4555 2944 4644 Quaedam
2977 4565 3492 4644 editi9n93_hab‘%¥“
3531 4555 3781 4644 υἳῐιΐίξξίῖῗὶ

542 4651 637 4710 (17)
686 4630 832 4711 Quod
882 4649 1223 4700 adversarius
1283 4648 1581 4711 auferebat.
1642 4648 1788 4696 Infra
1859 4648 1915 4695 in
1961 4645 2102 4695 libro
2204 4630 2438 4708 eamque
2470 4630 2979 4716 lectionem__ma_gis
3013 4639 3211 4716 probat
3247 4635 3540 4716 Pamelius:

476 4699 554 4770 de‘
598 4699 760 4784 O’pe‘re
821 4727 866 4770 et
933 4722 1288 4784 Eteemosym’s
1423 4738 1453 4768 «
1520 4719 1919 4769 Patrimonium
1989 4718 2104 4766 Deo
2203 4699 2436 4788 probant
2468 4714 2750 4788 sexdecim
2781 4699 3184 4788 libri'nostriet
3217 4707 3475 4788 undecim

477 4777 751 4842 creditum
805 4805 909 4843 nec
959 4777 1271 4857 respublica
1322 4792 1484 4855 eripit
1543 4804 1649 4842 nec
1717 4791 1886 4840 ﬁscus
1944 4789 2105 4838 inva—
2205 4777 2396 4857 Neque
2451 4784 2686 4857 dubium
2757 4795 2878 4833 esse
2953 4783 3132 4845 potest
3171 4778 3334 4857 quin
3520 4777 3781 4857 Vtif'lsfglji-

617 4840 1366 4929 sVSanctusiaugustinus,
1394 4840 1449 4911 in
1473 4840 1638 4912 libro
1672 4877 1687 4911 ι
1732 4861 2102 4919 Homitiarum,
2204 4840 2467 4929 Eiamdem
2515 4840 3056 4929 praeteruntuomnes
3099 4840 3310 4900 veteres
3345 4845 3619 4898 editiones,
3647 4840 3782 4886 etiam

480 4935 630 4984 hom.
685 4937 748 4985 48
807 4949 818 4982 :
873 4952 902 4982 «
963 4923 1105 4986 Hoc.
1129 4935 1270 4985 tollit
1330 4933 1501 4983 ﬁscus
1549 4932 1696 4997 quod
1743 4945 1853 4980 non
1907 4931 2108 4993 accipit
2206 4928 2527 5000 Manutiana
2552 4931 2613 5000 et
2640 4923 2975 5000 Mprelliana.
3020 4992 3058 5000 __
3237 4989 3267 5000 η
3474 4980 3626 5000 Lm“
3681 4977 3692 5000 ε

479 4973 748 5054 Christi;
807 5024 834 5050 »
886 4973 1375 5065 Videweuvmdem,
1429 4973 1795 5054 Enairatione
1851 5004 1906 5051 in
1960 4973 2102 5051 Psal.
2267 5000 2365 5060 (19)
2407 4998 2630 5070 Domino
2678 4995 2969 5070 frenet-etut
3020 4989 3404 5070 Ita_scr.i‘bere‘

486 5089 678 5126 CXLVI.
726 5077 1060 5135 Lactantius,
1102 5089 1148 5126 c.
1200 5077 1231 5124 8
1270 5075 1332 5124 de
1362 5046 1630 5125 ’Mortibus
1673 5075 2060 5162 Pergecutotgm
2093 5087 2109 5119 :
2208 5046 2340 5151 quia
2372 5071 2448 5119 ita
2482 5068 2728 5162 loquitg:
2757 5065 3067 5162 Gzprianus
3111 5062 3181 5162 ἰπὶ
3205 5050 3648 5162 ιξὶὶὲὶοῐάἰίξζὲἕξςλ

483 5117 1228 5199 “ﬁscus,
1266 5117 1627 5208 Eal’é'bé'r'dé
2615 5139 2745 5210 7167.
2790 5117 2895 5210 Sic
2940 5131 3357 5210 etiamqhabent
3417 5117 3780 5210 qtl'i’tlga‘li‘l":

482 5194 1471 5281 batiwsFPl-i—nii—is,‘inﬂPanegvri'cd
1512 5194 1766 5279 Trajani:
1820 5235 1846 5260 «
1893 5214 2107 5278 Saepius
2207 5194 2421 5263 veteres
2465 5194 2517 5260 et
2540 5194 2734 5260 veditio
2773 5206 3080 5281 Spirensis,
3119 5207 3238 5281 tum
3283 5194 3781 5281 θιίεῐργξθὲξξξῃξξξ

981 5263 1145 5351 cii—jus
1354 5263 1542 5337 causa
1562 5263 1852 5349 nunquam
1883 5263 1969 5336 est
1983 5263 2108 5334 .nisi
2207 5289 2312 5333 tus.
2346 5284 2741 5344 Hieronymus,
2767 5263 3779 5351 ixi-Dialogoadversllsﬁuffférjaioz

485 5325 1872 5423 éﬁswis‘éhéwﬁﬁ‘iiciﬁéKTE"EEiTSInJWTSEs
2211 5325 2741 5404 ;“Be3'r'da£é}§._;'
2769 5325 3049 5423 ﬁertialis:
3082 5344 3176 5394 lib.
3227 5356 3262 5404 ι,
3301 5339 3454 5404 Epig.
3479 5335 3538 5386 44
3565 5347 3574 5380 :
3603 5347 3628 5377 α
3671 5325 3782 5376 HEC

484 5434 788 5496 Trajanum
828 5419 1039 5481 ﬁscum
1089 5443 1316 5481 vocasse
1372 5419 1596 5490 lienem,
1645 5427 1793 5492 quod
1835 5441 1901 5478 eo
1949 5419 2109 5478 cres-
2211 5425 2390 5474 omnis
2419 5424 2653 5474 fcenerat
2677 5435 2790 5470 una
2820 5419 3031 5468 deos.»
3353 5482 3363 5492 .
3544 5475 3553 5484 '
3706 5468 3712 5474 _

497 5507 639 5519 ,__.-
733 5506 876 5519 -,.,_-
951 5502 1145 5519 ,λιεμηε
1219 5500 1498 5519 ._L-___-_.
1599 5499 1968 5519 o_...___-L--_
2055 5500 2105 5519 ε..
2274 5497 2367 5519 tam
2417 5493 2680 5519 11-04-14..-
2739 5490 2927 5519 r‘nAn'
2972 5486 3397 5519 anacinnnnmn
3436 5475 3580 5519 nddlt
3620 5466 3778 5519 ἀδικία

485 5475 1974 5566 Eéﬁié"§£tdé"¥éiiqai"ié'iiesééiiif’sf‘xﬁaaéiiué
2017 5475 2110 5547 vin
2272 5497 2368 5557 (20)
2408 5493 2698 5551 Deflectere.
2739 5490 2928 5541 Codex
2972 5482 3397 5552 Moyssiacensis
3436 5475 3580 5528 addit
3620 5475 3734 5519 dem

487 5576 755 5624 relatione
807 5587 906 5637 pro
959 5565 1362 5624 ara’Victoriw
1415 5587 1426 5620 :
1485 5587 1514 5618 «
1588 5571 1784 5620 Fiscus
1840 5571 2112 5619 bonorum
2211 5565 2486 5615 remittere.
3381 5623 3410 5634 η
3706 5608 3712 5615 ,

558 5648 566 5656 .
651 5647 659 5656 .
1136 5657 1143 5658 ,
1203 5644 1214 5658 1
1263 5647 1273 5658 .
1448 5642 1646 5658 ιγψηεξ
1721 5640 1810 5658 Α-)
1866 5641 2104 5658 ιμ.»μιε--..Α
2277 5637 2370 5658 [an
2440 5637 2528 5658 n-s
2577 5633 2664 5658 ut-
2714 5646 2866 5658 .um..-
2937 5630 3124 5658 r‘nr‘uv
3172 5629 3410 5658 Yamnnn
3465 5635 3473 5658 ξ
3515 5632 3540 5658 α
3574 5613 3667 5658 Dat
3703 5603 3776 5654 lue

1415 5613 1814 5702 'damn-isTs-ed
1840 5613 2112 5690 Huisit-ium
2215 5613 2401 5698 Militi)“
2431 5637 2528 5709 Dat
2554 5633 2664 5709 itte
2712 5646 2892 5709 arma,
2937 5630 3127 5709 Codex
3171 5623 3414 5709 Lemonii
3465 5635 3474 5666 :
3515 5632 3540 5664 α
3573 5613 3667 5664 Dat
3703 5613 3716 5654 Ῐ

488 5702 685 5781 spoliis
738 5721 985 5780 augetur.
1036 5733 1061 5763 ιο
1113 5715 1337 5766 Novella
1382 5713 1668 5764 Anthemii
1714 5714 1778 5762 A.
1836 5712 1904 5764 de
1945 5710 2114 5760 Bonis
2213 5721 2364 5758 arma
2390 5706 2619 5769 justitiaa
2645 5703 2852 5773 quibus
2875 5705 3060 5767 justus
3090 5702 3402 5750 armetur.»

484 5787 809 5842 vacantibus
872 5804 882 5836 :
958 5803 987 5837 ‹‹
1053 5787 1244 5859 Neque
1309 5786 1458 5840 enim
1519 5783 1674 5837 aliud
1742 5781 2104 5848 imperatorias
