3978 6194
192 225 269 276 509
1284 222 1481 277 LIBER
1521 223 1607 277 DE
1650 221 1933 277 UNITATE
1974 222 2329 277 ECCLESUE.

3381 225 3481 277 510

188 345 463 416 provocabit
506 346 743 411 hostem,
800 349 857 397 et
898 345 1129 415 quidem
1178 346 1355 400 factus
1392 346 1464 399 ad
1493 346 1751 415 praelium
1777 344 2021 434 Aperit,
2052 345 2349 399 exauditus
2392 348 2448 398 et
2495 346 2718 415 adjutus
2753 363 2784 399 a
2833 347 3092 413 Domino,
3138 362 3309 415 quam
3350 362 3481 399 con-

186 440 350 492 fortior
388 455 483 508 per
522 438 790 492 dolorem.
834 439 941 502 Qui
986 439 1062 492 sic
1115 440 1224 493 Deo
1270 439 1625 505 satisfecerit,
1658 442 1755 511 qui

184 531 473 601 pcenitentia
499 532 628 585 facti
674 532 778 595 sui,
824 532 922 602 qui
966 532 1183 602 pudore
1214 532 1404 587 delicti
1427 533 1495 598 '33,
1544 534 1671 603 plus
1701 540 1756 587 et

182 626 362 679 virtutis
403 628 459 678 et
499 624 625 679 tidei
672 626 740 679 de
777 626 899 695 ipso
948 627 1133 696 lapsus
1172 626 1255 680 sui
1299 626 1491 682 dolore
1562 642 1756 681 conce-

1858 438 2174 491 tristaverat
2198 454 2398 507 nuper,
2427 439 2616 491 laetam
2648 439 2814 493 faciet
2846 439 3148 492 Ecclesiam
3180 455 3192 504 ;
3227 454 3329 492 nec
3354 440 3479 508 jam

1858 532 2032 585 solam
2068 531 2165 584 Dei
2204 530 2427 585 veniam
2466 531 2779 585 merebitur
2807 532 2941 602 ('22),
2971 532 3065 586 sed
3093 535 3149 587 et
3180 547 3477 585 coronam.

1506 741 1717 805 Variae
1782 742 2123 807 lectiones.

222 852 255 882 ³³
283 850 650 900 Paenitentiam
677 850 809 899 facti
840 851 946 909 sui,
973 850 1069 913 qui
1092 848 1359 913 pudorem
1392 851 1585 920 φυοῐὶ
1615 852 1738 900 Bod.
1768 854 1812 913 ι,
1842 852 1890 913 3,
1916 855 1962 902 4.
1996 853 2115 901 Thu.

1422 960 1645 1041 Steph.
1695 962 1941 1025 Baluzii
1985 968 2182 1025 notae.

222 1064 301 1123 (22)
338 1064 423 1111 Dei
447 1066 649 1112 veniam
680 1065 973 1115 merebitur.
1004 1066 1063 1115 Id
1095 1069 1175 1116 est
1210 1072 1603 1132 consequetur,
1633 1072 1694 1119 ut
1720 1070 1797 1119 ait
1823 1069 2164 1131 Lactantius,
2190 1070 2283 1119 lib.
2322 1084 2398 1132 IV,
2426 1084 2542 1133 cap.
2580 1073 2653 1119 l7.

708 1323 931 1447 DE
1070 1323 1859 1451 UNITATE
2002 1326 2903 1455 ECCLESI/E

1586 1564 1923 1655 LIBER
1972 1548 2041 1610 (υ

169 1869 524 1919 Ancrxesruu.
570 1896 636 1903 —
678 1865 961 1919 Occasione
1004 1865 1300 1918 schismatis
1344 1865 1660 1931 Novatiani,
1708 1872 1769 1917 ut
1817 1880 1938 1919 suos
1986 1865 2435 1932 Carthaginenses
2482 1867 2791 1927 deterreret,
2843 1867 3050 1934 alioqui
3098 1880 3203 1918 non
3251 1864 3485 1917 multum

221 1956 279 2007 ab
306 1956 391 2009 illo
414 1955 785 2016 abhorrentes,
822 1959 1046 2024 propter
1072 1957 1338 2009 Novatum
1367 1961 1415 2007 et
1458 1955 1591 2007 alios
1631 1955 1889 2022 quosdam
1926 1969 2039 2007 sua:
2074 1956 2319 2009 Ecclesiae
2348 1956 2681 2025 presbyteros
2723 1958 2887 2009 totius
2918 1955 3192 2021 tragozdiaz
3222 1957 3482 2011 auctores,

224 2046 405 2098 librum
436 2046 579 2097 hunc
606 2047 925 2113 conscripsit
966 2044 1293 2112 Cyprianus.
1327 2046 1501 2111 Atque
1540 2046 1595 2095 in
1628 2046 1845 2110 primis,
1866 2048 2183 2112 postquam,
2222 2046 2479 2097 adversus
2510 2046 2725 2098 illorum
2760 2045 2988 2098 insidias
3013 2044 3382 2102 communitos,
3412 2040 3486 2093 ad

222 2138 538 2188 eonstantias
576 2135 823 2188 hortatus
865 2141 961 2199 est,
996 2135 1256 2187 haereseon
1300 2148 1517 2186 causam
1560 2149 1667 2187 esse
1701 2134 1850 2187 docet
1892 2134 2036 2202 quod
2072 2139 2240 2202 caput
2278 2136 2521 2188 Ecclesia
2558 2151 2666 2188 non
2708 2138 2993 2204 quaeritur,
3024 2136 3298 2203 primatus
3344 2132 3487 2185 Petri

222 2227 581 2285 contemnitur,
617 2232 665 2279 et
696 2224 966 2279 Cathedra
993 2240 1053 2277 ac
1080 2225 1317 2277 Ecclesia
1345 2240 1453 2276 una
1484 2228 1533 2277 et
1566 2226 1919 2292 Episcopatus
1959 2238 2100 2277 unus
2127 2225 2410 2277 deseritur.
2444 2226 2645 2279 Deinde
2672 2232 2785 2278 tum
2812 2226 3108 2294 Scripturis
3151 2228 3264 2275 tum
3292 2223 3484 2289 ﬁguris

230 2316 414 2368 Veteris
458 2319 511 2367 et
556 2317 691 2370 Novi
750 2316 1077 2367 Testamenti
1125 2316 1391 2365 unitatem
1434 2313 1680 2367 Ecclesia:
1728 2314 2057 2381 comprobat.
2106 2316 2271 2367 Porro
2323 2316 2617 2369 Novatiani
2671 2316 3016 2368 ambitionem
3069 2316 3128 2365 in
3178 2308 3485 2363 invadenda

224 2405 536 2472 Episcopatu
568 2398 823 2462 Romano,
857 2403 1003 2456 velut
1032 2402 1190 2455 aliud
1236 2417 1419 2469 agens,
1446 2404 1639 2470 paucis
1671 2407 2003 2470 prosecutus,
2044 2403 2152 2455 late
2191 2402 2409 2457 deducit
2438 2401 2628 2474 495
2658 2420 2824 2473 neque
2851 2419 2953 2471 pro
2997 2417 3178 2456 eorum
3214 2401 3489 2469 paucitate

221 2498 387 2546 contra
418 2493 714 2547 Ecclesium
742 2493 1039 2560 quidquam
1068 2494 1245 2557 facere
1276 2492 1419 2544 illud
1445 2492 1662 2551 Matth”
1697 2507 1825 2545 xvm
1856 2507 1869 2544 :
1905 2512 1932 2540 ι(
1974 2492 2281 2560 Ubicunque
2308 2495 2537 2557 fuerunt
2564 2494 2672 2546 duo
2700 2494 2783 2547 vel
2816 2500 2919 2547 tres
2945 2493 3153 2545 collecti
3194 2492 3251 2543 in
3276 2490 3489 2542 nomine

224 2597 338 2646 meo,
366 2604 388 2627 ››
425 2584 559 2647 etc.;
595 2597 761 2650 neque
788 2583 1113 2649 martyrium
1142 2582 1251 2634 illis
1278 2595 1428 2649 posse
1454 2582 1703 2650 prodesse
1735 2587 1890 2634 extra
1920 2582 2230 2634 Ecclesium.
2260 2582 2380 2634 Post
2413 2583 2521 2636 haec
2559 2583 2705 2636 docet
2737 2598 2843 2635 non
2884 2584 3079 2635 mirari
3123 2594 3207 2633 eos
3248 2582 3488 2647 oportere

222 2670 348 2737 quod
372 2673 616 2738 vigerent
658 2671 894 2731 haereses,
922 2672 1044 2737 jam
1079 2672 1204 2723 olim
1244 2686 1279 2723 a
1324 2670 1532 2724 Christo
1563 2670 1845 2739 praedicta
1891 2670 2078 2733 (obiter
2116 2670 2407 2736 interiectis
2448 2671 2905 2725 schismaticorum
2943 2666 3279 2739 suppliciis);
3321 2679 3490 2733 neque

224 2761 351 2828 quod
380 2763 705 2825 confessores
736 2760 960 2828 quidam
999 2763 1226 2815 Romani
1271 2761 1545 2815 schismati
1584 2763 1967 2827 consentirent,
2008 2763 2205 2831 quippe
2242 2777 2361 2816 cum
2399 2769 2525 2817 ante
2560 2764 2766 2817 obitum
2806 2778 2954 2817 nemo
2991 2763 3176 2816 beatus
3208 2763 3298 2821 sit,
3341 2765 3391 2813 et
3430 2761 3486 2810 in

226 2852 325 2917 ipso
356 2850 719 2919 apostolorum
759 2855 893 2902 cwtu
915 2849 1087 2903 Judas
1109 2850 1362 2918 proditor
1388 2852 1681 2915 exstiterit;
1705 2850 1936 2903 vitanda
1965 2852 2089 2903 item
2117 2851 2575 2909 schismaticorum
2603 2859 2652 2906 et
2685 2853 3053 2906 haereticorum
3079 2850 3369 2905 consortia.
3401 2846 3487 2901 Ad

219 2955 387 3007 pacem
418 2940 652 3007 denique
680 2944 726 2994 et
756 2940 1169 2993 unanimitatem
1196 2955 1293 3009 per
1318 2939 1632 3009 Scripturas
1675 2940 1942 2993 hortatur.

226 3056 260 3107 Ι.
291 3056 421 3108 Cum
470 3058 707 3109 moneat
754 3055 1024 3109 Dominus
1067 3058 1124 3110 et
1154 3054 1343 3109 dicat:
1382 3059 1483 3110 Vos
1527 3059 1651 3110 estis
1680 3057 1837 3139 salB
1865 3056 2041 3109 Patris
2083 3056 2370 3109 induimus
2416 3058 2513 3126 (2),
2560 3057 2745 3111 minus
2791 3074 2985 3128 sapere
3032 3058 3089 3111 in
3144 3056 3357 3111 tuenda
3402 3071 3485 3109 sa-

171 3156 295 3201 (ατε
334 3150 579 3218 (Matth.,
628 3165 679 3213 ν,
732 3149 840 3215 l3),
872 3163 1117 3217 cumque
1159 3165 1278 3202 esse
1317 3165 1417 3202 nos
1454 3149 1653 3219 jubeat
1692 3150 1759 3203 ad

172 3239 524 3295 innocentiam
569 3241 871 3311 simplices,
922 3244 979 3294 et
1022 3248 1216 3295 tamen
1244 3258 1372 3295 cum
1404 3242 1761 3311 simplicitate

170 3334 441 3399 prudentes
472 3334 719 3403 (Matth.,
769 3351 825 3399 x,
860 3334 967 3401 16),
1003 3333 1138 3403 quid
1167 3334 1337 3402 aliud,
1366 3335 1567 3388 fratres
1594 3336 1761 3389 dilec-

170 3425 357 3491 tissimi,
404 3444 579 3498 quam
627 3427 928 3497 providere
961 3442 1061 3479 nos
1100 3427 1380 3493 convenit,
1433 3431 1489 3481 et
1520 3428 1759 3481 sollicito

168 3519 307 3572 corde
353 3520 672 3590 vigilantes,
707 3519 927 3573 subdoli
968 3519 1147 3574 hostis
1176 3520 1410 3574 insidias
1439 3520 1762 3591 intelligere

169 3612 348 3677 pariter
394 3617 448 3668 et
500 3629 691 3667 cavere
739 3630 810 3667 ne
854 3613 949 3683 qui
989 3613 1273 3669 Christum
1301 3614 1636 3683 sapientiam
1664 3614 1761 3667 Dei

1862 3150 1975 3203 lute
2008 3149 2344 3203 videamur?
2385 3150 2575 3221 Neque
2624 3152 2775 3205 enim
2835 3150 3152 3222 persecutio
3201 3150 3318 3204 sola
3368 3164 3485 3202 me-

1866 3243 2075 3296 tuenda
2114 3244 2236 3297 est’
2278 3246 2334 3296 et
2372 3260 2435 3297 ea
2478 3261 2605 3313 quae
2651 3245 2990 3299 subruendis
3036 3261 3100 3298 ac
3153 3241 3487 3313 dejiciendis

1863 3336 1961 3389 Dei
2006 3336 2181 3389 servis
2211 3338 2408 3405 aperta
2449 3336 2877 3407 impugnatione
2910 3341 3237 3409 grassantur
3259 3338 3301 3389 '2.
3337 3335 3487 3388 Faci-

1862 3428 1969 3483 lior
1997 3430 2181 3483 cautio
2230 3430 2302 3500 (3)
2346 3436 2427 3484 est
2478 3431 2575 3484 ubi
2606 3432 2906 3486 manifesta
2960 3432 3031 3501 (4)
3084 3430 3329 3484 formido
3386 3433 3486 3493 est,

1863 3525 1917 3575 et
1960 3522 2028 3574 ad
2072 3526 2363 3577 certamen
2410 3524 2637 3577 animus
2667 3531 2797 3577 ante
2848 3525 3209 3595 praestruitur
3257 3522 3486 3593 quando

1863 3631 1920 3667 se
1969 3614 2324 3670 adversarius
2373 3617 2677 3671 conﬁtetur
2740 3620 2835 3689 (5).

2904 3620 3031 3673 Plus
3100 3615 3443 3672 metuendus
3468 3615 3487 3648 ³

1504 3728 1712 3791 Variae
1770 3728 2106 3791 lectiones.

221 3833 541 3883 'Metuenda
571 3838 649 3883 est
683 3848 748 3884 ea
779 3849 964 3899 quae...
992 3838 1309 3897 grassantur
1360 3836 1489 3882 Voss.
1536 3838 1577 3883 l.
1618 3838 1772 3898 Impr.
1840 3839 1859 3867 ¹
1893 3837 1971 3886 Ea
2007 3850 2175 3900 quin”
2241 3846 2561 3904 grassantur
2599 3846 2752 3893 Oxon.
2792 3859 2818 3892 ε
2853 3845 2913 3893 to
2950 3843 3066 3892 edd.
3110 3844 3282 3891 Minus
3318 3840 3496 3904 probat

166 3902 277 3963 Lips.
344 3912 354 3935 ‘
386 3905 695 3954 Timendus
725 3906 917 3954 Salisb.
956 3905 1078 3957 Bod-
1118 3913 1160 3972 1,
1190 3912 1239 3973 2,
1261 3913 1308 3971 3,
1341 3912 1603 3960 Cambron.

1426 4020 1649 4101 Steph.
1701 4019 1943 4083 Baluzii
1988 4025 2187 4081 notas.

218 4120 271 4179 (l)
300 4118 435 4169 Cum
467 4121 522 4169 in
561 4123 802 4171 editione
841 4126 1148 4187 Anglicana
1190 4129 1453 4190 praeclare
1492 4132 1775 4177 ostensum

167 4189 227 4237 sit
271 4195 316 4239 et
359 4192 650 4254 probatum
694 4208 883 4243 verum
927 4195 1092 4259 hujus
1135 4189 1257 4248 libri
1296 4200 1515 4248 titulum
1554 4212 1675 4249 esse
1716 4199 1777 4247 de

176 4259 352 4310 Unitato
403 4263 661 4324 Ecclesiae,
726 4266 807 4313 uti
875 4266 1074 4315 citetur
1126 4269 1194 4318 ab
1257 4271 1517 4332 antiquis,
1581 4274 1635 4319 et
1695 4270 1775 4317 uti

174 4333 437 4403 praeferunt
484 4348 681 4385 omnes
723 4336 835 4385 fere
881 4342 1097 4387 veteres
1144 4339 1297 4399 libri,
1336 4342 1500 4389 etiam
1545 4339 1775 4403 Seguie-

171 4401 350 4460 rianus,
406 4418 530 4454 eam
588 4406 947 4465 sententiam,
1014 4422 1141 4471 qua
1194 4410 1330 4460 mihi
1381 4410 1598 4459 videtur
1625 4401 1774 4459 _esse

172 4474 367 4532 optima,
408 4478 567 4537 sequi
615 4477 838 4538 placuit.
885 4479 1025 4527 Illud
1077 4484 1288 4529 tantum
1334 4481 1553 4541 addam,
1602 4482 1774 4530 Fran-

173 4542 354 4591 ciscum
408 4545 744 4594 Balduinum
799 4550 851 4595 in
912 4549 1159 4611 Epistola
1210 4552 1280 4601 ad
1328 4554 1613 4600 Lucaniam
1660 4553 1775 4600 sive

172 4612 420 4663 Calvinum
456 4616 683 4679 praeﬁxa
731 4621 850 4680 ejus
896 4620 1363 4671 Adnotationibus
1407 4624 1462 4671 in
1514 4623 1774 4685 Optatum

173 4687 334 4757 testari
370 4700 447 4747 se,
494 4688 628 4737 dum
675 4690 921 4739 Tridenti
973 4698 1136 4751 esset,
1176 4693 1229 4742 id
1265 4695 1444 4756 ipsum
1476 4694 1676 4757 legisse
1720 4695 1775 4742 in

171 4756 334 4806 codice
363 4761 543 4821 Apulo
572 4761 805 4810 Antonii
844 4763 1158 4824 Augustini.

224 4827 275 4883 (ἐξ
319 4830 606 4879 ualuimus.
656 4832 735 4880 Ita
786 4830 1081 4882 duodecim
1149 4834 1271 4883 libri
1316 4836 1487 4883 nostri
1534 4840 1589 4884 et
1631 4848 1777 4884 unus

172 4894 460 4948 Vossianus.
501 4900 640 4961 Quas
686 4915 823 4951 sane
866 4904 1029 4953 lectio
1072 4904 1265 4953 melior
1312 4908 1395 4954 est
1446 4918 1613 4967 quam
1659 4906 1765 4954 alia

172 4979 276 5038 quae
326 4970 487 5020 habet
545 4974 834 5021 induimur.
893 4976 1058 5033 Infra,
1118 4977 1171 5024 in
1232 4976 1339 5025 hoc
1394 4977 1511 5038 ipso
1570 4976 1709 5024 libro
1762 4993 1770 5024 :

178 5037 341 5088 Tunica
395 5056 624 5091 connexa
686 5046 911 5093 ostendit
972 5046 1157 5108 populi
1219 5037 1426 5107 nostri,
1470 5048 1562 5109 qui
1607 5047 1777 5094 Chris-

173 5112 263 5154 tum
319 5113 599 5169 induimus,
657 5116 986 5164 concordiam
1050 5117 1472 5166 cohaerentem.»
1531 5116 1624 5167 Sic
1680 5130 1777 5179 pro

173 5192 224 5250 eo
268 5182 406 5243 quod
456 5186 508 5231 in
566 5187 733 5235 veteri
786 5187 1233 5249 interpretatione
1274 5189 1467 5237 lrenari
1516 5188 1572 5235 in
1629 5201 1777 5250 pra:-

172 5246 347 5301 fatione
402 5254 527 5304 libri
582 5256 743 5318 primi
798 5246 1085 5319 legebatur
1148 5264 1201 5308 et
1265 5277 1290 5303 α
1368 5260 1423 5306 in
1487 5246 1776 5307 barbarum

172 5328 427 5394 {ermonem
476 5325 785 5390 plerumque
835 5342 1112 5389 vacamur,
1170 5350 1196 5373 »
1240 5344 1360 5394 qua;
1415 5330 1580 5380 lectio
1624 5334 1775 5379 certe

174 5387 284 5439 falsa
324 5399 417 5453 est,
450 5400 510 5445 ut
560 5387 803 5448 ostendit
839 5401 927 5449 vir
968 5387 1323 5450 doctissimus
1372 5403 1623 5450 Domnus
1667 5401 1775 5450 Re-

176 5464 314 5533 natus
362 5465 703 5527 Massuetus;
762 5470 854 5519 ille
900 5472 1141 5533 reposuit
1185 5485 1453 5530 vacamus,
1502 5470 1775 5520 adnotans

177 5525 303 5605 hunc
352 5548 586 5588 errorem
643 5525 814 5591 fuisse
875 5525 1093 5591 facilem
1164 5546 1386 5605 propter
1441 5525 1772 5591 afﬁnitatem

177 5597 449 5675 litterarum
476 5622 497 5657 s
520 5614 572 5659 et
600 5624 644 5669 r,
693 5616 744 5659 et
776 5616 1060 5674 propterea
1103 5597 1347 5675 proclive
1400 5614 1572 5662 fuisse
1619 5612 1769 5661 festi-

179 5673 409 5750 nantibus
439 5680 629 5750 scribis
654 5683 1013 5743 posteriorem
1047 5673 1142 5745 pro
1168 5684 1333 5746 priori
1360 5683 1621 5733 scribere.

234 5743 287 5803 (3;
338 5747 553 5800 Facilior
600 5754 791 5803 cautio.
843 5743 1249 5807 Demosthenes
1299 5756 1411 5806 ini
1459 5754 1773 5818 Philippic.,

1796 4438 1849 4511 C

1879 4128 2070 4178 scribit
2122 4127 2263 4175 nihil
2317 4140 2437 4176 esse
2488 4123 2833 4175 formidabile
2887 4118 3367 4184 praecaventibus;
3408 4116 3500 4166 Ci—

1879 4212 2024 4259 cero,
2082 4197 2175 4246 lib.
2230 4210 2245 4245 1
2300 4196 2620 4258 Ofﬁciorum,
2678 4195 2881 4243 leviora
2936 4204 3055 4241 esse
3115 4202 3239 4252 quas
3304 4201 3499 4259 repen-

1877 4258 2216 4331 tino’aliquo
2266 4268 2429 4317 modo
2477 4266 2733 4317 accidunt
2771 4277 2937 4328 quam
2982 4276 3043 4312 ea
3072 4274 3197 4324 qua:
3244 4258 3501 4310 meditata

1878 4344 1931 4389 et
1976 4330 2275 4402 praeparata
2329 4340 2654 4388 inferuntur.
2707 4336 2775 4385 Et
2827 4335 2920 4384 lib.
2976 4347 3031 4383 Ill
3084 4330 3500 4381 Tusculanarum

1879 4411 2229 4471 Quaestionum
2255 4426 2271 4457 :
2302 4427 2330 4458 ‹‹
2361 4411 2503 4473 Ergo
2529 4410 2582 4458 id
2606 4407 2829 4472 quidem
2855 4420 2965 4455 non
2996 4409 3077 4454 est
3101 4405 3331 4453 dubium
3368 4402 3500 4466 quin

1876 4483 2060 4530 omnia
2086 4495 2211 4544 quas
2236 4483 2378 4531 mala
2406 4484 2669 4544 putantur
2694 4481 2801 4527 sint
2830 4478 3136 4539 impraivisa
3176 4476 3442 4537 graviora.
3470 4490 3498 4517 λ)

1877 4552 2138 4613 Ruﬁnus,
2182 4554 2237 4601 in
2277 4552 2413 4603 Psal.
2466 4564 2579 4600 XLV
2611 4566 2620 4597 :
2651 4570 2675 4594 α
2718 4551 2952 4599 Gravius
2995 4548 3197 4596 feriunt
3232 4547 3337 4595 tela
3376 4557 3500 4606 quas

1880 4624 2113 4686 praevisa
2145 4637 2253 4672 non
2286 4626 2429 4672 sunt.
2460 4641 2485 4665 »
2515 4621 2653 4670 Vide
2684 4620 2887 4668 librum
2918 4618 2983 4665 de
3018 4615 3131 4665 Zeto
3157 4622 3202 4664 et
3233 4617 3435 4686 Livore.

1939 4696 2008 4755 (4)
2056 4692 2353 4754 Manifesta.
2413 4692 2695 4741 Manutius
2748 4689 2931 4751 posuit
2980 4684 3357 4755 manifestior,
3393 4696 3497 4733 ne-

1876 4766 1991 4813 scio
2058 4777 2165 4826 qua
2226 4762 2567 4812 auctoritate.
2632 4760 2763 4809 Nam
2832 4762 2885 4806 et
2959 4760 3174 4806 veteres
3232 4754 3502 4826 editiones

1878 4838 1932 4883 et
1973 4825 2087 4883 xxi
2131 4834 2254 4883 libri
2309 4834 2498 4893 nostri,
2551 4834 2604 4880 in
2655 4828 2859 4894 quibus
2905 4828 3130 4876 nomino
3182 4825 3500 4888 Seguieria—

1878 4918 2031 4965 num,
2069 4910 2122 4954 et
2170 4908 2291 4954 octo
2347 4902 2638 4965 Anglicani
2689 4902 2989 4964 praeferunt.
3040 4898 3340 4959 manifesta.
3386 4896 3502 4957 Ego

1878 4989 2008 5026 vero
2040 4976 2276 5025 arbitror
2314 4989 2434 5024 eam
2480 4975 2773 5023 lectionem
2825 4985 2943 5022 esse
2986 4971 3288 5021 meliorem.
3330 4970 3503 5019 Paulo

1878 5050 2001 5108 post
2030 5046 2230 5108 legitur
2256 5060 2265 5091 :
2306 5062 2330 5088 α
2361 5043 2624 5093 Cavenda
2653 5046 2781 5092 sunt
2810 5047 2996 5092 autem
3023 5054 3137 5090 non
3166 5041 3347 5090 solum
3377 5053 3501 5103 quas

1878 5120 2007 5165 sunt
2030 5120 2215 5178 aperte
2250 5116 2555 5164 manifesta.
2580 5129 2609 5160 io

1944 5188 2005 5247 (5)
2046 5186 2343 5247 Conﬁtetur.
2381 5187 2457 5234 Ita
2493 5199 2688 5235 omnes
2728 5184 2996 5234 editiones
3042 5183 3355 5232 Pameliana
3399 5197 3504 5231 an-

1880 5258 2162 5319 tiquiores,
2196 5257 2389 5320 viginti
2429 5268 2525 5305 sex
2562 5256 2891 5319 exemplaria
2926 5259 3127 5313 nostra,
3168 5259 3221 5303 et
3255 5256 3504 5317 quinque

1877 5326 2205 5388 Anglicana.
2249 5328 2526 5377 Pamelius
2562 5342 2627 5376 ex
2660 5328 2769 5375 ﬁde
2808 5326 3017 5375 codicis
3048 5325 3507 5375 Camberonensis

1880 5398 2099 5459 scripsit
2144 5397 2433 5460 proﬁtetur.
2482 5397 2587 5446 Cui
2637 5412 2737 5461 ego
2792 5412 2901 5447 non
2952 5410 3177 5460 possum
3229 5397 3501 5445 assentiri.

1880 5468 2081 5516 Notum
2136 5472 2216 5518 est
2273 5468 2409 5517 illud
2467 5468 2708 5517 Petronii
2758 5484 2767 5515 :
2829 5488 2855 5514 «
2909 5469 3095 5518 Habes
3148 5468 3501 5517 conﬁtentem

1879 5551 2068 5597 reum;
2121 5558 2149 5584 »
2195 5543 2249 5588 et
2296 5540 2433 5587 illud
2488 5539 2773 5589 Ciceronis
2836 5542 2892 5588 in
2960 5540 3197 5601 quadam
3258 5538 3502 5599 Epistula

1876 5609 1947 5657 ad
1995 5612 2218 5658 Atticum
2248 5624 2262 5656 :
2296 5627 2322 5653 «
2353 5608 2495 5659 Cum
2530 5609 2784 5660 homines
2817 5610 3011 5660 nefarii
3055 5610 3122 5661 de
3168 5610 3336 5673 patrio
3374 5621 3505 5669 par-

1877 5680 2070 5729 ricidio
2098 5680 2505 5730 confiterentur.
2534 5698 2559 5724 ››
