3978 6194
491 267 584 318 511
1400 262 1454 315 S.
1494 260 1808 316 CYPRIANI
1847 257 2122 313 OPERUM
2161 256 2334 311 PARS
2370 255 2434 308 ll.
2467 281 2535 294 --
2571 253 2942 309 OPUSCULA.
3728 261 3815 312 512

489 392 573 440 est
601 389 658 439 et
681 385 965 440 cavendus
995 385 1262 439 inimicus
1287 400 1418 438 cum
1440 384 1684 437 latenter
1700 381 1942 452 obrepit,
1965 397 2118 446 cum,
2144 390 2201 463 Α
2221 377 2566 432 ambulando
2614 375 2876 446 proﬁciet
2919 374 2990 429 ad
3019 375 3282 440 salutem,
3313 375 3408 447 qui
3444 377 3702 432 salutaris
3725 380 3816 434 viae

491 497 594 550 per
646 480 800 550 pacis
855 480 1170 548 imaginem
1222 478 1458 544 fallens,
1507 476 1736 530 occultis
1803 474 2121 529 accessibus
2223 491 2337 529 non
2368 480 2526 529 tenet
2555 475 2877 528 veritatem.

490 573 696 642 serpit;
752 572 902 626 unde
953 575 1010 625 et
1050 588 1260 626 nomen
1317 570 1593 640 serpentis
1636 569 1868 639 accepit.
1912 569 1987 622 Ea
2038 573 2122 622 est
2295 570 2382 623 III.
2436 568 2697 623 Cavenda
2742 573 2876 622 sunt
2903 572 3113 636 autem,
3163 567 3369 620 fratres
3397 565 3736 623 dilectissimi
3758 572 3815 638 ‘3,

489 666 610 735 ejus
642 681 868 736 semper
906 665 1132 731 astutia,
1185 663 1374 736 496
1427 679 1496 717 ea
1524 669 1606 716 est
1633 661 2120 716 circumveniendi
2221 679 2336 717 non
2390 663 2572 716 solum
2627 678 2753 732 qua:
2799 665 2929 715 sunt
2977 666 3172 731 aperta
3237 665 3404 731 atque
3453 661 3815 733 manifesta“,

489 759 738 813 hominis
767 758 840 828 (6)
872 774 1017 812 caeca
1041 763 1097 812 et
1130 759 1411 812 latebrosa
1430 757 1503 826 (7)
1529 756 1765 810 fallacia.
1793 756 1844 810 Si
1870 753 2120 808 abinitio
2220 756 2319 810 sed
2385 761 2441 810 et
2484 761 2683 810 astuta:
2754 755 2969 809 fraudis
3022 754 3326 808 subtilitate
3381 754 3644 810 fallentia.
3694 757 3817 820 Quid

489 851 679 906 statim
708 851 910 904 mundi
955 851 1179 917 fefellit,
1224 855 1303 916 et,
1353 850 1534 904 verbis
1561 848 1934 903 mendacibus
1964 848 2120 902 blan-
2220 865 2352 904 vero
2397 850 2657 915 astutius,
2706 849 2912 920 quidve
2961 848 3242 916 subtilius,
3298 865 3469 919 quam
3523 852 3583 902 ut
3634 849 3816 904 Christi

493 945 670 1009 diens,
717 943 890 998 rudes
940 944 1160 998 animas
1203 944 1429 997 incauta
1478 941 1810 996 credulitate
1861 941 2116 1011 decepit,
2219 944 2462 998 adventu
2490 944 2744 997 detectus
2769 959 2832 996 ac
2863 945 3172 1012 prostratus
3211 943 3495 1010 inimicus,
3539 948 3818 1012 postquam

491 1038 792 1093 Dominum
841 1038 1028 1108 ipsum
1077 1041 1296 1091 tentare
1347 1041 1597 1103 conatus,
1629 1035 1786 1105 quasi
1817 1035 2120 1106 obreperet
2220 1039 2311 1092 lux
2345 1037 2607 1108 gentibus
2651 1036 2806 1090 venit
2849 1039 2907 1090 et
2953 1036 3292 1106 sospitandis
3332 1035 3650 1090 hominibus
3691 1038 3819 1092 salu-

490 1147 688 1184 rursus
743 1133 800 1184 et
863 1131 1115 1196 falleret,
1180 1131 1422 1184 latenter
1487 1129 1738 1183 accessit.
1794 1129 2118 1182 Intellectus
2219 1137 2338 1186 tare
2367 1132 2560 1184 lumen
2596 1129 2824 1195 eﬁulsit,
2877 1135 2939 1184 ut
2965 1130 3120 1184 surdi
3163 1129 3424 1184 auditum
3461 1129 3650 1199 gratiae
3679 1130 3818 1200 spiri-

493 1229 683 1277 tamen
735 1229 820 1278 est
868 1230 922 1278 et
964 1225 1265 1285 retusus‘;
1323 1226 1379 1276 et
1426 1223 1548 1276 ideo
1596 1226 1928 1292 prostratus,
1988 1223 2119 1292 quia
2218 1225 2341 1278 talis
2379 1224 2767 1289 admitterent,
2815 1225 3104 1294 aperirent
3147 1223 3216 1276 ad
3263 1223 3448 1277 Deum
3493 1222 3678 1277 oculos
3706 1240 3817 1276 suos

492 1319 719 1386 agnitus
750 1323 922 1387 atque
950 1317 1226 1371 detectus.
2219 1318 2372 1384 casei,
2401 1318 2612 1371 inﬁrmi
2631 1321 2846 1371 aeterna
2866 1318 3102 1371 sanitate
3126 1318 3168 1350 ίεί
3197 1317 3628 1383 revalescerent,
3653 1317 3816 1370 claudi

565 1413 629 1464 Il.
680 1411 832 1464 Unde
878 1410 1037 1464 nobis
1083 1411 1409 1480 exemplum
1441 1410 1646 1464 datum
1675 1413 1759 1463 est
1788 1410 1990 1463 veteris
2016 1409 2117 1463 ho-
2217 1412 2288 1466 ad
2346 1411 2650 1466 Ecclesiam
2704 1416 3040 1478 currerent,
3095 1410 3238 1464 muti
3283 1409 3450 1463 claris
3512 1409 3729 1463 vocibus
3769 1416 3817 1465 et

491 1503 662 1557 minis
683 1503 843 1556 viam.
872 1504 1090 1573 fugere,
1121 1503 1371 1573 vestigiis
1416 1503 1622 1559 Christi
1668 1503 1906 1557 viventis
1928 1505 1947 1536 ⁵
1985 1503 2118 1556 insi-
2218 1504 2479 1575 precibus
2515 1508 2764 1571 orarent,
2794 1503 2992 1557 videns
3039 1503 3131 1558 ille
3177 1503 3330 1558 idola
3357 1502 3623 1557 derelicta
3653 1508 3704 1557 et
3728 1519 3816 1575 per

492 1603 637 1650 stere
669 1614 684 1663 ;
714 1612 785 1650 ne
813 1597 1001 1650 denuo
1030 1597 1241 1650 incauti
1267 1597 1323 1649 in
1351 1597 1549 1651 mortis
1580 1598 1849 1666 laqueum
1873 1598 2118 1651 revolva—
2222 1598 2464 1652 nimium
2492 1598 2843 1652 credentium
2874 1598 3145 1668 p0pulum
3190 1598 3356 1651 sedes
3385 1613 3516 1650 suas
3544 1613 3604 1650 ac
3629 1599 3816 1668 templa

493 1705 640 1757 mur,
664 1689 784 1754 sed,
809 1689 881 1743 ad
908 1690 1223 1760 periculum
1252 1689 1469 1759 providi
1489 1691 1530 1755 δ,
1571 1695 1798 1759 accepta
1827 1690 2116 1744 immorta-
2146 1751 2190 1762 ἢ
2221 1691 2461 1758 deserta,
2509 1691 2912 1762 excogitaverit
2939 1707 3144 1744 novam
3177 1690 3462 1758 fraudem,
3498 1695 3556 1743 ut
3577 1691 3671 1743 sub
3709 1691 3814 1761 ipso

488 1751 644 1836 litate
693 1751 989 1852 potiamur.
1048 1751 1477 1837 lmmortalitate
1520 1751 1720 1837 autem
1765 1783 1931 1853 potiri
1983 1751 2523 1854 quo-BChristiani
2570 1751 2816 1837 nominis
2861 1784 3024 1837 titulo
3070 1783 3230 1836 fallat
3269 1751 3569 1836 incautos?
3598 1751 3816 1838 [hereses

490 1875 658 1928 modo
704 1893 1022 1945 possumus,
1073 1876 1175 1930 nisi
1207 1893 1271 1930 ea
1302 1877 1508 1946 quibus
1556 1893 1706 1931 mors
1763 1882 2120 1947 expugnatur
2221 1878 2438 1931 invenit
2501 1881 2557 1931 et
2607 1877 2909 1931 schismata
2938 1919 2950 1943 ,
3001 1876 3206 1946 quibus
3257 1876 3607 1930 subverteret
3645 1877 3814 1943 ﬁdem,

493 1975 549 2022 et
587 1968 850 2035 vincitur,
900 1970 1104 2024 Christi
1150 1970 1417 2024 mandata
1473 1986 1783 2036 servemus,
1836 1970 1958 2040 ipso
2004 1987 2120 2024 mo-
2220 1972 2516 2025 veritatem
2562 1974 2972 2041 corrumperet,
3004 1970 3292 2023 scinderet
3345 1970 3640 2024 unitatem.
3681 1971 3811 2034 Quos

494 2067 666 2115 nente
714 2068 770 2116 et
825 2063 1046 2116 dicente
1091 2079 1102 2115 :
1153 2063 1214 2117 Si
1260 2067 1341 2116 vis
1383 2064 1458 2117 ad
1498 2065 1668 2116 vitam
1716 2067 1912 2124 veni-re,
1965 2080 2120 2118 serva.
2221 2065 2472 2119 detinere
2505 2080 2618 2118 non
2647 2069 2827 2134 potest
2864 2064 2921 2118 in
2948 2064 3052 2117 viae
3086 2064 3297 2118 veteris
3330 2063 3530 2136 498
3561 2065 3816 2130 caecitate,

492 2156 761 2208 mandata
805 2156 1039 2220 (Matth.,
1083 2172 1195 2221 xm,
1227 2157 1351 2218 17).
1404 2157 1470 2210 Et
1518 2156 1725 2209 iterum
1757 2173 1769 2210 :
1803 2159 1862 2212 Si
1885 2159 2120 2223 feceritis
2220 2157 2634 2211 circumscribit
2672 2161 2729 2210 et
2760 2157 2972 2228 decipit
2999 2157 3128 2210 novi
3180 2157 3400 2211 itineris
3428 2174 3634 2211 errore.
3675 2159 3818 2228 Rapit

492 2249 648 2317 quae"
689 2249 887 2303 mando
927 2250 1093 2314 vobis,
1121 2250 1240 2317 jam
1278 2265 1385 2303 non
1441 2251 1558 2303 dico
1591 2249 1665 2320 (8)
1691 2265 1781 2304 vos
1807 2265 2000 2316 servos,
2028 2253 2120 2306 sed
2222 2252 2290 2305 de
2332 2253 2453 2320 ipsa
2498 2251 2739 2304 Ecclesia
2767 2251 3063 2318 homines;
3095 2255 3171 2319 et,
3218 2250 3358 2304 dum
3398 2251 3502 2304 sibi
3543 2251 3815 2321 appropin-

492 2345 690 2397 amicos
727 2345 924 2411 (Joan.,
972 2358 1058 2408 xv,
1095 2344 1179 2410 14,
1234 2346 1338 2408 15).
1371 2343 1482 2396 Hos
1509 2343 1752 2413 denique
1783 2343 1959 2397 fortes
1985 2345 2120 2398 dicit
2222 2361 2424 2414 quasse
2464 2344 2588 2413 jam
2635 2343 2835 2397 lumini
2879 2350 3048 2414 atque
3095 2344 3339 2398 evasisse
3388 2345 3575 2398 saeculi
3615 2349 3813 2398 noctem

492 2440 547 2490 et
581 2436 828 2500 stabiles,
875 2436 979 2489 hos
1009 2451 1182 2504 super
1227 2438 1448 2506 petram
1504 2436 1733 2490 robusta
1772 2437 1965 2491 mole“
1993 2437 2118 2491 fun-
2221 2439 2520 2505 videntur,
2590 2437 2729 2491 alias
2773 2437 3155 2492 nescientibus
3213 2438 3481 2492 tenebras
3525 2454 3703 2490 rursus
3745 2437 3814 2490 in-

495 2529 672 2595 datos,
711 2530 814 2583 hos
857 2535 1056 2582 contra
1102 2545 1304 2584 omnes
1331 2532 1742 2600 tempestates9
1782 2535 1842 2583 et
1867 2530 2118 2585 turbines
2219 2533 2424 2599 fundit,
2477 2536 2536 2585 ut
2575 2548 2700 2585 cum
2751 2532 3054 2602 Evangelio
3101 2532 3307 2588 Christi
3337 2535 3394 2585 et
3424 2549 3550 2586 cum
3585 2533 3813 2585 observa-

493 2623 680 2675 szeculi
729 2622 1012 2676 immobili
1065 2627 1121 2675 et
1169 2623 1502 2676 inconcussa
1531 2623 1794 2676 firmitate
1823 2623 2112 2678 solidatos.
2219 2626 2371 2680 tione
2397 2626 2517 2696 ejus
2540 2627 2737 2696 ctlege
2759 2641 2871 2679 non
2901 2629 3136 2690 stantes,
3165 2625 3522 2681 Christianos
3542 2642 3597 2679 se
3616 2631 3811 2689 vocent,

491 2717 596 2782 Qui
647 2717 822 2780 audit,
860 2716 1065 2786 inquit,
1113 2718 1275 2770 verba
1319 2733 1433 2770 mea.
1478 2722 1527 2770 et
1565 2719 1708 2783 facit
1758 2733 1838 2778 ea,
1871 2719 2116 2772 similubo
2219 2725 2275 2774 et
2302 2719 2658 2772 ambulantes
2685 2719 2744 2772 in
2796 2718 3047 2773 tenebris
3080 2718 3289 2772 habere
3341 2737 3399 2774 se
3434 2718 3620 2772 lumen
3649 2719 3813 2773 existi-

491 2824 610 2862 eum
657 2811 772 2862 viro
804 2812 1040 2878 sapienti
1066 2813 1161 2878 qui
1205 2811 1491 2877 aediﬁcavit
1525 2810 1739 2863 domum
1764 2827 1920 2864 suam
1949 2827 2116 2880 supra
2221 2818 2398 2876 ment,
2431 2812 2754 2866 blandiente
2783 2813 3106 2866 adversario
3133 2818 3306 2884 atque
3334 2815 3587 2879 fallente,
3615 2813 3721 2883 qui,
3744 2829 3812 2864 se-

488 2909 720 2971 pelram.
766 2903 1044 2956 Descendit
1084 2904 1294 2971 plu-via,
1339 2904 1671 2956 venerunt'0
1723 2906 1966 2970 ﬂumina,
2014 2908 2112 2970 fla-
2217 2905 2470 2959 cundum
2493 2905 2742 2974 Apostoli
2769 2921 2986 2970 vocem,
3018 2905 3392 2976 transﬁgurat
3414 2924 3470 2962 se
3502 2908 3811 2976 velutange-

487 3003 682 3049 verunt
716 2998 865 3049 venti
897 3001 947 3049 et
977 2997 1315 3065 impegerunt
1365 2998 1422 3049 in
1469 2997 1682 3050 domum
1723 2999 1896 3063 illam,
1935 3005 1983 3051 et
2011 3014 2117 3052 non
2218 3000 2336 3052 lum
2369 2999 2509 3052 lucis
2533 3000 2594 3069 (II
2624 3001 2766 3057 Cor..
2796 3015 2868 3065 x1,
2896 3001 3003 3064 14),
3035 3004 3088 3053 et
3112 2999 3397 3054 ministros
3423 3017 3552 3055 suos
3571 3000 3813 3055 subornat

489 3090 711 3154 cecidit;
779 3090 1020 3156 fundata
1093 3093 1231 3142 enim
1290 3090 1403 3154 fuit
1434 3091 1472 3122 ’ί
1553 3105 1718 3158 super
1776 3097 1988 3158 petram
2046 3093 2114 3161 (9)
2139 3107 2192 3178 ρ
2218 3092 2373 3145 velut
2407 3091 2694 3145 ministros
2714 3091 2966 3160 justitiae,
3001 3098 3318 3147 asserentes
3350 3098 3571 3147 noctem
3598 3109 3691 3162 pro
3715 3092 3807 3152 die,

494 3183 731 3252 (Matth.,
785 3199 876 3249 vn,
905 3185 996 3244 24,
1044 3183 1156 3249 25).
1206 3181 1398 3235 Verbis
1443 3182 1620 3252 igitur
1670 3183 1791 3251 ejus
1834 3183 2114 3250 insistere,

492 3291 850 3346 quaecunque
883 3279 934 3329 ei
981 3275 1172 3329 docuit
1198 3279 1256 3328 et
1296 3276 1429 3330 fecit
1477 3276 1692 3330 discere
1719 3280 1773 3329 et
1813 3276 1996 3329 facere
2024 3277 2117 3330 de-

488 3369 706 3423 bemus.
747 3371 1030 3424 Czeterum
1078 3369 1308 3422 credere
1361 3387 1417 3423 se
1463 3370 1518 3422 in
1561 3369 1846 3422 Christum
1880 3371 1924 3403 ¹²
1979 3387 2117 3440 quo-

491 3463 658 3515 modo
687 3461 843 3529 dicit,
874 3463 970 3532 qui
998 3479 1112 3515 non
1140 3462 1271 3516 facit
1309 3462 1462 3532 quod
1490 3462 1744 3517 Christus
1766 3464 1950 3517 facere
1980 3480 2116 3534 pra:-

2218 3184 2516 3238 interitum
2562 3199 2661 3253 pro
2711 3184 2910 3250 salute,
2968 3185 3422 3255 desperationem
3471 3186 3569 3238 sub
3607 3185 3809 3237 obtentu

2218 3277 2359 3346 spei,
2414 3276 2714 3346 perﬁdiam
2761 3277 2862 3330 sub
2897 3283 3177 3347 praetextu
3227 3278 3380 3342 ﬁdei,
3434 3279 3810 3331 Antichristum

2217 3371 2317 3423 sub
2345 3370 2614 3423 vocabulo
2642 3370 2846 3425 Christi
2872 3387 2888 3437 ;
2927 3374 3011 3436 ut,
3039 3371 3175 3424 dum
3198 3372 3527 3425 verisimilia
3560 3369 3808 3424 mentiun-

2217 3469 2327 3527 tur,
2372 3463 2669 3516 veritatem
2715 3463 3023 3517 sublilitate
3071 3464 3442 3519 frustrentur.
3486 3467 3595 3519 Iloc
3643 3480 3702 3517 eo
3740 3461 3807 3524 ﬁt,

2217 3556 2421 3610 fratres
2450 3555 2821 3622 dilectissimi,
2855 3557 2992 3610 dum
3022 3557 3091 3611 ad
3134 3557 3388 3612 veritatis
3415 3557 3687 3629 originem
3716 3557 3806 3622 (10)

2216 3665 2330 3703 non
2377 3649 2613 3717 reditur,
2659 3665 2762 3704 nec
2806 3655 2977 3720 caput
3023 3650 3318 3720 quaeritur,
3373 3667 3474 3705 nec
3514 3648 3807 3721 magistri‘6

2217 3743 2456 3797 caelestis
2485 3742 2745 3796 doctrina
2773 3747 3046 3797 servatur.

2285 3837 2372 3890 IV.
2402 3837 2538 3900 Quae
2583 3835 2626 3890 si
2655 3836 2782 3907 quis
2814 3835 3133 3892 consideret
3171 3842 3227 3892 et
3257 3839 3569 3906 examinet,
3598 3838 3807 3890 tractatu

491 3555 677 3625 cepit?
697 3556 809 3608 Aut
829 3555 982 3610 unde
1013 3556 1303 3627 perveniet
1324 3554 1510 3626 497
1539 3556 1608 3610 ad
1638 3557 1934 3626 praemium
1962 3557 2114 3626 ﬁdei,

489 3648 588 3718 qui
633 3648 804 3702 ﬁdem
849 3665 966 3703 non
1017 3649 1135 3703 vult
1178 3665 1402 3703 servare
1452 3649 1758 3703 mandati?
1802 3651 1969 3703 Nutet
2021 3668 2116 3706 ne-

493 3758 645 3798 cesse
696 3751 777 3799 est
823 3749 880 3798 et
912 3749 1170 3814 vagetur,
1220 3746 1294 3809 et,
1341 3742 1543 3812 spiritu
1584 3743 1793 3797 erroris
1823 3743 2113 3814 abreptus,

490 3837 642 3893 velut
689 3837 870 3909 pulvis
919 3853 1091 3908 quem
1139 3839 1340 3891 ventus
1386 3836 1599 3891 excutit
1636 3837 1976 3903 ventiletur;
2013 3853 2115 3892 nec

1857 3986 2066 4050 Variae
2127 3987 2464 4051 lectiones.

551 4141 572 4172 ⁴
597 4140 863 4190 Retrusus
885 4139 1025 4186 Lam.
1053 4137 1159 4188 ΝΟ.
1194 4139 1240 4197 1,
1264 4139 1309 4187 2.
1343 4137 1496 4187 Ebor.
1538 4138 1649 4187 Vat.
1679 4139 1725 4187 4.
1797 4141 1812 4170 ⁵
1844 4137 2134 4187 Vincentis
2156 4137 2272 4186 alii.
2313 4135 2488 4186 Baluz.
2525 4139 2685 4186 nescio
2712 4151 2817 4186 cur.
2884 4137 2906 4170 θ
2938 4138 3156 4188 Providi
3191 4141 3247 4188 et
3282 4140 3433 4190 cauti
3469 4138 3611 4187 Ebor.
3645 4137 3737 4187 ΝΟ.
3768 4138 3803 4184 1.

489 4209 615 4259 Bod.
652 4209 700 4258 2.
732 4208 850 4257 Ben.
921 4206 939 4238 7
965 4207 1024 4256 Si
1051 4207 1294 4258 feceritis
1318 4207 1466 4272 quod
1490 4208 1639 4256 Ebor.
1679 4208 1811 4258 Voss.
1844 4209 1887 4256 1.
1924 4208 2057 4255 Pem.
2091 4209 2229 4256 Lam.
2260 4208 2367 4257 ΝΟ.
2398 4209 2442 4256 1.
2500 4208 2608 4256 Ver.
2650 4209 2809 4270 Neap.
2861 4209 2983 4258 Tha.
3024 4210 3165 4259 Foss.
3229 4209 3251 4243 ⁸
3275 4209 3524 4260 Robusta
3565 4212 3614 4258 et
3657 4205 3808 4256 solida

497 4281 632 4329 Voss.
665 4280 709 4338 1,
740 4279 784 4328 3.
853 4278 873 4306 9
904 4276 1198 4328 Modestius
1228 4290 1419 4328 omnes
1449 4279 1589 4341 Spir.
1660 4278 1696 4310 ¹⁰
1726 4277 2085 4326 Advenerunt
2106 4279 2243 4327 Lam.
2279 4278 2428 4328 Ebor.
2466 4282 2601 4329 Pem.
2627 4282 2717 4330 Ar.
2760 4281 2871 4330 Ver.
2897 4282 3005 4330 ΜΒ.
3051 4280 3184 4328 Voss.
3221 4281 3268 4330 3.
3309 4281 3380 4330 Et
3415 4281 3673 4329 venerunt
3702 4275 3802 4323 Tim.

489 4351 626 4399 Foss.
699 4351 734 4381 ¹¹
760 4351 893 4399 Erat
919 4350 1055 4397 Lam.
1088 4351 1219 4398 Pem.
1255 4348 1406 4397 Ebor.
1436 4349 1542 4397 ΝΟ.
1575 4350 1616 4397 1.
1688 4350 1724 4380 ¹²
1758 4347 1994 4398 Credere
2023 4363 2082 4400 se
2112 4349 2324 4399 Christo
2365 4351 2464 4399 Thu
2523 4351 2654 4399 Voss.
2686 4350 2732 4399 3.
2807 4353 2844 4382 '3
2876 4351 2987 4399 Haec
3009 4348 3111 4397 duo
3140 4349 3289 4398 verba
3317 4351 3499 4398 desunt
3524 4351 3571 4396 in
3604 4346 3659 4395 13
3679 4343 3804 4392 Codd.

489 4419 693 4481 Anglic.
764 4421 802 4452 ¹⁴
828 4421 1028 4482 Aperte
1052 4418 1339 4470 manifesta
1380 4419 1516 4468 Voss.
1548 4418 1593 4468 3.
1623 4420 1758 4481 Spir.
1830 4421 1868 4451 '5
1897 4418 2087 4471 Salute
2117 4421 2254 4470 Lam.
2285 4420 2438 4470 Ebor.
2471 4422 2598 4482 NC.,
2631 4424 2674 4471 1.
2750 4422 2787 4453 ¹⁶
2815 4421 3110 4484 Magisterii
3140 4422 3278 4471 Lam.
3307 4421 3462 4470 Ebor.
3493 4419 3595 4470 ΝΟ.
3632 4420 3671 4467 1.
3699 4412 3802 4465 Bod.

487 4490 533 4540 2.
575 4492 684 4540 Ver.

1813 4579 2039 4661 Steph.
2079 4580 2324 4644 Baluzii
2354 4585 2546 4644 notae.

680 4724 1129 4811 circumveniendi
1170 4724 1409 4803 hominis.
1450 4724 1516 4801 .In
1533 4737 1680 4811 Juno,
1712 4725 1886 4811 veteril
1930 4723 2121 4811 codice
2140 4740 2200 4811 D
2222 4731 2481 4811 sanctum
2511 4727 2886 4811 augustinur‘n
2926 4738 3086 4776 serm.
3131 4725 3209 4785 76,
3241 4724 3310 4774 de
3352 4723 3549 4811 YneUrbis
3585 4721 3802 4811 Evangﬁ:

495 4786 818 4847 Celbertino
886 4796 1085 4857 legitur
1142 4793 1608 4842 circumveniendis
1661 4793 1972 4844 hominibus.
2028 4786 2280 4847 Siculii
2336 4786 2641 4846 secundum
2712 4797 3065 4854 Matlhmum;
3129 4809 3289 4845 serm.
3355 4796 3465 4854 295,
3532 4794 3584 4842 in
3652 4786 3803 4839 Natali

494 4875 660 4922 etiam
691 4873 745 4920 in
779 4871 1001 4920 duobus
1030 4868 1372 4933 Anglicanis.
2219 4869 2594 4931 apostolorum
2625 4868 2766 4917 Petri
2793 4872 2846 4918 et
2880 4867 3057 4925 Pauli,
3088 4871 3141 4917 et
3174 4866 3267 4915 lib.
3301 4880 3316 4914 I
3358 4867 3573 4914 Rotracl.
3609 4875 3717 4933 cap.
3750 4860 3764 4905 1
3791 4872 3799 4933 ξ

557 4947 622 5006 (7)
660 4942 960 4992 Latebrosa.
1001 4925 1157 4992 Unus
1200 4939 1376 4991 codex
1418 4940 1598 5003 regius
1641 4944 1694 4989 et
1737 4953 1884 4988 unus
1930 4940 2118 5002 Angli-
2221 4925 2339 4987 tum
2383 4941 2547 4989 etiam
2589 4938 2949 4988 Hincmarum
3007 4939 3336 4988 Remensem
3386 4937 3440 4985 in
3484 4931 3708 4997 Epistola
3745 4925 3803 4976 ad

492 5032 666 5069 canus
697 5016 904 5066 habent
931 5015 1216 5066 tenebrosa.
2219 5009 2633 5069 Laudunensem,
2664 5023 2782 5072 cap.
2818 5011 2865 5068 5,
2894 5023 3013 5073 pag.
3047 5009 3154 5058 40:2.
3506 5075 3517 5077 _
3661 5073 3674 5077 _
3743 5069 3769 5077 η

558 5093 620 5151 (8)
679 5089 819 5137 Dico.
879 5087 1155 5136 Pamelius
1212 5085 1432 5147 scripsit
1484 5085 1674 5141 dicam,
1724 5097 1957 5148 eamque
2002 5085 2120 5134 lec-
2225 5151 2228 5152 ν
2284 5081 2381 5141 (10)
2433 5081 2509 5130 Ad
2562 5080 2794 5128 vertialis
2853 5079 3127 5152 originem.
3183 5077 3451 5152 Quamvis
3492 5075 3620 5152 haec
3655 5073 3800 5152 lectio

497 5144 703 5210 tionem
762 5160 833 5209 ait
887 5169 1008 5207 esse
1077 5144 1380 5205 meliorem.
1450 5156 1600 5205 Idem
1673 5144 1883 5205 tamen_
1917 5170 2119 5220 supra,
2221 5151 2364 5201 bona
2400 5153 2489 5224 sit,
2538 5165 2640 5215 ego
2682 5155 2869 5224 tamen
2911 5149 3129 5224 mallem
3176 5148 3426 5224 unitatis.
3448 5147 3524 5224 uti
3569 5144 3797 5224 scriptum

491 5233 649 5295 epist.
704 5230 766 5279 63
819 5229 890 5278 ad
950 5227 1243 5287 Caecilium,
1307 5228 1363 5275 in
1424 5240 1530 5289 qua
1598 5226 1743 5276 idem
1818 5217 2005 5276 locus'
2039 5231 2122 5276 est
2221 5228 2321 5295 est,
2356 5222 2522 5284 paulo
2568 5225 2707 5295 post.
2772 5219 2998 5295 (lunatis
3057 5218 3282 5295 ejusdem
3343 5217 3797 5295 originemhqu‘a?

492 5282 821 5362 descriptus,
869 5298 1038 5348 edidit
1091 5282 1380 5359 dico.'Quo
1423 5282 1586 5347 etiam
1639 5296 1802 5346 modo
1854 5297 2121 5359 scriptum
2221 5282 2499 5342 Unitatem
2540 5282 2724 5341 statim
2777 5291 3079 5362 fortissime
3126 5292 3284 5362 urget
3335 5291 3555 5362 sanctus
3608 5282 3796 5362 Martii:

493 5378 578 5423 est
609 5353 952 5420 inbmnibus
981 5370 1094 5419 fere
1125 5353 1300 5417 libris.
1317 5368 1562 5431 antiquis
1597 5371 1649 5417 et
1694 5369 1747 5416 in
1781 5353 2120 5416 editionibus
2222 5363 2598 5412 Tertullianus
2642 5363 2696 5410 in
2750 5361 2888 5410 libro
2941 5361 3002 5409 de
3050 5356 3521 5431 Praescriptionibus
3565 5353 3798 5402 adversus

495 5456 624 5506 quas
670 5442 1043 5491 Pamelianam
1091 5430 1525 5488 antecesserunt.
1577 5437 1886 5487 Fatendum
1935 5442 2121 5486 tamen
2221 5433 2509 5483 haereticos
2543 5447 2552 5480 :
2585 5450 2613 5479 «
2645 5432 2821 5482 Omne
2859 5445 3046 5506 genus
3073 5431 3142 5480 ad
3193 5430 3458 5493 originem
3503 5431 3793 5506 suammc-ctl:

492 5489 857 5577 estquinque
889 5512 1057 5561 libros
1080 5513 1294 5561 veteres
1330 5510 1532 5560 habere
1557 5509 1745 5557 dicam.
2221 5508 2406 5553 seatur
2452 5516 2685 5578 necesse
2723 5507 2820 5552 est.
2847 5489 2902 5578 ﬁ»
2953 5503 3145 5578 _Etia_m
3196 5489 3409 5578 provﬂeo
3457 5494 3627 5578 quod,
3649 5489 3795 5578 vulgo

556 5570 830 5647 (9)-Sup'er
857 5588 1075 5647 petram.
1127 5581 1184 5630 Id
1212 5584 1291 5630 est
1335 5595 1501 5644 super
1544 5581 1822 5631 Christum
1858 5583 1911 5628 et
1953 5578 2118 5628 ﬁdem
2219 5578 2421 5641 legitur
2463 5577 2519 5624 in
2567 5575 2741 5647 initio,
2771 5574 3020 5647 epistola:
3071 5574 3132 5647 4:2
3169 5588 3184 5647 ξ
3231 5590 3258 5617 ‹‹
3309 5570 3571 5647 §anctitas
3610 5570 3793 5647 ac}:

496 5631 621 5720 φίξὲ
671 5631 949 5704 inreu‘mﬂ
987 5657 1081 5702 est.
1160 5631 1534 5715 Hieronymus
1601 5652 1656 5700 in
1721 5651 2120 5720 Explanatione
2219 5631 2350 5696 ritas
2407 5648 2617 5720 pariter
2658 5631 2929 5720 exigebat.
2989 5643 3260 5720 »-__Codex
3301 5637 3617 5720 _Remensi‘s!_
3644 5631 3791 5720 85:13:“

495 5701 957 5777 ﬁsalmiwxmviad
991 5701 1320 5786 Principiam
1352 5701 1423 5769 :'«
1459 5723 1636 5784 Super
1673 5701 1883 5784 petram
1924 5719 2119 5770 Chris—
2219 5701 2469 5781 Dionysii
2532 5717 2698 5768 habet
2753 5701 2954 5766 lJnilas.
3015 5714 3086 5764 Et
3136 5713 3340 5786 riu-culo
3379 5705 3619 5786 _unitatis
3674 5701 3791 5786 legi:

498 5803 616 5851 tum
669 5796 851 5849 stabili
907 5797 1117 5849 ratione
1170 5777 1399 5846 fundata
1455 5777 1555 5844 est'
1590 5777 1859 5844 Ecclesia.
1904 5807 1933 5839 »
1979 5789 2120 5843 Vide
2217 5777 2454 5842 mus'in
2504 5789 2732 5856 epistola
2792 5786 3114 5840 Firmiliam'.
3168 5782 3481 5850 Arnulphus
3536 5777 3788 5841 θρίεοορυδ
