3978 6194
164 270 235 319 513
1255 258 1454 312 LIBER
1495 258 1579 311 DE
1622 258 1910 312 UNITATE
1954 257 2311 312 ECCLESI/E.

3355 263 3456 315 514

158 393 295 457 longo
346 390 505 455 atque
553 385 901 455 argumentis
948 401 1089 455 opus
1138 401 1251 438 non
1303 388 1404 437 est.
1464 384 2003 467 ProbatioAsoluta
2047 388 2096 437 et
2138 385 2197 436 in
2241 383 2385 436 caelis
2426 382 2668 450 (Matth.,
2716 399 2822 450 xvr,
2857 386 2943 451 l8,
2991 385 3100 452 19),
3131 388 3194 440 Et
3246 387 3456 441 iterum

157 488 217 536 est
252 482 313 535 ad
358 479 521 533 ﬁdem
556 479 728 532 facilis
767 478 1110 548 compendio
1147 477 1417 531 veritatis.
1452 476 1728 546 Loquitur

157 574 383 630 Dominus
412 573 454 641 (l
477 572 519 641 l)
562 572 631 624 ad
663 574 893 625 Petrum
926 588 938 624 :
974 575 1084 640 Ego
1125 573 1224 624 tibi
1257 571 1401 631 dico,
1446 570 1628 639 inquit
1664 571 1726 631 Η,

154 670 252 737 quia
293 674 345 718 tu
383 679 434 718 es
474 667 681 723 Petrus.
725 669 775 717 et
817 662 1007 735 499
1053 680 1213 733 super
1258 665 1396 717 hunc
1436 664 1481 695 ³⁸
1516 670 1732 730 petram

150 759 376 828 aediﬁcabo
417 759 703 812 Ecclesium
746 773 943 819 meam,
988 764 1038 810 et
1076 765 1249 826 porta:
1292 759 1591 822 inferorum
1628 772 1732 809 non

150 856 318 906 vincent
355 867 487 904 eam.
532 852 601 904 Et
653 851 752 904 tibi
792 852 835 883 ‘9
866 850 1002 904 dabo
1044 852 1214 904 claves
1250 852 1407 917 regni
1435 850 1683 903 caelorum
1714 867 1727 901 :

149 950 185 997 ct
213 958 317 1011 qua:
354 941 400 974 2°
441 942 691 1008 ligaveris
728 956 889 1009 super
928 945 1148 1000 terram,
1195 946 1355 993 erunt
1397 940 1569 1006 ligata
1599 939 1733 990 etin

147 1037 284 1102 catis;
329 1042 375 1088 et
434 1048 761 1102 quaecunque
822 1033 1039 1087 solveris
1086 1048 1248 1101 super
1292 1037 1511 1097 terram,
1576 1034 1731 1083 erunt

1832 476 2016 530 eidem
2060 478 2189 546 post
2226 476 2700 529 resurrectionem
2738 494 2893 530 suam
2937 478 3071 531 dicit
3103 496 3114 531 :
3148 483 3309 533 Pasce
3343 497 3462 535 oves

1830 584 1972 622 meas
2002 572 2206 639 (Joan.,
2241 585 2349 634 XXI,
2400 569 2502 637 l5).
2540 569 2723 638 Super
2768 570 2924 623 illum
2970 588 3146 625 unum
3193 574 3236 605 ²¹
3279 574 3459 629 ωάὶῐί-.

1832 667 1920 715 cat
1954 661 2259 715 Ecclesiam
2304 677 2484 727 suam,
2516 666 2572 714 et
2608 662 2685 714 illi
2718 664 3025 731 pascendas
3066 667 3294 719 mandat
3330 683 3460 719 oves

1834 771 1960 808 suas
1993 756 2062 807 9'3.
2108 756 2171 809 Et
2205 754 2463 824 quamvis
2502 755 2769 823 apostolis
2810 756 3073 809 omnibus
3109 762 3234 827 post
3266 775 3455 813 resur-

1832 848 2140 902 rectionem
2181 863 2341 901 suam
2372 848 2419 881 ⁸³
2449 863 2649 917 parem
2690 853 3029 918 potestatem
3072 851 3283 905 tribuat
3316 854 3361 886 2‘
3404 858 3459 907 et

1833 941 1998 1007 dicat,
2030 943 2179 997 Sicut
2217 943 2369 994 misit
2406 957 2487 994 me
2525 944 2707 1001 Pater,
2740 947 2791 995 et
2818 957 2908 1010 ego
2946 945 3096 997 mitto
3134 960 3227 997 vos
3268 964 3283 997 :
3326 948 3458 999 acci-

1829 1036 1941 1102 pite
1980 1036 2247 1102 Spiritum
2301 1039 2544 1088 sanctum
2593 1057 2601 1086 ε
2636 1036 2687 1087 si
2729 1034 2877 1103 cujus
2916 1035 2963 1068 ³⁵
3007 1038 3319 1092 remiseritis
3344 1054 3459 1106 pec-

1470 1207 1680 1271 Variae
1732 1207 2069 1271 lectiones.

191 1366 220 1398 '7
247 1364 435 1427 lnquit,
463 1362 621 1412 Petre
661 1363 797 1411 Voss.
825 1362 872 1411 2.
947 1361 984 1393 '3
1018 1361 1102 1411 Sic
1126 1362 1215 1411 Ar.
1254 1361 1373 1411 Boll.
1410 1364 1454 1410 4.
1488 1362 1641 1423 Impr.
1677 1361 1842 1409 Istam
1880 1362 2032 1409 Oxon.
2104 1363 2143 1394 ν’
2168 1361 2303 1411 Eam
2340 1362 2439 1412 tibi
2478 1362 2622 1412 dabo
2658 1363 2775 1412 Tim.
2818 1362 2951 1411 Voss.
3018 1365 3059 1394 ³η
3092 1362 3457 1427 Quaecunque

154 1441 261 1487 Pem.
324 1438 365 1466 "
388 1435 469 1482 Sic
497 1436 631 1482 Pem.
670 1433 802 1481 Voss.
830 1433 879 1492 2,
907 1433 952 1482 3.
980 1434 1140 1495 lmpr.
1178 1436 1298 1480 vett.
1330 1438 1379 1481 et
1404 1434 1718 1480 recentiores.
1758 1431 1937 1495 Super
1975 1446 2150 1483 unum
2192 1435 2345 1483 Oxon.
2378 1449 2491 1483 cum
2523 1435 2661 1496 Spir.
2706 1435 2812 1481 Vel.
2858 1434 3045 1482 innom.
3092 1435 3221 1482 Rem.
3255 1436 3452 1482 Erasm.

147 1506 267 1553 Graii.
292 1504 461 1551 MOrel.
496 1501 620 1551 Bod.
656 1504 698 1561 1,
732 1501 778 1559 2,
815 1501 864 1559 3,
890 1503 935 1550 4.
974 1502 1114 1549 Lam.
1148 1499 1301 1548 Ebor.
1367 1501 1495 1549 Voss.
1536 1504 1575 1549 l.
1612 1502 1719 1550 ΝΟ.
1757 1504 1799 1551 1.
1842 1504 1948 1550 Lin.
1991 1505 2153 1552 Paris.
2199 1505 2312 1552 Ben.
2360 1505 2566 1552 Uncim's
2599 1505 2807 1551 inclusit
2848 1504 2983 1565 Lips.
3020 1504 3098 1552 ed.
3137 1504 3239 1552 hinc
3269 1504 3458 1553 verba:

146 1576 287 1638 Super
311 1575 520 1622 illum...
555 1586 685 1621 oves
716 1586 862 1621 suas.
930 1571 970 1605 ²²
1001 1572 1073 1620 Et
1104 1571 1184 1619 illi
1218 1571 1520 1633 pascendas
1558 1572 1784 1620 mandat
1813 1587 1945 1623 oves
1984 1587 2129 1622 suas.
2166 1575 2277 1622 Haec
2309 1575 2485 1623 omisit
2526 1575 2680 1621 Oxon.
2709 1572 2786 1621 ed.
2857 1572 2898 1605 ²³
2926 1573 3054 1621 Post
3098 1575 3457 1624 resurrectio-

145 1660 241 1693 nem
264 1657 411 1693 suam
437 1642 577 1691 deest
610 1645 665 1689 in
698 1642 855 1689 Oxon.
893 1644 941 1689 et
968 1642 996 1689 4
1025 1641 1131 1688 cod.
1177 1642 1310 1689 Pem.
1360 1642 1527 1689 Paris.
1588 1642 1746 1701 Voss.,
1779 1644 1824 1691 2.
1874 1642 2020 1701 Bod.,
2062 1645 2105 1692 4.
2177 1645 2217 1675 ’⁵
2266 1644 2496 1693 Tribuat
2535 1648 2586 1693 et
2624 1643 2767 1692 dicat
2803 1644 2941 1705 Spir.
2992 1647 3041 1691 et
3084 1645 3273 1693 innom.
3319 1648 3452 1694 Pem.

145 1715 309 1763 Erasm.
341 1715 486 1763 (ἲν-ου.
515 1712 693 1760 Morel.
726 1710 916 1759 Pamel.
949 1712 1058 1772 Ri’g.
1092 1710 1323 1759 Tribuat
1349 1716 1696 1774 potestatem,
1728 1725 1899 1761 unam
1930 1717 2112 1763 tamen
2145 1714 2464 1764 cathedram
2497 1715 2781 1764 constituit
2810 1719 2865 1764 et
2913 1715 3145 1764 unitatis
3183 1716 3453 1779 originem

145 1790 273 1847 atque
301 1787 566 1834 rationem
592 1797 692 1832 sua
718 1782 1043 1831 auctoritate
1070 1781 1354 1844 disposuit.
1388 1784 1524 1833 HtBC
1550 1788 1703 1833 erant
1733 1785 1925 1847 utique
1956 1786 2007 1833 et
2050 1784 2237 1834 cmteri
2272 1786 2422 1847 quod
2462 1790 2515 1834 et
2554 1785 2766 1844 Petrus,
2800 1783 2897 1832 sed
2933 1783 3213 1845 primatus.
3248 1787 3369 1835 Bod.
3406 1787 3452 1835 4.

145 1857 173 1884 ’⁵
194 1855 261 1903 Sic
281 1855 422 1902 codd.
451 1855 483 1903 5
508 1853 709 1916 Anglic.
745 1852 803 1902 Si
831 1852 922 1900 cui
954 1851 1109 1899 Oxon.
1141 1855 1190 1899 et
1219 1856 1329 1901 cret.
1358 1856 1477 1901 vett.
1510 1854 1625 1903 edd.

1392 1999 1616 2081 Steph.
1652 2002 1895 2067 Baluzii
1936 2011 2129 2068 notae.

144 2153 454 2202 Lexoviensis
513 2152 653 2201 dixit
706 2153 761 2200 in
808 2149 1045 2200 concilio
1115 2150 1424 2200 Turonensi
1470 2167 1479 2198 :

144 2225 349 2273 Ecclesia
392 2222 648 2272 habuerit
699 2221 987 2281 unitatem,
1033 2233 1143 2268 non
1191 2221 1295 2269 erit
1335 2234 1463 2269 una.
1508 2222 1565 2273 Si
1615 2238 1725 2273 una

144 2308 228 2343 non
265 2295 438 2355 fuerit,
484 2306 598 2342 non
643 2294 759 2341 erit.
806 2310 833 2336 »
870 2290 977 2340 Sed
1014 2290 1159 2340 hanc
1205 2291 1475 2342 unitatem
1524 2294 1599 2343 ita
1644 2296 1727 2343 in-

147 2370 430 2427 terpretatur
483 2365 731 2412 Joannes
772 2361 840 2412 de
885 2362 1059 2411 Turre
1114 2361 1367 2411 Cremata
1410 2364 1466 2411 in
1513 2365 1731 2415 Summa

145 2438 190 2483 de
223 2437 455 2495 Ecclesia,
508 2435 604 2484 lib.
652 2444 747 2494 III,’
776 2447 893 2496 cap.
942 2434 1023 2495 39,
1073 2438 1136 2481 ut
1178 2434 1508 2483 attendenda
1549 2437 1618 2484 sit
1660 2437 1729 2486 ad

147 2520 279 2555 unam
306 2520 621 2570 supremam
648 2509 977 2569 potestatem
1008 2505 1295 2568 regitivam
1332 2507 1497 2555 totius
1526 2507 1729 2558 Eccle-

148 2578 219 2624 sia:
256 2590 370 2639 qua:
397 2581 476 2626 est
521 2579 574 2624 in
615 2577 779 2639 Papa.
817 2575 934 2637 Ego
978 2578 1124 2624 malo
1168 2575 1323 2637 loqui
1365 2590 1491 2625 cum
1536 2584 1729 2629 sancto

150 2646 402 2709 Cypriano,
433 2661 603 2710 quam
650 2660 817 2694 vanas
849 2647 972 2694 illas
996 2650 1049 2694 et
1078 2646 1319 2695 detortas
1347 2648 1730 2711 theologorum

148 2718 565 2768 scholasticorum
585 2719 1066 2780 interpretationes
1084 2719 1240 2779 sequi
1265 2732 1390 2780 quas
1416 2723 1729 2783 antiquitati

150 2790 310 2850 ignotas
334 2790 508 2838 fuere.

194 2861 271 2919 (tt)
317 2860 572 2921 Loquitur
621 2858 888 2907 Dominus.
956 2856 1235 2918 Quoniam
1290 2859 1447 2909 locus
1503 2861 1624 2921 iste,
1670 2867 1729 2911 ut

149 2931 465 2993 interpolatus
524 2935 625 2987 est,
676 2929 1100 2977 fundamentum
1153 2933 1235 2979 est
1280 2932 1536 2981 maximae
1588 2934 1731 2983 inter

150 3014 225 3049 nos
271 3005 316 3050 et
364 3001 712 3050 adversarios
760 3004 979 3048 nostros
1017 3003 1424 3061 controversiae,
1468 3016 1728 3053 necessa-

151 3072 259 3120 rium
303 3071 431 3120 mihi
477 3071 696 3119 videtur
735 3074 793 3118 ut
832 3083 960 3118 cum
1009 3071 1162 3119 illum
1214 3073 1293 3121 sic
1338 3074 1729 3136 interpolatum

152 3155 234 3190 non
288 3143 561 3203 posuerim
614 3142 670 3189 in
732 3144 997 3189 contextu
1050 3142 1143 3190 ubi
1197 3154 1316 3192 esse
1370 3157 1481 3193 non
1549 3144 1727 3205 debet,

152 3214 338 3261 referam
366 3215 444 3262 uti
482 3216 565 3260 est
611 3213 667 3259 in
699 3211 938 3261 editione
986 3212 1304 3261 Manutiana
1345 3220 1397 3263 et
1441 3216 1495 3262 in
1538 3216 1731 3278 Rigal—

152 3283 284 3331 tiana.
330 3284 418 3333 Sic
473 3295 606 3345 ergo
662 3281 829 3331 habet
884 3296 894 3328 :
941 3298 968 3326 «
1018 3284 1286 3345 Loquitur
1339 3286 1612 3335 Dominus
1662 3288 1730 3336 ad

153 3353 512 3416 Petruszgo
570 3353 664 3401 tibi
716 3354 853 3413 dico,
906 3355 1103 3415 inquit,
1143 3356 1273 3415 quia
1327 3361 1380 3404 tu
1429 3370 1479 3405 es
1523 3358 1731 3417 Petrus,

150 3430 183 3469 et
230 3438 369 3487 super
428 3428 587 3474 istam
635 3430 841 3486 petram
889 3425 1152 3487 aedificabo
1203 3425 1487 3475 Ecclesium
1543 3441 1730 3485 meam,

150 3501 184 3541 et
220 3502 363 3557 porta:
397 3496 558 3557 inferi
588 3508 695 3545 non
742 3496 946 3544 vincent
989 3509 1120 3543 eam.
1165 3497 1229 3544 Et
1264 3496 1357 3545 tibi
1403 3496 1535 3545 (tabo
1563 3498 1731 3548 claves

152 3568 266 3626 regni
301 3566 567 3625 actorum,
606 3572 651 3613 et
682 3580 798 3628 qua
840 3566 1092 3627 ligaveris
1142 3578 1298 3628 super
1341 3572 1536 3616 terram
1579 3574 1734 3618 erunt

154 3634 283 3697 ligata
319 3644 363 3686 et
403 3640 457 3686 in
507 3638 670 3694 ccelis,
719 3644 763 3685 et
810 3650 1126 3699 quaecunque
1163 3638 1383 3687 solveris
1423 3653 1576 3703 super
1622 3646 1734 3688 ter-—

151 3718 243 3753 rum
283 3714 423 3756 erant
466 3707 640 3756 soluta
692 3712 737 3754 et
784 3708 841 3753 in
887 3708 1037 3756 catis.
1069 3708 1138 3755 Et
1167 3708 1348 3757 eidem
1386 3717 1508 3771 post
1552 3724 1734 3759 resur—

152 3780 404 3827 rectionem
434 3792 597 3827 suam
643 3778 811 3826 diuit:
864 3779 1023 3827 Pasce
1070 3792 1188 3828 oves
1226 3793 1378 3828 meas.
1427 3780 1497 3828 Et
1543 3795 1734 3843 quam-

153 3850 215 3895 vis
253 3851 503 3910 apostolis
556 3848 815 3897 omnibus
869 3854 993 3911 post
1035 3852 1497 3901 resurrectionem
1547 3866 1734 3914 parem

152 3922 432 3977 potestatem
475 3920 681 3969 tribuat
726 3923 778 3967 et
826 3919 1012 3967 dicat:
1067 3920 1209 3969 Sicut
1256 3920 1395 3969 misit
1442 3934 1521 3969 me
1559 3924 1732 3981 Pater,

153 3994 189 4033 et
224 4004 299 4050 ego
336 3994 486 4040 mitto
533 4005 619 4039 vos
644 4005 661 4037 :
709 3992 930 4053 accipite
977 3991 1233 4054 Spiritum
1279 3998 1531 4053 sanctum,
1572 3994 1617 4042 si
1652 3996 1734 4041 cui

155 4064 419 4110 remiseritis
467 4067 683 4125 peccata
731 4066 1059 4110 remittantur
1105 4062 1208 4123 illi,
1255 4064 1299 4111 si
1359 4064 1508 4125 cujus
1555 4070 1735 4112 tenue-

152 4131 246 4179 ritis
284 4135 602 4193 tenebuntur,
657 4138 841 4183 tamen
892 4139 951 4183 ut
997 4136 1258 4184 unitatem
1322 4137 1733 4196 manifestaret,

154 4212 290 4277 unam
339 4205 669 4254 Cathedram
727 4205 1049 4265 constituit,
1103 4210 1157 4255 et
1208 4206 1440 4254 unitatis
1486 4207 1735 4269 ejusdem

155 4275 383 4347 οτέεῖιξφω
421 4277 489 4324 ab
517 4290 631 4325 uno
661 4277 1015 4339 incipientem
1053 4289 1154 4325 sua
1191 4277 1515 4326 auctoritate
1549 4277 1733 4341 dispo—

155 4344 252 4410 suit.
282 4344 392 4394 Hoc
436 4352 593 4395 erant
637 4349 829 4410 utique
871 4353 925 4396 et
964 4349 1146 4397 cmteri
1195 4348 1427 4409 apostoli
1455 4350 1607 4410 quod
1636 4354 1735 4399 t'uit

156 4409 312 4462 Petrus
358 4418 471 4477 pari
509 4409 790 4467 consortio
830 4418 1045 4480 praediti
1092 4424 1143 4467 et
1191 4419 1418 4467 honoris
1458 4409 1512 4468 et
1555 4426 1736 4482 potes-

155 4484 267 4531 tatis.
317 4484 417 4534 Sed
479 4488 770 4537 exordium
829 4490 898 4538 ab
963 4492 1172 4538 unitate
1228 4491 1631 4551 proﬁciscitur,
1683 4499 1739 4543 et

157 4551 386 4605 Primatus
435 4559 594 4608 Petro
648 4559 807 4609 datur
853 4566 915 4609 ut
962 4575 1073 4609 una
1124 4560 1329 4609 Christi
1385 4562 1633 4611 Ecclesia
1684 4568 1737 4611 et

157 4620 387 4677 Cathedra
417 4644 528 4679 una
570 4636 924 4681 monstretur.
961 4632 1030 4680 Et
1071 4636 1317 4694 pastores
1352 4637 1481 4680 sunt
1521 4646 1733 4694 omnes,

157 4701 197 4741 et
226 4709 340 4757 grex
377 4715 520 4749 unus
550 4704 879 4762 ostenditur,
923 4706 1019 4765 qui
1060 4703 1128 4751 ab
1172 4704 1436 4764 apostolis
1476 4704 1737 4753 omnibus

158 4773 365 4819 unanimi
410 4775 775 4824 consensione
824 4779 1102 4836 pascatur,
1138 4778 1196 4822 ut
1236 4773 1487 4823 Ecclesia
1533 4776 1738 4824 Christi

158 4846 243 4909 una
288 4849 630 4905 monstretur,
680 4865 707 4890 »
767 4852 872 4895 etc.
928 4846 999 4894 Et
1050 4847 1217 4909 paulo
1271 4852 1447 4908 post:
1502 4868 1528 4892 «
1578 4848 1737 4898 Hanc

1527 2170 1562 2239 fr
1612 2154 1941 2244 NisiBnon
1997 2158 2180 2208 solum
2228 2155 2568 2244 editionibus
2626 2154 2944 2235 Manutiana
3015 2153 3458 2232 antiquioribus,

1827 2228 1924 2278 sed
1984 2230 2151 2278 etiam
2213 2227 2470 2276 codicum
2536 2226 3039 2287 manuscriptorum
3111 2224 3454 2272 auctoritate.

1828 2300 1953 2348 Duo
1999 2301 2055 2348 in
2104 2298 2295 2362 primis
2328 2295 2716 2345 memorabiles
2767 2294 3105 2344 Veronensis
3142 2298 3195 2343 et
3226 2293 3457 2355 Seguie-

1830 2370 2035 2419 rianus.
2078 2370 2160 2419 De
2189 2367 2501 2417 Veronensi
2536 2366 2720 2414 testati
2760 2369 2890 2414 sunt
2929 2364 3260 2427 jamdudum
3304 2365 3459 2413 Lati-

1830 2441 1957 2489 nius
1985 2445 2038 2491 et
2067 2440 2245 2491 Aldus
2271 2439 2555 2489 Manutius
2600 2437 2756 2485 Pauli
2790 2436 2960 2496 ﬁlius,
2986 2436 3255 2497 scriptum
3286 2434 3460 2484 fuisse

1831 2517 1959 2562 ante
2004 2511 2155 2561 mille
2207 2524 2383 2559 annos
2416 2525 2428 2568 ;
2466 2508 2889 2571 Seguierianum
2930 2520 3174 2570 quoque,
3206 2520 3317 2569 quo
3356 2520 3460 2569 ego

1828 2587 1974 2643 utor,
2003 2585 2217 2632 constat
2247 2581 2497 2629 omnium
2537 2580 2633 2642 qui
2681 2591 2809 2627 eum
2853 2578 3117 2628 viderunt
3156 2576 3367 2638 judicio
3404 2580 3461 2625 et

1831 2667 2111 2704 consensu
2159 2653 2426 2715 scriptum
2466 2664 2692 2714 quoque
2735 2662 2856 2699 esse
2906 2652 3031 2697 ante
3068 2647 3222 2697 mille
3265 2659 3455 2695 annos.

1830 2724 2078 2772 Latinius
2117 2724 2191 2772 ait
2232 2722 2339 2772 hoc
2386 2720 2842 2780 additamentum,
2889 2718 3038 2781 quod
3085 2731 3115 2766 e
3164 2721 3321 2765 textu
3362 2728 3457 2765 ex—

1828 2795 2152 2857 punximus,
2201 2806 2312 2842 non
2371 2794 2600 2855 reperiri
2649 2794 2705 2839 in
2750 2796 2959 2853 septem
3006 2788 3297 2838 codicibus
3342 2788 3460 2836 Va-

1829 2866 2043 2915 ticanis.
2067 2865 2184 2927 Ego
2210 2865 2324 2913 vidi
2352 2867 2562 2925 septem
2592 2867 2648 2911 et
2672 2862 2873 2925 viginti
2912 2862 2969 2909 in
3005 2859 3211 2922 quibus
3255 2857 3458 2919 pariter

1832 2934 2003 2985 deest.
2050 2935 2229 2985 Verba
2282 2934 2546 2997 Cypriani
2595 2934 2714 2982 sine
2761 2931 3141 2980 additamento
3196 2928 3365 2977 relata
3407 2929 3461 2975 et

1830 3006 1996 3055 citata
2017 3006 2238 3055 fuerunt
2268 3020 2298 3055 a
2329 2996 2568 3055 Callixto
2600 3004 2647 3052 ll
2668 3003 2948 3053 scribente
2974 2998 3043 3049 ad
3068 2996 3449 3049 Humbaldum

1830 3077 2304 3140 archiepiscopum
2358 3075 2780 3139 Lugdunensem
2809 3111 2821 3133 ,
2883 3087 2914 3121 a
2965 3069 3340 3121 cardinalibus
3398 3068 3457 3116 in

1830 3147 2030 3210 Oppido
2056 3148 2296 3196 Liburno
2327 3146 2675 3209 congregatis
2715 3157 2862 3193 anno
2904 3142 3045 3201 1408,
3075 3146 3131 3192 et
3160 3154 3191 3190 a
3242 3152 3456 3189 correc-

1832 3220 2041 3267 toribus
2090 3219 2369 3278 Romanis,
2414 3218 2596 3280 quiin
2644 3230 2742 3265 sua
2783 3215 3023 3265 editione
3069 3213 3221 3261 hunc
3268 3211 3453 3258 locum

1832 3289 2123 3340 ediderunt
2177 3303 2242 3339 eo
2292 3289 2457 3338 modo
2512 3301 2622 3351 quo
2674 3288 2880 3337 relatus
2946 3288 3032 3334 est
3082 3298 3113 3332 a
3170 3282 3459 3341 Gratiano,

1832 3362 2087 3423 quamvis
2144 3362 2349 3410 scirent
2400 3360 2557 3407 illum
2615 3357 2774 3407 aliter
2828 3356 3032 3405 habere
3097 3356 3152 3402 in
3214 3352 3460 3423 editione

1832 3422 2168 3480 Mauutiana.
2210 3431 2311 3479 His
2353 3428 2671 3479 addendum
2717 3433 2852 3491 puto
2898 3425 3144 3475 codicem
3185 3422 3459 3485 Epistola-

1833 3516 1958 3549 rum
1984 3501 2191 3564 Pelagii
2226 3500 2294 3550 ad
2320 3502 2607 3563 episcopos
2638 3500 2830 3559 Istrim,
2863 3498 2959 3561 qui
2990 3497 3190 3545 unicus
3219 3497 3318 3551 est,
3347 3505 3458 3564 non

1754 3571 1808 3643 ρ
1835 3586 1955 3623 esse
1980 3563 2245 3634 scriptum
2288 3585 2408 3622 mvo
2446 3572 2674 3633 Pelagii,
2716 3570 2813 3621 sed
2832 3572 2977 3643 Apost
3012 3568 3347 3643 quingentos
3393 3563 3460 3611 ad

1835 3646 2019 3693 minus
2045 3657 2219 3693 annos
2258 3644 2327 3693 ab
2375 3646 2495 3705 ejus
2536 3656 2787 3692 excessu.
2825 3641 2909 3689 Ex
2939 3653 3050 3702 quo
3090 3637 3340 3699 sequitur
3365 3647 3461 3683 co-

1834 3715 1986 3765 dices
2018 3728 2245 3776 operum
2273 3716 2450 3763 sancti
2494 3713 2776 3776 Cypriani,
2816 3712 2912 3774 qui
2962 3710 3268 3759 clausulam
3308 3706 3458 3754 illam

1834 3798 1943 3834 non
1994 3786 2228 3847 habent,
2284 3784 2530 3849 ejusdem
2580 3785 2775 3833 saltem
2829 3780 3173 3830 auctoritatis
3219 3791 3459 3849 esserac

1835 3858 2083 3906 codicem
2113 3857 2483 3919 Epistolarum
2518 3856 2737 3917 Pelagii.
2767 3852 2927 3902 Addo
2960 3850 3259 3900 verisimile
3289 3848 3462 3897 Videri

1835 3927 2055 3977 codices
2103 3928 2505 3977 Germanorum
2539 3927 2688 3974 illam
2732 3937 2843 3974 non
2902 3922 3161 3971 habuisse
3191 3933 3310 3969 aevo
3358 3920 3465 3968 Ve—

1833 4001 2005 4048 nerici
2048 4000 2416 4049 Vercellensis
2459 3997 2721 4060 episcopi.
2769 4014 2796 4039 «
2839 3995 2973 4043 Haec
3020 3992 3296 4041 rationum
3341 4003 3461 4039 mo-

1835 4074 2040 4129 menta,
2077 4070 2146 4119 de
2196 4070 2402 4131 quibus
2443 4068 2621 4117 critici
2650 4064 2999 4128 judicabunt,
3032 4061 3321 4110 Baluzium
3356 4062 3462 4109 ad—

1836 4142 2128 4199 duxerant,
2178 4146 2238 4188 ut
2292 4138 2560 4188 nonnulla
2615 4151 2683 4188 ex
2740 4137 2847 4185 hoc
2894 4134 3207 4184 testimonio
3246 4144 3460 4192 expun—

1836 4219 2004 4280 geret.
2039 4213 2147 4263 Sed
2194 4216 2430 4275 reposita
2478 4212 2633 4261 fuere
2676 4213 2733 4259 in
2777 4212 2950 4280 textu,
2982 4210 3264 4280 propterea
3314 4202 3464 4280 quod

1835 4275 2049 4337 servata
2100 4286 2326 4334 fuerunt
2394 4286 2449 4332 in
2503 4281 2762 4332 omnibus
2818 4276 3178 4337 editionibus,
3224 4288 3350 4338 qua:
3407 4275 3463 4323 in

1836 4356 2015 4407 Gallia
2046 4356 2116 4405 ab
2142 4357 2303 4404 annis
2330 4359 2559 4405 centum
2586 4357 2640 4401 et
2676 4351 3083 4414 quinquaginta
3120 4347 3462 4408 prodierunt,

1836 4429 2003 4476 etiam
2034 4428 2090 4475 in
2123 4427 2446 4488 Rigaltiana.
2483 4426 2629 4486 Quin
2660 4424 2825 4471 etiam
2869 4432 3097 4470 necesse
3130 4417 3236 4465 fuit
3269 4418 3325 4465 in
3354 4417 3466 4465 Ba-

1836 4499 1965 4547 luzii
1993 4499 2145 4548 Notis
2180 4512 2291 4547 non
2328 4511 2505 4561 pauca
2535 4499 2773 4554 mutare,
2805 4507 2869 4541 ac
2912 4491 3069 4553 plura
3110 4493 3297 4561 essent
3332 4500 3462 4535 mu-

1836 4573 1961 4629 tata,
2016 4568 2071 4616 id
2129 4570 2172 4617 si
2228 4559 2521 4618 commode
2563 4566 2682 4614 ﬁeri
2728 4563 3011 4626 potuisset.
3052 4578 3080 4605 ››
3128 4559 3356 4607 ΜΑΒΑΝ.
3406 4583 3467 4592 --

1836 4656 1864 4688 α
1925 4640 2198 4703 Equidem
2261 4653 2372 4687 non
2440 4650 2615 4699 pauca
2684 4635 2855 4683 fuisse
2917 4632 3164 4703 mutata,
3234 4630 3361 4703 imo‘
3410 4633 3465 4703 et

1836 4699 2039 4760 omissa
2077 4713 2132 4759 in
2162 4712 2308 4759 notis
2346 4708 2556 4757 Baluzii
2604 4708 2876 4756 testantur
2906 4702 3191 4764 perplures
3240 4712 3306 4747 eo
3350 4699 3465 4748 loci

1836 4782 2159 4832 deﬁc1entes
2186 4783 2399 4844 paginae
2434 4795 2444 4827 :
2474 4784 2527 4827 at
2557 4778 2799 4840 legitima
2825 4786 2958 4823 sane
2988 4773 3264 4822 anxietate
3292 4771 3466 4844 fuisse

1837 4858 2150 4916 correptum
2186 4840 2335 4902 _clar.
2376 4851 2583 4901 Baluzii
2634 4847 2901 4896 editorem
2952 4844 3101 4893 haud
3141 4844 3244 4892 erit
3288 4840 3464 4916 ambi-

158 4904 696 5005 Εθθξβδίδέῇυηίίδίθω
740 4919 831 4979 qm
878 4931 987 4965 11011
1033 4904 1195 4979 [δυεῖν
1238 4904 1423 4967 “gnere
1465 4930 1523 4968 Se
1569 4920 1735 4968 ﬁdem
1756 4934 1815 5005 D
1838 4904 2013 4989 guuni
2064 4925 2267 4986 cuique
2321 4926 2478 4971 notas
2534 4920 2857 4982 superstites
2926 4916 3196 4967 catholica
3260 4914 3466 4961 trutina

158 4989 245 5005 [ενοι
267 4988 335 5005 ιι.)
424 4989 473 5005 --Ζ
534 4988 791 5005 ΠΑ-1-ΑΞι-
842 4990 1087 5005 ,_-_:AZA__,,
1138 4994 1176 5005 ,Α
1232 4990 1427 5005 νΑμξκιξι
1504 5004 1519 5005 η
1575 4993 1579 4997 δ
2067 4995 2077 5005 ι
2162 4997 2192 5005 ,ι
2328 4995 2357 5005 ι.
2416 4995 2433 5005 n
2506 4993 2557 5005 ,I.
2714 4991 2763 5005 ,,!
2818 4989 2898 5005 ___|
2947 4988 3098 5005 __1-__-
3141 4999 3248 5005 ...Ακ
3294 4985 3463 5005 Γαιζι-ΑΑ

158 4982 335 5052 credit?
374 4986 478 5046 Qui
527 4988 796 5037 Ecclesia:
840 4990 1091 5037 renititur
1130 4994 1183 5039 et
1229 4990 1451 5051 resistit,
1490 4993 1586 5052 qui
1639 5005 1738 5040 ca-

161 5050 369 5123 thedram
416 5058 579 5118 Petri,
625 5072 790 5121 super
846 5073 1013 5122 quem
1060 5060 1288 5109 fundata
1337 5050 1735 5123 est’E—cclesia,

161 5118 344 5184 deserit,
391 5130 442 5175 in
487 5118 736 5179 Ecclesia
775 5144 833 5179 se
862 5118 997 5180 esse
1039 5132 1311 5181 conﬁdit?
1351 5149 1379 5177 »
1428 5118 1733 5183 Fatendum

162 5196 603 5272 Est‘hunelocum
647 5203 727 5250 sic
765 5205 978 5252 exstare
1022 5217 1133 5252 non
1182 5204 1360 5252 solum
1406 5205 1461 5252 in
1505 5207 1735 5268 antiquo

162 5263 317 5342 codice
362 5270 598 5320 Marcelli
646 5273 713 5332 ll,
770 5287 881 5336 quo
922 5288 1058 5323 usus
1100 5278 1184 5323 est
1230 5274 1549 5338 Onuphrius
1596 5263 1735 5325 Pan-

163 5342 341 5399 vmius,
391 5343 485 5389 sed
540 5344 741 5403 etiam,
796 5344 945 5407 quod
994 5348 1077 5394 est
1122 5346 1343 5408 majoris
1393 5348 1736 5395 auctoritatis

163 5414 499 5486 etaliomenti,
545 5418 600 5466 in
646 5418 895 5486 Epistpla
939 5420 1184 5469 secunda
1230 5420 1437 5484 Pelagii
1485 5433 1642 5483 papas
1689 5420 1737 5467 ΙΙ

164 5480 229 5556 αα.
254 5484 511 5549 Episcopo:
554 5491 722 5538 [strias
746 5506 762 5537 :
795 5480 855 5539 ut
893 5493 1089 5541 merito
1138 5492 1270 5541 hinc
1301 5480 1502 5554 colligi
1534 5480 1737 5539 debere

165 5551 381 5635 rideatur
412 5559 530 5609 hinc
570 5573 713 5635 qum,
740 5561 878 5610 mihi
926 5563 1187 5612 videntur
1238 5562 1402 5611 hodie
1439 5551 1564 5611 'non
1616 5574 1738 5611 esse

167 5619 402 5707 Cypriani,
445 5644 565 5681 esse
585 5619 852 5697 antiqua,
898 5642 953 5686 et
1004 5650 1067 5687 ea
1115 5650 1242 5687 vere
1298 5650 1417 5686 esse
1476 5636 1738 5700 Cypriani

168 5697 397 5771 gremium
420 5716 536 5755 esse
563 5717 683 5756 mvo
713 5706 941 5771 Pelagii,
968 5708 1023 5759 id
1047 5713 1147 5771 est,
1193 5713 1320 5759 ante
1347 5708 1500 5758 mille
1522 5697 1735 5757 annos.

170 5765 258 5818 Sed
294 5779 461 5828 tamen
495 5789 772 5850 scriptura
804 5765 973 5849 quam
1014 5786 1071 5835 in
1110 5765 1378 5837 contextu
1432 5781 1735 5848 sequimur,

1838 4985 2231 5060 perpendenti;
2263 4995 2366 5043 erit
2410 4993 2638 5042 forsitan
2672 4991 2768 5053 qui
2817 4989 2903 5039 vel
2946 4988 3104 5051 plura
3141 4999 3254 5035 non
3294 4985 3465 5060 fuisse

1837 5054 2039 5117 emissa
2100 5064 2529 5122 desideraverit,
2583 5061 2887 5125 praesertim
2953 5060 2998 5108 si
3054 5061 3240 5106 notam
3302 5054 3467 5103 modo

1837 5136 2237 5200 subjiciendam
2291 5135 2375 5191 (de
2427 5135 2643 5198 Sponso
2688 5132 2973 5193 Ecclesite)
3023 5129 3241 5193 penitus
3296 5127 3467 5200 intro:

1836 5196 2048 5272 spiciat.
2089 5209 2201 5255 Has
2248 5220 2380 5257 vero
2425 5196 2487 5255 et
2526 5205 2738 5255 similes
2786 5204 2921 5251 alias
2957 5199 3282 5272 eruditionis
3319 5196 3469 5272 haud

1836 5268 1911 5328 ita
1934 5292 2104 5337 sanie,
2141 5279 2272 5328 licet
2314 5279 2475 5341 copia
2510 5290 2622 5326 non
2660 5272 2989 5338 spernenda:
3028 5270 3313 5334 symbolas
3351 5268 3469 5317 sal—

1836 5350 2046 5399 vandas
2077 5362 2196 5398 esse
2240 5350 2521 5409 duximus,
2567 5362 2637 5396 ne
2672 5346 2783 5395 hoc
2836 5346 3113 5406 integrum
3154 5342 3467 5391 Baluzianaa

1836 5421 2093 5471 editionis
2142 5434 2362 5484 corpus,
2410 5420 2670 5470 omnibus
2722 5420 2919 5466 notum
2964 5420 3019 5465 et
3064 5414 3275 5477 vulgari
3318 5412 3464 5484 fama

1838 5480 2692 5553 commendatuin,laederetur.
2742 5489 2813 5537 At
2872 5499 2997 5550 quas
3054 5486 3187 5534 hinc
3233 5489 3286 5533 et
3343 5480 3471 5530 inde

1837 5563 2165 5626 corrigenda
2209 5565 2319 5612 sint
2352 5562 2648 5614 emendare
2686 5562 2732 5609 si
2774 5560 2876 5620 vis,
2911 5558 3111 5608 videsis
3150 5562 3278 5606 tom.
3328 5566 3467 5615 pras-

1838 5634 2057 5685 cedenti
2082 5634 2501 5685 dissertationes
2547 5638 2600 5682 et
2642 5635 2799 5680 notas
2841 5629 2909 5680 de
2945 5629 3285 5680 Auctoritate
3330 5636 3466 5688 pon-

1841 5706 2029 5757 tiﬂcali
2058 5706 2205 5770 apud
2232 5706 2542 5757 Africanos.
2572 5720 2601 5752 ››
2629 5704 2771 5755 Enn.
