3978 6194
463 290 560 345 ’513

1285 263 1288 266 ’
1383 281 1439 332 s.
1479 273 1790 332 CYPRIANI
1831 270 2105 329 OPERUM
2144 269 2315 326 mas
2352 271 2418 325 ιι.
2452 297 2521 310 -
2547 263 2915 325 OPUSCULA.

3699 271 3791 323 516

461 420 604 476 cata,
630 414 972 468 remittatur
998 409 1104 472 illi,
1124 411 1172 464 si
1192 408 1338 476 cujus
1365 407 1667 467 tcnueritis,
1698 405 2016 458 tenebuntur
2035 399 2083 434 ’δ
2107 412 2166 484 Α
2187 400 2337 453 Hanc
2377 399 2636 454 Ecclesiae
2673 398 2950 452 unitatem
2988 395 3034 431 ³⁸
3065 396 3174 466 (14)
3204 395 3301 466 qui
3341 411 3460 450 non
3499 397 3676 457 tenet,
3721 401 3795 450 te-

465 510 664 577 (Joan.,
691 523 781 573 xx,
807 505 992 573 2t-23)
1015 520 1027 556 :
1051 509 1266 567 tamen,
1291 505 1353 554 ut
1378 499 1658 553 unitatem
1678 498 1724 530 ³⁷
1758 495 2083 549 manifesta-

465 604 574 667 ret,
596 615 767 654 unam
798 597 1132 652 cathedram
1163 591 1457 648 constituit
1485 591 1554 659 2°,
1584 589 1813 643 unitatis
1839 587 2093 657 ejusdem

469 693 752 772 originpm
777 692 823 725 29
852 690 920 744 ab
947 705 1062 742 uno
1090 687 1457 757 incipientem
1487 685 1534 717 ³ο
1564 680 1756 754 500
1786 696 1884 734 sua
1909 684 2093 733 aucto-

470 786 633 840 ritate
694 786 737 818 ³¹
792 781 1092 852 disposuit.
1151 781 1264 833 Hoc
1325 782 1491 831 erant
1545 775 1738 845 utique
1794 779 1850 828 et
1902 771 2091 827 caeteri

467 876 716 947 Apostoli
745 874 896 945 quod
928 873 1036 927 fuit
1060 873 1259 926 Petrus
1285 871 1354 939 ³³,
1389 869 1514 940 pari
1552 866 1835 922 consortio
1865 863 2094 935 praediti

466 974 524 1024 et
564 967 800 1023 honoris
826 971 882 1022 et
918 965 1229 1036 potestatis,
1281 963 1378 1017 sed
1424 961 1715 1016 exordium
1758 958 1828 1012 ab
1875 957 2094 1010 unitate

466 1061 846 1134 proficiscitur
893 1060 964 1127 ³³,
1011 1061 1067 1111 et
1120 1058 1398 1128 primatus
1448 1057 1615 1108 Petro
1672 1052 1839 1106 datur
1891 1051 1937 1084 ³⁸
1987 1049 2094 1119 (t2)

469 1160 533 1208 ut.
568 1170 683 1207 una
721 1153 929 1208 Christi
969 1149 1215 1205 Ecclesia
1254 1154 1310 1202 et
1347 1147 1616 1201 cathedra
1655 1160 1771 1198 una
1810 1145 2093 1197 monstre-

468 1252 563 1301 tur
606 1247 673 1300 ³⁵.
716 1247 782 1300 Et
828 1249 1080 1315 pastores
1123 1245 1255 1296 sunt
1294 1256 1494 1295 omnes
1533 1240 1638 1309 (13)
1673 1241 1731 1292 et
1774 1252 1909 1307 grex
1952 1250 2097 1289 unus

471 1339 814 1406 ostenditur,
845 1337 942 1408 qui
975 1336 1045 1391 ab
1079 1334 1342 1405 apostolis
1373 1331 1640 1388 omnibus
1677 1329 1933 1384 unanimi
1963 1344 2094 1383 con-

471 1432 731 1488 sensione
757 1436 1039 1502 pascatur,
1068 1433 1130 1482 ut
1156 1427 1398 1484 Ecclesia
1427 1425 1636 1481 Christi
1665 1439 1776 1478 una
1814 1425 2095 1477 monstre-

473 1533 583 1580 tur.
623 1527 803 1589 Quam
841 1538 1017 1577 unam
1060 1521 1369 1577 Ecclesiam
1399 1520 1574 1574 etiam
1611 1517 1669 1571 in
1703 1517 1936 1573 Cantico
1977 1531 2102 1569 can-

469 1620 715 1674 ticorum
745 1617 985 1688 Spiritus
1013 1620 1236 1670 sanctus
1262 1629 1327 1668 ex
1360 1628 1605 1684 persona
1650 1609 1873 1665 Domini
1912 1608 2098 1679 desig-

471 1718 568 1767 nat
611 1715 668 1766 et
706 1711 842 1766 dicit
875 1727 888 1764 :
937 1712 1056 1765 Una
1101 1715 1178 1763 est
1223 1708 1468 1762 columba
1507 1721 1643 1767 mea,
1681 1705 1927 1775 perfecta
1962 1717 2098 1764 mea,

2191 508 2328 546 nere
2361 507 2417 545 se
2445 491 2613 546 ﬁdem
2644 491 2857 546 credit?
2881 491 2986 554 Qui
3016 489 3269 546 Ecclesia:
3295 489 3562 543 renititur
3590 492 3644 542 et
3670 489 3797 542 resi-

2191 585 2287 638 stit
2314 585 2442 655 (15),
2483 585 2579 654 qui
2611 584 2938 638 cathedram
2968 583 3134 648 Petri,
3169 598 3337 652 super
3365 598 3537 652 quem
3579 581 3799 636 fundata

2193 681 2280 731 est
2319 678 2579 745 Ecclesia,
2627 677 2839 730 deserit
2867 677 2936 744 37;
2965 677 3026 730 in
3068 675 3311 730 Ecclesia
3354 691 3413 728 se
3457 671 3638 744 501
3695 690 3804 728 esse

2194 770 2464 826 conﬁdit?
2479 770 2709 840 quando
2727 775 2783 824 et
2799 770 3000 823 beatus
3019 769 3302 840 apostolus
3321 767 3526 821 Paulus
3542 767 3646 820 hoc
3667 767 3803 820 idem

2197 863 2398 918 doceat
2439 869 2495 917 et
2536 865 2956 917 sacramentum
2998 861 3234 916 unitatis
3269 859 3531 915 ostendat
3564 859 3747 913 dicens
3789 877 3800 914 :

2202 959 2376 1011 Unum
2403 973 2594 1026 corpus
2628 958 2734 1026 (16)
2775 961 2825 1010 et
2863 972 3000 1010 unus
3023 957 3267 1025 Spiritus,
3305 967 3419 1006 una
3449 969 3567 1022 spes
3589 957 3804 1007 vocatio-

2193 1052 2278 1104 nis
2304 1056 2506 1114 vestrae,
2537 1065 2676 1104 unus
2705 1052 2981 1114 Dominus,
3010 1065 3122 1102 una
3148 1049 3300 1116 ﬁdes,
3328 1062 3500 1100 unum
3525 1050 3801 1116 Baptisma,

2195 1159 2338 1198 unus
2370 1146 2506 1198 Deus
2539 1143 2776 1213 (Ephes.,
2806 1159 2881 1208 1v,
2914 1142 3045 1213 4-6).

2268 1237 2330 1289 V.
2374 1237 2554 1299 Quam
2594 1235 2878 1290 unitatem
2918 1234 3156 1288 firmiter
3202 1239 3399 1287 tenere
3445 1235 3502 1286 et
3539 1232 3802 1286 vindicare

2199 1328 2492 1396 debemus,
2524 1329 2771 1383 maxime
2814 1327 3085 1398 episcopi,
3117 1326 3214 1398 qui
3257 1327 3315 1380 in
3358 1325 3601 1381 Ecclesia
3629 1327 3803 1396 praesi-

2201 1423 2424 1489 demus,
2454 1426 2517 1475 ut
2549 1421 2939 1492 episcopatum
2979 1436 3204 1492 quoque
3233 1420 3420 1490 ipsum
3455 1435 3627 1472 unum
3655 1423 3804 1489 atque

2204 1515 2512 1569 indivisum
2587 1514 2913 1585 probemus.
2983 1515 3160 1568 Nemo
3238 1513 3643 1566 fraternitatem
3706 1512 3802 1581 (l7)

2204 1609 2506 1664 mendacio
2537 1609 2715 1675 fallat,
2748 1623 2920 1663 nemo
2952 1607 3081 1662 ﬁdei
3120 1607 3415 1662 veritatem
3447 1605 3654 1677 perﬁda
3685 1621 3807 1676 prae-

2201 1703 2550 1757 varicatione
2593 1704 2937 1772 corrumpat.
2987 1701 3357 1771 Episcopatus
3395 1715 3544 1753 unus
3578 1704 3657 1754 est
3694 1697 3807 1768 (l8),

474 1822 585 1860 una
612 1811 689 1860 est
717 1807 888 1860 matri
925 1819 1054 1866 suae,
1087 1803 1256 1857 electa
1282 1803 1535 1870 genitrici
1555 1814 1664 1854 sua
1694 1798 1899 1869 (Cant.,
1928 1811 2000 1863 v1,
2029 1795 2098 1866 9).
2125 1780 2182 1852 Β
2206 1796 2367 1866 cujus
2407 1812 2440 1849 a
2479 1795 2716 1866 singulis
2750 1796 2808 1850 in
2856 1794 3099 1850 solidum
3142 1811 3269 1865 pars
3311 1797 3555 1848 tenetur.
3599 1791 3811 1847 Ecclesia

1837 1933 2045 1996 Variae
2101 1932 2434 1996 lectiones.

536 2065 578 2099 ³⁸
606 2066 839 2116 Retenta
865 2068 1028 2116 erunt
1064 2064 1201 2114 Lam.
1269 2062 1313 2098 ’⁷
1337 2063 1409 2114 Ut
1436 2064 1726 2122 unitatem,
1766 2060 1994 2109 unitatis
2028 2057 2278 2121 ejusdem
2323 2058 2593 2123 originem
2635 2057 2704 2108 ab
2745 2071 2858 2108 uno
2910 2057 3268 2120 incipientem
3309 2053 3679 2104 manifestaret
3713 2055 3810 2103 Mil.

474 2135 516 2169 ³⁸
544 2137 720 2187 Unam
747 2135 1066 2184 cathedram
1091 2132 1398 2195 constituit,
1427 2134 1512 2182 Sic
1539 2134 1736 2182 Manut.
1767 2129 1958 2178 Pamel.
1989 2134 2034 2178 et
2065 2127 2187 2176 Bod.
2217 2129 2411 2191 Rigalt.
2441 2129 2488 2177 1.
2518 2129 2677 2192 Impr.
2703 2129 2814 2177 cod.
2845 2131 2977 2178 Pem.
3016 2129 3151 2176 Voss.
3176 2128 3224 2176 2.
3267 2128 3436 2175 Vatic.
3473 2126 3516 2174 1.
3546 2123 3808 2195 Camberon.

475 2208 588 2256 Haec
613 2208 852 2254 omiserat
881 2205 1148 2264 Baluzius,
1174 2217 1263 2253 nec
1288 2194 1522 2252 restituit
1550 2203 1611 2250 D.
1638 2203 1906 2254 Maranus,
1929 2198 2053 2246 dum
2081 2202 2266 2247 caetera
2294 2201 2578 2261 revocaret;
2603 2199 2802 2247 uncinis
2831 2203 2888 2247 ut
2915 2199 3097 2260 spuria
3119 2196 3343 2246 secludit
3369 2197 3503 2259 Lips.
3572 2194 3609 2227 ’θ
3641 2195 3810 2264 Ηυίῑδέ

474 2278 544 2325 tis
575 2276 694 2338 ejus
721 2274 869 2324 idem
895 2263 1162 2337 originem
1192 2274 1359 2322 Paris.
1425 2272 1466 2307 ³)
1493 2272 1614 2322 Uno
1643 2270 1944 2333 incipiente
1980 2268 2098 2317 Bod.
2130 2271 2151 2317 1
2203 2270 2250 2318 4.
2323 2273 2361 2302 ³¹
2389 2270 2673 2332 Originem
2693 2282 2796 2318 sua
2822 2271 3148 2320 auctoritate
3168 2269 3307 2338 Pem.
3338 2267 3473 2338 Voss.
3503 2265 3576 2338 2.Δ
3615 2267 3652 2338 ξι
3671 2263 3812 2338 Quod

475 2350 532 2397 et
556 2335 769 2406 Petrus,
800 2343 897 2396 sed
930 2335 1197 2408 primatus
1222 2345 1344 2394 Bod.
1376 2347 1421 2394 4.
1493 2345 1531 2375 ³³
1557 2344 1648 2392 Ar.
1681 2342 1820 2390 Lam.
1855 2339 2008 2388 Ebor.
2042 2340 2148 2388 Lin.
2182 2339 2290 2389 ΝΟ.
2322 2341 2368 2401 1,
2397 2339 2442 2388 2.
2475 2340 2591 2388 Ben.
2630 2339 2763 2388 Voss.
2796 2341 2841 2388 1.
2887 2338 3010 2387 Bod.
3057 2341 3098 2398 t,
3143 2338 3174 2386 2
3221 2335 3403 2408 habent
3445 2335 3806 2408 Proﬁciscitur,

475 2421 540 2467 ut
567 2431 680 2466 una
707 2406 977 2466 Ecclesia.
1005 2415 1128 2464 Inde
1159 2416 1294 2464 Oxon
1345 2419 1392 2464 et
1418 2415 1554 2475 Lips.
1624 2414 1663 2444 ³⁴
1691 2411 1967 2460 Primatus
2005 2408 2166 2459 Petro
2202 2410 2366 2459 datur
2393 2409 2546 2459 codd.
2593 2412 2731 2460 Pem.
2772 2409 2905 2458 Voss.
2952 2409 3000 2458 2.
3051 2409 3162 2456 Vat.
3196 2411 3240 2456 1.
3278 2407 3403 2456 Bod.
3446 2407 3491 2456 3.
3536 2407 3682 2468 Impr.
3722 2406 3817 2475 fere

475 2501 657 2536 omnes.
692 2486 760 2535 Et
788 2486 1116 2549 primatus...
1157 2488 1428 2548 pascatur.
1472 2473 1676 2531 Uncinis
1701 2480 2038 2530 includuntur
2061 2478 2163 2526 haec
2192 2477 2339 2528 verba
2378 2493 2436 2527 ac
2470 2480 2648 2540 spuria
2687 2479 2739 2527 in
2781 2482 2916 2527 notis
2947 2478 3197 2526 dicuntur
3229 2475 3290 2549 ab
3324 2475 3443 2549 edd.
3490 2477 3618 2549 Lips.
3684 2476 3727 2549 “7
3746 2473 3804 2523 Ut

477 2571 590 2606 una
617 2545 823 2606 Christi
848 2581 908 2591 —
943 2568 1111 2618 quam
1141 2545 1308 2604 unam
1343 2555 1534 2602 Pamel.
1563 2551 1756 2614 Rigalt.
1785 2550 2018 2610 impressi
2038 2549 2320 2611 perplures.
2353 2550 2509 2599 Codd.
2554 2549 2758 2613 Anglic.
2801 2552 2936 2598 Pem.
2988 2549 3120 2597 Voss.
3160 2549 3210 2597 2.
3261 2547 3423 2596 Vatic.
3471 2549 3514 2596 1.
3555 2545 3806 2618 Pascatur.

477 2626 549 2676 Ut
576 2626 822 2676 Ecclesia
852 2615 1058 2676 Christi
1083 2638 1194 2673 una
1221 2626 1568 2673 monstretur.
1609 2621 1790 2683 Quam
1830 2621 2029 2668 Manut.
2068 2620 2477 2680 Proﬁciscitur;
2509 2625 2571 2669 ut
2609 2620 2859 2671 Ecclesia
2896 2633 3007 2669 una
3056 2623 3396 2669 monstretur
3444 2619 3595 2667 Oxon.
3659 2617 3694 2648 ³⁸
3732 2615 3803 2662 Sic

477 2695 674 2744 Pamel.
709 2695 900 2758 Rigalt.
933 2695 1085 2743 Oxon.
1115 2692 1274 2742 Hanc
1301 2691 1443 2741 Petri
1485 2693 1754 2742 unitatem
1793 2693 1930 2740 Pem.
1981 2691 2112 2739 Voss.
2138 2691 2183 2740 2.
2219 2691 2375 2740 Pauli
2409 2692 2682 2742 unitatem
2727 2690 2850 2740 Bod.
2882 2691 2928 2739 4.
3000 2689 3038 2722 37
3071 2689 3156 2740 Sic
3188 2691 3323 2738 Pem.
3375 2689 3504 2736 Voss.
3552 2688 3594 2735 1.
3645 2686 3742 2734 Vat.
3780 2686 3796 2730 1

476 2765 602 2815 Bod.
628 2765 656 2814 3
681 2768 730 2813 el
756 2764 929 2826 plures
952 2763 1316 2824 edd.Resistit,
1348 2763 1404 2811 in
1436 2763 1688 2813 Ecclesia
1721 2764 1875 2812 Oxon.

1753 2883 1972 2965 Steph.
2047 2885 2292 2948 Baluzii
2351 2889 2546 2948 notia.

546 3021 640 3083 (t2)
718 3020 984 3069 Primatus
1049 3020 1200 3069 Petro
1262 3019 1434 3068 datur.
1505 3017 1601 3068 Ait
1664 3019 1912 3067 Latinius
1969 3031 2121 3082 quaa-
2218 3019 2329 3080 361,
2362 3019 2576 3081 posuit:
2605 3035 2632 3062 «
2664 3017 2808 3068 Petri
2838 3017 3116 3068 Unitatem
3151 3015 3248 3078 qui
3275 3027 3391 3064 non
3422 3016 3626 3065 tenet.»
3652 3010 3808 3060 Imita-

483 3105 710 3156 cunque
751 3092 843 3142 hic
887 3095 1018 3141 sunt
1065 3090 1248 3140 addita
1298 3091 1484 3141 omnia
1521 3103 1643 3141 esse
1692 3103 1759 3140 ex
1803 3091 2118 3153 marginali-
2143 3131 2192 3156 η
2221 3095 2338 3139 tum
2366 3102 2440 3139 ex
2471 3089 2817 3152 glossemate.

481 3131 1018 3213 ἱῖιέἒὶὶηἷιᾶἷιιίζῖιὶ
1043 3131 1759 3220 ρᾏῖιῖὲῖιιιῖᾞόιῖὶέἶηὲἱζ
1797 3131 2116 3210 εἷ’ἑῖῗίίῐέἶ-
2141 3131 2194 3203 C
2225 3131 2974 3222 ’Ῑδῖὶῑὲέεὲῐῖιῖᾞέἱιὲειίυε
3020 3157 3272 3207 addidit:
3310 3173 3339 3199 «
3385 3155 3489 3217 Qui
3527 3150 3805 3222 cathedram

485 3234 561 3283 sis
621 3231 961 3296 temporibus
1010 3230 1233 3280 tandem
1283 3231 1472 3291 relata,
1516 3243 1778 3294 apparere
1821 3236 2004 3280 autem
2051 3244 2118 3280 ex
2221 3220 2384 3290 Petri,
2412 3242 2577 3292 super
2601 3242 2767 3292 quem
2788 3226 3012 3277 fundata
3042 3233 3124 3276 est
3145 3227 3417 3287 Ecclesia,
3441 3243 3468 3270 »
3488 3220 3805 3296 quaacxstanl

483 3316 550 3354 eo
579 3294 899 3352 varietatem
934 3299 1084 3364 quod
1117 3314 1244 3363 qua:
1275 3306 1495 3350 exstant
1521 3302 1894 3350 vetustissima
1925 3314 2119 3351 exem-
2219 3301 2382 3350 etiam
2434 3301 2488 3348 in
2531 3299 2776 3362 Epistola
2823 3299 3070 3348 secunda
3122 3297 3330 3361 Pelagii
3367 3298 3432 3356 II,
3482 3295 3550 3345 ad
3580 3294 3806 3364 episcopos

484 3375 677 3438 pluria,
709 3387 772 3424 ea
798 3373 1163 3436 paucissimas
1189 3372 1274 3421 vel
1299 3371 1484 3420 nullas
1509 3371 1785 3434 ejusmodi
1811 3373 2121 3423 summulas

486 3445 721 3494 insertas
756 3442 985 3503 habent,
1017 3441 1167 3504 quod
1201 3443 1364 3493 facile
1404 3441 1623 3493 videtur
1660 3455 1729 3492 ex
1768 3442 1960 3492 codice
2006 3444 2122 3492 Ve-

484 3515 706 3565 ronensi
737 3549 751 3574 ,
820 3527 986 3576 quem
1054 3513 1303 3563 Latinius
1383 3513 1756 3564 contendebat
1831 3526 1950 3563 sevo
2018 3527 2120 3563 suo

487 3585 755 3647 scriptum
785 3583 955 3633 fuisse
1006 3586 1133 3634 ante
1163 3583 1316 3634 mille
1362 3597 1556 3642 annos,
1600 3597 1726 3633 cum
1773 3584 1828 3632 in
1875 3596 1940 3632 eo
1982 3584 2120 3632 nihil

485 3656 647 3704 istius
688 3653 837 3703 modi
885 3658 1162 3718 appareat,
1206 3659 1261 3704 et
1311 3655 1366 3703 in
1413 3659 1624 3717 septem
1672 3653 1792 3703 aliis
1836 3654 2122 3704 Vaticanis

487 3727 669 3775 desint
739 3725 942 3774 omnia.
1010 3724 1178 3774 Addit
1244 3725 1553 3774 summulas
1605 3724 1740 3782 illas
1795 3725 2122 3788 marginales

488 3799 658 3847 fuisse
705 3799 758 3845 et
809 3809 877 3845 ex
931 3794 1191 3858 Cypriani
1233 3795 1416 3844 verbis
1467 3795 1728 3846 collectas
1777 3808 1897 3844 esse
1945 3795 2122 3844 cuivis

489 3868 651 3918 facile
695 3879 817 3916 esse
860 3867 1187 3930 intelligere,
1229 3867 1316 3916 vel
1361 3881 1428 3917 ex
1478 3879 1542 3916 ea
1585 3871 1800 3916 tantum
1844 3865 2123 3915 summula

491 3951 659 4002 quam
695 3937 750 3985 in
776 3938 1153 3999 manuscripto
1188 3937 1382 3987 codice
1407 3936 1720 3987 Cardinalis
1754 3937 1910 3986 Hosii
1953 3937 2124 3985 fuisse

491 4007 654 4058 docet
691 4007 991 4066 Pamelius,
1023 4009 1080 4056 in
1113 4022 1223 4071 quo
1259 4009 1525 4071 scriptum
1565 4015 1681 4058 erat
1718 4012 2126 4071 consequenter

493 4079 549 4127 in
595 4081 857 4127 contextu
889 4093 898 4125 :
935 4078 1029 4127 Hic
1072 4079 1221 4127 Petro
1261 4079 1524 4140 primatus
1561 4080 1735 4127 datur.
1775 4078 1936 4140 Quod
1976 4078 2124 4128 enim

488 4162 556 4199 ex
587 4148 885 4212 Cypriano,
937 4148 1124 4198 subdit
1158 4150 1426 4210 Latinius,
1471 4150 1708 4212 diligens
1746 4153 1802 4198 et
1843 4150 2126 4199 studiosus

484 4221 656 4270 lector
703 4221 1002 4284 collegerat
1043 4221 1111 4270 ad
1150 4221 1337 4272 locum
1381 4223 1566 4270 statim
1602 4222 1937 4285 faciliusque
1967 4222 2124 4270 inve-

486 4290 780 4348 niendum,
832 4291 887 4339 id
937 4291 991 4339 in
1042 4292 1290 4356 margine
1346 4291 1539 4354 paucis
1591 4291 1775 4340 verbis
1819 4291 2125 4350 adnotarat,

490 4365 552 4410 ut
607 4362 855 4410 fortassis
901 4361 1064 4410 etiam
1119 4361 1359 4411 indicem
1417 4374 1604 4410 eorum
1660 4365 1923 4425 tanquam
1969 4363 2127 4425 capi—

495 4432 611 4479 tum
670 4434 724 4479 et
775 4431 1025 4480 locorum
1077 4432 1458 4480 communium
1517 4435 1742 4482 texeret.
1792 4432 1876 4481 Ex
1923 4433 2128 4496 quibus

2220 3373 2389 3420 [striae
2447 3375 2502 3421 et
2550 3372 2606 3419 in
2667 3370 2809 3419 Actis
2863 3368 3160 3419 Alexandri
3212 3368 3284 3417 III
3341 3365 3485 3430 apud
3526 3362 3802 3418 Baronium,

2222 3447 2336 3492 tum
2369 3443 2534 3492 etiam
2561 3443 2710 3505 apud
2738 3443 2968 3490 Ivonem
2999 3440 3055 3488 in
3087 3439 3211 3489 loco
3246 3437 3418 3501 paulo
3458 3440 3579 3487 ante
3607 3431 3806 3508 laudato

2221 3517 2274 3563 et
2301 3513 2445 3576 apud
2481 3513 2805 3564 Gratianum
2836 3511 2962 3560 dist.
3002 3511 3082 3571 93,
3111 3509 3208 3560 ubi
3243 3511 3575 3560 correctores
3607 3505 3804 3576 Romani

2221 3572 2487 3633 adnotant
2519 3584 2684 3633 verba
2712 3583 2835 3634 hac
2867 3594 2994 3645 quas
3033 3595 3062 3631 a
3098 3581 3361 3631 Gratiano
3401 3584 3455 3630 et
3494 3579 3650 3627 Ivone
3682 3572 3804 3621 refe-

2223 3658 2451 3711 runtur,
2503 3661 2718 3704 exstare
2773 3655 2828 3701 in
2878 3667 2992 3702 uno
3050 3651 3243 3702 codice
3292 3652 3559 3700 Vaticano
3611 3655 3802 3720 operum

2220 3728 2394 3774 sancti
2429 3725 2708 3788 Cypriani,
2735 3726 2981 3787 itemque
3021 3724 3073 3771 in
3105 3723 3275 3771 altero
3321 3719 3627 3792 monasterii
3658 3716 3802 3792 sancti

2224 3786 2530 3845 Salvatoris
2561 3795 2843 3845 Bononia.
2874 3786 3080 3843 Verum
3130 3806 3241 3864 non
3281 3792 3552 3864 habentur
3596 3786 3801 3864 innanti-

2225 3867 2349 3928 quis
2400 3865 2737 3915 editionibus
2784 3878 2966 3928 neque
3019 3866 3073 3912 in
3129 3862 3282 3913 libris
3337 3862 3533 3912 nostris
3581 3857 3799 3918 antiquis.

2225 3937 2369 3986 Sane
2409 3937 2732 3986 adnotatum
2779 3941 2862 3986 est
2901 3938 2956 3985 in
2995 3936 3238 3985 editione
3277 3935 3595 4004 Anglicana‘
3622 3929 3804 4004 exstare

2226 4008 2280 4055 in
2315 4011 2552 4070 quatuor
2589 4008 2823 4056 vetustis
2858 4005 3146 4055 codicibus
3188 3995 3523 4068 Anglicanis.
3552 3995 3803 4070 Pamelius

2225 4069 2456 4126 testatur
2492 4090 2550 4126 se
2595 4077 2871 4126 invenisse
2917 4077 2973 4124 in
3033 4074 3481 4125 Camberonensi.
3535 4069 3804 4144 Cyprianu§

2225 4147 2397 4210 Epist.
2454 4161 2566 4196 XL:
2605 4165 2631 4193 ‹‹
2673 4147 2945 4198 Cathedra
2993 4160 3106 4196 una
3149 4157 3315 4208 super
3367 4148 3569 4208 petram
3613 4141 3801 4189 Domini

2224 4231 2361 4268 voce
2389 4217 2635 4268 fundata.
2660 4237 2687 4264 »
3767 4276 3774 4284 ν

2293 4290 2387 4350 (16)
2439 4291 2601 4338 Unum
2653 4303 2858 4352 corpus.
2913 4289 3218 4351 Descripsit
3282 4287 3434 4336 hunc
3489 4284 3799 4352 locum,_c_i-

2229 4349 2350 4410 tans
2382 4349 2754 4423 Cyprianum,
2776 4361 2982 4409 Paulus
3016 4349 3156 4422 papa
3188 4359 3255 4419 II,
3288 4359 3344 4407 in
3371 4349 3801 4423 Epistola_scripla

2228 4431 2299 4480 ad
2348 4421 2801 4494 Arcliiepiscopum
2870 4421 3219 4480 Colossensem
3248 4464 3260 4487 ,
3324 4440 3464 4478 anno
3528 4421 3683 4494 1460,⁸
3715 4425 3800 4494 διν

494 4500 717 4563 collegit
775 4501 922 4551 idem
984 4502 1066 4550 vir
1119 4502 1474 4551 doctissimus
1530 4506 1582 4552 et
1648 4489 1957 4553 emunctae-
1980 4495 2205 4565 narisD
2229 4501 2348 4550 Kal.
2386 4489 2623 4563 Augusti
2657 4489 2730 4549 ;’‹‹
2764 4501 2907 4562 Quia
2942 4514 3052 4550 non
3101 4512 3303 4563 corpus
3343 4503 3396 4548 et
3435 4509 3574 4547 unus
3613 4489 3798 4565 spiritus

494 4573 724 4622 criticus
789 4573 1137 4624 retinendam
1187 4575 1243 4622 in
1299 4577 1557 4624 contextu
1613 4574 1783 4624 fuisse
1833 4576 2126 4626 lectionem

495 4644 865 4694 vetustiorum
892 4649 947 4695 et
976 4645 1218 4707 plurium
1253 4645 1532 4704 codicum,
1568 4652 1623 4694 et
1657 4643 1890 4694 indicari
1941 4649 2125 4694 tamen

490 4716 800 4777 oportuisse
836 4729 962 4780 quas
1006 4717 1061 4765 in
1106 4715 1512 4766 recentioribus
1557 4719 1770 4778 reperta
1811 4720 1987 4775 erant,
2029 4716 2128 4765 sed

493 4797 603 4834 non
629 4786 815 4835 statim
856 4787 910 4834 in
957 4785 1224 4849 Cypriani
1264 4788 1586 4835 contextum
1629 4785 1834 4834 referri.
1878 4784 2125 4834 Similem

495 4856 940 4905 observationem
991 4856 1169 4919 reperi
1229 4855 1286 4903 in
1355 4854 1813 4904 annotationibus
1876 4857 2128 4918 Dionysii

492 4926 744 4976 Lambini
799 4927 856 4974 in
899 4925 1234 4975 Cluentinam
1291 4923 1558 4975 Ciceronis
1585 4929 1640 4974 et
1681 4925 1737 4972 in
1788 4938 1824 4974 II
1871 4924 2130 4975 Catilina-

496 5010 655 5045 riam.

558 5067 659 5127 (t3)
706 5067 942 5116 Pastorcs
982 5069 1100 5118 sunt
1145 5079 1338 5116 omnes.
1387 5065 1446 5115 Id
1495 5071 1594 5127 est,
1648 5067 1892 5130 episc0pi
1939 5080 2132 5117 omnes

495 5142 624 5186 sunt
681 5140 928 5200 pastores
973 5136 1152 5199 gregis
1203 5135 1426 5186 Christi.
1481 5137 1628 5187 Hinc
1678 5138 1932 5187 sidemus
1983 5138 2130 5201 apud

498 5207 838 5271 Cyprianum
883 5210 936 5256 et
973 5206 1106 5256 alibi
1148 5206 1273 5255 illos
1315 5219 1374 5256 se
1421 5208 1662 5258 invicem
1695 5221 1892 5259 vocare
1939 5209 2134 5258 fratres

498 5283 553 5327 et
592 5278 849 5342 collegas.
885 5278 1076 5326 Postea
1126 5277 1430 5338 humilitas,
1458 5291 1584 5342 quae
1633 5281 1914 5342 praecipua
1967 5279 2135 5329 debet

499 5361 620 5399 esse
646 5349 702 5397 in
747 5349 1009 5411 episc0po
1038 5349 1235 5409 virtus,
1264 5354 1328 5398 ut
1366 5354 1517 5413 patet
1553 5363 1621 5399 ex
1659 5351 1894 5412 epistola
1923 5350 1986 5400 69
2023 5349 2134 5412 Cy-

495 5420 692 5482 priani,
720 5417 904 5470 effecit
942 5423 1006 5468 ut
1041 5421 1288 5483 episcopi
1320 5433 1379 5469 se
1424 5425 1692 5471 vocarent
1729 5434 1920 5472 servos
1949 5433 2134 5470 servo-

499 5504 621 5540 rum
651 5491 772 5550 Dei,
815 5491 982 5539 etiam
1025 5495 1254 5541 sanctus
1287 5493 1428 5555 Papa
1467 5491 1766 5554 Gregorius
1809 5496 1864 5542 et
1905 5492 1997 5542 alii
2027 5493 2135 5542 ali-

499 5565 636 5624 quot
678 5561 925 5623 episcOpi
978 5559 1210 5611 Romani
1265 5567 1385 5625 post
1435 5575 1581 5624 eum,
1634 5563 1730 5613 sed
1783 5577 1894 5613 non
1939 5575 2136 5613 omnes

503 5633 684 5682 donec
728 5630 795 5681 ad
839 5631 1035 5680 ultima
1081 5635 1324 5695 tempora
1368 5636 1596 5683 ventum
1636 5635 1734 5682 est.
1778 5633 1920 5684 Vide
1965 5633 2134 5683 Joan-

499 5715 629 5753 nem
663 5701 1144 5764 Sarisberiensem,
1169 5702 1264 5752 lib.
1293 5717 1393 5754 VIII
1420 5702 1752 5764 Policratici,
1777 5718 1900 5769 cap.
1931 5705 2011 5755 23.

565 5776 666 5845 (l4)
719 5775 866 5826 Hanc
925 5773 1162 5826 Ecclesia:
1209 5777 1478 5825 unitatem.
1538 5775 1632 5825 Ivo
1700 5779 1834 5840 part.
1904 5789 1960 5836 v,
2012 5789 2134 5840 cap.

2229 4585 2422 4621 omnes
2463 4562 2678 4630 sumus,
2715 4572 2811 4634 qui
2861 4584 3037 4619 unum
3081 4562 3401 4628 Dominum,
3431 4579 3597 4616 unum
3637 4562 3797 4635 Datin},

2229 4655 2399 4691 unam
2435 4641 2598 4691 ﬁdem
2643 4628 3012 4705 praedicamus
3050 4646 3103 4690 et
3141 4641 3391 4691 colimus.
3437 4636 3584 4687 Unde
3619 4636 3667 4682 et
3693 4628 3798 4678 Uni-

2229 4716 2396 4762 tatem
2423 4712 2654 4762 ﬁrmiter
2696 4717 2882 4762 tenere
2929 4717 2981 4762 et
3024 4712 3308 4762 vindicare
3350 4710 3606 4760 debemus
3644 4707 3800 4774 omnes

2229 4785 2493 4847 episcopi,
2526 4788 2583 4832 ut
2628 4785 3006 4846 episcopatum
3055 4795 3297 4846 quoque,
3338 4786 3398 4831 ut
3439 4780 3619 4828 beatus
3656 4766 3798 4831 inquit

2231 4854 2562 4918 Cyprianus,
2609 4868 2785 4903 unum
2839 4858 2894 4903 et
2938 4853 3287 4902 individuum
3338 4847 3738 4913 comprobemus.
3778 4853 3797 4918 ιξ

2231 4925 2378 4974 Illud
2431 4926 2647 4974 interim
2702 4925 2793 4975 hic
2833 4925 3124 4982 admoneo,
3169 4926 3430 4987 scriptum
3469 4926 3671 4983 quoque
3697 4917 3798 4990 esse

2233 4995 2570 5045 individuum
2634 4995 3024 5058 comprobemus
3091 4998 3144 5043 in
3223 4982 3412 5045 co—dice
3478 4982 3794 5058 Burgundjcoi

2232 5067 2314 5116 Ex
2346 5080 2456 5130 quo
2499 5070 2722 5129 apparet
2747 5049 2985 5115 Paulum
3011 5079 3207 5128 papam
3247 5077 3409 5115 usum
3446 5072 3559 5112 esse
3599 5049 3796 5119 Quodam

2233 5139 2400 5188 simili
2431 5138 2751 5199 exemplari.

2297 5211 2396 5268 (17)
2441 5191 2614 5259 Nemo.
2647 5208 3055 5270 fraternitatem.
3102 5207 3226 5256 Istis
3274 5206 3468 5262 verbis,
3510 5198 3597 5250 sed
3635 5191 3796 5270 paulu:

2234 5261 2351 5329 lum
2382 5261 2655 5328 Imutatis'
2681 5283 2735 5329 et
2778 5279 3068 5339 mutilatis,
3116 5282 3381 5342 tanquam
3418 5261 3528 5324 suis
3573 5279 3691 5342 usus
3733 5261 3797 5342 est

2235 5351 2365 5400 Pius
2406 5363 2546 5414 papa
2580 5351 2644 5406 II,
2677 5351 2731 5399 in
2767 5332 3065 5400 conventu.
3091 5332 3406 5407 Mantuano,
3435 5350 3493 5394 ut
3535 5340 3697 5390 videre
3730 5332 3798 5380 est

2234 5423 2290 5471 in
2321 5427 2469 5471 tomo
2497 5421 2574 5471 IX
2610 5421 2887 5484 Spicilegii
2914 5420 3265 5481 Dacheriani,
3292 5434 3408 5483 pag.
3433 5418 3534 5467 312.
3766 5472 3773 5480 _

2300 5495 2393 5552 (18)
2431 5494 2773 5556 Episcopatus
2817 5506 2952 5542 unus
2999 5497 3084 5542 est.
3157 5493 3313 5541 Hanc
3371 5488 3657 5556 pericol’enr
3688 5485 3797 5556 om]:

2236 5565 2305 5613 sit
2338 5553 2570 5625 Pius—Il,
2618 5553 2674 5612 in
2728 5568 3007 5614 conventu
3054 5565 3368 5613 Mantuano.
3412 5557 3608 5609 Poterat
3649 5553 3793 5626 male?

2236 5647 2300 5684 ea
2339 5649 2450 5685 non
2504 5622 2775 5685 inutiliter
2811 5638 2889 5685 uti
2937 5635 3250 5687 secundum
3293 5622 3794 5704 eorumsenteutlBE

2238 5708 2333 5769 qui
2395 5708 2716 5770 episcopum
2773 5719 2948 5756 unum
3003 5708 3427 5770 interpretantur
3474 5700 3537 5750 de
3579 5691 3792 5770 epigcogo

2236 5756 2507 5842 Eomado,
2537 5756 2635 5842 qui
2663 5790 2733 5829 ex
2758 5777 2978 5829 illorum
3008 5756 3268 5844 Opinione
3290 5779 3369 5828 est
3394 5756 3620 5839 sponsus
3635 5756 3790 5812 Εοοιθ·
