3978 6194
166 294 243 345 517
1266 290 1457 349 LIBER
1501 294 1588 348 DE
1630 294 1916 350 UNITATE
1954 296 2313 353 ECCLESl/E.

3362 311 3460 362 518

158 426 343 481 quoque
370 427 477 464 una
504 415 604 474 est,
638 427 765 482 qua
796 413 855 466 in
884 412 1313 468 multitudinem
1350 415 1515 469 latius
1550 416 1732 470 incre-
1760 434 1815 505 Α
1838 416 2045 485 rivum,
2094 418 2363 489 pracisus
2406 423 2607 475 arescit
2651 423 2779 494 (21).
2831 424 2922 479 Sic
2973 431 3029 479 et
3068 427 3307 481 Ecclesia
3350 430 3459 483 Do-

158 508 316 557 mento
353 505 708 559 fecunditatis
742 507 1087 560 extenditur.
1122 508 1419 571 Quomodo
1458 509 1589 563 solis
1629 510 1731 577 (19)

156 598 290 651 multi
346 598 504 666 radii,
562 598 658 652 sed
716 600 909 655 lumen
962 618 1135 654 unum
1176 605 1275 654 :et
1327 601 1467 654 rami
1523 602 1737 655 arboris

155 690 307 755 multi,
342 692 433 744 sed
462 690 631 745 robur
661 708 840 746 unum
874 694 1061 747 tenaci
1102 694 1291 748 radice
1323 695 1626 748 fundatum
1656 696 1733 763 ³⁸;

151 790 331 837 etcum
357 784 424 836 de
461 784 618 839 fonte
657 802 769 839 uno
808 786 907 839 rivi
950 787 1179 856 plurimi
1225 786 1414 859 502
1455 788 1733 857 deﬂuunt,

153 876 495 930 numerositas
539 877 673 931 licet
715 877 917 932 diffusa
958 880 1218 933 videatur
1260 881 1595 935 exundantis
1640 898 1733 933 co-

150 970 234 1038 piae
276 968 563 1039 largitate,
607 971 794 1025 unitas
842 975 1032 1026 tamen
1083 978 1340 1027 servatur
1382 974 1441 1026 in
1490 973 1729 1043 origine.

146 1062 301 1115 Avelle
346 1062 569 1116 radium
612 1064 742 1117 solis
778 1082 810 1118 a
848 1081 1107 1136 corpore,
1148 1066 1483 1121 divisionem
1524 1067 1659 1120 lucis
1686 1068 1733 1101 3’

143 1155 299 1208 unitas
335 1172 448 1210 non
491 1158 644 1227 capit
684 1174 697 1210 :
732 1158 801 1211 ab
840 1159 1041 1213 arbore
1082 1160 1285 1230 frange
1335 1162 1441 1230 (20)
1483 1176 1731 1227 ramum,

143 1247 316 1301 fractus
362 1249 688 1318 germinare
741 1267 857 1305 non
904 1252 1115 1322 poterit
1162 1269 1173 1305 :
1223 1270 1255 1306 a
1300 1253 1454 1309 fonte
1489 1253 1732 1324 pracide

1836 506 1975 559 mini
2005 508 2125 561 luce
2153 508 2379 577 perfusa
2402 526 2500 580 per
2521 511 2716 565 orbem
2750 517 2932 568 totum
2964 516 3151 570 radios
3183 534 3310 571 suos
3336 536 3461 589 por-

1837 597 1999 665 rigit;
2040 613 2218 651 unum
2255 601 2444 651 tamen
2474 600 2669 653 lumen
2699 606 2800 667 est,
2830 603 2979 672 quod
3010 605 3217 675 ubique
3249 606 3457 661 diffun-

1837 690 2010 757 ditur,
2056 706 2159 744 nec
2200 691 2389 744 unitas
2432 693 2681 761 corporis
2726 702 3036 764 separatur.
3081 699 3286 753 Ramos
3329 718 3459 754 suos

1835 784 1893 835 in
1961 784 2285 837 universam
2352 790 2563 837 terram
2615 786 2774 855 copia
2843 788 3114 844 ubertatis
3177 794 3455 859 extendit,

1835 875 2181 946 proﬂuentes
2218 877 2449 948 largiter
2478 878 2626 932 rivos
2661 879 2829 933 latius
2868 884 3136 951 expandit
3165 885 3244 953 ‘0;
3280 903 3459 941 unum

1836 972 2028 1022 tamen
2057 974 2224 1039 caput
2251 975 2334 1023 est
2361 973 2419 1023 et
2454 972 2613 1041 origo
2655 989 2784 1039 una,
2818 977 2873 1026 et
2908 991 3018 1027 una
3050 981 3231 1031 mater
3256 979 3457 1034 fecun-

1836 1062 2022 1116 ditatis
2065 1063 2409 1117 successibus
2453 1064 2699 1134 copiosa.
2753 1066 2901 1119 illius
2946 1068 3082 1122 fatu
3134 1072 3458 1143 nascimur,

1834 1156 1981 1209 illius
2005 1156 2143 1209 lacte
2174 1156 2480 1223 nutrimur,
2509 1158 2710 1228 spiritu
2744 1159 2865 1229 ejus
2894 1161 3243 1218 animamur.

1904 1250 1991 1303 Vl.
2043 1248 2365 1304 Adulterari
2409 1266 2524 1305 non
2578 1257 2761 1321 potest
2804 1252 2918 1324 (22)
2966 1271 3172 1326 sponsa
3224 1257 3454 1330 Christi,

1479 1412 1689 1476 Varia
1730 1411 2068 1475 lectiones.

196 1534 350 1586 “Sed
374 1536 538 1586 arbor
560 1551 690 1598 una,
718 1541 899 1589 tenaci
932 1539 1117 1591 radice
1144 1541 1391 1592 fundata.
1424 1543 1555 1591 Pem.
1597 1542 1729 1589 Voss.
1755 1540 1805 1589 2.
1841 1540 1952 1587 Ver.
1991 1539 2124 1586 Man.
2198 1537 2237 1569 ³⁹
2262 1537 2522 1601 Corporis
2564 1539 2703 1589 lucis
2740 1541 2853 1589 Ben.
2902 1540 3009 1590 ΝΟ.
3056 1543 3100 1591 1.
3142 1544 3278 1593 Lam.
3320 1547 3456 1598 Pem.

148 1607 244 1655 Bod.
273 1608 313 1656 2.
347 1609 468 1659 Non
498 1610 692 1673 recipit
733 1612 868 1660 Voss.
895 1611 944 1661 3.
1009 1614 1051 1644 ⁴υ
1080 1612 1421 1663 Proﬂuentes
1453 1613 1600 1663 rivos
1626 1612 1763 1660 Lam.
1790 1608 1942 1658 Ebor.
1968 1608 2131 1657 latius
2164 1606 2356 1669 pandit
2384 1606 2501 1655 Thu.

1404 1746 1625 1828 Steph.
1660 1743 1905 1807 Baluzii
1935 1746 2131 1805 nota.

145 1874 217 1922 sia
238 1873 553 1936 Catholica,
588 1878 644 1928 id
675 1885 759 1930 est
778 1882 1126 1933 universalis.
1144 1884 1286 1934 Vide
1314 1884 1732 1942 Bellarminum,

146 1944 217 2019 l_ib.
256 1959 306 2019 ii
334 1947 689 2019 deiRomano
738 1953 1003 2017 Ponti/ica,
1050 1968 1169 2019 cap.
1209 1956 1285 2016 16,
1336 1960 1392 2005 et
1447 1955 1735 2019 epistolam

145 2013 363 2089 Stanislai
414 2018 573 2069 Hosii
629 2013 956 2081 Cardinalis,
986 2013 1137 2089 'qui-
1162 2013 1335 2076 unum
1392 2013 1733 2077 sacerdotem

144 2085 495 2204 Elei-rimatur
544 2104 672 2141 eum
728 2106 896 2156 quem
940 2085 1139 2147 vocare
1188 2098 1432 2147 solemus
1465 2098 1733 2148 vicarium

212 2170 272 2204 ns
295 2171 327 2204 ι.

212 2158 327 2207 risti.

192 2228 273 2299 (19;
308 2229 571 2299 Quomodo
614 2232 758 2281 satis.
796 2233 907 2282 Ista
945 2238 1000 2284 et
1044 2236 1151 2286 alia
1189 2236 1346 2299 plura
1399 2238 1520 2288 loca
1576 2238 1734 2287 istius

144 2298 289 2358 operis
340 2298 662 2363 Cyprianici
710 2301 1067 2354 Hildebertus
1124 2298 1414 2370 episc0pus
1460 2307 1734 2358 Cenoma-

144 2370 299 2417 nensis
348 2374 617 2433 tanquam
672 2384 789 2432 sua,
865 2374 1019 2423 nulla
1097 2375 1358 2439 Cypriani
1435 2379 1731 2439 mentione,

144 2441 292 2555 pgnit
324 2440 378 2489 in
421 2440 695 2491 Sermone
725 2442 786 2492 da
830 2445 962 2494 Pace
1014 2446 1069 2495 in
1129 2461 1272 2498 nova
1325 2448 1585 2511 editione,
1611 2464 1731 2513 pag.

151 2524 161 2553 Α
223 2546 231 2555 .

151 2524 231 2555 tW.

192 2579 267 2640 βο)
297 2580 367 2630 Ab
395 2580 595 2631 arbore
648 2583 851 2648 frango.
901 2585 1047 2637 Citat
1088 2588 1241 2639 hunc
1280 2590 1468 2641 locum
1506 2595 1733 2642 sanctus

143 2651 465 2721 Augustinus,
511 2666 766 2705 sermone
804 2656 915 2717 281,
957 2670 1079 2721 cap.
1116 2659 1210 2718 20;
1242 2664 1295 2711 et
1320 2661 1414 2711 lib.
1448 2676 1502 2711 III
1536 2663 1733 2713 Contra

144 2720 451 2784 Cresconium,
485 2737 608 2788 cap.
644 2725 722 2775 33.

187 2791 267 2866 (21)
315 2795 568 2866 [frausus
609 2798 820 2846 arescit.
853 2797 913 2847 In
964 2804 1112 2850 tomo
1152 2801 1227 2850 IX
1279 2801 1565 2866 Spicilegii
1622 2804 1732 2853 Da-

144 2859 347 2912 cheriani
378 2864 585 2929 legitur
624 2867 882 2917 decrescit.
924 2869 998 2918 At
1036 2870 1091 2918 in
1132 2859 1361 2921 vetustis
1417 2859 1634 2924 schedia
1665 2888 1733 2925 ex

144 2932 310 2992 quibus
352 2936 500 2985 edita
546 2942 630 2986 est
673 2938 795 2989 hac
845 2942 1020 2990 oratio
1074 2941 1155 2991 Pii
1209 2942 1410 2994 diserte
1464 2946 1732 3008 scriptum

144 3007 205 3051 est
227 3008 413 3057 arescit.
472 3008 571 3058 Sic
614 3011 781 3060 etiam
819 3011 876 3059 in
925 3025 1065 3062 nova
1123 3012 1366 3064 editione
1401 3007 1729 3076 Hildeberti,

144 3087 237 3139 pag.
261 3078 359 3127 710.

190 3147 266 3203 (ἢ)
314 3149 629 3201 Adulterari
712 3166 822 3202 non
874 3159 1055 3217 potest.
1108 3156 1295 3207 Refert
1346 3158 1499 3208 hunc
1546 3159 1732 3210 locum

144 3222 329 3266 sanctus
382 3219 713 3283 Fulgentius
757 3224 848 3273 lib.
898 3238 934 3285 ι,
994 3239 1113 3289 cap.
1164 3230 1207 3288 1,
1284 3228 1347 3278 de
1418 3230 1733 3279 Remissione

1836 1893 1934 1930 seu
1963 1879 2294 1930 universalis
2338 1878 2621 1930 Ecclesia.
2672 1876 2835 1939 Quod
2870 1879 3108 1930 sensisse
3132 1880 3458 1946 Gregorium

1836 1952 2041 2014 Papam
2070 1949 2139 2011 X,
2179 1949 2348 2014 liquet
2378 1963 2447 2000 ex
2480 1949 2716 1999 decretis
2752 1950 2870 2011 ejus
2926 1949 3084 1999 editis
3117 1952 3174 2000 in
3221 1956 3461 2007 concilio

1834 2020 2209 2084 Lugdunensi.
2272 2021 2465 2070 Postea
2509 2020 2753 2069 Joannes
2806 2019 3060 2089 Monachi
3141 2022 3457 2089 cardinalis,

1834 2092 1890 2140 in
1947 2103 2066 2153 cap.
2112 2089 2296 2139 Felicis
2350 2091 2419 2141 de
2479 2090 2663 2141 Panis
2707 2090 2764 2138 in
2814 2088 3002 2150 Sexto,
3061 2102 3191 2139 cum
3224 2088 3460 2145 dixisset

1832 2174 2002 2210 unam
2032 2173 2153 2211 esse
2196 2160 2525 2222 Ecclesiam,
2575 2163 2728 2210 extra
2762 2172 2930 2222 quam
2964 2159 3155 2209 nullus
3194 2163 3458 2228 salvetur,

1832 2233 2015 2281 statim
2062 2232 2215 2281 addit
2266 2247 2276 2279 :
2318 2234 2383 2281 Et
2428 2234 2581 2283 istim
2628 2236 2700 2281 est
2745 2242 2966 2293 sponsus
3022 2231 3191 2293 Papa.
3241 2234 3458 2287 Deinde

1831 2302 2075 2351 Joannes
2158 2303 2396 2353 Andrea
2448 2304 2504 2351 in
2570 2315 2689 2365 cap.
2745 2302 2843 2349 Pi‘a
2914 2301 3322 2353 consideratione
3386 2306 3457 2357 de

1832 2370 2170 2422 Excessibus
2218 2373 2273 2421 in
2336 2372 2522 2432 Sexto,
2581 2373 2657 2420 ait
2714 2370 2917 2433 Papam
2978 2383 3099 2422 esse
3142 2376 3455 2436 generalem

1832 2455 2097 2505 sponsum
2134 2444 2419 2493 Ecclesia.
2454 2442 2740 2505 Eugenius
2791 2442 2937 2504 Papa
2986 2441 3080 2502 IV,
3110 2444 3361 2496 scribens
3385 2447 3455 2497 ad

1833 2513 2093 2564 Carolum
2130 2514 2245 2575 VII,
2295 2526 2479 2576 regem
2522 2513 2882 2573 Francorum,
2951 2512 3097 2575 apud
3155 2514 3454 2567 Odoricum

1834 2585 2182 2647 Raynaldum
2213 2598 2302 2632 an.
2338 2584 2479 2645 1437,
2517 2584 2547 2647 §
2576 2584 2654 2644 24,
2688 2584 2765 2632 ait
2805 2596 2865 2632 se
2904 2594 3027 2633 esse
3074 2598 3268 2635 verum
3298 2588 3455 2638 vica-

1832 2658 1977 2705 rium
2028 2657 2160 2705 Jesu
2230 2654 2437 2705 Christi
2509 2658 2675 2718 atque
2738 2654 2970 2703 unicum
3034 2655 3299 2707 Ecclesia
3338 2671 3455 2709 sua

1832 2739 2115 2789 sponsum.
2152 2726 2400 2789 Egidius
2442 2724 2748 2775 Cardinalis
2802 2725 3166 2776 Viterbiensis
3216 2729 3271 2776 in
3332 2742 3454 2779 ora-

1833 2798 1979 2846 tione
2010 2796 2077 2845 ad
2110 2796 2323 2845 Julium
2364 2810 2562 2860 papam
2605 2796 2653 2845 ΙΙ
2700 2795 2890 2845 habita
2931 2796 2989 2844 in
3036 2797 3273 2847 concilio
3302 2798 3456 2849 Late-

1833 2868 2052 2917 ranensi
2083 2880 2227 2916 anno
2258 2868 2396 2927 1511,
2440 2880 2477 2918 v
2521 2867 2659 2916 Non.
2706 2866 2837 2915 Maii
2870 2880 2880 2913 :
2910 2882 2941 2913 α
2969 2867 3202 2929 Appello
3226 2881 3356 2932 ergo
3382 2873 3453 2931 te,

1831 2938 1963 2998 Juli,
2017 2938 2269 3001 pontifex
2318 2938 2575 2987 maxime.
2641 2935 2906 2987 Summus
2960 2936 3055 2986 ille
3107 2941 3159 2987 te
3219 2939 3457 3002 appellat

1831 3009 1997 3070 Deus,
2048 3008 2143 3071 qui
2177 3020 2334 3057 suam
2387 3012 2440 3058 te
2479 3019 2668 3071 gerere
2724 3008 2780 3055 in
2835 3006 2990 3057 terris
3042 3008 3218 3057 vicem
3258 3008 3453 3072 voluit,

1833 3080 1929 3143 qui
1975 3093 2005 3128 a
2046 3082 2199 3129 tanto
2232 3077 2557 3142 jampridem
2600 3081 2797 3127 senatu
2825 3080 2876 3127 te
2917 3091 3093 3128 unum
3130 3077 3333 3143 delegit
3361 3083 3456 3144 qui

1830 3163 2043 3199 nonum
2067 3162 2247 3213 usque
2272 3149 2328 3197 in
2375 3162 2584 3197 annum
2627 3147 2895 3198 Ecclesia
2930 3162 3047 3198 sua
3090 3152 3143 3199 te
3186 3162 3454 3213 sponsum

1832 3220 2090 3271 defendit.
2142 3236 2171 3267 ›>
2224 3219 2318 3269 Sic
2372 3218 2643 3270 Odoricus
2712 3218 3030 3282 Raynaldus
3097 3220 3155 3268 in
3227 3222 3457 3284 epistola

143 3290 452 3364 peccatorum.
484 3291 605 3354 Ego
653 3306 783 3343 cum
817 3294 1064 3344 viderem
1094 3297 1150 3344 in
1186 3296 1292 3347 hoc
1320 3296 1582 3361 Cypriani
1611 3300 1733 3349 loco
1754 3290 1809 3364 ρ
1834 3291 2172 3364 dedicatoria
2232 3290 2557 3364 tomi__XlI_l
2609 3290 2935 3364 _An_natium
2994 3289 3458 3364 ecclesiasticarum

144 3358 183 3428 e_t
217 3357 261 3428 in
302 3358 541 3409 aliorum
581 3367 830 3413 veterum
875 3367 1208 3428 scriptorum
1252 3357 1736 3419 lucubrationibus

146 3422 413 3479 Ecclesiam
456 3435 647 3482 vocari
691 3447 950 3497 sponsam
988 3422 1226 3499 Christi,
1286 3438 1568 3489 Christum
1607 3454 1735 3491 vero

146 3508 391 3571 sponsum,
448 3507 510 3553 et
560 3504 782 3567 quidem
841 3508 1093 3567 unicum,
1153 3508 1393 3571 legerem
1454 3513 1637 3561 autem
1678 3513 1734 3560 in

146 3567 303 3617 eodem
350 3572 472 3622 loco
534 3573 797 3638 Cypriani
850 3589 1109 3640 sponsam
1158 3567 1377 3640 Christi,
1428 3594 1593 3644 quam
1643 3582 1736 3631 ille

148 3653 232 3690 non
255 3644 558 3710 dereliquit,
590 3662 700 3699 non
755 3650 1107 3715 derelinquit,
1153 3666 1332 3717 neque
1369 3653 1733 3718 derelinquat,

148 3719 221 3788 aut
245 3728 270 3762 a
293 3728 347 3765 se
375 3718 598 3781 abjiciet
652 3722 739 3769 vel
780 3721 1059 3782 alienabit,
1092 3737 1257 3786 quam
1302 3726 1353 3775 ei
1382 3725 1736 3788 desponsavit

146 3781 289 3855 Pater,
336 3792 391 3836 ut
438 3791 493 3837 in
551 3790 695 3840 libro
748 3805 827 3853 ix,
874 3781 1127 3855 epist.72-,
1184 3796 1258 3843 ait
1316 3781 1509 3845 Petrus
1565 3797 1735 3847 abbas

144 3851 391 3929 Cellensis,
422 3874 595 3923 quam
630 3851 991 3913 Innocentius
1016 3851 1158 3927 papa
1184 3865 1278 3928 ΙΙΙ,
1306 3866 1399 3916 lib.
1434 3881 1469 3927 ι,
1507 3868 1661 3929 epist.
1686 3870 1733 3925 4,

145 3924 202 4000 ait
253 3941 279 3975 a
312 3928 526 3979 Christo
582 3932 973 3995 desponsatam
1016 3924 1207 3985 fuisse
1235 3924 1273 3995 ,⁷
1299 3950 1425 3986 cum
1458 3924 1732 3999 legerem,

145 4006 351 4069 inquam,
407 4001 461 4049 in
530 4002 638 4052 hoc
693 4002 954 4067 Cypriani
1011 4006 1134 4056 loco
1190 4020 1447 4069 sponsam
1524 4008 1733 4058 Christi

143 4064 397 4140 adulterari
426 4085 538 4122 non
574 4064 756 4135 posse,
780 4064 1047 4140 ipsosque
1072 4064 1241 4126 etiam
1275 4078 1552 4128 Romanos
1590 4079 1733 4129 Pon-

145 4136 307 4199 tiﬁces,
341 4141 683 4193 Bonifacium
720 4136 875 4195 istius
908 4136 1151 4196 nominis
1193 4150 1453 4209 primum,
1494 4149 1732 4199 Leonem

146 4218 330 4282 quoqne
382 4213 539 4262 istius
598 4216 840 4264 nominis
892 4219 1132 4279 primum
1205 4219 1261 4267 in
1341 4219 1590 4282 Epistola
1661 4219 1731 4267 ad

144 4278 426 4349 Anatolium,
483 4283 727 4333 Leonem
784 4286 859 4334 IX
893 4278 967 4334 fin
1023 4287 1269 4349 Epistola
1325 4278 1407 4336 (ια’
1456 4288 1731 4339 Robertum

146 4345 345 4419 a_bbatem
375 4352 513 4402 Casa
556 4355 652 4403 Dei
705 4357 760 4404 in
812 4345 1092 4417 Arvernis,
1139 4358 1517 4408 Alexandrum
1556 4360 1649 4419 ΙΙΙ,
1676 4362 1732 4409 in

146 4414 351 4494 Epistola
388 4424 456 4471 ad
498 4426 866 4487 Bononienscs,
906 4414 1172 4478 amulum
1218 4430 1336 4490 ejus
1366 4414 1732 4481 Octavianum

145 4489 188 4564 tu
234 4489 462 4564 Epistola
513 4498 800 4560 encyclios
846 4499 909 4547 de
964 4489 1394 4560 Electz‘ons’sua,
1463 4502 1732 4552 Innocen—

149 4558 257 4633 tium
286 4562 368 4623 IIl,
424 4566 477 4614 in
538 4558 793 4629 plurimis
836 4570 1094 4633 Epistolis
1129 4572 1263 4632 suis,
1320 4558 1625 4621 Hnnorium
1659 4573 1732 4623 ΙΙΙ

214 4629 445 4731 Ξὲἱῗξριθ
597 4651 787 4720 regsm_
812 4626 1635 4731 PoE-tugalcpssm,JCl.ementem
1666 4644 1729 4705 V,
1752 4661 1810 4731 D

146 4696 426 4775 inconcilio
485 4696 810 4771 Viennensi,
859 4696 1182 4761 Cardinales
1226 4696 1294 4760 ad
1348 4696 1730 4775 imperatorem

148 4765 445 4845 lj’ridericum
496 4765 823 4842 scribentes,
881 4782 1027 4845 apud
1084 4783 1380 4832 Baronium
1429 4765 1532 4832 .an.
1591 4785 1733 4844 1159,

150 4838 327 4905 §Lxm,
348 4852 397 4896 et
421 4851 559 4899 alios
595 4864 792 4901 vocare
812 4838 819 4842 ⁷
840 4838 1146 4903 Ecclesiam
1196 4854 1362 4901 unius
1393 4854 1493 4902 viri
1529 4838 1733 4903 Christi

150 4920 385 4977 Eponam,
463 4919 749 4970 Christum
828 4936 1018 4973 verum
1091 4929 1146 4973 et
1216 4924 1444 4974 unicum
1526 4928 1734 4975 sancta

149 4974 381 5058 Ecclesia
402 5002 668 5052 sponsum
696 5007 706 5039 :
731 4993 991 5054 putabam
1020 4994 1154 5044 hinc
1180 4995 1364 5058 colligi
1400 5008 1511 5044 non
1539 4974 1734 5045 imme-

152 5056 230 5099 nio
264 5069 408 5116 posse
443 5061 752 5112 Ecclesium
800 5077 921 5115 esse
968 5067 1264 5127 univiram,
1318 5056 1401 5116 uti
1461 5067 1672 5117 dictum
1704 5081 1734 5117 a

152 5130 220 5169 me
253 5132 333 5201 est
389 5131 515 5180 olim
571 5134 627 5181 in
686 5134 836 5184 Notis
902 5138 971 5185 ad
1037 5136 1390 5201 Agobardum.
1466 5137 1732 5187 Videbam

157 5198 377 5271 maderes
424 5216 563 5259 eam,
625 5218 790 5267 quam
866 5198 1238 5258 Tertullianus
1302 5208 1358 5256 in
1412 5208 1532 5271 ipso
1582 5210 1735 5258 initio

154 5260 249 5339 libri
272 5269 334 5317 ad
381 5260 659 5337 Marti/ras.
700 5281 857 5328 vocat
917 5278 1195 5328 dominam
1254 5260 1483 5329 matrem
1537 5280 1732 5330 Eccle-

152 5342 277 5402 §Iam,
301 5349 538 5393 vocatam
576 5347 744 5398 fuisse
779 5353 1013 5400 matrem
1065 5356 1119 5400 et
1166 5350 1447 5400 dominam
1498 5351 1733 5402 Romani

156 5398 393 5480 Pontificis
433 5428 464 5463 a
499 5416 746 5468 Paschali
794 5421 863 5480 ΙΙ,
911 5398 967 5470 in
1006 5398 1733 5472 concilioCha-taanensi'Et

155 5472 457 5557 fle-leniente
486 5486 565 5557 _V,
604 5488 660 5537 in
700 5472 938 5541 concilio
981 5490 1300 5541 Viennensi.
1359 5492 1516 5542 Unde
1564 5498 1732 5551 recte,

155 5545 201 5626 Iit
222 5548 335 5599 mihi
360 5545 657 5620 videbatur,
696 5561 1023 5625 colligebam
1066 5563 1217 5611 illam
1261 5576 1373 5613 non
1423 5576 1583 5626 posse
1612 5545 1732 5613 esse

156 5624 370 5693 ῗΡοῐὶεεω
432 5630 545 5689 ejus
591 5632 750 5693 cujus
806 5624 979 5682 mater
1037 5638 1185 5683 esset
1234 5638 1287 5683 et
1340 5624 1578 5683 domina.
1662 5634 1732 5683 Et

155 5684 303 5768 limen
349 5684 546 5747 inventi
598 5684 729 5750 sunt
786 5708 992 5765 postea,
1055 5706 1148 5767 qui
1223 5705 1472 5755 dicerent
1528 5705 1730 5768 Papam

160 5763 343 5837 {illoque
366 5776 484 5837 esse
508 5782 772 5833 sponsum
787 5763 1088 5835 Ecclesia,
1110 5788 1220 5824 non
1246 5775 1425 5824 solum
1450 5763 1730 5837 Romana,

158 5829 279 5887 (ἰυοει
330 5836 405 5883 est
458 5829 608 5891 extra
660 5829 1115 5906 controversiam,
1173 5844 1271 5895 sed
1326 5846 1489 5897 etiam
1566 5829 1734 5897 totius

1836 3362 1905 3411 ad
1954 3363 2342 3412 Innocentium
2376 3361 2445 3423 X,
2483 3362 2559 3409 ait
2608 3360 2914 3410 Ecclesiam
2972 3363 3083 3410 toto
3126 3362 3257 3413 orbe
3296 3362 3460 3413 diffu-

1834 3446 1952 3483 sam
2004 3446 2124 3484 esse
2166 3432 2313 3482 illius
2350 3444 2630 3496 sponsam.
2674 3431 2827 3480 Vidit
2855 3431 3170 3482 Alexander
3206 3447 3238 3483 a
3282 3435 3458 3485 Turre

1834 3518 2093 3567 magnam
2134 3516 2255 3553 esse
2295 3505 2351 3552 in
2390 3516 2455 3553 ea
2496 3515 2554 3551 re
2583 3501 2992 3564 difficultatem,
3018 3516 3280 3568 magnum
3306 3508 3459 3569 peri-

1835 3575 2044 3633 culum,
2084 3576 2130 3624 si
2173 3574 2448 3624 diceretur
2502 3572 2813 3623 Ecclesiam
2847 3586 2958 3623 non
3007 3586 3125 3624 esse
3164 3578 3458 3639 univiram,

1834 3647 1966 3695 item
2028 3648 2075 3695 si
2131 3649 2423 3709 negaretur
2462 3645 2664 3707 Papam
2707 3657 2827 3693 esse
2872 3657 3136 3707 sponsum
3189 3647 3458 3698 Ecclesia

1834 3718 2179 3768 universalis.
2240 3718 2430 3780 itaque
2483 3730 2611 3766 cum
2664 3717 2720 3764 in
2786 3715 2928 3765 libro
2983 3728 3060 3777 IV,
3115 3730 3233 3780 cap.
3292 3719 3349 3768 14
3398 3721 3461 3769 de

1833 3789 2059 3852 fulgenti
2136 3788 2293 3837 radio
2381 3786 2734 3836 ecclesiastica
2829 3786 3148 3835 Hisrarchia
3227 3788 3460 3840 dixisset

1835 3860 2116 3911 Christum
2170 3872 2290 3908 esse
2336 3857 2562 3906 unicum
2632 3869 2697 3905 ac
2778 3856 3115 3918 singularem
3189 3858 3457 3910 Ecclesia

1834 3944 2121 3994 sponsum,
2169 3929 2316 3992 quod
2397 3940 2517 3977 esse
2588 3926 2797 3976 videtur
2867 3928 3235 3989 verissimum,
3292 3930 3459 3981 vellet

1835 4006 2017 4052 tamen
2079 4001 2283 4063 Papam
2336 4010 2578 4062 quoque,
2619 4009 2784 4059 quem
2846 4001 3003 4047 vocat
3049 4000 3457 4050 acumenicum

1833 4073 2100 4123 Ecclesia
2136 4071 2478 4133 episcopum,
2506 4079 2627 4117 esse
2669 4069 2835 4118 etiam
2882 4081 3149 4131 sponsum
3190 4070 3457 4122 Ecclesia

1832 4142 2180 4201 universalis,
2228 4141 2477 4202 confugit
2539 4138 2608 4187 ad
2665 4137 3035 4201 sophistarum
3104 4141 3343 4203 argutias
3403 4146 3458 4192 et

1833 4213 2185 4272 subtilitates,
2239 4214 2293 4261 et
2349 4224 2417 4260 ex
2462 4222 2629 4259 sensu
2682 4209 2901 4258 illorum
2950 4209 3089 4259 dixit
3141 4210 3279 4260 duos
3334 4225 3457 4263 esse

1834 4296 2065 4347 sponsos
2090 4282 2377 4341 Ecclesia,
2410 4294 2585 4329 unum
2630 4279 2992 4339 invisibilem,
3042 4280 3096 4329 id
3144 4285 3227 4331 est
3271 4281 3458 4333 Chris-

1833 4360 1969 4415 tum,
2015 4359 2069 4403 et
2109 4354 2279 4403 alium
2321 4352 2617 4411 visibilem,
2664 4350 2720 4399 id
2762 4356 2844 4401 est
2888 4352 3108 4415 Papam.
3155 4353 3277 4415 Quo
3324 4355 3465 4405 nihil

1832 4427 1963 4489 fingi
2005 4430 2188 4490 potest
2228 4426 2487 4487 ineptius.
2516 4422 2663 4485 Quid
2703 4424 2851 4473 enim
2896 4424 3028 4488 ﬁngi
3078 4430 3258 4489 potest
3299 4429 3454 4492 inep-

1833 4499 1944 4547 tius
1980 4511 2146 4560 quam
2196 4495 2379 4545 dicere
2414 4494 2701 4543 mulierem
2742 4494 2962 4544 duobus
3012 4498 3143 4545 viris
3184 4510 3303 4547 esse
3342 4513 3457 4549 ma-

1832 4568 2087 4618 trimonio
2138 4569 2409 4630 junctam,
2454 4566 2550 4614 uni
2594 4578 2740 4625 vero,
2797 4567 2951 4616 alteri
3001 4567 3338 4631 imaginario.
3388 4569 3457 4618 Et

1834 4645 2016 4691 tamen
2086 4638 2470 4697 Bellarminus,
2534 4636 2626 4685 lib.
2686 4650 2741 4695 n,
2799 4650 2920 4699 cap.
2973 4638 3053 4698 31,
3102 4640 3165 4687 de
3224 4640 3455 4689 Romano

1836 4711 2105 4773 Pontiﬁcs,
2159 4722 2329 4758 ausus
2378 4711 2461 4757 est
2507 4709 2585 4755 ita
2635 4708 2969 4767 existimare,
3001 4709 3259 4772 inquiens
3298 4711 3454 4760 illum

1834 4784 1907 4831 ita
1950 4782 2056 4831 dici
2106 4792 2371 4843 sponsum
2414 4777 2681 4827 Ecclesia
2732 4778 2853 4827 loco
2892 4777 3094 4828 Christi
3147 4786 3207 4829 ut
3250 4780 3455 4831 Christi

1834 4855 2101 4903 vicarium
2144 4855 2197 4899 et
2239 4850 2571 4898 ministrum.
2607 4848 2725 4897 Non
2768 4848 2911 4899 bene
2961 4851 3204 4913 profecto
3238 4865 3455 4902 meren-

1834 4926 1921 4971 tur
1947 4922 2015 4971 de
2052 4921 2302 4971 Romano
2340 4919 2612 4969 Pontiﬁce
2662 4921 2758 4983 qui
2807 4932 2979 4970 vanas
3023 4921 3146 4971 illas
3188 4926 3244 4972 et
3266 4924 3454 4973 futiles

1833 4994 2122 5055 opiniones
2169 4991 2687 5041 comminiscuntur.
2728 4989 3041 5041 Contentus
3094 4997 3176 5042 est
3208 4994 3299 5043 ille
3352 5007 3454 5043 sua

1832 5076 2090 5126 suprema
2119 5061 2403 5126 dignitate,
2437 5074 2545 5125 qua
2572 5062 2725 5111 nulla
2759 5063 3046 5124 excelsior,
3075 5063 3453 5127 excellentior,

1833 5134 2179 5192 eminentior,
2226 5136 2390 5194 atque
2433 5129 2723 5180 sublimior
2768 5135 2849 5182 est
2898 5134 2953 5181 in
3005 5133 3135 5184 orbe
3168 5139 3453 5197 terrarum,

1833 5206 1925 5255 cui
1959 5204 2114 5252 nulla
2143 5207 2385 5265 potestas
2409 5203 2619 5264 aquari
2650 5206 2849 5265 potest,
2888 5207 2951 5252 ut
2976 5204 3052 5253 ait
3080 5204 3209 5253 Pius
3235 5219 3373 5270 papa
3404 5207 3453 5255 II

1832 5277 1900 5326 ad
1933 5275 2194 5326 Carolum
2237 5272 2334 5322 Vll
2382 5287 2568 5336 regem
2612 5274 2949 5323 Francorum
3005 5274 3255 5325 scribens
3305 5277 3453 5340 apud

1832 5350 2095 5400 Bzovium
2125 5361 2212 5396 an.
2243 5347 2383 5405 1461,
2414 5346 2507 5409 g9.
2528 5344 2782 5395 Christus
2812 5349 2895 5395 est
2919 5359 3176 5409 sponsus,
3203 5348 3453 5400 Ecclesia

1832 5432 2053 5483 sponsa,
2128 5418 2378 5467 Pontifex
2430 5418 2710 5467 Romanus
2775 5418 2991 5467 amicus
3042 5420 3248 5482 sponsi.
3316 5420 3455 5470 Eam

1833 5490 2084 5541 Christus
2114 5501 2443 5537 ascensurus
2469 5488 2522 5536 in
2548 5488 2773 5548 calum,
2805 5491 2864 5536 ut
2890 5488 2963 5536 ait
2982 5492 3206 5538 sanctus
3236 5492 3457 5555 Augus-

1832 5562 2001 5622 tinus,
2025 5559 2437 5611 commendavit
2465 5559 2755 5622 discipulis
2788 5558 2922 5619 suis,
2942 5572 3053 5608 non
3083 5564 3144 5608 ut
3179 5566 3325 5611 amet
3356 5562 3455 5609 ali-

1832 5644 1999 5696 quem
2041 5632 2307 5694 ipsorum,
2347 5630 2444 5680 sed
2496 5632 2675 5693 ipsum
2720 5634 2985 5693 tanquam
3020 5642 3306 5693 sponsum,
3330 5631 3455 5681 illos

1830 5706 2095 5766 tanquam
2129 5703 2317 5765 sponsi
2354 5702 2575 5751 amicos.
2608 5701 2875 5751 Praciare
2917 5713 3047 5763 ergo
3077 5706 3301 5751 sanctus
3332 5702 3457 5751 Ber-

1830 5774 2034 5825 nardus
2062 5774 2118 5823 in
2144 5772 2376 5838 epistola
2400 5773 2578 5833 191,in
2604 5772 2848 5822 editione
2876 5770 3181 5821 Mabillonii
3206 5769 3457 5821 scribens

1830 5848 2058 5899 nomine
2071 5847 2459 5912 episcoporum
2472 5844 2541 5894 ad
2558 5843 2945 5895 Innocentium
2954 5853 3153 5907 papam
3175 5842 3251 5892 ait
3265 5854 3277 5890 :
3293 5858 3323 5886 «
3334 5840 3460 5893 Tibi
