3978 6194
477 269 576 319 519
1381 257 1437 310 s.
1480 253 1792 310 CYPRIANI
1833 250 2100 306 ornans
2147 249 2316 304 mas
2353 248 2412 302 II.
2455 277 2522 287 —
2561 245 2926 304 OPUSCULA.
3693 257 3785 309 520

475 391 802 460 incorrupta
829 391 914 442 est
940 389 999 440 et
1027 384 1250 456 pudica.
1277 385 1456 437 Unam
1481 382 1715 435 domum
1741 378 1915 445 novit,
1940 377 2103 431 unius
2125 388 2184 460 Α
2206 374 2576 430 sacramentis
2614 372 2930 428 caelestibus
2968 371 3344 426 cohaerentem
3363 414 3376 440 ,
3420 373 3589 428 scindi
3622 377 3674 430 in
3713 380 3792 432 Ec-

474 483 719 537 cubiculi
761 478 954 552 503
996 479 1348 532 sanctitatem
1391 479 1545 528 casto
1584 472 1801 543 pudore
1835 470 2097 524 custodit.
2203 469 2370 522 clesia
2420 484 2582 537 posse
2631 473 2688 520 et
2737 466 3089 520 voluntatum
3139 464 3521 520 collidentium
3577 469 3793 524 divortio

474 578 602 631 Haac
627 591 726 629 nos
756 575 865 629 Deo
894 575 1095 638 servat,
1124 572 1242 624 ham
1267 568 1411 622 ﬁlios
1439 583 1616 637 regno
1645 582 1783 636 quos
1813 563 2100 635 generavit
2204 560 2505 631 separari?
2538 561 2690 614 Hanc
2730 560 3012 613 unitatem
3037 558 3133 629 qui
3161 573 3274 611 non
3303 563 3478 624 tenet,
3512 560 3604 614 Dei
3627 562 3793 632 legem

475 669 742 738 assignat.
771 665 1032 736 Quisquis
1065 664 1134 717 ab
1164 662 1406 716 Ecclesia
1443 662 1799 729 segregatus,
1832 656 2102 709 adulterae
2203 671 2318 708 non
2353 657 2526 721 tenet,
2551 669 2666 706 non
2697 657 2852 706 tenet
2871 651 3052 705 Patris
3074 653 3130 703 et
3150 650 3271 706 Filii
3295 649 3483 718 ﬁdem,
3505 654 3666 707 vitam
3693 671 3792 710 non

469 761 753 832 jungitur,
785 777 816 813 a
846 756 1138 828 promissis
1177 755 1432 809 Ecclesiae
1467 757 1764 824 separatur
1796 766 1808 804 :
1839 765 1943 802 nec
1971 763 2100 818 per-
2202 752 2357 802 tenet
2383 752 2438 801 et
2460 747 2699 800 salutem
2726 746 2797 800 ‘2.

475 855 668 908 veniet
706 853 778 908 ad
813 850 1019 909 Christi
1057 849 1317 920 pra‘mia,
1346 847 1446 918 qui
1504 843 1770 915 relinquit
1801 841 2101 898 Ecclesiam
2274 841 2380 893 VII.
2434 841 2543 894 Hoc
2601 838 2831 892 unitatis
2880 839 3328 904 sacramentum,
3382 838 3488 893 hoc
3537 840 3795 896 vinculum

477 946 704 1003 Christi.
739 946 968 1001 Alienus
997 947 1102 1009 est,
1132 941 1402 1012 profanus
1430 945 1532 1004 est,
1554 937 1735 992 hostis
1766 941 1867 990 est.
1894 935 2103 989 [labere
2205 932 2518 987 concordia:
2572 931 3030 1002 inseparabiliter
3091 930 3424 985 cohaerentis
3490 933 3794 1001 ostenditur,

472 1040 752 1110 jamnon
796 1042 977 1108 potest
1009 1037 1184 1089 Deum
1221 1038 1462 1104 patrem,
1511 1031 1606 1101 qui
1654 1029 1952 1084 Ecclesiam
1989 1043 2106 1081 non
2205 1026 2431 1097 quando
2474 1026 2534 1078 in
2581 1024 2884 1094 Evangelio
2937 1023 3129 1078 tunica
3181 1024 3400 1078 Domini
3446 1027 3571 1079 Jesu
3620 1027 3798 1082 Christi

479 1133 659 1188 habet
713 1136 975 1185 matrem.
1019 1128 1076 1183 Si
1114 1127 1297 1197 potuit
1347 1124 1585 1180 evadere
1635 1123 1747 1193 (23)
1801 1121 2105 1192 quisquam
2204 1135 2322 1173 non
2365 1117 2632 1172 dividitur
2670 1117 2902 1172 omnino
2942 1132 3045 1171 nec
3082 1116 3382 1184 scinditur,
3409 1117 3505 1172 sed
3535 1119 3791 1175 sortienti-

482 1226 581 1297 qui
627 1228 790 1278 extra
832 1238 1023 1277 arcam
1069 1221 1184 1274 Noe
1225 1219 1352 1284 fuit,
1385 1221 1441 1272 et
1467 1217 1565 1288 qui
1604 1218 1766 1270 extra
1803 1215 2105 1269 Ecclesiam
2205 1212 2310 1265 bus
2335 1212 2402 1266 de
2433 1216 2586 1266 veste
2616 1209 2818 1268 Christi
2849 1210 2974 1281 quis
3001 1209 3287 1265 Christum
3317 1211 3365 1244 ‘3
3398 1210 3504 1280 (25)
3541 1211 3796 1280 indueret,

477 1319 616 1373 foris
675 1319 717 1351 “
773 1317 944 1370 fuerit
999 1312 1204 1368 evadit.
1258 1313 1446 1366 Monet
1495 1310 1766 1364 Dominus
1817 1312 1875 1362 et
1922 1307 2101 1361 dicit:
2205 1304 2428 1375 integra
2465 1304 2634 1358 vestis
2677 1303 2968 1373 accipitur,
3009 1308 3066 1358 et
3110 1303 3441 1374 incorrupta
3475 1306 3638 1374 atque
3675 1305 3799 1360 indi-

480 1413 584 1478 Qui
624 1427 729 1464 non
766 1414 842 1464 est
886 1423 1108 1467 mecum,
1170 1406 1426 1459 (idversus
1474 1419 1554 1456 me
1603 1409 1711 1467 est;
1761 1405 1810 1455 et
1858 1403 1955 1469 qui
2000 1414 2106 1453 non
2207 1398 2322 1451 visa
2354 1401 2460 1466 (26)
2499 1397 2688 1451 tunica
2725 1396 3061 1467 possidetur.
3091 1395 3576 1475 Loquitur505
3607 1414 3668 1452 ac
3689 1399 3804 1453 dicit

482 1519 684 1558 mecum
724 1503 949 1568 colligit,
987 1501 1198 1569 spargit
1241 1496 1479 1568 (Matth.,
1506 1512 1602 1563 x11,
1632 1495 1742 1563 30).
1776 1493 1881 1557 Qui
1909 1508 2106 1562 pacem
2207 1489 2497 1561 Scriptura
2532 1491 2720 1544 divina
2755 1507 2768 1543 :
2799 1493 2872 1544 De
2915 1492 3099 1544 tunica
3137 1494 3334 1552 autem,
3381 1492 3510 1559 quia
3553 1491 3612 1545 de
3661 1507 3798 1561 supe-

481 1596 687 1651 Christi
729 1601 784 1650 et
827 1593 1189 1648 concordiam
1235 1590 1470 1660 rumpit,
1513 1588 1778 1643 adversus
1819 1586 2106 1643 Christum
2205 1586 2346 1638 riora
2364 1591 2524 1652 parte
2553 1599 2659 1638 non
2683 1585 2986 1648 consmilis,
3019 1584 3114 1637 sed
3144 1599 3243 1652 per
3279 1588 3446 1638 totum
3485 1586 3675 1638 textilis
3700 1587 3803 1650 fue-

480 1690 632 1746 facit.
686 1689 795 1752 Qui
841 1687 975 1741 alibi
1021 1691 1229 1757 praeter
1284 1682 1587 1739 Ecclesiam
1640 1681 1874 1751 colligit,
1902 1679 2104 1736 Christi
2131 1751 2171 1757 _
2206 1683 2316 1739 rut,
2349 1678 2606 1730 dimerunt
2635 1677 2709 1731 ad
2737 1679 2963 1730 invicem
2992 1695 3006 1729 :
3035 1678 3159 1732 Non
3199 1676 3504 1731 sci-ndumus
3541 1678 3699 1741 illam,
3727 1679 3805 1731 sed

481 1751 790 1840 Ecclesiam
844 1751 1080 1852 spargit.
1131 1778 1272 1833 Dicit
1316 1776 1590 1831 Dominus
1623 1791 1634 1829 :
1669 1773 1858 1846 504
1903 1776 2016 1843 Ego
2057 1751 2182 1828 etB
2206 1773 2498 1825 sortiantur
2521 1771 2587 1825 de
2607 1786 2668 1824 ea
2697 1770 2848 1838 cujus
2873 1772 2944 1824 sit
2975 1771 3173 1837 (Joan.,
3212 1786 3331 1836 xxx,
3367 1773 3454 1837 23,
3493 1771 3597 1838 24).
3638 1771 3804 1825 Unita-

479 1881 643 1934 Pater
680 1892 850 1930 unum
874 1888 1060 1929 sumus
1089 1873 1287 1942 (Joan.,
1321 1887 1373 1933 x,
1401 1870 1513 1938 30).
1551 1871 1617 1924 Et
1653 1869 1861 1922 iterum
1899 1867 1969 1920 de
2011 1869 2106 1920 Pa-
2211 1869 2329 1917 tem
2371 1863 2465 1916 illa
2493 1866 2539 1898 ³⁸
2569 1863 2827 1934 portabat
2870 1863 2940 1916 de
2984 1862 3272 1932 superiore
3303 1868 3464 1933 parte
3493 1864 3805 1929 venientem,

481 1977 569 2025 tre
619 1974 675 2024 et
729 1969 864 2022 Filio
914 1970 970 2020 et
1015 1965 1228 2036 Spiritu
1284 1968 1476 2017 sancto
1528 1963 1800 2033 scriptum
1859 1965 1940 2016 est
1983 1979 1994 2014 :
2040 1962 2111 2014 Et
2209 1957 2266 2011 id
2308 1960 2389 2011 est
2430 1956 2497 2010 de
2537 1957 2674 2010 coelo
2712 1961 2767 2011 et
2792 1957 3016 2010 aPatre
3051 1956 3396 2025 venientem,
3434 1973 3559 2027 qua;
3593 1956 3656 2010 ab
3686 1957 3807 2010 acci-

485 2066 542 2119 hi
589 2071 692 2118 tres
736 2077 905 2116 unum
950 2064 1079 2114 sunt
1116 2058 1219 2130 (24)
1254 2060 1294 2128 (I
1323 2060 1503 2118 Joan.,
1534 2052 1587 2124 γ’,
1619 2058 1691 2126 7).
1724 2057 1790 2109 Et
1813 2055 2112 2126 quisquam
2214 2051 2406 2122 piente
2455 2043 2524 2103 ac
2565 2049 2888 2120 possidente
2927 2049 3109 2103 scindi
3146 2050 3381 2103 omnino
3426 2067 3541 2104 non
3583 2052 3806 2119 poterat,

484 2152 666 2208 credit
693 2152 840 2205 hanc
867 2149 1142 2204 unitatem
1171 2147 1240 2201 de
1262 2146 1454 2201 divina
1479 2145 1745 2199 firmitate
1769 2144 2113 2211 venientem,
2216 2145 2312 2199 sed
2339 2149 2516 2199 totam
2543 2145 2709 2198 simul
2739 2146 2796 2198 et
2821 2143 3065 2197 solidam
3099 2144 3146 2179 ‘5
3183 2143 3514 2198 ﬁrmitatem
3547 2143 3807 2212 insepara-

1843 2297 2052 2360 Variae
2118 2297 2453 2360 lectiones.

547 2439 594 2473 ⁴¹
618 2435 884 2490 Ecclesiaa
922 2438 1067 2488 fores
1102 2437 1223 2486 Thu.
1289 2438 1332 2469 ⁴¹
1360 2435 1661 2485 Veritatem
1705 2446 1816 2483 non
1856 2435 2005 2482 tenet
2049 2431 2119 2481 ad
2156 2433 2389 2482 salutem
2424 2433 2579 2480 Oxon.
2610 2432 2742 2479 Pam.
2771 2431 2863 2480 Ar.
2897 2429 3020 2478 Bod.
3052 2430 3100 2479 2.
3139 2431 3282 2483 Lam.
3323 2428 3473 2478 Ebor.
3507 2428 3611 2479 ΝΟ.
3649 2431 3688 2478 1.
3718 2429 3814 2478 Nec

485 2511 727 2560 salutem
767 2508 899 2555 Voss.
931 2506 978 2554 3.
1045 2507 1091 2537 ‘3
1118 2505 1307 2554 Potius
1333 2504 1606 2564 indueret,
1636 2504 1716 2550 Ita
1748 2505 1868 2550 vett.
1896 2501 2014 2550 edd.
2045 2505 2096 2550 et
2124 2502 2283 2551 multi
2309 2501 2452 2550 codd.
2484 2501 2662 2550 Baluz.
2706 2501 2888 2564 potius
2925 2503 3115 2549 omisit.
3142 2500 3203 2548 Id
3231 2515 3347 2550 vero
3392 2498 3716 2561 retinendum,
3751 2501 3814 2547 in-

487 2583 602 2645 quit
628 2581 759 2642 Lips.
792 2576 982 2634 editor,
1015 2578 1256 2645 quoniam
1282 2575 1355 2645 ita
1387 2576 1578 2645 optime
1599 2571 1946 2645 significatur,
1970 2571 2839 2645 inquopmnis‘hujusargumenti
2873 2572 2954 2645 uis
2984 2572 3159 2645 posita
3199 2574 3291 2619 est.
3361 2572 3404 2602 “
3433 2571 3695 2645 Unitatem
3734 2569 3813 2618 ille

484 2639 626 2700 iam.
656 2639 807 2696 Ebor.
839 2646 945 2695 N0.
976 2639 1114 2695 Pem.
1149 2643 1274 2693 Bod.
1312 2644 1358 2705 1,
1394 2646 1442 2701 s,
1468 2642 1513 2693 3.
1541 2644 1710 2693 Paris.
1753 2643 1883 2691 Voss.
1913 2643 1958 2693 3.
1998 2643 2117 2691 Tha.
2145 2643 2281 2692 Foss.
2319 2642 2454 2705 Spir.
2522 2643 2563 2673 ιε
2591 2641 2777 2692 Semel
2810 2640 2985 2692 solida
3019 2642 3339 2693 ﬁrmitatem
3371 2643 3538 2691 Paris.
3569 2639 3734 2691 Semel
3769 2643 3814 2689 et

489 2717 724 2769 solidam
753 2718 908 2766 Oxon.

1779 2803 2004 2885 Steph.
2055 2802 2298 2866 Baluzii
2341 2807 2536 2865 notae.

489 2944 783 2997 commissa
821 2946 905 2993 est
955 2954 1157 3004 sponsa
1202 2940 1427 3002 Christi,
1464 2941 1640 2990 amice
1692 2941 1896 3004 sponsi.
1932 2941 2115 2990 Tuum
2217 2952 2310 2990 eos
2340 2940 2436 3003 qui
2485 2940 2542 2988 in
2593 2937 2813 2990 Christo
2859 2937 3116 3001 baptizati
3165 2942 3298 2987 sunt
3337 2937 3615 2989 Christum
3644 2935 3815 2988 scribit

489 3021 574 3068 est
596 3016 789 3066 eadem
812 3015 908 3063 uni
939 3014 1056 3061 viro
1084 3012 1355 3075 virginem
1395 3015 1605 3061 castam
1636 3012 1899 3062 exhibere
1928 3012 2115 3063 Chrisv
2217 3012 2485 3073 induisse,
2545 3011 2600 3060 id
2659 3015 2741 3061 est
2786 3009 3046 3060 habuisse
3082 3009 3478 3061 indumentum
3535 3008 3740 3067 Christi,
3762 3011 3813 3057 ut

491 3090 568 3178 ιε.
605 3104 632 3132 ι)
659 3086 809 3136 Idem
842 3084 1156 3147 Eugenium
1192 3094 1389 3145 papam
1431 3082 1504 3178 II‘I
1537 3083 1753 3132 monuit
1776 3095 1888 3178 agn
1917 3081 2118 3178 debere
2141 3105 2196 3178 Ο
2220 3083 2608 3178 interpretatur
2675 3081 3066 3178 Eieronymus.
3134 3081 3259 3178 (ξυέ
3341 3083 3505 3178 etiam
3579 3078 3813 3178 loquegdi

491 3160 506 3178 ε
557 3171 645 3178 η...
730 3157 771 3178 -:
835 3155 1043 3178 -mhuu.
1104 3154 1285 3178 ησυη-ιωῖ
1346 3165 1465 3178 Λευ-η
1560 3166 1757 3178 ..Αηηηη
1862 3154 2115 3178 ηιιηι-ἕηννη.
2223 3168 2309 3178 ...ιλ
2355 3167 2382 3178 Α
2438 3155 2614 3178 ..κο-ιι..
2736 3153 2996 3178 cunde-.an
3074 3153 3125 3178 in
3196 3153 3208 3178 ί
3255 3165 3315 3178 ..Α
3412 3167 3435 3178 ρ
3485 3152 3652 3178 ιηκοὶη
3773 3150 3812 3178 in

490 3157 669 3219 illum,
729 3157 774 3206 si
835 3155 1046 3204 amicus
1103 3154 1290 3216 sponsi
1346 3157 1509 3214 esset,
1560 3166 1758 3202 vocare
1811 3150 2384 3204 Ecclesiamumodo
2438 3155 2614 3203 utitur
2687 3152 2999 3216 Cyprianus
3074 3153 3129 3200 in
3173 3151 3316 3202 libro
3372 3153 3435 3202 de
3477 3152 3666 3215 Lapsis.
3723 3150 3814 3198 Hic

491 3229 801 3292 principem
826 3238 1004 3284 suam,
1047 3225 1144 3273 sed
1188 3224 1511 3286 principem,
1556 3225 1698 3272 sicut
1750 3224 2121 3287 Hieronymus
2221 3239 2370 3275 error
2399 3225 2545 3288 apud
2580 3223 2920 3286 Cyprianum
2963 3222 3114 3271 haud
3161 3221 3331 3272 dubie
3361 3228 3513 3272 ortus
3547 3227 3625 3271 est
3659 3234 3720 3272 ex
3760 3231 3813 3269 eo

495 3291 881 3357 Eustochium,
932 3308 1058 3358 quas
1099 3295 1468 3357 virginitatem
1510 3306 1666 3342 suam
1703 3292 1922 3343 Christo
1969 3293 2121 3343 dica-
2222 3297 2369 3360 quod
2421 3297 2479 3345 in
2529 3297 2758 3358 antiquo
2821 3293 3064 3357 quodam
3106 3294 3431 3356 exemplari,
3471 3294 3558 3344 cui
3587 3306 3681 3357 ego
3717 3291 3812 3339 vidi

495 3373 668 3429 verat,
696 3367 818 3416 ideo
864 3368 938 3416 ait
993 3379 1054 3414 se
1097 3377 1297 3414 vocare
1358 3363 1658 3422 dominam,
1707 3365 1910 3426 quippe
1955 3377 2120 3426 spon-
2220 3369 2426 3429 simile,
2494 3367 2763 3429 scriptum
2824 3369 2937 3414 erat
2997 3364 3177 3425 XPM,
3235 3369 3288 3414 et
3357 3367 3404 3414 is
3458 3367 3552 3428 qui
3597 3378 3660 3414 ex
3735 3362 3814 3410 illo

499 3452 617 3489 sam
675 3437 886 3486 domini
941 3436 1044 3485 sui.
1101 3434 1356 3497 Virgines
1406 3435 1554 3484 enim
1614 3448 1738 3498 qua:
1789 3449 1848 3484 se
1903 3435 2121 3485 Christo
2221 3438 2412 3490 codice
2491 3437 2783 3499 descripsit
2863 3449 3026 3498 opera
3102 3437 3282 3484 sancti
3366 3435 3631 3498 martyris,
3705 3446 3813 3483 cum

499 3511 899 3560 consecrarunt
927 3506 1176 3556 Ecclesia
1213 3517 1412 3555 vocare
1461 3505 1602 3554 solet
1637 3517 1868 3568 sponsas
1895 3505 2119 3566 Christi,
2222 3510 2407 3572 legere
2455 3509 2692 3558 nesciret
2747 3506 2846 3554 has
2893 3511 3068 3564 notas,
3130 3506 3388 3568 imperite
3441 3505 3618 3568 posuit
3653 3504 3812 3565 ipsam,

492 3585 558 3630 ut
601 3581 763 3630 etiam
795 3577 923 3626 olim
970 3576 1247 3626 scribebat
1294 3579 1520 3625 sanctus
1559 3576 1883 3638 Fulgentius
1907 3577 2121 3638 episco-
2220 3581 2523 3643 respiciens
2569 3578 2635 3627 ad
2683 3578 2945 3626 tunicam.
2985 3576 3092 3624 Alii
3126 3575 3330 3625 deinde
3375 3576 3668 3638 posuerunt
3701 3584 3813 3628 eam,

498 3665 605 3715 pus
657 3648 962 3710 Ruspensis
1009 3646 1076 3696 ad
1127 3646 1360 3696 Probam
1407 3646 1475 3696 de
1517 3647 1842 3709 Virginitate
1870 3663 1879 3695 :
1905 3663 1934 3694 «
1969 3648 2122 3696 Unus
2221 3655 2480 3715 putantes
2506 3649 2654 3698 haud
2687 3647 2855 3696 dubie
2890 3648 3036 3696 hanc
3080 3660 3272 3696 vocem
3322 3647 3524 3696 melius
3554 3646 3676 3694 huic
3711 3644 3814 3691 loco

497 3721 747 3772 omnium
799 3731 1079 3767 sacrarum
1127 3718 1405 3777 virginum
1453 3730 1764 3780 sponsus.»
1794 3718 2121 3767 Rectissime
2222 3735 2527 3785 congruere
2576 3733 2741 3783 quam
2785 3719 2972 3781 ipsam.
3026 3718 3162 3766 Nam
3224 3722 3444 3766 certum
3505 3722 3582 3766 est
3631 3718 3815 3764 veteres

496 3789 856 3841 Innocentius
886 3801 1025 3850 papa
1056 3787 1130 3834 III
1160 3787 1216 3834 in
1247 3799 1499 3836 sermone
1532 3800 1589 3835 ιιι
1628 3788 1689 3836 de
1729 3789 2124 3838 Consecratione
2222 3793 2474 3842 librarios
2529 3793 2624 3855 qui
2669 3791 2845 3840 sancti
2909 3789 3160 3850 Martyris
3216 3801 3384 3850 opera
3442 3787 3815 3850 descripserunt

493 3860 776 3922 Pontiﬁcis,
803 3871 932 3907 cum
980 3857 1331 3928 disseruisset
1378 3857 1446 3908 de
1493 3859 1697 3908 unione
1740 3858 2121 3908 sacramentali
2221 3877 2318 3928 per
2373 3863 2652 3912 licentiam
2685 3873 2832 3924 saepe
2885 3873 3042 3909 suam
3085 3863 3332 3908 mutasse
3375 3860 3538 3910 verba
3585 3855 3814 3921 Cypriani

499 3932 704 3982 Christi
725 3935 780 3979 et
813 3929 1095 3988 Ecclesiae,
1125 3927 1407 3978 Christum
1452 3933 1640 3978 autem
1676 3933 1926 3979 vocasset
1955 3942 2120 3992 spon-
2222 3925 2277 3984 ei
2301 3935 2407 3982 alia
2439 3934 2639 3983 similia
2673 3932 3048 3994 supposuisse,
3087 3930 3558 3994 quemadmodum
3593 3925 3814 3992 pluribus

499 4017 644 4064 sum,
699 4015 757 4050 se
810 4012 939 4048 vero
993 3998 1222 4047 dixisset
1278 4001 1520 4048 amicum
1581 4002 1785 4062 sponsi,
1835 4000 2123 4062 subjunxit
2223 4005 2492 4067 exemplis
2540 4003 2884 4052 ostendimus
2933 4003 2986 4050 in
3037 4001 3124 4050 his
3169 4002 3335 4050 notis.
3390 4002 3533 4050 Hinc
3583 4004 3690 4050 orla
3754 3998 3816 4044 tot

499 4087 560 4124 se
611 4084 734 4122 esse
782 4081 1048 4133 sponsum
1107 4068 1370 4118 Romanas
1427 4069 1712 4120 Ecclesiae.
1768 4069 1926 4118 Addo
1957 4070 2121 4119 etiam
2223 4088 2534 4139 synonyma
2561 4087 2685 4136 qua:
2713 4073 2859 4136 apud
2899 4072 3238 4136 Cyprianum
3277 4079 3579 4122 occurrunt
3608 4072 3658 4119 in
3683 4073 3817 4117 vete-

498 4144 761 4207 Alypium
813 4146 868 4188 et
919 4141 1296 4203 Augustinum
1348 4141 1654 4190 scribentes
1710 4140 1778 4189 ad
1840 4139 2121 4188 Juilanam
2221 4147 2375 4196 ribus
2406 4144 2578 4193 libris,

498 4215 699 4264 diserte
753 4223 948 4260 vocare
991 4210 1273 4260 Christum
1321 4211 1576 4260 universae
1627 4211 1866 4259 Ecclesiae
1917 4210 2123 4258 unicum
2286 4215 2384 4277 (26)
2415 4215 2665 4264 Ind-ivisti.
2717 4215 2797 4264 Ita
2844 4213 3104 4263 undecim
3144 4213 3269 4262 libri
3315 4213 3486 4262 nostri
3540 4215 3590 4262 et
3635 4213 3815 4272 septem

498 4297 762 4350 Sponsum
2223 4286 2533 4349 Anglicani,
2583 4285 2782 4334 melius
2843 4285 3088 4347 profecto
3141 4296 3308 4346 quam
3361 4283 3474 4343 alii,
3535 4284 3586 4331 in
3642 4278 3816 4343 quibus

564 4355 668 4415 (23)
695 4353 750 4402 Si
777 4352 945 4416 potuit
971 4352 1203 4400 evadere.
1259 4352 1379 4400 Hoc
1427 4350 1549 4400 loco
1596 4364 1730 4400 usus
1759 4355 1840 4401 est
1883 4352 2122 4401 Alexan-
2223 4359 2491 4420 scriptum
2535 4359 2618 4405 est
2661 4355 2955 4404 individua.
3000 4353 3357 4403 Individuum
3400 4357 3484 4402 est
3541 4350 3677 4415 quod
3714 4358 3816 4420 pou

501 4427 599 4477 der
637 4426 709 4474 Ill
753 4423 1018 4473 adversus
1053 4425 1439 4485 imperatorem
1485 4422 1844 4482 Fridericum,
1876 4429 1934 4473 ut
1978 4428 2192 4492 patet“
2225 4417 2404 4492 potest
2429 4427 2617 4484 dividi,
2646 4426 2945 4474 indivisum
2983 4425 3128 4488 quod
3163 4437 3271 4474 non
3310 4427 3395 4474 est
3423 4424 3671 4472 divisum.
3702 4417 3818 4492 Cerf

502 4510 570 4546 ex
601 4499 718 4559 ejus
749 4496 886 4544 Actis
917 4493 1064 4557 apud
1099 4481 1394 4543 Earonium
1418 4507 1504 4542 an.
1544 4494 1682 4553 1164,
1715 4494 1748 4557 §
1776 4496 1852 4543 41.
1980 4481 1996 4486 ’

2249 4513 2342 4548 um
2391 4501 2473 4547 est
2531 4481 2714 4547 autem
2769 4499 2977 4546 vestem
2999 4481 3232 4546 -Christi
3283 4496 3530 4558 potuisse
3586 4489 3738 4541 dividi
3775 4490 3816 4534 et

565 4569 663 4631 (24)
690 4567 753 4615 Et
777 4567 830 4615 hi
859 4571 960 4615 ινθε
984 4579 1144 4614 unum
1181 4569 1317 4614 ετιηί·
1365 4564 1505 4613 Vide
1547 4565 1839 4613 Erasmum
1876 4566 1929 4613 in
1962 4568 2126 4621 caput
2228 4583 2340 4619 non
2369 4569 2540 4618 fuisse
2574 4568 2826 4616 divisam.
2879 4568 3088 4616 Tamen
3130 4569 3318 4629 postea
3368 4565 3668 4629 Cyprianus
3694 4571 3817 4610 eam-

502 4640 761 4704 quintum
806 4636 1069 4699 EpiStOlEB
1113 4637 1304 4700 prima
1338 4636 1586 4694 Joannis,
1626 4636 1795 4684 Notas
1823 4636 2123 4697 Anglorum
2228 4641 2352 4689 dem
2382 4641 2625 4688 tunicam
2674 4638 2911 4701 appellat
2942 4637 3305 4696 individuam,
3353 4637 3562 4685 ratione
3589 4632 3815 4681 nimirum

503 4712 571 4761 ad
607 4710 762 4759 hunc
785 4708 990 4768 locum,
1029 4712 1083 4756 et
1121 4706 1457 4756 Richardum
1502 4705 1782 4756 Simonem
1811 4707 1864 4754 in
1897 4707 2127 4755 Historia
2228 4711 2538 4774 argumenti
2590 4710 2737 4773 quod
2790 4708 3079 4766 tractabat,
3145 4711 3207 4755 ut
3249 4707 3562 4756 ostenderet
3618 4712 3816 4753 concor-

502 4782 689 4832 critica
745 4779 872 4829 Novi
924 4779 1234 4828 Tcstamcnti
1272 4782 1404 4827 tom.
1459 4778 1500 4837 Ι,
1551 4791 1669 4839 cap.
1726 4779 1803 4836 l8,
1850 4790 1971 4840 pag.
2015 4777 2123 4826 212.
2227 4780 2374 4828 diam
2426 4781 2613 4843 populi
2671 4779 2971 4830 Christiani
3030 4777 3372 4827 individuam
3427 4783 3481 4828 et
3530 4778 3816 4840 perpetuam

503 4851 643 4902 Vide
696 4850 862 4901 etiam
905 4849 1251 4897 ltincrarium
1313 4847 1375 4896 R.
1433 4847 1489 4895 P.
1547 4846 1828 4896 Edmundi
1885 4847 2127 4897 Martene
2227 4864 2348 4900 esse
2394 4849 2611 4900 debere.
2675 4851 2924 4909 Rufinus,
2979 4851 3035 4898 in
3080 4849 3219 4899 Psal.
3273 4862 3378 4898 xxx
3419 4847 3672 4908 :«Quod
3704 4853 3817 4890 vero

501 4927 653 4986 parte
685 4933 742 4982 ιι,
768 4934 890 4984 pag.
918 4920 998 4968 79-
2227 4922 2618 4971 inconsutilem
2655 4925 2706 4970 et
2749 4921 3033 4970 meliorem
3073 4934 3184 4969 non
3233 4921 3554 4980 diviserunt,
3583 4913 3816 4966 Ecclesiae

565 4994 662 5053 (25)
694 4993 814 5052 Quis
860 4989 1142 5039 Christum.
1192 4987 1320 5038 Scio
1365 4988 1672 5037 Manutium
1718 4992 1772 5037 et
1822 4988 1959 5037 alios
2005 4990 2128 5051 post
2227 4990 2580 5040 concordiam
2607 4990 3000 5053 ﬁguraverunt.
3032 5008 3056 5034 υ
3101 4990 3476 5039 Tertullianus
3515 4992 3568 5038 in
3606 4991 3817 5036 extremo

502 5078 650 5123 eum,
703 5074 816 5112 uno
869 5059 1116 5110 Morellio
1169 5062 1423 5122 excepto,
1474 5061 1725 5122 posuisse
1785 5062 1953 5122 ipsam
2030 5071 2127 5121 pro
2226 5063 2367 5112 libro
2392 5063 2454 5111 de
2478 5063 2735 5116 Patientia
2771 5077 2786 5108 .-
2818 5078 2846 5104 «
2870 5060 3014 5111 Cum
3044 5073 3174 5124 ergo
3213 5060 3451 5123 Spiritus
3489 5060 3586 5110 Dei
3616 5059 3817 5107 descen-

502 5135 779 5195 Christum,
825 5133 903 5181 uti
947 5132 1113 5180 etiam
1161 5142 1260 5190 ego
1295 5129 1406 5177 vidi
1433 5131 1700 5192 scriptum
1729 5130 1783 5178 in
1814 5143 1926 5179 uno
1957 5131 2128 5179 veteri
2229 5135 2326 5196 dit,
2362 5133 2647 5183 individua
2697 5133 2961 5196 patientia
3014 5133 3311 5182 comitatur
3352 5146 3496 5182 eum.
3529 5150 3555 5174 »
3584 5127 3817 5196 Dubitare

499 5205 659 5265 libro,
709 5193 773 5253 et
816 5215 931 5251 eam
983 5202 1038 5249 in
1087 5199 1210 5249 aliis
1271 5199 1488 5248 duobus
1535 5200 1826 5249 veteribus.
1879 5202 1951 5249 At
2006 5213 2125 5264 ego,
2229 5193 2415 5255 autem
2460 5205 2590 5254 licet
2644 5193 2716 5252 an
2764 5217 2892 5252 vera
2953 5204 3024 5252 sit
3083 5203 3322 5252 narratio
3371 5202 3613 5265 Ruperti,
3667 5193 3819 5265 sancti

501 5277 597 5339 qui
632 5263 792 5324 video
818 5272 986 5322 libros
1015 5275 1234 5320 nostros
1252 5274 1463 5320 veteres
1489 5283 1615 5320 xxv
1646 5274 1699 5320 et
1740 5274 1978 5334 quatuor
2008 5273 2128 5320 An-
2228 5277 2517 5334 Antonini,
2550 5279 2603 5324 ei
2633 5276 2865 5324 aliorum
2912 5273 3278 5337 quorumdam
3308 5263 3657 5323 scribentium
3697 5263 3820 5315 tuni-

501 5338 770 5411 glicanos,
799 5344 1047 5406 itemque
1095 5353 1290 5390 omnes
1333 5345 1546 5391 veteres
1595 5341 1868 5391 editiones
1923 5341 2128 5391 habere
2230 5360 2352 5398 cam
2405 5347 2795 5395 inconsutilem
2852 5346 3052 5395 factam
3107 5345 3279 5394 fuisse
3328 5359 3358 5393 a
3413 5344 3567 5394 beata
3624 5338 3818 5411 Virgine

505 5405 1089 5476 Christum,arbitratus
1115 5424 1238 5460 sum
1265 5424 1386 5460 eam
1423 5412 1735 5470 lectionem,
1763 5425 1889 5475 quas
1919 5411 2130 5461 bonum
2229 5418 2418 5477 Maria,
2449 5417 2566 5476 (Cui
2597 5421 2764 5465 tamen
2790 5416 3074 5465 traditioni
3100 5415 3430 5480 sit/fragatur
3453 5413 3593 5464 haud
3619 5405 3820 5480 ignobile

501 5499 728 5538 sensum
749 5475 1086 5535 Constituere
1116 5484 1448 5546 potest,esse
1471 5483 1834 5544 retinendam,
1857 5487 1917 5531 ut
1933 5495 2131 5532 sensus
2231 5489 2293 5538 D.
2325 5475 2629 5537 Gerb’eronii
2655 5501 2715 5535 ea
2745 5488 2808 5536 de
2830 5501 2888 5535 re
2916 5475 3222 5548 opusculum
3247 5475 3328 5535 cui
3361 5485 3543 5536 titulus
3567 5498 3582 5530 :
3609 5482 3734 5530 Hist.
3760 5475 3817 5522 de

503 5559 575 5608 sit
655 5557 897 5608 voluisse
969 5553 1310 5618 Cyprianum
1406 5553 1590 5604 dicere
1667 5555 1885 5604 sortitos
1960 5555 2132 5603 fuisse
2229 5557 2282 5607 1a
2308 5557 2440 5606 robe
2484 5571 2611 5606 sans
2642 5563 2875 5608 couture
2918 5557 2986 5607 de
3025 5556 3352 5609 N.-S.-J.-C.
3385 5558 3479 5620 qui
3508 5560 3588 5605 est
3626 5548 3817 5620 reverens

502 5628 706 5679 milites
754 5629 880 5692 quis
927 5613 1215 5678 Christum
1248 5624 1518 5685 indueret,
1568 5624 1621 5673 id
1667 5628 1751 5674 est
1779 5629 1991 5674 vestem
2021 5637 2132 5687 qua
2231 5626 2370 5675 dans
2407 5625 2561 5689 l’Egl.
2601 5627 2678 5676 du
2709 5627 2853 5677 Mon.
2897 5626 2994 5676 des
3037 5627 3238 5677 Bened.
3284 5613 3818 5691 d’Argenteuil,1673,

503 5700 758 5753 Christus
798 5701 978 5751 fuerat
1014 5697 1262 5759 indutus,
1314 5696 1611 5760 improprie
1664 5709 1797 5746 sane
1857 5709 1982 5755 usu,
2034 5693 2131 5744 sed
2229 5697 2566 5748 tn12.Eon.

501 5778 688 5826 tamen
738 5785 886 5824 vero.
942 5770 1152 5823 Eadem
1205 5768 1317 5820 fere
1372 5767 1536 5818 modo
1582 5767 1786 5818 Paulus
1846 5765 2128 5833 apostolus
