3978 6194
196 253 273 303 521
1299 246 1495 302 LIBER
1538 247 1622 300 DE
1663 244 1944 300 UNITATE
1984 243 2343 299 ECCLESIzE.

3400 246 3503 299 522

195 371 353 425 biliter
375 368 673 423 obtinebat.
705 369 1001 425 Possidere
1031 386 1147 424 non
1167 374 1354 440 potest
1377 369 1776 423 indumentum
1801 380 1860 453 Α
1881 368 2128 434 dentem,
2175 368 2337 421 sedes
2362 366 2467 420 sibi
2519 366 2657 420 alias
2689 370 2746 421 et
2772 367 2988 420 diversa
3035 366 3321 421 domicilia
3365 384 3498 421 con-

194 463 370 519 Christi
416 464 509 534 qui
568 462 775 517 scindit
846 468 902 518 et
949 463 1148 518 dividit
1196 464 1509 518 Ecclesiam
1552 462 1774 520 Christi.

191 558 366 613 Contra
396 555 638 627 denique
670 572 820 623 cum,
870 556 1173 612 Salomone
1201 557 1499 625 moriente,
1534 572 1779 627 regnum

190 650 292 720 ejus
329 656 381 703 et
408 650 647 721 pOpulus
674 650 1053 717 scinderetur,
1080 651 1286 705 Achias
1318 631 1593 722 pro-pheta
1620 651 1776 704 Jero-

187 744 336 798 boam
380 743 504 814 regi
532 743 747 811 {obvius
791 744 969 799 factus
1016 744 1075 798 in
1120 761 1342 815 campo,
1390 744 1448 798 in
1484 742 1782 799 duodecim

188 836 428 891 scissuras
452 836 856 892 vestimentum
881 854 1047 892 suum
1089 837 1315 892 discidit
1358 837 1552 892 dicens
1580 854 1592 891 ε
1622 838 1784 894 Sume

189 931 276 984 tibi
294 930 461 985 decem
501 933 781 994 scissuras,
832 933 966 1001 quia
999 932 1110 986 hac
1149 932 1282 986 dicit
1327 933 1579 986 Dominus
1608 950 1622 985 :
1657 932 1784 985 Ecce

187 1023 350 1079 scindo
375 1039 603 1093 regnum
629 1025 694 1079 de
727 1040 893 1079 manu
930 1025 1253 1092 Salomonis,
1299 1031 1348 1079 et
1386 1024 1524 1079 dabo
1567 1026 1666 1079 tibi
1688 1025 1781 1079 de-

183 1133 271 1172 cem
317 1124 544 1187 sceptra,
592 1123 642 1173 et
678 1118 788 1172 duo
817 1125 1027 1188 sceptra
1064 1124 1217 1173 erunt
1244 1122 1292 1173 ei
1327 1124 1551 1189 propter
1577 1134 1787 1174 servum

185 1226 338 1264 meum
428 1211 608 1265 David
687 1218 736 1264 et
820 1202 1046 1281 propter
1131 1213 1426 1268 Jerusalem
1516 1214 1785 1266 civitatem

184 1319 325 1373 quam
350 1305 485 1373 elegi
512 1311 572 1359 ut
602 1320 804 1375 ponam
844 1321 1031 1360 nomen
1062 1322 1235 1360 meum
1264 1307 1377 1359 illic
1409 1307 1499 1375 (lli
1529 1310 1681 1375 Reg.,
1711 1323 1783 1374 χι,

190 1400 263 1462 31,
288 1400 371 1464 32,
415 1398 527 1467 36).
560 1400 702 1455 Cum
732 1398 1033 1454 duodecim
1066 1398 1246 1453 tribus
1280 1400 1440 1454 Israel
1470 1398 1787 1454 scinderen-

186 1497 281 1556 tur,
310 1491 705 1547 vestimentum
752 1508 922 1546 suum
966 1492 1241 1563 prOpheta
1284 1492 1489 1548 Achias
1541 1493 1783 1547 discidit.

182 1588 238 1638 At
279 1599 427 1651 vero,
476 1585 611 1654 quia
659 1584 868 1639 Christi
911 1587 1155 1656 populus
1203 1601 1318 1639 non
1362 1590 1546 1656 potest
1588 1585 1784 1652 scindi,

1881 461 2133 528 dentem,
2163 477 2293 514 cum
2341 460 2553 513 dictum
2597 463 2669 513 sit
2711 460 2779 513 ad
2834 460 3045 527 Bahal),
3095 462 3151 514 in
3198 478 3312 531 qua
3355 477 3513 531 prte-_

1881 554 2234 608 formobatur
2265 553 2504 608 Ecclesia
2535 571 2545 606 :
2580 556 2793 607 Putrem
2824 561 2975 608 tuum
3002 561 3051 607 et
3077 562 3305 609 matrem
3356 559 3504 610 tuam

1881 654 1929 702 et
1955 652 2157 715 fratres
2184 654 2301 702 tuos
2326 654 2375 703 et
2406 653 2573 702 totam
2598 649 2812 701 domum
2833 651 3015 716 putris
3041 648 3153 719 (29)
3189 651 3269 703 lui
3293 650 3507 717 colliges

1882 743 1957 797 ad
2005 749 2053 796 tc
2097 745 2272 811 ipsum
2295 744 2355 795 in
2399 742 2614 796 domum
2659 746 2831 807 tuam,
2878 747 2929 796 et
2972 746 3143 797 omnis
3187 746 3283 812 qui
3314 746 3507 799 emierit

1883 838 2076 890 ostium
2110 835 2297 889 domus
2343 839 2451 889 tua:
2474 838 2646 901 foras,
2676 850 2795 890 rcus
2833 835 2937 889 sibi
2970 837 3071 889 erit
3103 838 3295 904 (Josue,
3329 853 3387 903 ιι,
3418 840 3503 903 18,

1887 928 1995 998 19).
2027 930 2165 983 ltem
2188 933 2605 983 sacramentum
2638 928 2861 982 Paschae
2888 927 3031 982 nihil
3062 928 3213 982 aliud
3242 930 3300 982 in
3328 929 3503 985 Exodi

1885 1023 2010 1093 lege
2063 1022 2395 1077 continebat
2421 1023 2466 1056 ‘9
2515 1038 2691 1093 quam
2744 1026 2804 1076 ut
2847 1038 3050 1093 agnus,
3082 1023 3178 1092 qui
3228 1022 3287 1076 in
3328 1022 3514 1094 ﬁgura

1885 1116 2094 1171 Christi
2141 1115 2437 1182 occiditur,
2467 1117 2525 1170 in
2568 1117 2739 1171 domo
2792 1133 2903 1171 una
2955 1115 3183 1170 edatur.
3234 1115 3507 1187 Loquitur

1885 1211 2031 1264 Deus
2062 1210 2253 1264 dicens
2284 1229 2294 1262 :
2330 1213 2395 1263 In
2438 1210 2590 1264 domo
2636 1227 2747 1265 una
2795 1210 3110 1272 comedetur,
3153 1226 3257 1263 non
3288 1210 3512 1279 ejicictis

1885 1305 1951 1358 de
1973 1305 2125 1358 domo
2148 1321 2231 1358 cm
2246 1320 2364 1358 nem
2380 1305 2534 1371 foras
2561 1305 2781 1374 (Exod,
2805 1320 2895 1371 xu,
2927 1304 3036 1373 46).
3065 1304 3133 1358 Ca
3144 1321 3202 1358 ro
3218 1304 3426 1359 Christi
3455 1309 3513 1359 et

1886 1402 2144 1452 sanctum
2177 1397 2396 1452 Domini
2424 1398 2531 1468 (30)
2562 1397 2690 1468 ejici
2720 1399 2870 1452 foras
2894 1415 3005 1452 nou
3036 1402 3240 1468 potest,
3273 1413 3373 1452 nec
3402 1398 3511 1451 alia

1888 1491 2002 1545 ulla
2027 1492 2074 1525 ⁵ο
2122 1491 2482 1546 credentibus
2512 1496 2723 1562 praeter
2765 1508 2937 1546 unam
2983 1490 3283 1545 Ecclesium
3311 1492 3513 1546 domus

1888 1590 1992 1639 est.
2040 1585 2189 1638 Hanc
2236 1584 2494 1650 domum,
2545 1585 2648 1638 hoc
2695 1584 3150 1639 unanimitatis“
3204 1584 3510 1655 hospitium

182 1676 357 1730 tunica
393 1677 517 1746 ejus
543 1693 650 1748 per
674 1681 861 1732 totum
891 1678 1096 1732 textilis
1124 1682 1182 1732 et
1207 1678 1501 1734 cohaerens
1551 1678 1728 1733 divisa
1755 1696 1788 1733 a
1889 1677 2154 1749 designat
2196 1682 2253 1731 et
2298 1677 2600 1731 denuntiat
2645 1678 2885 1748 Spiritus
2926 1686 3151 1732 sanctus
3196 1678 3253 1731 in
3282 1678 3513 1732 Psalmis

182 1769 578 1839 possidentibus
623 1786 738 1825 non
785 1777 889 1825 est.
942 1770 1260 1838 lndividua,
1311 1772 1599 1842 ecpulataj,
1653 1789 1784 1825 con-
1814 1749 1865 1819 Β
1890 1771 2082 1826 dicens
2116 1788 2128 1825 :
2160 1774 2297 1825 Deus
2323 1774 2418 1841 qui
2442 1772 2751 1826 inhabitare
2774 1774 2912 1839 facit
2950 1775 3232 1826 unanimes
3262 1774 3321 1825 in
3359 1772 3513 1826 domo

182 1878 312 1917 nexa
334 1863 380 1896 ὀδ
407 1863 661 1918 ostendit
708 1864 901 1935 populi
932 1864 1133 1934 nostri,
1162 1864 1260 1936 qui
1290 1865 1575 1920 Christum
1604 1865 1787 1920 indui-
1892 1866 2067 1935 (Psal.
2112 1881 2276 1932 vau,
2324 1864 2401 1937 7).
2454 1866 2517 1918 Iu
2567 1864 2737 1919 domo
2770 1865 2888 1931 Dei,
2915 1865 2974 1918 in
3011 1865 3258 1921 Ecclesia
3284 1864 3512 1933 Christi,

186 1972 312 2023 mus,
358 1957 720 2012 concordiam
767 1958 1171 2021 cohaerentem.
1216 1958 1582 2015 Sacramento
1624 1960 1790 2014 vestis
1892 1957 2190 2013 unanimes
2221 1958 2497 2025 habitant,
2522 1958 2833 2013 concordes
2860 1964 2916 2013 et
2941 1958 3225 2029 simplices
3251 1974 3514 2030 perseve-

182 2053 226 2103 et
249 2050 404 2121 signo
427 2052 473 2086 ‘7
508 2051 807 2109 declaravit
838 2052 1100 2109 Ecclesiae
1130 2052 1431 2108 unitatem.

242 2145 371 2199 Vill.
420 2144 562 2209 Quis
611 2161 752 2219 ergo
797 2146 875 2200 sic
920 2151 1004 2201 est
1061 2146 1365 2202 sceleratus
1414 2150 1471 2201 et
1520 2148 1788 2218 perﬁdus,

184 2237 291 2309 quis
330 2238 407 2293 sic
462 2238 763 2294 discordiae
805 2239 1002 2295 furore
1041 2257 1305 2309 vesanus,
1352 2246 1413 2295 ut
1453 2247 1551 2296 aut
1599 2241 1793 2295 credat

181 2332 338 2388 scindi
383 2349 553 2404 posse
599 2336 698 2387 aut
752 2334 960 2389 audeat
1014 2334 1273 2389 scindere
1332 2333 1612 2389 unitatem
1670 2335 1787 2397 Dei,

182 2432 370 2481 vestem
411 2426 667 2495 Domini,
714 2427 1022 2482 Ecclesiam
1063 2428 1321 2485 Christi?
1349 2429 1531 2483 Monet
1584 2429 1702 2499 ipse
1735 2429 1792 2483 in

183 2520 467 2591 Evangelia
520 2537 619 2575 suo
669 2527 726 2575 et
753 2520 918 2575 docet
959 2522 1152 2576 dicens
1187 2538 1200 2575 :
1231 2525 1299 2577 Et
1347 2525 1449 2577 erit
1493 2538 1634 2576 unus
1681 2524 1787 2591 ('27)

181 2630 292 2681 great
326 2621 373 2668 et
418 2630 564 2669 unus
603 2620 791 2685 pastor
829 2617 1029 2683 (Joan.,
1074 2633 1128 2682 x,
1181 2618 1287 2684 16).
1343 2618 1408 2669 Et
1458 2633 1577 2671 esse
1632 2633 1790 2687 posse

180 2723 278 2761 uno
326 2708 380 2762 in
427 2709 558 2763 loco
604 2707 808 2780 aliquis
856 2708 1140 2763 existimat
1167 2712 1267 2763 aut
1304 2711 1511 2764 multos
1540 2713 1792 2781 pastores

184 2808 263 2853 aut
308 2802 499 2872 plures
549 2803 802 2873 greges?
842 2804 1139 2873 Apostolus
1196 2803 1332 2859 item
1376 2804 1599 2871 Paulus,
1649 2805 1792 2858 hanc

184 2894 421 2950 eamdem
454 2895 625 2950 nobis
653 2896 947 2950 insinuans
979 2897 1277 2967 unitatem,
1303 2898 1560 2953 obsecrat
1586 2902 1640 2952 et
1666 2899 1793 2952 lior-

184 2994 315 3043 tatur
340 2990 539 3045 dicens
573 3008 585 3045 :
616 2991 861 3055 Obsecro,
901 2992 1105 3064 inquit,
1152 3008 1260 3055 vos,
1307 2995 1527 3059 fratres,
1568 3010 1664 3062 per
1693 3009 1788 3047 no-

1892 2054 2041 2105 rant.

1962 2146 2048 2200 IX.
2082 2145 2293 2201 Idcirco
2323 2151 2380 2201 et
2420 2146 2479 2200 in
2508 2146 2770 2200 columba
2799 2145 2952 2201 venit
2974 2145 3217 2217 Spiritus
3239 2149 3466 2200 sanctus
3495 2160 3511 2198 :

1891 2238 2128 2311 simplex
2159 2239 2372 2294 animal
2414 2239 2528 2311 (3t)
2569 2243 2627 2293 et
2667 2240 2886 2308 laetum,
2933 2256 3046 2295 non
3073 2239 3207 2294 felle
3233 2254 3514 2308 amarum,

1892 2349 2006 2387 non
2033 2333 2318 2387 morsibus
2357 2350 2589 2400 saevum,
2624 2349 2736 2388 non
2778 2333 3057 2404 unguium
3091 2333 3439 2389 laceratione
3468 2333 3515 2366 ⁵⁵

1892 2427 2218 2492 violentum,
2294 2427 2542 2497 hospitia
2615 2427 2869 2481 humana
2892 2427 2938 2459 ⁵³
3013 2426 3274 2498 diligere,
3350 2428 3518 2481 unius

1894 2521 2096 2575 domus
2148 2522 2492 2575 consortium
2551 2537 2751 2587 nosse;
2812 2537 2941 2575 cum
2999 2526 3295 2592 generant,
3350 2520 3520 2575 simul

1894 2615 2036 2668 filios
2085 2615 2273 2681 edere,
2319 2630 2449 2667 cum
2498 2621 2874 2679 commeant,
2917 2614 3196 2669 volatibus
3266 2614 3511 2670 invicem

1894 2709 2206 2775 cohaerere,
2281 2709 2575 2763 communi
2637 2708 3067 2762 conversatione
3119 2710 3293 2763 vitam
3338 2724 3516 2783 suam
3567 2752 3570 2755 τ

1893 2803 2126 2874 degere,
2170 2804 2283 2856 oris
2358 2804 2547 2856 osculo
2599 2804 2957 2857 concordiam
3002 2803 3154 2873 pacis
3211 2818 3520 2874 agnoscere

1892 2898 2075 2968 legem
2122 2897 2267 2950 circa
2316 2897 2508 2951 omnia
2556 2896 2950 2951 unanimitatis
2996 2896 3251 2968 implere.
3283 2897 3409 2951 Haec
3436 2899 3522 2951 cst

1890 2991 1948 3044 in
2005 2992 2250 3045 Ecclesia
2319 2991 2601 3045 noscenda
2667 2990 3021 3060 simplicitas,
3086 2991 3207 3045 hiec
3271 2990 3517 3046 Charitas

182 3099 278 3136 men
324 3086 545 3139 Domini
584 3088 756 3140 nostri
790 3088 916 3141 Jesu
958 3086 1180 3149 Christi,
1212 3092 1274 3140 ut
1302 3087 1362 3140 id
1393 3090 1571 3156 ipsum
1595 3087 1790 3142 dicatis
1809 3117 1864 3190 Ο
1891 3084 2216 3153 obtinenda,
2248 3088 2308 3137 ut
2338 3084 2633 3138 columbas
2674 3084 2902 3137 dilectio
2932 3083 3298 3139 fraternitatis
3326 3083 3519 3139 imite-

184 3191 359 3240 omnes,
409 3183 460 3233 et
514 3194 621 3233 non
663 3181 774 3233 sint
818 3182 873 3234 in
915 3180 1063 3235 vobis
1090 3181 1375 3236 schismata
1427 3180 1554 3249 (:28).
1599 3179 1788 3253 506
1817 3177 1864 3190 “'
1892 3182 2003 3243 tur,
2036 3180 2098 3230 ut
2124 3179 2500 3238 mansuetudo
2531 3181 2588 3231 et
2616 3178 2821 3231 lenitas
2839 3177 3004 3248 agnis
3032 3180 3090 3230 et
3118 3177 3314 3233 ovibus
3336 3193 3522 3249 aeque-

179 3270 289 3325 Sitis
340 3277 527 3327 autem
568 3275 851 3342 compositi
890 3276 946 3327 in
987 3275 1165 3329 eodem
1214 3289 1371 3328 sensu
1426 3281 1473 3327 et
1525 3277 1577 3327 in
1607 3276 1791 3329 eadem
1890 3274 2003 3324 tur.
2037 3271 2178 3333 Quid
2208 3271 2340 3324 facit
2394 3271 2448 3325 in
2482 3274 2711 3341 pectore
2743 3271 3061 3328 Christiano
3092 3273 3361 3342 luporum
3391 3269 3520 3325 feri-

178 3363 417 3414 sententia
444 3361 490 3431 (l
512 3359 655 3424 Cor.,
692 3378 728 3423 1,
768 3364 870 3431 t0).
901 3363 969 3415 Et
1005 3363 1216 3416 iterum
1244 3361 1379 3416 dicit
1409 3380 1421 3416 :
1458 3364 1790 3418 Sustinentes
1890 3368 1972 3417 tas
2000 3369 2055 3418 et
2083 3381 2288 3418 canum
2322 3365 2504 3419 rabies
2531 3370 2585 3419 et
2612 3380 2898 3420 venenum
2923 3365 3137 3419 lethale
3183 3367 3520 3435 serpentum

179 3453 377 3508 invicem
412 3457 469 3509 in
522 3454 821 3521 dilectione,
871 3458 1003 3511 satis
1046 3461 1261 3525 agentes
1286 3458 1499 3511 serva-rc
1528 3460 1790 3511 unitatem
1890 3461 1948 3511 et
1996 3465 2234 3512 cruenta
2280 3458 2494 3512 saevitia
2557 3458 2916 3513 bestiarum?
2970 3458 3379 3514 Gratulandum
3428 3463 3514 3513 est

180 3549 382 3613 spiritus
426 3552 492 3602 in
537 3549 908 3619 conjunctione
942 3551 1097 3620 pacis
1119 3551 1164 3583 ‘8
1202 3548 1446 3620 (Ephes.,
1496 3567 1569 3618 1v,
1612 3555 1662 3612 2,
1708 3552 1785 3619 3).
1889 3552 2180 3606 cumtales
2208 3551 2278 3606 de
2302 3552 2543 3607 Ecclesia
2569 3558 2925 3623 separantur,
2953 3569 3026 3607 ne
3055 3553 3349 3607 columbas
3384 3553 3520 3623 (32),

178 3636 319 3694 Stare
364 3644 422 3696 tu
477 3645 541 3696 et
580 3642 772 3697 vivere
827 3645 991 3714 putas
1037 3659 1196 3713 posse
1242 3643 1312 3698 de
1357 3645 1601 3699 Ecclesia
1630 3661 1784 3700 rece-
1891 3643 2087 3716 507
2133 3662 2204 3699 ne
2231 3661 2362 3699 oves
2387 3645 2593 3702 Christi
2622 3662 2772 3700 saeva
2805 3662 2904 3701 sua
2931 3648 2988 3700 et
3026 3652 3309 3702 venenata
3334 3648 3520 3701 conta-

1546 3844 1755 3909 Varia:
1808 3845 2147 3909 lectiones.

233 4003 270 4036 ⁴⁶
297 4006 589 4058 Individua
618 4009 837 4072 cepula,
865 4022 1124 4060 connexa
1162 4010 1289 4059 Voss.
1322 4012 1369 4061 3.
1399 4011 1588 4060 Iunoni.
1687 4012 1729 4044 ‘7
1754 4013 1962 4063 Vestris
2001 4011 2303 4063 declaravit
2330 4011 2466 4060 Foss.
2506 4012 2643 4074 Spir.
2743 4013 2785 4044 ﬁ
2812 4012 3052 4062 Vinculo
3091 4013 3242 4076 pacis
3300 4014 3432 4063 Voss.
3469 4015 3517 4064 3.

179 4074 657 4127 “ContinetPem.
717 4079 849 4128 Voss.
885 4080 931 4128 2.
974 4079 1303 4131 Continetur
1354 4080 1485 4132 l'oss.
1522 4082 1567 4130 3.
1673 4085 1711 4114 3"
1759 4082 1871 4132 Nec
1915 4081 2022 4131 alia
2070 4094 2179 4129 una
2223 4083 2362 4130 Lam.
2406 4080 2556 4129 Ebor.
2601 4082 2708 4131 ΝΟ.
2758 4085 2801 4132 1.
2903 4084 2941 4114 ⁵¹
2993 4074 3233 4133 Unitatis
3288 4083 3420 4133 Voss.
3469 4087 3514 4134 1.

178 4145 215 4175 ⁵¹
242 4146 354 4195 Non
380 4147 660 4197 morsibus
684 4148 895 4209 lmtum,
923 4162 1033 4199 non
1063 4151 1391 4214 ungulatum
1428 4152 1547 4199 Tim.
1576 4153 1710 4201 Foss.
1741 4154 1877 4215 Spir.
1980 4155 2017 4185 ³³
2050 4152 2299 4215 Hospitia
2322 4154 2615 4204 consuevit
2639 4155 2775 4203 Lam.
2808 4154 2960 4202 Ebor.
2987 4153 3090 4203 ΝΟ.
3118 4155 3160 4202 1.

1466 4351 1690 4434 Steph.
1739 4351 1983 4416 Baluzii
2028 4357 2228 4415 notae.

234 4509 320 4571 (‘27)
350 4511 418 4602 Et
442 4512 549 4561 erit
585 4524 735 4562 unus.
779 4513 985 4564 Omnes
1017 4514 1131 4564 fere
1182 4514 1311 4565 libri
1340 4519 1553 4566 veteres
1587 4514 2051 4602 habentDovem
2108 4528 2398 4602 secernere
2552 4527 2733 4580 grege,
2776 4518 2837 4564 ut
2892 4515 3155 4602 acpipiter
3200 4515 3521 4602 columbam

180 4583 404 4630 uerunt.
1811 4583 1867 4602 υ
1894 4586 1963 4636 ab
2021 4587 2240 4650 agmine
2292 4586 2601 4636 volantium
2652 4598 2905 4649 separare
2960 4588 3282 4635 tentaverat.
3311 4603 3340 4631 »
3384 4584 3523 4636 Cru-

234 4651 323 4710 (28)
381 4652 699 4703 Schismata.
751 4655 885 4705 Tres
941 4655 1066 4706 libri
1143 4661 1375 4719 veteres,
1424 4657 1788 4709 dissensiones.

182 4717 264 4838 sic
286 4722 454 4773 etiam
490 4724 546 4772 in
593 4725 762 4775 veteri
808 4724 949 4776 libro
994 4725 1195 4790 legisse
1241 4740 1299 4778 se
1352 4717 1539 4779 monet
1588 4729 1794 4779 Morel-

216 4803 293 4841 us.

238 4827 329 4924 ἃ)
359 4864 543 4914 Totam
572 4864 783 4915 domum
810 4868 997 4930 patris.
1029 4868 1220 4920 Codex
1247 4870 1537 4922 Beccensis
1567 4887 1577 4921 :
1621 4872 1794 4921 Totam

182 4929 430 4993 familiam
458 4941 601 4985 tuam
630 4929 859 5001 colliges.

184 5005 598 5121 diglgnsxgnctum
634 5008 862 5059 Domini.
918 5011 981 5060 Id
1026 5015 1111 5063 est
1158 5011 1526 5073 Eucharistia,
1576 5019 1637 5063 ut
1681 5016 1795 5078 jam

216 5088 342 5126 111m
346 5091 415 5127 118
422 5114 434 5126 .

238 5147 333 5207 (31)
384 5149 617 5213 Simplex
666 5150 881 5201 animal.
944 5153 1337 5217 Tertullianus,
1410 5156 1463 5205 in
1544 5156 1685 5208 libro
1737 5157 1799 5207 de

184 5218 365 5269 Anima
399 5235 410 5267 :
452 5238 479 5264 «
514 5220 750 5285 Spiritus
778 5222 954 5287 ﬁgura
989 5224 1265 5275 columbas
1313 5225 1570 5291 delapsus
1619 5229 1671 5277 in
1704 5227 1799 5277 ho-

186 5290 401 5353 minem,
444 5297 505 5341 ut
538 5296 736 5343 natura
785 5293 1027 5358 Spiritus
1075 5298 1252 5347 sancti
1302 5298 1673 5350 declararetur
1704 5314 1800 5363 per

188 5362 375 5413 animal
435 5363 802 5431 simplicitatis
865 5371 921 5417 et
992 5368 1347 5431 innocentiae,
1411 5373 1559 5436 quod
1637 5374 1800 5422 etiam

189 5437 531 5497 corporaliter
585 5440 708 5501 ipso
758 5436 889 5488 felle
942 5443 1127 5489 careat
1167 5441 1499 5491 columba.»
1543 5443 1799 5503 Rufinus,

190 5503 238 5550 in
282 5505 420 5555 Psal.
480 5521 635 5558 van
667 5523 677 5555 :
713 5525 739 5551 «
792 5507 998 5559 Sancta
1053 5511 1303 5562 Ecclesia
1356 5516 1551 5564 merito
1600 5514 1803 5565 dicitur

191 5575 458 5651 columba,
503 5580 631 5644 quia
670 5579 743 5630 fel
776 5581 1160 5632 amaritudinis
1208 5597 1320 5634 non
1371 5584 1559 5649 habet,
1587 5591 1643 5638 et
1672 5587 1804 5651 quia

192 5648 379 5700 virtute
409 5652 775 5715 simplicitatis
805 5653 991 5717 pollet.
1022 5669 1054 5705 »

249 5717 452 5793 (32)_l\le
478 5722 775 5793 columbas,
818 5737 883 5774 ne
919 5737 1053 5776 oves.
1092 5725 1292 5792 Supra,
1327 5729 1486 5793 epist.
1532 5731 1613 5793 5‘7,
1666 5729 1806 5781 dixit

196 5786 259 5839 de
309 5789 528 5843 diabolo
568 5808 579 5841 :
631 5810 660 5838 «
708 5792 890 5844 Unum
942 5795 1120 5859 primo
1170 5786 1483 5864 aggressus,
1530 5786 1611 5852 ut.
1641 5800 1811 5866 lupus

501 5881 771 5955 Parnm.
814 5882 915 5948 IV.

1894 4656 2091 4708 deliter
2132 4658 2394 4707 inimicus
2440 4657 2612 4707 fuisse
2652 4656 2874 4706 videtur
2920 4656 3192 4719 episcoms
3238 4656 3327 4706 sui
3382 4659 3522 4706 tem-

1893 4730 2043 4794 poris
2086 4729 2331 4779 Joannes
2379 4727 2763 4778 Rusbrocbius
2810 4729 2865 4777 in
2915 4739 3036 4790 cap.
3086 4726 3178 4776 135
3229 4726 3523 4777 Commen-

1895 4801 2018 4852 tarii
2071 4802 2156 4851 sui
2208 4802 2261 4850 in
2320 4799 2719 4850 tabernaculum
2767 4798 2997 4862 fmderis,
3048 4811 3377 4862 comparans
3429 4810 3525 4856 eos

1894 4872 2162 4936 accipitri,
2191 4873 2345 4922 aiens
2374 4870 2497 4921 illos
2526 4870 2793 4934 populum
2837 4870 3063 4919 Domini
3110 4882 3219 4917 non
3256 4872 3315 4918 ut
3342 4872 3524 4933 pasto-

1897 4957 2001 5005 res,
2048 4943 2144 4995 sed
2194 4942 2546 4993 saecularium
2588 4955 2743 4991 more
2790 4952 2978 5003 regere
3011 4953 3077 4990 ac
3132 4938 3421 4991 moderari.
3454 4939 3525 4990 Et

1896 5013 2047 5064 addit
2078 5029 2088 5060 :
2118 5032 2146 5060 ‹‹
2175 5013 2245 5063 Ει
2286 5017 2349 5062 ut
2397 5011 2660 5075 accipiter
2706 5011 2888 5075 pullos
2940 5023 3090 5071 suos,
3139 5010 3272 5061 dum
3320 5011 3524 5075 valent,

1897 5084 1966 5134 ad
2016 5084 2350 5148 captandam
2399 5083 2645 5147 praedam
2721 5082 2906 5132 volare
2978 5082 3279 5145 compellit,
3335 5087 3389 5134 et
3444 5087 3528 5134 est

1898 5157 2047 5206 ferus
2099 5169 2163 5206 ac
2216 5155 2476 5212 crudelis,
2504 5156 2577 5204 ita
2628 5154 2869 5217 perversi
2917 5153 3129 5217 praelati
3164 5154 3347 5216 pullos
3375 5168 3526 5212 suos,

1898 5229 1954 5278 id
1981 5232 2064 5278 est
2093 5242 2189 5278 eos
2242 5229 2338 5291 qui
2384 5228 2629 5294 ipsorum
2675 5227 2987 5290 funguntur
3036 5228 3527 5291 munere,pra3das

1898 5301 2241 5363 ubicumque
2321 5300 2534 5362 possint
2595 5310 2756 5362 agere
2844 5298 3201 5360 compellunt.
3301 5296 3533 5364 Semper

1901 5374 2048 5423 enim
2084 5372 2179 5421 ubi
2230 5384 2413 5421 rerum
2471 5369 2859 5433 temporalium
2909 5369 3066 5419 lucra
3121 5373 3360 5433 sperant,
3410 5385 3531 5421 ver-

1903 5447 2028 5506 suti,
2084 5447 2263 5510 rigidi,
2324 5461 2387 5496 ac
2443 5445 2698 5496 crudeles
2744 5447 2890 5505 sunt,
2947 5458 3074 5494 cum
3133 5448 3318 5495 tamen
3377 5446 3530 5496 Deus

1902 5518 2252 5580 omnipotens
2296 5518 2540 5581 praelatis
2595 5516 2863 5567 Ecclesia:
2924 5515 3074 5564 haud
3154 5529 3317 5565 secus
3381 5519 3530 5567 omni

1903 5589 2247 5638 interdixerit
2296 5589 2655 5639 inclementia
2701 5600 2767 5637 ac
2815 5586 3159 5641 crudelitate.
3222 5601 3389 5651 quam
3438 5590 3532 5638 Ju-

1905 5660 2042 5710 deeis
2081 5660 2230 5709 omni
2270 5660 2598 5722 accipitrum
2641 5670 2857 5721 genere.
2886 5676 2914 5703 »
2966 5657 3106 5707 Vide
3155 5659 3321 5708 etiam
3374 5659 3534 5709 Nico-

1905 5730 2056 5781 laum
2108 5730 2176 5780 de
2210 5730 2376 5792 Cusa,
2423 5730 2518 5780 lib.
2582 5742 2639 5779 ιιι
2695 5729 2757 5779 de
2807 5728 3204 5778 Concordantia
3254 5727 3532 5787 catholica,

1906 5815 2027 5866 cap.
2052 5802 2132 5853 29.

3144 5894 3218 5953 17
