3978 6194
474 266 573 318 523

1464 266 1775 322 CYPRIANI
1817 268 2089 324 OPERUM
2135 268 2307 324 PARS
2348 269 2418 323 Il.
2458 300 2525 310 —
2564 272 2928 328 ()PUSCULA.

3697 283 3786 337 524

472 387 640 457 gione
677 386 1025 459 praedantur.
1061 388 1361 443 Cobmrere
1389 393 1444 442 et
1476 389 1745 460 conjungi
1767 406 1877 445 non
1908 395 2093 461 potest
2118 402 2173 475 Α
2198 392 2293 446 bus
2332 395 2389 445 in
2429 395 2802 448 voluntatibus
2846 398 2979 451 suis.
3017 394 3200 450 Omnis
3239 400 3333 466 qui
3360 400 3592 455 ambulat
3632 406 3685 457 in
3720 420 3801 458 er-'

472 478 933 535 amaritudOCum
970 480 1266 535 dulcedine
1295 483 1424 551 (33),
1465 482 1646 552 caligo
1674 499 1805 536 cum
1848 483 2087 550 lumine,

468 572 655 643 pluvia
713 589 843 628 cum
900 573 1243 643 serenitate,
1303 591 1497 645 pugna
1549 592 1677 629 cum
1736 593 1900 646 pace,
1961 593 2091 631 cum

468 666 835 722 foecunditate
881 667 1158 733 sterilitas,
1205 684 1335 721 cum
1383 668 1639 723 fontibus
1675 669 1913 737 siccitas,
1963 686 2091 724 cum

465 762 875 832 tranquillitate
916 766 1238 832 tempestas.
1285 761 1462 816 Nemo
1504 762 1788 817 existimet
1812 762 1991 817 bonos
2022 762 2092 817 de

469 854 711 909 Ecclesia
755 870 914 925 posse
954 854 1243 909 discedere
1277 872 1290 908 :
1322 855 1571 909 triticum
1607 872 1720 910 non
1764 856 1914 926 rapit
1952 872 2087 910 ven-

464 950 576 1014 tus,
620 964 725 1019 nec
769 948 1030 1002 arborem
1078 948 1259 1002 solida
1289 948 1482 1003 radice
1512 949 1807 1004 fundatam
1840 950 2091 1021 procella

465 1040 771 1107 subvertit;
823 1040 1021 1095 inanes
1051 1042 1224 1112 paleae
1268 1047 1604 1113 tempestate
1645 1042 1951 1114 jactautur,
2000 1043 2083 1096 in-

467 1134 665 1189 valida:
727 1133 954 1188 arbores
1034 1134 1274 1190 turbinis
1337 1136 1661 1190 incursione
1734 1139 2083 1191 evertuntur.

466 1228 573 1282 Hos
620 1232 942 1282 exsecratur
981 1232 1038 1282 et
1082 1229 1327 1298 percutit
1369 1231 1616 1284 Joannes
1662 1229 1951 1300 apostolus
1997 1229 2084 1284 di-

469 1338 602 1377 cens
637 1338 649 1375 :
683 1324 768 1376 Ea:
808 1322 960 1376 nobis
990 1325 1258 1385 exierunt,
1288 1324 1383 1377 sed
1410 1339 1516 1378 non
1542 1326 1772 1388 fuerunt
1799 1340 1865 1379 em
1888 1325 2038 1379 nobis
2069 1343 2082 1378 :

461 1419 510 1472 si
534 1418 673 1471 enim
699 1417 931 1482 fuissent
960 1431 1026 1470 ear:
1052 1418 1221 1483 nobis,
1248 1420 1573 1473 mansissent
1602 1421 1789 1488 utique
1819 1419 2088 1474 nobiscum

463 1511 502 1580 (Ι
523 1513 703 1576 Joan.,
733 1526 790 1571 ιι,
825 1508 929 1580 19).

532 1605 592 1658 Χ.
648 1604 785 1659 Hinc
829 1604 1071 1659 haereses
1140 1608 1197 1659 et
1250 1605 1411 1660 factio
1464 1610 1597 1660 sunt
1649 1606 1981 1677 frequenter
2031 1609 2087 1659 et

462 1698 625 1765 ﬁunt,
674 1697 813 1752 dum
860 1714 1123 1767 perversa
1151 1714 1313 1752 mens
1354 1714 1468 1753 non
1501 1698 1673 1754 habet
1701 1714 1920 1769 pacem,
1949 1698 2083 1753 dum

2191 502 2312 539 rore
2348 487 2523 541 cordis
2563 491 2666 550 sui,
2714 504 2819 543 non
2861 492 3077 543 venient
3121 506 3282 560 super
3325 507 3438 545 ειιηι
3492 496 3647 549 mala.
3685 500 3787 554 Non

2194 574 2397 629 locutus
2437 592 2555 641 sum,
2601 577 2675 631 ad
2703 592 2806 639 eos,
2852 582 2902 632 et
2948 580 3056 648 ipsi
3095 581 3560 649 prophetauermt.
3604 584 3661 640 Si
3694 590 3785 641 ste-

2194 665 2375 717 tissent
2400 666 2459 717 in
2498 666 2804 720 substantia
2849 683 2985 730 mea,
3041 672 3091 722 et
3134 669 3411 723 audissent
3460 672 3614 726 verba
3662 690 3784 744 mea_

2192 760 2242 810 et
2265 758 2313 809 si
2358 756 2658 813 docuissent
2698 762 2962 830 populum
3011 776 3207 823 meum,
3247 765 3603 819 convertissem
3646 782 3721 822 cos
3757 785 3789 823 a

2192 850 2352 903 malis
2392 853 2804 917 cogitationibus
2843 868 3023 908 eorum
3061 854 3255 922 (Hier.,
3290 871 3442 922 χχιιι,
3481 860 3669 927 16,17,
3709 863 3785 927 21,

2191 944 2300 1011 22).
2329 945 2439 998 Hos
2468 945 2700 999 eosdem
2720 946 2909 1001 denuo
2949 947 3217 1002 Dominus
3244 948 3506 1019 designat
3529 956 3582 1005 et
3621 951 3783 1008 deno-

2191 1041 2275 1092 tat
2319 1037 2511 1092 diccns
2552 1056 2565 1092 :
2605 1040 2688 1094 Me
2731 1040 3133 1111 dereliquerunt
3194 1043 3399 1107 fontem
3458 1060 3610 1114 aqua
3648 1048 3782 1109 vivae,

2192 1136 2241 1186 et
2284 1132 2589 1200 effoderunt
2635 1134 2741 1187 sibi
2802 1134 2952 1189 lacus
3007 1137 3235 1199 tetricos,
3286 1138 3385 1205 qui
3432 1152 3534 1191 non
3585 1146 3787 1208 possunt

2192 1241 2393 1295 aquam
2417 1231 2641 1296 portare
2669 1227 2853 1295 (Ibid.,
2879 1243 2934 1294 ιι,
2968 1229 3075 1294 13).
3104 1229 3336 1292 Quando
3356 1229 3502 1283 aliud
3529 1230 3786 1302 baptisma

2191 1323 2400 1389 praeter
2424 1336 2603 1374 unum
2653 1336 2770 1375 esse
2818 1336 2930 1375 non
2979 1321 3171 1391 possit,
3220 1321 3499 1393 baptizare
3541 1339 3595 1377 se
3641 1341 3782 1395 posse

2192 1412 2518 1484 opinantur.
2566 1412 2702 1469 Vita:
2746 1413 2901 1468 fonte
2947 1413 3189 1483 deserto,
3241 1414 3424 1470 vitalis
3470 1422 3523 1471 et
3548 1417 3778 1472 salutaris

2191 1522 2354 1577 aqua:
2401 1507 2641 1576 gratiam
2696 1508 3058 1578 pollicentur.
3106 1509 3226 1563 Non
3268 1508 3573 1565 abluuntur
3609 1510 3713 1565 illic
3737 1511 3778 1545 ⁵⁸

2192 1599 2474 1662 homines,
2527 1600 2625 1655 sed
2672 1601 2857 1670 potius
2901 1601 3300 1668 sordidantur;
3358 1619 3461 1657 nec
3491 1605 3780 1674 purgantur

2190 1691 2412 1760 delicta,
2446 1693 2541 1748 sed
2588 1693 2768 1748 immo
2816 1694 3202 1749 cumulantur.
3251 1696 3370 1750 Non
3405 1696 3514 1750 Deo
3541 1696 3778 1751 nativitas

459 1791 696 1862 perﬁdia
742 1790 1072 1846 discordans
1125 1807 1241 1845 non
1294 1796 1454 1846 tenet
1499 1767 1875 1846 unitatem“.
1942 1767 2299 1855 FieriBilla,
2353 1787 2447 1840 sed
2491 1787 2716 1841 diabolo
2772 1788 2920 1843 filiOS
2970 1794 3225 1859 generat.
3273 1790 3384 1844 Per
3444 1790 3780 1845 mendacium

460 1901 591 1939 vero
637 1885 760 1939 hinc
804 1884 1074 1939 Dominus
1117 1885 1398 1956 permittit
1444 1890 1499 1939 et
1542 1886 1775 1956 patitur,
1821 1890 2085 1941 manente

464 1979 713 2050 proprias
752 1977 1026 2033 libertatis
1076 1977 1333 2045 arbitrio,
1378 1984 1458 2045 ut,
1504 1978 1641 2033 dum
1686 1978 1854 2033 corda
1895 1980 2084 2033 nostra

460 2076 516 2127 et
562 2078 781 2127 mentes
831 2077 1049 2126 nostras
1108 2072 1361 2126 veritatis
1417 2071 1719 2126 discrimen
1773 2071 2082 2138 examinat,

458 2165 825 2237 probatorum
873 2165 1014 2219 ﬁdes
1046 2164 1269 2236 integra
1316 2165 1614 2220 manifesta
1641 2166 1765 2219 luce
1795 2165 2079 2220 clarescat.

456 2260 565 2314 Per
600 2258 927 2329 Apostolum
978 2264 1297 2329 praemonet
1346 2257 1587 2329 Spiritus
1629 2261 1855 2312 sanctus
1898 2261 1956 2311 et
1995 2258 2080 2311 di-

459 2353 532 2406 cit
589 2369 601 2406 :
666 2353 884 2422 Oportet
940 2353 1159 2407 hareses
1217 2367 1346 2415 esse,
1411 2356 1474 2405 ut
1525 2352 1747 2421 probati
1804 2352 2085 2419 manifesti

450 2449 560 2501 sint
593 2448 652 2500 in
691 2445 836 2500 vobis
859 2446 895 2516 (l
943 2445 1085 2508 Cor.,
1130 2461 1202 2513 ιιι,
1252 2445 1354 2517 19).
1386 2446 1473 2501 Sic
1523 2444 1840 2516 probantur
1864 2444 2079 2515 ﬁdeles,

456 2540 533 2593 sic
565 2537 765 2609 perﬁdi
798 2540 1166 2610 deteguntur.
1197 2539 1287 2594 Sic
1319 2542 1377 2593 et
1425 2544 1556 2593 ante
1581 2537 1777 2609 judicii
1807 2538 1961 2592 diem
1988 2539 2082 2594 hic

439 2649 680 2704 .quoque
700 2633 825 2704 jam
848 2632 1135 2703 justorum
1179 2635 1349 2704 atque
1384 2631 1728 2702 injustorum
1758 2632 1964 2687 animai
1994 2632 2077 2687 di-

454 2725 747 2793 viduntur,
795 2730 851 2780 et
901 2742 929 2779 a
978 2726 1264 2781 frumento
1284 2726 1331 2761 ⁵⁵
1378 2726 1557 2796 paleae
1608 2729 1961 2796 separantur.
2017 2725 2079 2780 Hi

452 2826 584 2895 sunt
612 2818 709 2891 qui
740 2836 797 2874 se
840 2820 992 2874 ultro
1030 2819 1183 2890 apud
1221 2818 1551 2874 temerarios
1582 2835 1864 2874 convenas
1886 2820 1931 2854 ⁸⁷
1961 2818 2079 2875 sine

452 2914 645 2968 divma
660 2913 770 2981 (34)
788 2913 1154 2984 dispositione
1170 2912 1511 2984 praeﬁciunt,
1531 2911 1649 2984 qui,
1671 2928 1728 2967 se
1748 2912 2081 2983 praepositos

453 3009 574 3062 sine
605 3007 713 3061 ulla
739 3006 1112 3061 ordinationis
1143 3007 1270 3077 lege
1299 3007 1671 3075 constituunt,
1696 3006 1812 3077 qui,
1847 3007 2077 3060 nomine

449 3103 836 3173 episcopatum
865 3101 1057 3170 dante,
1082 3100 1329 3171 episcopi
1353 3099 1460 3153 sibi
1491 3116 1703 3154 nomen
1740 3104 2075 3169 assumunt;

450 3212 594 3266 quos
624 3195 884 3266 designat
930 3194 987 3248 in
1018 3193 1254 3248 Psalmis
1283 3193 1527 3263 Spiritus
1566 3196 1793 3247 sanctus
1819 3194 2076 3248 sedentes

2187 1881 2301 1933 nati
2346 1880 2604 1935 Veritatis
2644 1881 2923 1952 promissa
2962 1898 3078 1937 non
3128 1883 3366 1955 capiunt
3404 1900 3416 1937 :
3460 1883 3528 1937 de
3565 1881 3779 1954 perﬁdia

2184 1973 2471 2045 procreati
2502 1974 2638 2029 ﬁdei
2657 1974 2897 2045 gratiam
2924 1976 3191 2047 perdunt.
3220 1977 3306 2031 Ad
3334 1977 3486 2048 pacis
3505 1977 3778 2050 praemium

2184 2068 2377 2122 venire
2409 2084 2523 2123 non
2564 2072 2824 2140 possunt,
2859 2069 2958 2140 qui
3000 2086 3199 2141 pacem
3244 2071 3472 2126 Domini
3510 2069 3776 2126 discordia:

2182 2162 2377 2217 furore
2404 2169 2704 2234 ruperunt.

2254 2257 2359 2311 Xll.
2394 2256 2505 2310 Nec
2532 2272 2588 2310 se
2607 2256 2836 2327 quidam
2856 2272 2997 2311 vana
3018 2257 3492 2329 interpretatione
3519 2257 3777 2329 decipiant

2183 2348 2334 2420 quod
2361 2348 2565 2403 dixerit
2605 2349 2920 2404 Dominus:
2963 2351 3291 2420 Ubicumque
3323 2353 3529 2419 fuerint
3567 2353 3668 2406 duo
3693 2331 3778 2406 aut

2183 2447 2289 2496 tres
2330 2442 2540 2496 collecti
2559 2444 2617 2497 in
2648 2445 2865 2498 nomine
2898 2459 3031 2511 meo,
3056 2459 3150 2514 ego
3188 2460 3309 2499 cum
3334 2447 3539 2501 eissum
3565 2444 3776 2515 (Matth,

2181 2549 2335 2602 XVIII,
2388 2538 2474 2604 19,
2523 2534 2635 2605 20).
2686 2538 3065 2608 Corruptores
3111 2538 3408 2609 Evangelii
3466 2540 3571 2609 (36)
3625 2540 3778 2608 atque

2181 2628 2520 2700 interpretes
2544 2629 2666 2684 falsi
2703 2634 2958 2686 extrema
2993 2634 3217 2702 ponunt
3244 2636 3303 2686 et
3331 2631 3619 2703 superiora
3646 2646 3776 2702 prai-

2180 2726 2428 2791 tereunt,
2450 2722 2626 2794 partis
2652 2739 2955 2785 memores,
2987 2730 3043 2780 et
3068 2728 3295 2796 partem
3320 2726 3368 2761 δ’
3397 2724 3626 2780 subdole
3651 2739 3778 2779 com-

2179 2817 2492 2888 primentes
2514 2835 2531 2886 ;
2581 2823 2641 2871 ut
2669 2817 2777 2888 ipsi
2817 2818 2887 2873 ab
2929 2819 3176 2874 Ecclesia
3221 2819 3379 2874 scissi
3424 2824 3570 2885 sunt,
3601 2819 3675 2874 ita
3698 2833 3776 2873 ca-

2181 2911 2344 2981 pituli
2387 2910 2556 2965 unius
2602 2912 2945 2967 sententiam
2980 2912 3295 2967 scindunt~2
3334 2914 3593 2968 Dominus
3621 2911 3775 2978 enim,

2181 3020 2311 3058 cum
2352 3004 2642 3075 discipulis
2681 3005 2797 3060 suis
2842 3006 3278 3062 unanimitatem
3312 3007 3572 3062 suaderet
3607 3011 3657 3061 et
3688 3021 3772 3076 pa-

2179 3114 2304 3152 cem
2349 3115 2361 3151 :
2406 3101 2551 3166 Dico,
2600 3099 2804 3170 inquit,
2852 3100 2999 3154 vobis
3052 3103 3336 3170 quoniam,
3382 3104 3431 3157 si
3484 3102 3679 3156 duobus
3719 3115 3775 3153 ea

2176 3193 2325 3246 vobis
2376 3195 2678 3247 convenerit
2721 3195 2781 3247 in
2820 3199 2988 3261 terra,
3041 3195 3106 3249 de
3149 3197 3299 3249 omni
3363 3210 3421 3250 re
3470 3209 3775 3265 quacumque

449 3290 503 3344 in
552 3288 884 3359 pestilentiae.
928 3286 1199 3342 cathedra
1227 3287 1394 3355 (Psal.
1440 3304 1475 3349 ι,
1528 3288 1601 3353 1),
1633 3291 1822 3356 pestes
1875 3291 1931 3341 et
1955 3287 2076 3341 lues
2169 3288 2457 3356 petieritis.
2494 3289 2763 3357 continget
2796 3288 2943 3341 vobis
2978 3304 3013 3342 a
3057 3291 3219 3343 Patre
3262 3304 3377 3344 meo
3420 3292 3516 3359 qui
3556 3291 3608 3342 in
3649 3288 3774 3342 catis

450 3381 603 3448 ﬁdei,
650 3381 929 3453 serpentis
974 3396 1071 3435 ore
1113 3379 1399 3445 fallentes,
1432 3382 1488 3432 et
1516 3380 1950 3450 corrumpendae
1979 3396 2072 3433 ve-

450 3475 635 3531 ritatis
675 3475 941 3543 artiﬁces,
986 3489 1209 3527 venena
1257 3472 1491 3547 lethalia
1540 3471 1748 3543 linguis
1794 3473 2077 3543 pestiferis

452 3574 810 3635 cvomentes;
842 3583 1083 3639 quorum
1108 3583 1297 3621 sermo
1317 3568 1380 3621 ut
1401 3582 1604 3620 cancer
1621 3566 1797 3637 serpit
1819 3567 1883 3637 (ll
1912 3569 2072 3631 Tim.,

452 3680 510 3731 ιι,
559 3662 666 3733 17),
717 3677 966 3733 quorum
1011 3664 1277 3715 tractatus
1309 3659 1419 3730 (35)
1450 3659 1777 3730 pectoribus
1808 3664 1863 3715 et
1892 3661 2076 3716 cordi-

450 3757 557 3813 bus
577 3756 937 3826 singulorum
963 3754 1207 3809 mortale
1236 3753 1389 3808 virus
1417 3738 1686 3807 infundit.

519 3852 603 3905 ΧΙ.
624 3850 833 3905 Contra
850 3847 1129 3919 ejusmodi
1145 3847 1358 3902 clamat
1376 3847 1672 3915 Dominus,
1692 3846 1761 3900 ab
1780 3846 1868 3901 his
1888 3846 2078 3902 refrte-

344 3924 345 3935 ‘
450 3948 614 3999 natet
630 3947 852 3999 revocat
870 3945 1156 3996 errantem
1179 3939 1401 4011 plebem
1436 3955 1616 4007 suam,
1643 3939 1834 3994 dicens
1860 3956 1873 3995 :
1902 3942 2079 4000 Nolite

456 4035 648 4111 508
674 4036 866 4092 audire
890 4049 1161 4092 sermones
1179 4034 1794 4105 pseudoprophetarum,
1822 4037 2078 4104 quoniam

449 4134 674 4187 visiones
715 4130 890 4186 cordis
948 4144 1131 4184 eorum
1183 4128 1536 4195 frustrantur
1578 4143 1685 4183 eos.
1737 4129 2073 4199 Loquuntur,

450 4227 544 4280 sed
595 4240 702 4279 non
750 4224 817 4277 ab
866 4238 956 4278 ore
997 4224 1230 4277 Domini.
1280 4223 1479 4276 Dicunt
1530 4224 1605 4276 eis
1665 4224 1762 4292 qui
1808 4223 2077 4291 abjiciunt

450 4319 667 4373 verbum
707 4319 800 4372 Dei
842 4335 855 4371 :
893 4318 1012 4370 Pam
1055 4316 1158 4369 erit
1195 4315 1342 4369 vobis
1385 4320 1433 4369 et
1462 4315 1705 4369 omnibus
1751 4316 2078 4371 ambulanti-

2175 3384 2268 3434 est.
2320 3381 2643 3450 Ubicumque
2696 3384 2838 3435 enim
2887 3383 3095 3449 fuerint
3141 3382 3249 3437 duo
3297 3387 3397 3438 aut
3441 3387 3542 3437 tres
3589 3381 3772 3436 collecti

2176 3474 2235 3526 in
2266 3475 2480 3527 nomine
2519 3489 2652 3539 meo,
2695 3489 2787 3541 ego
2817 3489 2935 3529 cum
2962 3478 3036 3530 eis
3079 3491 3197 3530 sum
3240 3475 3450 3548 (Ibid.),
3497 3474 3772 3531 ostendens

2178 3582 2290 3619 non
2314 3565 2685 3633 multitudini,
2715 3567 2811 3621 sed
2833 3567 3201 3623 unanimitati
3227 3568 3643 3641 deprecantium
3667 3567 3773 3639 plu-

2177 3660 2387 3714 rimum
2414 3660 2611 3715 tribui.
2642 3660 2705 3715 Si
2742 3662 2964 3724 duobus,
2997 3662 3205 3733 inquit,
3234 3679 3302 3718 ea:
3326 3666 3473 3718 vobis
3500 3662 3771 3717 convenerit

2176 3757 2234 3807 in
2255 3759 2400 3808 terra
2419 3772 2435 3817 ,-
2460 3752 2900 3808 unanimitatem
2920 3754 3075 3824 prius
3093 3756 3303 3826 posuit,
3324 3755 3672 3811 concordiam
3690 3768 3772 3824 pa-

2176 3846 2253 3901 cis
2277 3845 2467 3919 509
2489 3851 2623 3922 ante
2640 3848 2937 3918 praemisit,
2960 3854 3025 3903 ut
3051 3849 3358 3904 conveniat
3385 3849 3541 3904 nobis
3560 3846 3771 3902 ﬁdeliter

2179 3945 2233 3994 et
2264 3941 2506 3994 ﬁrmiter
2539 3940 2748 3995 docuit.
2799 3941 3092 4006 Quomodo
3131 3946 3327 3997 autem
3365 3945 3552 4014 potest
3588 3939 3635 3994 ei
3659 3953 3770 3994 cum

2175 4033 2364 4105 aliquo
2412 4034 2715 4090 convenire
2762 4034 2851 4089 cui
2903 4050 3030 4088 cum
3073 4051 3307 4106 corpore
3338 4034 3510 4107 ipsius
3543 4030 3769 4088 Ecclesia:

2177 4134 2234 4184 et
2282 4144 2412 4183 cum
2454 4129 2714 4184 universa
2766 4128 3121 4184 fraternitate
3162 4145 3281 4184 non
3312 4128 3610 4184 convenit?
3636 4125 3767 4189 Quo-

2179 4222 2619 4293 modopossunt
2645 4223 2760 4277 duo
2790 4226 2887 4277 aut
2927 4225 3041 4276 tres
3083 4222 3142 4275 in
3183 4223 3420 4277 nomine
3451 4219 3646 4278 Christi
3669 4217 3768 4273 col-

2177 4317 2277 4388 ligi
2304 4333 2448 4388 quos
2478 4318 2699 4371 constat
2725 4334 2756 4368 a
2786 4315 3007 4371 Christo
3046 4320 3103 4370 et
3130 4315 3201 4370 ab
3228 4316 3351 4387 ejus
3380 4313 3670 4386 Evangelio
3692 4325 3765 4365 se-

1815 4452 2024 4517 Variaa
2078 4453 2417 4517 lectiones.

514 4581 554 4613 5‘
574 4578 908 4629 Mansissent
936 4575 1238 4628 nobiscum
1273 4576 1393 4627 Tim.
1420 4578 1555 4627 Foss.

453 4649 494 4683 ⁵⁷
521 4649 821 4700 Conventis
855 4649 988 4698 Voss.
1031 4647 1079 4697 3.
1187 4645 1228 4680 ⁵⁸
1249 4646 1364 4697 Illis
1390 4647 1545 4697 Oxon.

1661 4581 1700 4609 ⁵⁵
1727 4577 1873 4627 Dum
1902 4591 2159 4642 perversa
2194 4591 2352 4629 mens
2386 4592 2497 4628 non
2529 4580 2682 4627 tenet
2720 4578 2990 4627 unitatem
3014 4579 3107 4626 Ar.

1650 4648 1687 4679 τε)
1718 4647 1920 4698 Partim
1948 4662 2222 4700 memores
2256 4654 2311 4701 et
2334 4650 2528 4713 partim
2561 4648 2686 4698 Bod.
2718 4650 2761 4698 1.
2800 4648 2932 4698 Voss.
2962 4650 3004 4698 1.
3039 4647 3205 4697 Paris.
3236 4648 3357 4697 Tim.

3206 4575 3247 4610 ⁵ο
3272 4582 3320 4625 Α
3358 4576 3540 4629 tritico
3577 4573 3699 4623 Voss.
3725 4566 3765 4616 3.

1744 4788 1969 4869 Steph.
2015 4788 2261 4853 Baluzii
2306 4793 2501 4851 notai.

511 4907 609 4971 (33)
634 4902 949 4956 Amaritudo
1001 4921 1116 4956 cum
1171 4905 1457 4958 dulcedine.
1514 4907 1806 4958 Cornelius
1856 4908 2072 4971 Celsus,

447 4978 543 5028 lib.
597 4989 674 5035 IV,
730 4991 848 5041 cap.
908 4979 1037 5027 9:«
1090 4977 1285 5028 Dulcia
1340 4979 1527 5027 omnia
1588 4979 1813 5029 inimica
1867 4985 2074 5029 sunt.»

446 5047 743 5117 Arnobius,
775 5047 869 5097 lib.
900 5062 976 5098 vn
1018 5064 1029 5095 :
1078 5068 1103 5093 α
1157 5048 1348 5112 Neque
1401 5050 1549 5098 enim
1604 5050 1659 5098 in
1717 5049 2072 5102 dulcedinem

446 5124 658 5169 vertere
681 5119 990 5168 amaritudo
1034 5133 1093 5170 se
1136 5124 1331 5184 potest.
1365 5138 1390 5165 »
1419 5120 1810 5184 Hieronymus,
1839 5124 1893 5171 in
1926 5123 2073 5174 Pras-

446 5191 652 5239 fatione
690 5187 953 5251 Epistolas
997 5190 1068 5240 ad
1109 5190 1383 5253 Algasiam
1413 5205 1430 5237 :
1467 5209 1493 5234 ‹‹
1549 5191 1688 5240 Aliis
1741 5192 1926 5243 dulcia
1961 5194 2073 5257 pla-

444 5265 589 5320 cent,
642 5260 942 5311 nonnullos
992 5261 1285 5312 subamara
1334 5261 1624 5313 delectant.
1707 5265 1917 5315 Horum
1965 5269 2072 5317 sto-

445 5329 704 5380 machum
734 5329 890 5380 acida
916 5337 1204 5391 renovant,
1234 5332 1457 5381 illorum
1501 5334 1643 5382 salsa
1689 5340 2014 5387 sustentant.
2044 5359 2070 5384 »

444 5402 585 5451 Vide
615 5405 775 5450 notas
809 5405 1025 5453 nostras
1060 5402 1126 5451 ad
1154 5401 1359 5451 librum
1396 5404 1654 5466 quintum
1682 5404 1947 5457 Salviani.

503 5473 599 5533 (3‘)
650 5471 774 5523 Sine
810 5472 1020 5523 divina.
1072 5473 1140 5523 Ut
1182 5474 1520 5524 Novatianus
1571 5475 1760 5526 Romus
1808 5478 2070 5530 adversus

441 5542 779 5594 Cornelium.
804 5542 945 5593 Vide
973 5556 1101 5608 quas
1120 5544 1191 5594 de
1211 5544 1455 5595 Luctano
1480 5550 1740 5598 notamus
1762 5548 1830 5598 ad
1858 5549 2071 5614 Episto-

442 5617 550 5666 lam
579 5626 695 5664 xvr

506 5688 604 5749 (35)
673 5688 962 5737 Tractatus.
1027 5687 1203 5736 Antea
1256 5687 1545 5753 legebatur
1590 5695 1790 5741 tractus
1835 5693 1889 5742 in
1931 5695 2067 5743 anti-

433 5761 560 5823 quis
607 5757 959 5809 editionibus.
1031 5758 1357 5809 Remboltus
1438 5759 1608 5811 edidit
1684 5767 1866 5812 luctus.
1929 5763 2067 5826 Qum

423 5831 595 5887 lectio
626 5831 799 5897 magis
847 5831 1029 5881 arrisit
1083 5831 1331 5894 Erasmo,
1383 5832 1642 5895 Manutio,
1701 5834 1961 5897 l’amelio,
2011 5841 2066 5886 et

2177 4910 2433 4974 Rigaltio,
2491 4908 2589 4959 sed
2638 4921 2747 4958 non
2801 4907 3066 4968 Morellio,
3114 4908 3212 4972 qui
3269 4906 3453 4971 posuit
3518 4902 3762 4974 tractatus:

2177 4966 2316 5043 ριῖω
2350 4966 2433 5031 est
2481 4993 2608 5031 vera
2661 4980 2842 5038 lectio,
2891 4966 3060 5043 quam
3109 4966 3437 5029 conﬁrmant
3484 4966 3765 5046 xxv_1_

2175 5039 2349 5101 nostri
2376 5057 2431 5102 et
2452 5050 2644 5102 decem
2688 5039 2997 5114 Anglicani,
3031 5055 3148 5100 tum
3186 5050 3353 5100 etiam
3403 5039 3764 5120 editquel‘lPii

2174 5124 2305 5172 anni
2332 5124 2469 5173 1547.
2503 5123 2661 5172 Hanc
2688 5111 2818 5172 vero
2862 5121 3162 5173 lectionem
3209 5118 3507 5191 tamenetsi
3526 5111 3763 5191 ltigalttu:

2174 5207 2285 5244 non
2313 5195 2559 5258 posuerit
2596 5194 2651 5243 in
2699 5195 2979 5253 contextu,
3026 5193 3100 5241 ait
3147 5195 3331 5242 tamen
3376 5191 3433 5240 in
3460 5185 3762 5258 observatio-

2173 5252 2339 5314 nibus
2372 5265 2488 5314 suis
2513 5265 2588 5314 ita
2619 5263 2786 5314 scribi
2831 5252 3059 5312 omnino
3097 5261 3315 5313 debere.
3364 5261 3483 5311 Hoc
3517 5252 3760 5321 judicium

2173 5338 2366 5386 secuta
2392 5338 2475 5384 est
2503 5335 2673 5385 editio
2701 5334 3021 5397 Anglicana.

2236 5407 2333 5469 (36)
2362 5406 2714 5470 Corruptores
2757 5392 3051 5469 Evangelii.
3100 5405 3356 5463 Ruﬁnus,
3404 5403 3459 5452 in
3510 5392 3636 5472 Psal.
3675 5399 3757 5472 9X.

2174 5478 2461 5541 explicans
2512 5477 2780 5528 adversus
2813 5477 3106 5528 haereticos
3135 5478 3258 5529 haec
3307 5474 3486 5533 verba,
3531 5470 3759 5529 Quanta”

2170 5565 2282 5602 ecce
2308 5556 2605 5616 peccatores
2633 5551 2979 5602 incenderunt
3003 5565 3206 5613 arcam,
3234 5552 3310 5602 ait
3341 5564 3403 5598 τα
3431 5545 3490 5596 Id
3518 5547 3595 5594 est
3625 5546 3759 5616 sanc-

2172 5607 2689 5687 tam-Scripturam
2744 5624 2861 5673 suis
2920 5607 3204 5675 erroribus
3259 5627 3314 5674 et
3364 5620 3477 5670 suis
3528 5607 3756 5687 sanatam

2170 5676 2603 5758 applicaverunt.
2633 5710 2662 5742 »
2688 5694 2842 5744 Idem
2876 5694 2970 5745 lib.
3012 5708 3049 5746 v
3095 5696 3229 5745 Hist.
3266 5690 3469 5748 Eccles,
3513 5697 3626 5758 cap_-

2169 5744 2534 5829 «Scripturas
2581 5771 2766 5817 autem
2812 5744 3034 5817 divinas
3067 5744 3275 5832 absque
3303 5762 3412 5814 ulla
3449 5744 3643 5809 timoris
3664 5744 3752 5801 Dei

2167 5838 2471 5889 reverentia
2496 5841 2877 5903 corruperunt.
2908 5855 2935 5883 ι)
