3978 6194
169 284 251 339 525
1259 279 1458 338 LIBER
1496 283 1581 337 DE
1624 268 1913 337 UN‘ITATE
1954 282 2310 338 ECCLESIE.

3390 291 3491 343 526

166 404 358 475 parari?
385 404 499 457 Non
522 402 676 456 enim
705 418 809 456 nos
837 402 907 458 ab
933 401 1061 471 illis,
1090 403 1189 459 sed
1217 404 1296 458 illi
1330 420 1363 458 a
1384 404 1550 459 nobis
1580 421 1756 460 reces-
1780 416 1838 489 Α
1857 410 2079 459 revocat
2119 405 2189 461 ab
2234 406 2416 473 altari,
2460 410 2518 460 et
2552 406 2719 476 jubet
2763 408 2918 478 prius
2967 408 3306 464 concordare
3354 426 3486 466 cum

166 499 354 551 serunt.
384 498 450 550 Et
494 513 624 550 cum
667 496 912 550 haereses
947 501 1004 550 ct
1041 497 1347 552 schismata
1398 497 1756 568 postmodum

164 594 275 645 nata
293 590 421 659 sint,
448 590 579 643 dum
604 589 995 645 conventicula
1012 590 1117 644 sibi
1144 591 1369 645 diversa
1389 592 1757 659 constituunt,

163 683 382 738 veritatis
405 685 572 753 caput
598 685 767 753 atque
796 683 1074 754 originem
1098 684 1467 754 reliquerunt.
1490 684 1761 738 Dominus

157 783 324 831 autem
350 776 418 831 de
440 776 682 830 Ecclesia
712 793 813 831 sua
833 776 880 811 ⁶⁰
898 777 1168 847 loquitur,
1193 780 1251 830 et
1279 778 1347 831 ad
1378 778 1478 831 hos
1501 778 1602 849 qui
1630 782 1761 830 sunt

160 871 206 924 in
252 870 486 924 Ecclesia
530 870 802 941 loquitur,
839 875 905 924 ut
944 870 990 924 si
1028 870 1136 940 ipsi
1172 871 1479 926 concordes
1522 870 1755 934 fuerint,

158 964 218 1030 si,
258 964 568 1018 secundum
615 963 762 1033 quod
802 963 1093 1018 mandavit
1126 966 1181 1018 et
1221 964 1471 1031 monuit,
1512 964 1623 1017 duo
1666 966 1764 1017 aut

160 1060 254 1110 tres
296 1056 446 1124 licet,
492 1057 712 1111 collecti
762 1056 1107 1111 unanimiter
1152 1056 1468 1126 oraverint,
1516 1057 1625 1110 duo
1665 1061 1763 1111 aut

156 1157 249 1204 tres
274 1150 405 1205 licet
445 1151 574 1216 sint,
604 1151 914 1221 impetrare
953 1150 1170 1221 possint
1216 1150 1284 1204 de
1327 1150 1419 1204 Dei
1466 1150 1761 1221 majestate

157 1243 288 1314 quod
344 1245 652 1313 postulant.
714 1245 1033 1313 Ubicumque
1083 1246 1290 1309 fuerint
1342 1244 1449 1298 duo
1507 1250 1603 1297 aut
1662 1249 1764 1297 tres

156 1337 337 1391 collecti
380 1339 437 1390 in
485 1340 700 1391 nomine
738 1352 870 1407 meo,
918 1352 1031 1405 ego,
1089 1337 1290 1408 inquit,
1344 1354 1461 1391 cum
1512 1339 1583 1392 eis
1623 1352 1759 1402 sum,

156 1446 266 1484 cum
291 1430 641 1501 simplicibus
665 1430 878 1484 scilicet
904 1434 1074 1501 atque
1099 1431 1313 1500 pacatis
1340 1432 1408 1500 δ’,
1430 1446 1557 1484 cum
1582 1431 1759 1484 Deum

157 1523 464 1578 timentibus
511 1530 568 1578 et
613 1523 709 1577 Dei
750 1527 1033 1595 praecepta
1081 1524 1453 1579 servantibus.
1487 1526 1629 1580 Cum
1675 1523 1764 1578 his

157 1618 355 1671 duobus
396 1617 480 1672 vel
513 1617 692 1671 tribus
736 1618 866 1671 licet
905 1633 1024 1672 esse
1068 1634 1124 1672 se
1171 1618 1335 1685 dixit,
1377 1617 1667 1688 quomodo
1710 1622 1767 1671 et

157 1728 265 1765 cum
297 1711 478 1764 tribus
520 1712 709 1781 pueris
746 1712 801 1765 in
842 1712 1064 1765 camino
1101 1712 1247 1782 ignis
1289 1711 1396 1765 fuit
1440 1711 1625 1781 (Dum,
1663 1715 1760 1777 Ill),

1859 499 2052 564 fratre,
2096 502 2231 553 tunc
2260 516 2389 553 cum
2432 516 2565 569 pace
2611 500 2949 556 redeuntem
2997 503 3108 556 Deo
3153 520 3359 558 munus
3406 504 3487 559 of-

1859 592 2007 647 ferre
2056 594 2296 661 (Matth,
2347 610 2396 658 v,
2446 593 2557 663 2i),
2606 593 2736 664 quia
2782 612 2885 649 nec
2930 596 2999 649 ad
3054 597 3185 651 Cain
3239 614 3485 652 munera

1860 686 2104 757 respexit
2144 688 2284 740 Deus
2324 687 2498 755 (ϐαι,
2544 704 2617 755 1v,
2658 690 2709 754 ὅ)
2743 705 2755 740 :
2786 704 2970 758 neque
3020 690 3171 744 enim
3220 695 3487 760 pacatum

1863 779 1968 849 (37)
2007 780 2219 835 habere
2265 780 2443 834 Deum
2484 783 2725 850 poterat,
2767 781 2862 851 qui
2909 798 3035 834 cum
3074 782 3248 837 fratre
3288 800 3488 853 pacem

1860 889 1965 944 per
1987 873 2091 928 zeli
2121 873 2462 928 discordiam
2504 890 2619 928 non
2656 873 2920 929 habebat.
2952 874 3133 937 Quam
3172 876 3274 929 sibi
3310 877 3490 948 igitur

1861 982 2058 1038 pacem
2102 967 2447 1037 promittunt
2491 967 2711 1022 inimici
2751 967 3013 1035 fratrum,
3047 984 3176 1040 quae
3214 971 3490 1025 sacrificia

1862 1060 2146 1115 celebrare
2175 1078 2233 1114 se
2262 1061 2504 1115 credunt
2533 1062 2725 1115 aemuli
2753 1060 3108 1115 sacerdotum
3126 1063 3152 1115 ?
3179 1065 3264 1116 An
3295 1078 3490 1118 secum

1862 1171 1980 1209 esse
2023 1154 2310 1209 Christum
2337 1171 2465 1208 cum
2502 1154 2723 1209 collecti
2766 1154 2981 1208 fuerint
3027 1154 3359 1226 opinantur,
3394 1157 3492 1226 qui

1865 1253 2022 1302 extra
2051 1246 2255 1301 Christi
2287 1248 2590 1302 Ecelcsiam
2623 1247 3011 1318 colliguntur?

1936 1341 2062 1395 XIV.
2120 1340 2279 1393 Tales
2341 1341 2562 1395 etiamsi
2628 1341 2734 1412 (38)
2792 1340 2956 1395 occisi
3023 1341 3081 1394 in
3146 1341 3495 1397 confessione

1864 1434 2109 1488 nominis
2133 1433 2360 1500 fuerint,
2387 1434 2604 1487 macula
2629 1434 2736 1487 ista
2764 1450 2867 1487 nec
2897 1434 3174 1504 sanguine
3202 1435 3449 1490 abluitur
3480 1454 3495 1490 :

1864 1527 2222 1598 inexpiabilis
2262 1531 2318 1581 et
2349 1528 2535 1596 gravis
2571 1528 2735 1598 culpa
2768 1526 3061 1581 discordia:
3098 1544 3202 1581 nec
3230 1530 3493 1598 passione

1862 1627 2160 1693 purgatur.
2193 1622 2321 1674 Esse
2368 1623 2585 1691 martyr
2627 1638 2737 1674 non
2784 1624 2967 1690 potest
3007 1622 3103 1691 qui
3144 1622 3200 1674 in
3246 1621 3496 1676 Ecclesia

1863 1730 1980 1769 non
2012 1720 2095 1768 est
2124 1732 2134 1767 :
2167 1713 2239 1768 ad
2268 1730 2507 1783 regnum
2537 1714 2826 1784 pervenire
2859 1731 2973 1768 non
3006 1716 3211 1785 poterit
3238 1716 3334 1785 qui
3362 1731 3491 1770 eam

156 1811 198 1857 et
225 1805 351 1874 quia
382 1805 441 1858 in
477 1806 656 1859 Deum
695 1805 975 1877 simplices
1001 1810 1169 1876 atque
1202 1805 1352 1860 inter
1381 1821 1436 1859 se
1462 1804 1763 1858 unanimes
1782 1782 1840 1854 Β
1865 1824 1994 1878 qua:
2016 1812 2318 1878 regnatura
2336 1812 2420 1862 est
2440 1808 2802 1878 derelinquit.
2827 1810 3025 1862 Pacem
3052 1808 3215 1862 nobis
3236 1809 3495 1864 Christus

158 1897 570 1966 permanebant,
612 1897 860 1953 ﬂammis
897 1898 1276 1953 ambientibus
1310 1898 1526 1952 medios
1562 1897 1760 1969 spiritu

157 1992 277 2044 roris
300 1991 593 2046 animavit.
630 1991 928 2056 Quomodo
972 1992 1237 2062 apostolis
1272 1991 1493 2046 duobus
1534 1992 1592 2045 in
1636 2008 1762 2045 cus-

156 2083 285 2137 todia
306 2084 513 2138 clausis
533 2086 699 2155 (Act.,
725 2084 797 2155 v),
822 2084 956 2156 quia
983 2084 1284 2156 simplices,
1304 2085 1437 2156 quia
1462 2084 1762 2139 unanimes

157 2181 316 2243 erant,
346 2178 466 2249 ipse
493 2178 700 2247 adfuit,
728 2179 869 2250 ipse,
914 2180 1167 2233 resolutis
1205 2179 1443 2234 carceris
1481 2178 1760 2242 claustris,

157 2274 204 2324 ut
238 2271 472 2325 verbum
513 2271 667 2343 quod
708 2271 952 2327 ﬁdeliter
990 2271 1370 2343 prmdicabant
1411 2270 1763 2326 multitudini

157 2365 440 2434 traderent,
473 2367 543 2420 ad
573 2365 761 2420 forum
796 2382 988 2420 rursus
1029 2365 1318 2436 imposuit.
1351 2365 1589 2429 Quando
1627 2380 1763 2435 ergo

155 2457 204 2512 in
246 2459 546 2530 przeceptis
590 2459 706 2521 suis
752 2459 914 2530 ponit
957 2462 1015 2513 et
1054 2459 1229 2513 dicit:
1266 2459 1362 2515 Ubi
1401 2461 1611 2526 fuerint
1657 2459 1763 2513 duo

158 2562 236 2610 aut
260 2561 360 2612 tres
395 2557 613 2611 collecti
640 2559 698 2611 in
736 2560 945 2612 nomine
978 2572 1111 2623 meo,
1146 2572 1238 2626 ego
1267 2556 1313 2590 ⁶²
1344 2572 1461 2611 cum
1510 2559 1583 2610 eis
1621 2571 1760 2623 sum,

158 2665 254 2703 non
280 2650 548 2705 homines
567 2650 635 2705 ab
663 2650 912 2706 Ecclesia
929 2650 1125 2705 dividit
1145 2650 1241 2722 qui
1268 2649 1513 2704 instituit
1544 2653 1600 2702 et
1628 2649 1763 2703 fecit

158 2743 459 2813 Ecclesiam,
505 2745 600 2799 sed
639 2745 984 2815 exprobrans
1027 2743 1366 2799 discordiam
1403 2742 1665 2813 perﬁdis,
1708 2749 1764 2796 et

156 2834 388 2892 ﬁdelibus
438 2854 647 2909 pacem
700 2854 802 2892 sua
856 2854 988 2893 voce
1030 2837 1458 2903 commendans,
1515 2835 1766 2890 ostendit

157 2932 314 3001 magis
342 2948 465 2986 esse
510 2948 568 2986 se
608 2948 732 2986 cum
775 2932 993 2985 duobus
1038 2937 1135 2985 aut
1183 2930 1365 2984 tribus
1411 2929 1764 2985 unanimiter

158 3026 419 3080 orantibus
441 3042 625 3097 quam
647 3042 774 3081 cum
795 3025 1201 3080 dissidentibus
1224 3024 1506 3096 plurimis,
1528 3026 1764 3094 plusque

1863 1901 2035 1971 dedit,
2069 1901 2378 1957 concordes
2408 1904 2578 1972 atque
2609 1901 2907 1956 unanimes
2934 1918 3056 1956 esse
3094 1902 3384 1972 praecepit,
3412 1901 3498 1956 di-

1862 1995 2121 2051 lectionis
2152 1999 2209 2050 et
2245 1995 2532 2049 charitatis
2568 1994 2783 2049 foedera
2835 1994 3163 2066 incorrupta
3202 2004 3371 2066 atque
3410 1995 3495 2050 in-

1862 2090 2070 2143 violata
2110 2089 2321 2143 servari
2366 2088 2677 2143 mandavit.
2725 2088 3002 2143 Exhibere
3049 2106 3107 2142 se
3152 2105 3266 2143 non
3319 2093 3502 2159 potest

1862 2185 2175 2254 martyrem
2222 2182 2319 2253 qui
2370 2182 2675 2237 fraternam
2727 2199 2843 2236 non
2894 2183 3077 2237 tenuit
3132 2183 3496 2239 charitatem.

1865 2277 2035 2331 Docet
2076 2276 2183 2330 hoc
2221 2279 2278 2329 et
2315 2279 2661 2330 contestatur
2689 2276 2895 2331 Paulus
2933 2275 3224 2346 apostolus
3253 2275 3451 2332 dicens
3485 2299 3497 2332 :

1863 2373 1932 2425 Et
1966 2372 2014 2424 si
2042 2370 2274 2424 habuero
2310 2369 2467 2438 ﬁdem
2506 2371 2587 2422 ita
2625 2375 2685 2423 ut
2724 2376 2928 2424 montes
2968 2372 3324 2438 transferam,
3362 2371 3493 2425 cha-

1861 2466 2082 2518 ritatem
2118 2468 2296 2517 autem
2326 2478 2434 2517 non
2470 2463 2717 2523 habeam,
2749 2464 2892 2518 nihil
2917 2480 3053 2519 sum.
3082 2467 3152 2520 Et
3181 2467 3228 2519 si
3266 2468 3323 2520 in
3362 2466 3503 2521 cibos

1856 2571 2166 2627 pauperum
2194 2556 2516 2611 distribuere
2541 2560 2721 2611 omnia
2751 2574 2887 2624 mea,
2918 2564 2969 2612 et
2996 2560 3045 2612 si
3072 2559 3350 2613 tradidero
3380 2576 3500 2615 cor-

1859 2662 1964 2716 pus
2007 2661 2182 2700 meum
2234 2651 2293 2699 ut
2330 2646 2549 2699 ardeam
2604 2646 2745 2717 (39),
2800 2648 3124 2702 charimtem
3170 2653 3346 2702 autem
3395 2665 3503 2704 non

1865 2744 2121 2810 habeam,
2181 2744 2322 2797 nihil
2376 2746 2615 2812 proﬁcio.
2675 2743 2922 2797 Charitas
2978 2747 3332 2813 magnanima
3384 2746 3500 2818 (40)

1866 2843 1968 2899 est,
2024 2838 2261 2891 Charitas
2315 2838 2540 2903 benigna
2588 2843 2692 2899 est,
2730 2837 2969 2891 cliuritus
3018 2854 3125 2891 non
3178 2841 3499 2903 simulatur,

1866 2946 1971 2984 non
2028 2932 2142 2999 agit
2193 2946 2504 3000 perperam,
2572 2947 2677 2983 non
2736 2933 2992 2998 inﬂatur,
3051 2948 3155 2985 non
3212 2936 3497 3001 irritatur,

1866 3040 1973 3078 non
2006 3026 2205 3091 cogitat
2252 3024 2455 3077 malum
2497 3025 2566 3086 δι,
2614 3027 2794 3078 omnia
2834 3024 3037 3092 diligit,
3086 3028 3267 3080 omnia
3306 3028 3496 3091 credit,

156 3120 413 3186 impetrari
472 3137 636 3191 posse
690 3136 1004 3189 paucorum
1053 3119 1318 3173 concordi
1371 3134 1538 3189 prece
1596 3134 1763 3188 quam
1789 3120 2046 3230 Comniu
2097 3122 2307 3187 sperat,
2363 3120 2539 3170 omnia
2593 3120 2837 3172 sustinet.
2899 3119 3151 3173 Charitas
3204 3135 3500 3190 numquam

162 3212 485 3269 discordiosa
513 3214 768 3269 oratione
791 3214 1102 3267 multorum
1128 3214 1195 3265 ‘33.

216 3308 338 3362 XIII.
384 3308 521 3362 Ideo
560 3311 615 3361 et
660 3324 788 3361 cum
836 3306 1039 3360 orandi
1078 3307 1265 3375 legem
1311 3306 1492 3367 daret,
1539 3304 1763 3359 addidit

161 3399 326 3454 dicens
357 3418 369 3456 :
405 3405 475 3456 Et
516 3416 634 3455 cum
665 3403 920 3455 steteritis
961 3401 1035 3454 ad
1072 3402 1383 3459 orationem,
1432 3400 1686 3452 rcmittite
1714 3400 1764 3451 si

159 3496 271 3561 quid
295 3493 405 3566 51
422 3494 489 3567 ο
511 3496 717 3549 habetis
744 3495 1000 3548 adversus
1028 3494 1281 3562 aliquem,
1310 3498 1369 3547 ut
1395 3498 1443 3546 et
1470 3495 1631 3547 Pater
1656 3508 1761 3547 ves-

161 3591 227 3639 ter
247 3592 335 3656 qui
361 3592 416 3642 in
449 3590 598 3643 cazlis
629 3593 704 3643 est
743 3590 984 3642 remittat
1010 3588 1158 3641 vobis
1185 3593 1403 3656 peccata.
1433 3587 1645 3656 (Mare,
1685 3602 1758 3653 χι,

160 3682 249 3747 25).
288 3684 350 3737 Et
379 3683 449 3736 ad
495 3681 826 3736 sacrificium
873 3697 1001 3735 cum
1047 3680 1399 3735 dissensione
1442 3680 1758 3735 venientem

1866 3212 2064 3265 excidit
2086 3212 2131 3244 6⁵
2158 3213 2193 3275 (l
2222 3211 2364 3275 Cor.,
2396 3227 2507 3274 xui,
2537 3214 2591 3276 2,
2616 3215 2665 3276 ὅ,
2698 3216 2749 3276 7,
2786 3212 2887 3278 ll).
2911 3212 3258 3283 Numquam,
3290 3214 3493 3284 inquit.

1863 3305 2066 3359 excidit
2111 3304 2375 3357 charitas.
2421 3305 2548 3358 Haec
2593 3321 2745 3358 enim
2794 3321 3019 3376 semper
3071 3306 3128 3360 in
3178 3322 3358 3376 regno
3394 3308 3505 3364 erit

1864 3399 1980 3452 haec
2015 3398 2072 3450 in
2112 3404 2389 3451 aeternum
2431 3398 2801 3453 fraternitatis
2842 3399 2944 3452 sibi
2990 3400 3328 3454 cohaerentis
3366 3402 3495 3457 uni-

1863 3495 1977 3546 tate
2032 3491 2274 3545 durabit.
2346 3492 2424 3546 Ad
2490 3508 2729 3562 regnum
2792 3493 3062 3548 cmlorum
3120 3510 3234 3548 non
3291 3511 3493 3567 perve-

1862 3585 1983 3639 nire
2013 3584 2327 3649 discordia;
2361 3586 2431 3640 ad
2458 3585 2689 3655 praemia
2715 3585 2921 3640 Christi
2952 3588 3021 3653 ⁸⁸,
3055 3588 3151 3658 qui
3183 3589 3326 3643 dixit
3350 3606 3362 3643 :
3386 3593 3498 3645 Hoc

1861 3684 1936 3732 est
1976 3679 2297 3733 mandatum
2341 3696 2534 3741 meum,
2566 3684 2626 3731 ut
2662 3679 2911 3748 diligatis
2948 3683 3195 3744 invicem,
3237 3684 3497 3752 quemad-

1506 3867 1713 3929 Variee
1772 3867 2109 3930 lectiones.

211 4013 247 4044 ⁵³
274 4016 352 4066 Ad
379 4017 675 4068 ecclesiam
703 4031 861 4067 suam
910 4018 1156 4081 loquitur
1201 4018 1329 4065 Voss.
1361 4019 1401 4065 l.

162 4082 304 4133 Paris.
333 4087 451 4136 Bod.
483 4088 528 4149 1,
561 4087 611 4145 2.
640 4087 686 4147 3,
726 4088 766 4136 4.
807 4087 946 4136 Lam.
980 4087 1086 4136 Lin.

165 4233 214 4272 IX
237 4226 429 4288 Anglic.

1504 4017 1542 4047 ⁶¹
1577 4015 1849 4066 Paciﬁcus
1890 4016 2000 4064 Ver.
2040 4014 2273 4065 Placatis
2322 4015 2452 4062 Voss.
2478 4014 2523 4064 3.

1187 4086 1227 4117 ⁸³
1257 4085 1728 4137 Concordantium
1769 4097 1963 4148 pacem
2003 4097 2171 4148 quam
2205 4083 2635 4134 discordantium
2672 4085 2973 4135 orationem
3009 4086 3311 4136 multorum
3365 4089 3495 4137 Voss.

163 4151 200 4200 3.
284 4153 324 4186 “
352 4155 471 4204 Non
500 4157 613 4216 agit
653 4169 959 4219 perperam,
988 4170 1099 4205 non
1131 4155 1486 4217 inﬂammata,
1520 4170 1630 4206 non
1656 4155 1861 4220 gaudet
1880 4169 2046 4219 super
2071 4155 2398 4218 injustitiam
2426 4156 2565 4204 Lam.
2593 4154 2702 4204 Lin.

2624 4015 2667 4046 δ’
2690 4014 2825 4079 Ego,
2870 4016 3072 4080 inquit,
3119 4030 3244 4066 cum
3293 4018 3373 4067 eis
3405 4021 3495 4070 Ar.

2802 4154 2843 4187 ⁸⁵
2872 4154 3112 4206 Excidet
3138 4155 3320 4205 habent
3348 4155 3497 4207 codd.

530 4224 573 4257 ⁸⁸
600 4226 711 4277 Nec
739 4228 1027 4290 prwmium
1055 4226 1264 4277 Christi
1297 4229 1386 4276 Ar.
1421 4228 1558 4276 Lam.
1595 4226 1745 4275 Ebor.
1784 4226 1918 4275 Voss.
1951 4228 1995 4287 t,
2027 4226 2075 4286 2,
2100 4224 2147 4275 3.
2178 4225 2284 4275 ΝΟ.
2312 4226 2355 4273 l.
2387 4224 2558 4273 Paris.
2600 4224 2719 4273 Thu.
2741 4224 2879 4274 Foss.
2919 4224 3076 4273 Oxon.

1386 4419 1614 4501 Steph.
1662 4417 1909 4482 Baluzii
1952 4421 2149 4481 notas.

217 4553 301 4616 (37)
329 4558 597 4609 Paratum.
627 4560 761 4610 Tres
805 4558 928 4610 libri
975 4564 1188 4610 veteres
1230 4561 1438 4611 habent
1473 4561 1760 4624 placatum.

167 4624 285 4675 Alite
331 4630 434 4678 tres
463 4634 522 4679 et
549 4632 879 4681 vetustiores
908 4630 1181 4681 editiones
1210 4631 1422 4681 addunt
1462 4632 1540 4681 vel
1583 4644 1764 4695 pacem

168 4697 292 4772 apud
322 4698 496 4772 Deum.
530 4701 642 4751 Sed
687 4715 752 4752 ea
799 4702 1004 4752 desunt
1055 4704 1111 4752 in
1158 4704 1280 4753 aliis
1328 4702 1666 4754 editionibus
1714 4716 1767 4762 ει

169 4770 215 4838 in
258 4770 566 4832 quindecim
616 4774 859 4838 antiquis
902 4775 1329 4838 exemplaribus.
1382 4774 1548 4826 Recte
1578 4779 1765 4825 autem

171 4834 418 4909 Pamelius
456 4834 768 4893 existimaf
800 4834 1084 4909 irrepsisse
1139 4847 1195 4895 in
1245 4850 1456 4897 textum
1505 4860 1573 4897 ex
1625 4860 1767 4896 mar-

170 4907 291 4979 gine.
345 4911 459 4975 Ego
508 4914 725 4965 facilius
774 4907 1103 4966 crediderim
1146 4916 1328 4966 addita
1381 4916 1551 4966 fuisse
1600 4930 1765 4979 supra

172 4975 347 5051 lineam
402 4985 456 5032 in
509 4985 800 5036 codicibus
865 4988 1124 5051 antiquis,
1201 4989 1281 5037 uti
1337 5001 1485 5050 saepe
1558 4975 1765 5037 factum

173 5047 321 5102 fuisse
349 5058 668 5106 monuimus
726 5072 908 5121 supra.
937 5047 1123 5109 Codex
1170 5047 1510 5109 Turonensis
1559 5060 1762 5109 habet:

171 5133 207 5193 ε
224 5121 391 5186 Neque
416 5128 560 5177 enim
593 5128 795 5179 habere
841 5144 1033 5192 pacem
1072 5131 1217 5193 apud
1258 5132 1437 5180 Deum
1483 5133 1766 5193 poterat.»

174 5188 413 5245 Furensis
458 5214 468 5244 :
524 5218 551 5241 α
597 5201 785 5264 Neque
833 5188 982 5250 enim
1038 5188 1228 5263 pacem
1292 5188 1511 5250 Domini
1562 5201 1767 5250 habere

174 5267 427 5320 Poterat.»
482 5271 536 5318 In
576 5269 815 5333 Epistola
876 5271 1124 5321 secunda
1187 5272 1389 5335 Pelagii
1440 5273 1485 5321 II
1537 5273 1606 5322 ad
1646 5273 1768 5334 Epi-

174 5342 327 5405 scopos
358 5336 535 5399 lstriaz,
571 5340 770 5404 legitur
811 5355 827 5388 :
863 5360 890 5387 «
939 5340 1129 5405 Neque
1166 5344 1315 5391 enim
1359 5342 1563 5393 habere
1609 5357 1768 5405 paca-

176 5403 274 5479 tum
334 5403 645 5461 Dominum,
704 5417 988 5474 poterat.»
1040 5403 1223 5464 “Aliter
1279 5415 1429 5465 hunc
1507 5403 1767 5479 Cypriani

176 5470 332 5525 locum
385 5484 650 5545 expressit
702 5470 1022 5534 Ludovicus
1071 5485 1353 5535 Romanus
1396 5488 1451 5535 in
1512 5470 1767 5536 sermone

179 5555 317 5605 cillam
379 5550 571 5603 habuit
649 5556 706 5605 in
788 5556 1025 5608 concilio
1080 5556 1403 5607 Basileensi.
1467 5557 1560 5608 Sic
1620 5557 1767 5607 enim

179 5620 337 5692 Pesuit
364 5635 375 5667 ε
407 5638 436 5669 α
462 5624 648 5690 Neque
672 5627 821 5677 enim
867 5628 1047 5677 Deum
1091 5628 1296 5678 habere
1330 5632 1586 5692 pacatum
1618 5633 1769 5692 pote-

182 5690 530 5807 :grgluaimcum
570 5697 734 5749 fratre
764 5712 958 5762 pacem
999 5713 1112 5750 non
1152 5690 1348 5762 habet,
1371 5700 1469 5751 sed
1504 5690 1767 5752 zeli—dis-

243 5770 397 5812 rutam
407 5801 417 5812 .

238 5827 321 5894 (38)
375 5835 514 5886 Tales
549 5840 769 5890 etiamsi.
823 5841 908 5891 Ad
980 5842 1133 5893 hunc
1174 5842 1362 5893 locum
1410 5843 1493 5893 vir
1553 5842 1768 5895 doctis-

1784 4582 1842 4653 D

1866 4559 2043 4609 simus
2091 4558 2336 4608 Joannes
2378 4555 2705 4607 Pearsonius
2749 4555 3045 4619 episcopus
3081 4555 3388 4608 Cestrensis
3441 4561 3500 4609 in

1877 4628 2125 4679 Vindiciis
2176 4626 2535 4691 Epistolarum
2581 4626 2749 4675 sancti
2799 4626 3017 4689 lgnatii,
3064 4640 3185 4691 cap.
3212 4629 3261 4688 9,
3302 4633 3496 4679 censet

1864 4702 2172 4766 respexisse
2219 4703 2474 4748 sanctum
2529 4698 2803 4747 Joannem
2861 4696 3341 4761 Chrysostomum,
3394 4700 3494 4751 ho-

1866 4773 2020 4824 milia
2072 4769 2367 4821 undecima
2405 4769 2460 4817 in
2501 4766 2805 4831 Epistolam
2842 4767 2908 4816 ad
2957 4767 3225 4831 Ephesios,
3256 4783 3385 4821 cum
3419 4772 3500 4822 ait

1866 4846 2046 4894 virum
2104 4839 2398 4905 quemdam
2468 4841 2720 4888 sanctum
2812 4838 3019 4888 dixisse
3093 4853 3163 4889 ne
3247 4842 3501 4906 martyrii

1866 4914 2091 4981 quidem
2158 4911 2483 4973 sanguinem
2567 4920 2728 4970 posse
2807 4911 3099 4970 peccatum
3184 4910 3502 4961 schismatis

1871 4988 2076 5037 eluere.

1932 5060 2024 5118 (39)
2079 5058 2137 5104 Ut
2188 5054 2422 5103 ardeam.
2474 5052 2549 5102 Ita
2596 5053 2761 5101 etiam
2790 5051 2884 5101 lib.
2932 5045 2986 5102 ιὶι
3045 5053 3501 5117 Testimoniorum,

1868 5145 1985 5193 cap.
2018 5130 2063 5178 3.
2096 5128 2165 5175 At
2202 5126 2578 5187 Hieronymus
2622 5125 2677 5171 in
2722 5126 2890 5185 caput
2934 5123 3193 5186 quintum
3244 5123 3504 5186 Epistolas

1867 5201 1936 5251 ad
1982 5200 2199 5247 Galatas
2256 5196 2433 5254 refert,
2488 5193 2542 5242 in
2596 5194 2764 5241 veteri
2806 5193 3076 5253 versione,
3130 5208 3229 5257 pro
3281 5198 3503 5248 ardeam

1866 5272 1976 5337 legi
2017 5270 2229 5333 glorier.
2282 5268 2352 5317 Et
2392 5266 2607 5315 videtur
2653 5265 3023 5337 Hieronymus
3068 5267 3324 5329 prteferre
3377 5284 3503 5321 eam

1866 5335 2182 5400 lectionem,
2234 5352 2364 5389 cum
2407 5338 2574 5401 paulo
2613 5340 2732 5399 post
2768 5335 2914 5386 dicat
2963 5336 3111 5386 illam
3164 5353 3290 5402 qum
3332 5341 3505 5392 habet

1867 5412 2085 5462 ardeam
2116 5422 2238 5460 esse
2267 5422 2508 5459 errorem
2545 5409 2638 5471 qui
2666 5406 2809 5470 apud
2838 5411 3056 5456 nostros
3093 5407 3340 5459 inolevit.

1931 5484 2025 5546 (40)
2087 5482 2331 5531 Charitas
2368 5480 2734 5542 magnanima.
2790 5478 2871 5527 Ita
2920 5480 3083 5528 etiam
3139 5480 3193 5527 iu
3242 5480 3385 5532 libro
3443 5482 3507 5533 de

1870 5554 1984 5605 Zelo
2012 5559 2057 5604 et
2083 5555 2285 5613 Liuore,
2322 5565 2445 5616 pag.
2489 5552 2603 5611 239,
2646 5550 2703 5598 in
2752 5550 2892 5599 libro
2939 5550 3005 5599 de
3038 5551 3184 5601 Bono
3212 5553 3501 5616 patientiae,

1868 5639 1990 5691 pag.
2018 5625 2111 5674 252
2134 5640 2146 5685 ;
2183 5628 2235 5674 et
2262 5623 2357 5673 lib.
2384 5636 2439 5671 ιιι
2465 5622 2919 5682 Testimoniorum,
2947 5634 3065 5684 cap.
3090 5621 3136 5671 3.
3170 5622 3308 5673 Vide
3332 5622 3503 5674 adno-

1868 5698 2108 5747 tationes
2137 5694 2351 5745 Erasini
2368 5694 2425 5743 in
2460 5692 2613 5743 hunc
2633 5691 2821 5742 locum
2845 5691 3107 5756 Epistolas
3127 5695 3320 5757 primae
3352 5691 3511 5747 Pauli

1870 5768 1945 5818 ad
1966 5767 2283 5819 Corinthios.
