3978 6194
473 296 573 350 527

1360 293 1415 347 S.
1457 288 1771 347 CYPRIANI
1810 287 2081 345 OPERUM
2125 288 2296 341 PARS
2336 289 2401 342 ll.
2443 316 2512 327 —
2551 285 2918 381 OPUSCULlL

3704 296 3792 349 528

471 424 684 478 modum
734 423 905 477 dilexi
949 436 1040 476 vos
1095 424 1289 489 (leam,
1342 438 1428 485 xv,
1484 424 1587 490 l2),
1643 420 1929 490 pertinere
1975 433 2091 472 non
2115 431 2172 502 Α
2194 418 2258 470 de
2288 420 2393 470 toto
2419 417 2577 471 corde
2601 422 2713 481 tuo,
2736 422 2785 471 et
2809 417 2875 470 de
2903 403 3221 469 totaanima
3250 420 3363 480 tua,
3392 419 3440 468 et
3469 417 3528 469 de
3558 423 3659 470 tota
3687 422 3784 473 vir-

472 515 652 589 511
704 515 917 588 poterit
946 514 1056 585 (41)
1093 515 1189 585 qui
1225 514 1583 568 dilectionem
1629 511 1832 566 Christi
1879 510 2094 581 perﬁda

469 609 816 663 dissensione
872 607 1121 663 violavit.
1169 607 1274 671 Qui
1325 605 1661 661 eharitatein
1717 622 1831 659 nou
1883 603 2089 669 habet,

469 706 649 758 Deum
675 718 789 757 non
828 701 1020 756 habet.
1058 700 1288 755 Joannis
1336 700 1487 754 beati
1525 698 1764 769 apostoli
1806 714 1915 753 vox
1962 700 2088 751 est:

469 799 629 858 Deus,
655 795 858 866 inquit,
897 795 1113 849 dilectio
1136 798 1237 858 est;
1270 799 1319 848 et
1347 796 1444 863 qui
1476 797 1659 847 manet
1691 794 1749 846 in
1786 791 2090 858 dilectione,

468 892 530 944 in
574 892 680 944 Deo
711 892 893 943 manet
918 888 963 922 ατ
997 893 1048 942 et
1095 890 1232 943 Deus
1278 889 1335 941 in
1385 887 1480 941 illo
1528 886 1772 955 manet(l
1801 886 2090 951 Joan.,1v,

474 981 583 1051 16).
614 982 754 1037 Cum
783 981 896 1036 Deo
929 996 1164 1035 manere
1192 996 1305 1034 non
1344 982 1586 1050 possunt
1620 978 1717 1049 qui
1747 993 1865 1032 esse
1900 977 1960 1031 in
1986 976 2089 1030 Ec-

470 1074 639 1129 clesia
673 1074 768 1129 Dei
795 1073 1089 1128 unanimes
1117 1072 1443 1127 noluerunt.
1483 1071 1733 1126 Ardeant
1759 1070 1888 1124 licet
1924 1069 2088 1124 ﬂam-

470 1167 577 1221 mis
603 1172 659 1222 et
683 1165 915 1238 ignibus
935 1165 1129 1221 traditi
1158 1166 1245 1219 vel
1274 1165 1477 1236 objecti
1507 1164 1701 1219 bestiis
1725 1163 1943 1218 animas
1966 1179 2091 1217 suas

469 1264 700 1330 ponant,
726 1276 840 1314 non
863 1258 1080 1313 eritilla
1100 1257 1234 1312 ﬁdei
1253 1274 1481 1325 corona,
1501 1257 1595 1312 sed
1620 1273 1789 1329 poena
1806 1256 2088 1328 perfidia;

469 1368 572 1407 nec
601 1352 883 1423 religiosae
909 1351 1130 1409 virtutis
1158 1350 1342 1405 exitus
1372 1350 1667 1421 gloriosus,
1697 1350 1795 1403 sed
1823 1351 2088 1421 despera-

468 1446 638 1501 tionis
668 1445 944 1500 interitus.
972 1444 1156 1499 Occidi
1182 1444 1305 1498 talis
1332 1447 1533 1515 potest,
1565 1441 1821 1497 coronari
1853 1459 1969 1497 non
1996 1458 2091 1513 po-

466 1543 595 1611 test.
628 1537 714 1594 Sic
740 1554 799 1591 se
838 1537 1214 1593 Christianum
1250 1553 1371 1593 esse
1398 1536 1696 1609 profitetur
1724 1536 2007 1606 quomodo
2037 1542 2092 1590 et

467 1632 753 1687 Christum
776 1630 1031 1686 diabolus
1052 1646 1199 1701 saepe
1221 1630 1515 1696 mentitur,
1541 1631 1662 1700 ipso
1684 1629 1928 1684 Domino
1951 1644 2104 1700 prae--

464 1730 737 1782 monente
766 1730 823 1779 et
852 1724 1098 1778 dicente:
1129 1725 1292 1778 Multi
1312 1726 1525 1778 venient
1551 1725 1611 1776 in
1635 1725 1845 1778 nomine
1874 1737 1986 1777 meo
2013 1723 2093 1776 di-

2195 517 2309 564 tute
2339 514 2452 564 tua.
2484 513 2590 565 Hoc
2620 515 2698 564 est
2721 512 2961 580 primum
2989 509 3340 572 mandatum;
3365 514 3411 561 et
3441 510 3705 564 secundum
3725 516 3785 565 si-

2190 609 2316 663 mile
2341 609 2462 662 huic
2491 623 2503 661 :
2538 609 2741 676 Diliges
2770 609 3080 676 proximum
3106 612 3261 660 tuum
3288 610 3550 673 tamquam
3575 612 3619 659 te
3643 607 3703 660 7°.
3728 611 3785 661 In

2192 702 2274 756 his
2285 701 2490 756 duobus
2498 703 2782 770 praeceptis
2799 705 2911 755 tota
2928 701 3014 755 lea:
3030 700 3227 769 pendet
3248 705 3297 753 et
3310 700 3572 769 propheta:
3591 700 3781 769 (Marc,

2191 811 2286 860 xu,
2336 795 2546 864 29-3l).
2594 794 2884 847 Unitatem
2930 793 3102 847 simul
3141 798 3200 847 et
3240 792 3585 847 dilectionem
3618 792 3784 866 512

2192 887 2521 958 magisterio
2559 902 2660 941 suo
2704 886 2918 954 docuit,
2964 886 3275 957 prophetas
3317 901 3511 940 omnes
3538 891 3590 941 et
3619 888 3785 958 legem

2190 980 2487 1052 praeceptis
2535 979 2756 1033 duobus
2813 979 3062 1034 inclusit.
3122 980 3303 1044 Quam
3356 994 3485 1032 vero
3533 979 3784 1036 unitatem

2191 1077 2394 1143 servat,
2427 1088 2598 1144 quam
2634 1072 2998 1128 dilectionem
3029 1072 3275 1128 custodit
3309 1076 3406 1126 aut
3438 1073 3655 1142 cogitat,
3681 1074 3782 1145 qui,

2191 1166 2482 1221 discordias
2518 1167 2714 1221 furore
2752 1182 3010 1232 vesanus,
3041 1165 3347 1221 Ecclesiam
3389 1166 3598 1232 scindit,
3633 1167 3781 1221 ﬁdem

2191 1259 2449 1328 destruit,
2484 1275 2683 1330 pacem
2712 1259 2923 1327 turbat,
2964 1260 3300 1314 charitatem
3344 1258 3592 1329 dissipat,
3618 1276 3784 1315 sacra-

2191 1358 2451 1408 mentum
2483 1353 2744 1423 proi'anat
2760 1353 2787 1406 ?

2262 1448 2389 1501 XVI.
2434 1446 2634 1502 Malum
2688 1446 2814 1511 hoc,
2877 1444 3194 1499 ﬁdelissimi
3252 1446 3356 1513 (43)
3424 1446 3631 1512 fratres,
3684 1447 3787 1516 jam

2192 1539 2412 1610 pridem
2472 1542 2747 1609 coeperat;
2804 1538 2899 1593 sed
2952 1555 3102 1593 nunc
3156 1539 3333 1593 crevit
3383 1539 3625 1609 ejusdem
3671 1539 3786 1594 mali

2190 1633 2391 1687 infesta
2422 1632 2625 1699 clades,
2657 1635 2713 1685 et
2744 1647 3047 1701 exsurgere
3088 1648 3152 1685 ac
3179 1632 3457 1703 pullulare
3488 1634 3606 1702 plus
3641 1633 3789 1703 coepit

2194 1726 2472 1781 haeretica:
2503 1725 2887 1796 perversitatis
2919 1730 2970 1779 et
3002 1725 3374 1780 schismatum
3402 1732 3663 1780 venenata
3685 1742 3790 1797 per-

465 1826 657 1883 centes,
702 1821 813 1888 Ego
852 1833 970 1873 sum
1016 1817 1276 1882 Christus,
1315 1822 1363 1871 et
1394 1817 1588 1871 multos
1634 1817 1833 1883 fallent
1876 1818 2089 1887 (Marc,
2112 1791 2169 1864 B
2193 1818 2385 1889 uicies,
2414 1791 2549 1890 quia
2579 1824 2637 1873 et
2661 1818 2737 1873 sic
2763 1819 2821 1872 in
2862 1834 3066 1873 occasu
3102 1818 3307 1873 mundi
3345 1818 3464 1874 ﬁeri
3504 1791 3786 1889 oportebat,

467 1927 583 1979 xm,
616 1912 691 1980 6).
720 1911 874 1966 Sicut
919 1910 1011 1964 ille
1044 1909 1297 1966 Christus
1335 1925 1452 1964 non
1494 1914 1596 1978 est,
1630 1907 1893 1979 quamvis
1932 1908 2094 1963 fallat
2195 1912 2609 1984 prmuuntiante
2642 1928 2745 1983 per
2781 1911 3111 1982 Apostolum
3136 1911 3301 1967 nobis
3340 1916 3397 1966 et
3436 1917 3788 1983 praemonente

466 2006 525 2060 in
569 2004 804 2060 nomine
825 2046 839 2066 ,
876 2003 958 2058 ita
997 2019 1105 2057 nec
1143 2002 1497 2060 Christianus
1539 2001 1718 2056 videri
1762 2004 1947 2073 potest
1991 2002 2089 2073 qui
2191 2006 2395 2077 Spiritu
2429 2011 2619 2061 sancto
2650 2022 2663 2060 :
2695 2009 2758 2062 In
2782 2007 3104 2068 novissimis,
3135 2004 3343 2077 inquit,
3375 2007 3556 2061 diebus
3582 2005 3788 2061 aderunt

462 2115 577 2154 non
606 2100 905 2169 permanet
928 2096 987 2152 in
1016 2095 1299 2168 Evangelii
1328 2097 1450 2167 ejus
1481 2098 1541 2150 et
1561 2095 1696 2150 fidei
1721 2095 1982 2151 veritate.

535 2194 639 2248 XV.
682 2194 820 2247 Nam
850 2196 908 2247 et
938 2190 1283 2262 prophetare
1314 2194 1370 2245 et
1395 2189 1676 2244 daemonia
1704 2189 2002 2244 excludere
2042 2190 2090 2224 ⁸⁸

466 2294 523 2343 at
562 2286 799 2341 virtutes
845 2301 1079 2356 magnas
1122 2284 1179 2338 in
1228 2283 1395 2338 terris
1435 2283 1622 2338 facere
1675 2282 1781 2352 (42)
1834 2282 2091 2338 sublimis

465 2382 662 2453 utique
718 2386 773 2434 et
829 2377 1178 2433 admirabilis
1229 2392 1320 2433 res
1372 2380 1487 2447 est,
1544 2392 1662 2432 non
1712 2380 1902 2432 tamen
1954 2393 2087 2448 reg-

462 2490 603 2530 num
648 2473 873 2528 coaleste
904 2470 1270 2543 consequitur
1299 2470 1555 2542 quisquis
1596 2472 1655 2526 in
1698 2471 1783 2525 his
1824 2470 2091 2525 omnibus

464 2565 782 2636 invenitur,
826 2565 933 2620 nisi
978 2564 1116 2619 recti
1158 2568 1215 2620 et
1250 2563 1390 2636 justi
1434 2563 1658 2619 itineris
1701 2563 2089 2619 observatione

464 2660 772 2733 gradiatur.
809 2659 1115 2714 Denuntiat
1148 2657 1428 2714 Dominus
1465 2664 1524 2713 et
1555 2658 1734 2713 dicit:
1766 2658 1934 2713 Multi
1958 2658 2092 2713 mihi

463 2757 641 2810 dicent
688 2756 747 2808 in
792 2754 888 2807 illo
931 2753 1061 2808 die:
1095 2754 1339 2811 Domine.
1385 2754 1627 2814 Domine,
1675 2767 1853 2806 nonne
1898 2754 1955 2806 in
2001 2756 2090 2806 tuo

460 2846 669 2900 nomine
709 2843 1179 2913 prophetavimus,
1226 2848 1277 2896 et
1324 2843 1385 2895 in
1425 2846 1514 2896 tuo
1562 2844 1777 2897 nomine
1823 2842 2090 2896 damento

461 2939 800 2999 emlusimus,
825 2942 875 2991 et
894 2938 951 2989 in
978 2938 1192 2991 nomine
1222 2942 1311 2991 tuo
1330 2938 1555 2991 virtutes
1572 2951 1802 3005 magnas
1824 2936 2092 3004 fecimus?

460 3036 531 3089 Et
566 3036 691 3087 tunc
718 3032 895 3086 dicam
923 3030 1034 3085 illis
1065 3046 1078 3083 :
1112 3032 1417 3099 Numquam
1451 3044 1542 3084 vos
1580 3032 1833 3100 cognovi;
1863 3029 2090 3085 receditc

2195 2104 2435 2170 tempora
2460 2100 2706 2163 molesta,
2746 2107 2797 2155 et
2832 2105 2989 2155 erunt
3025 2100 3260 2155 homines
3294 2100 3399 2154 sibi
3419 2100 3692 2170 placentes,
3710 2113 3786 2154 su-

2183 2194 2361 2263 perbi,
2398 2194 2613 2256 tumidi,
2657 2194 2861 2265 cupidi,
2913 2194 3230 2265 blasphemi,
3271 2194 3593 2264 parentibus
3628 2193 3789 2247 inobe-

2191 2286 2396 2342 dientes
2421 2286 2558 2357 (44),
2579 2289 2810 2356 ingrati,
2832 2289 2992 2357 impii
2998 2328 3011 2349 ,
3029 2289 3146 2342 sine
3165 2287 3384 2356 affectu,
3403 2289 3515 2342 sine
3527 2286 3710 2354 {cedere
3727 2286 3788 2346 7‘.

2190 2381 2477 2443 delatores,
2504 2382 2910 2442 incontinentes,
2934 2382 3187 2443 immites,
3211 2380 3408 2435 bonum
3436 2396 3537 2435 non
3557 2384 3788 2444 amantes,

2183 2474 2518 2544 proditores,
2568 2489 2852 2544 procaces,
2902 2478 3119 2544 stupore
3164 2476 3349 2542 inﬂati
3399 2473 3475 2543 ⁷³,
3521 2474 3791 2544 voluptates

2188 2569 2361 2634 magis
2406 2583 2571 2637 quam
2616 2569 2782 2622 Deum
2826 2567 3130 2636 diligentes,
3174 2568 3426 2622 habentes
3471 2566 3789 2634 deformatio-

2190 2674 2310 2714 nem
2348 2660 2653 2730 religionis,
2700 2663 2960 2715 virtutem
2998 2665 3176 2715 autem
3212 2660 3325 2729 ejus
3359 2661 3692 2730 abnegantes.
3720 2660 3792 2714 Ec

2190 2755 2257 2808 iis
2277 2757 2406 2808 sunt
2431 2756 2528 2823 qui
2550 2758 2744 2823 repunt
2762 2756 2820 2807 in
2838 2753 3038 2821 domos,
3058 2759 3109 2808 et
3128 2754 3458 2825 pradantur
3481 2753 3790 2808 mulierculas

2189 2852 2442 2902 oneratas
2465 2849 2715 2917 peccatis,
2738 2863 2857 2917 quae
2874 2849 3153 2903 ducuntur
3176 2850 3348 2903 variis
3374 2848 3662 2909 desideriis,
3679 2861 3791 2902 sem-

2184 2957 2285 3011 per
2309 2942 2569 2996 discentes
2596 2947 2645 2996 et
2677 2957 2973 3011 numquam
3002 2942 3079 2996 ad
3113 2944 3397 2997 scientiam
3432 2942 3663 2996 veritatis
3686 2954 3791 3010 per-

2187 3037 2475 3090 venientes.
2508 3036 2579 3089 Et
2602 3035 2863 3105 quomodo
2893 3039 3111 3091 Jamnes
3137 3041 3189 3090 et
3216 3037 3485 3091 Mambres
3509 3037 3792 3089 restiterunt

462 3143 496 3180 a
523 3142 625 3194 me,
670 3128 768 3195 qui
803 3125 1106 3194 operamini
1133 3123 1179 3157 θθ
1218 3124 1564 3192 iniquitatem
1600 3124 1837 3190 (Matth.,
1871 3139 1962 3190 vn,
1996 3126 2085 3189 22,
2109 3163 2164 3238 C
2189 3130 2383 3198 Moysi,
2415 3131 2490 3183 sic
2535 3133 2585 3184 et
2621 3129 2678 3183 hi
2710 3131 2967 3184 resistunt
3000 3130 3225 3183 ueritati
3260 3129 3390 3199 (45),
3433 3129 3525 3183 sed
3554 3143 3655 3183 non
3682 3142 3791 3198 pro-

462 3220 546 3238 nn\
605 3218 807 3238 I.A_Ati2-
850 3234 980 3238 -_-__
1011 3221 1083 3238 --Α
1118 3219 1179 3238 --ι
1207 3216 1524 3238 ..μΑ-.-μ-..ἷ
1564 3215 1681 3238 ---3-
1713 3216 1885 3238 ----ζι
1910 3216 2083 3238 ﬁ---“
2199 3225 2224 3238 η
2264 3224 2275 3235 ο
2348 3227 2361 3238 ι
2400 3223 2445 3238 an
2524 3223 2538 3238 ι
2621 3225 2631 3235 ο
2838 3225 2862 3238 τ
3022 3224 3080 3238 -.-
3222 3224 3231 3234 ι
3659 3223 3787 3238 emus-

458 3220 572 3290 28).
598 3218 816 3274 Iustitia
842 3234 984 3289 opus
1006 3221 1086 3272 est
1118 3219 1185 3271 ut
1207 3216 1526 3288 promereri
1559 3215 1685 3288 quis
1713 3216 1888 3286 possit
1910 3216 2089 3271 Deum
2112 3215 2164 3238 ν
2188 3224 2362 3292 ﬁcient
2400 3223 2447 3255 ⁷³
2471 3223 2797 3292 plurimum.
2832 3224 3113 3292 Imperitia
3143 3224 3285 3277 enim
3325 3238 3501 3278 eorum
3534 3223 3789 3289 manifesta

452 3312 700 3384 judicem
729 3328 741 3365 :
771 3310 1065 3383 praeceptis
1092 3310 1212 3380 ejus
1236 3315 1293 3365 et
1321 3308 1554 3365 monitis
1575 3309 2083 3380 obtemperandum
2189 3317 2290 3369 erit
2317 3316 2576 3378 omnibus,
2605 3317 2741 3370 sicut
2780 3321 2831 3370 et
2857 3316 3076 3370 morum
3104 3316 3215 3382 fui:
3255 3314 3325 3387 (η
3367 3319 3523 3380 Tim"
3564 3331 3639 3385 ιη,
3668 3312 3786 3382 1.9),

460 3411 564 3473 est,
595 3410 659 3460 ut
685 3404 965 3475 accipiant
991 3404 1197 3458 merita
1223 3408 1412 3457 nostra
1434 3402 1781 3458 mercedem.
1814 3403 2087 3457 Dominus
2187 3405 2587 3476 Adimplentur
2617 3420 2988 3476 quaecumque
3029 3404 3299 3475 praedicta
3336 3411 3488 3475 sunt,
3519 3409 3573 3460 et
3602 3418 3785 3475 appro-

459 3498 518 3553 in
540 3496 841 3567 Evangelia
859 3512 982 3564 suo,
1004 3512 1134 3551 cum
1161 3495 1284 3567 spei
1309 3499 1365 3550 et
1391 3495 1521 3550 ﬁdei
1542 3501 1750 3551 nostra:
1772 3496 1917 3550 viam
1937 3512 2087 3551 com-
2186 3497 2505 3570 pinquante
2553 3498 2677 3568 jam
2724 3498 2913 3554 saeculi
2963 3498 3098 3567 fine,
3153 3498 3456 3555 hominum
3505 3498 3699 3570 pariter
3735 3510 3787 3550 ac

459 3591 667 3664 pendio
691 3590 986 3646 breviante
1015 3589 1291 3661 dirigeret
1320 3605 1332 3643 :
1366 3591 1617 3645 Dominus
1640 3592 1779 3646 Deus
1816 3596 1962 3658 tuus,
1994 3589 2083 3644 in-
2185 3596 2510 3663 temporum
2543 3592 2885 3662 probatione
2916 3593 2961 3626 η
3001 3597 3301 3649 venerunt.
3336 3593 3505 3664 Magis
3541 3609 3601 3647 ac
3628 3588 3788 3660 magis

460 3686 606 3758 quit,
628 3686 769 3741 Deus
796 3699 938 3739 unus
964 3688 1072 3749 est;
1097 3685 1190 3738 et:
1215 3683 1415 3751 Diliges
1435 3685 1720 3739 Dominum
1738 3686 1905 3739 Deum
1933 3689 2082 3739 tuum
2184 3684 2503 3740 adversario
2541 3685 2805 3761 saeviente
2844 3703 3003 3742 error
3030 3686 3190 3757 fallit,
3236 3687 3461 3743 extollit
3500 3692 3702 3757 stupor,
3731 3681 3786 3735 li-

1840 3818 2049 3883 Variae
2092 3818 2431 3884 lectiones.

520 3956 563 3991 ⁸⁷
589 3958 652 4007 In
681 3957 800 4008 Deo
825 3958 1031 4026 manet.
1065 3953 1210 4007 Cum
1236 3953 1352 4026 Deo
1381 3956 1521 4026 Pam.
1551 3956 1660 4026 1Αή.
1705 3956 1839 4005 Voss.
1866 3957 1910 4006 1.
1941 3956 2050 4005 N0.
2076 3957 2124 4006 2.
2190 3955 2235 3990 ⁵⁸
2256 3957 2557 4020 Expellere
2586 3958 2728 4008 Lam.
2753 3956 2906 4008 Etmr.
2932 3960 3043 4009 Lin.
3086 3958 3207 4009 Bod.
3247 3959 3296 4009 ἰ.
3363 3958 3406 3993 ⁶⁹
3434 3951 3788 4026 Opera‘bamipi

458 4029 566 4080 ΝΟ.
602 4030 647 4089 1,
678 4027 726 4077 2.
765 4026 903 4076 Pem.
942 4021 1076 4075 Voss.
1107 4026 1157 4076 2.
1189 4024 1310 4076 Thu.
1379 4023 1421 4057 7°
1451 4025 1529 4076 Te
1549 4025 1735 4090 ipsum
1764 4026 1906 4076 Pem.
1934 4027 2042 4076 Lm.
2080 4027 2211 4077 Voss.
2240 4028 2286 4079 3.
2357 4026 2397 4062 ⁷³
2425 4027 2559 4080 Sine
2588 4029 2966 4081 misericordia
3011 4030 3141 4079 Voss.
3172 4030 3219 4081 3.
3289 4029 3332 4062 ⁷⁸
3364 4021 3559 4085 Inﬂati,
3594 4021 3787 4088 superbi

458 4104 550 4151 Ar.
579 4098 877 4149 Ambitiosi
928 4097 1063 4146 Voss.
1096 4096 1141 4146 1.
1172 4096 1219 4147 3.
1287 4095 1328 4130 ⁷³
1355 4095 1604 4159 Veritati,
1635 4096 1735 4148 sed
1767 4110 1880 4147 non
1906 4096 2199 4162 proﬁcient
2226 4102 2316 4150 Ar.
2350 4099 2487 4149 Lam.
2528 4095 2678 4148 Ebor.
2726 4099 2831 4148 Lin.
2873 4099 2990 4149 Thu.
3027 4098 3161 4148 Foss.
3204 4099 3318 4150 Ben.
3358 4099 3465 4149 ΝΟ.
3508 4098 3550 4147 1.
3601 4096 3719 4143 Voss.
3745 4093 3784 4141 1.

463 4170 587 4222 Thu.
653 4168 695 4203 7‘
718 4167 1077 4218 Probaticnes
1117 4166 1226 4215 Ver.
1271 4167 1398 4216 Voss.
1431 4166 1481 4217 3.

1761 4282 1983 4366 Steph.
2034 4283 2277 4348 Baluzii
2322 4290 2516 4349 notas.

528 4425 623 4510 (41)
676 4425 1098 4510 Pertinet-quaen
1130 4427 1362 4510 poterat.
1397 4422 1652 4486 Plerique
1702 4422 1856 4510 libri“
1879 4428 2169 4510 veteresD
2195 4423 2507 4510 Darfntibus
2553 4425 2615 4510 in.
2659 4422 2798 4505 dicto
2840 4437 2949 4510 non.
2987 4424 3280 4510 audientes.
3320 4424 3441 4510 .Sex-
3479 4421 3600 4472 libri
3636 4414 3785 4510 pingi

459 4488 779 4565 prinierunt,
805 4495 877 4546 ad
920 4494 1183 4545 Christum
1222 4494 1487 4558 pertinere
1532 4507 1643 4542 non
1665 4496 1856 4556 poterit
1895 4495 1989 4557 qui
2012 4488 2247 4565 di-"et
2290 4494 2401 4545 duo
2453 4494 2745 4559 Anglicani
2808 4495 3107 4559 praeferunt
3168 4495 3512 4565 inaudicntes,
3555 4488 3783 4565 quidam.

458 4560 750 4619 lectionem.
797 4566 1151 4618 Retinuimus
1190 4579 1383 4616 eorum
1419 4566 1715 4616 lectionem
1769 4566 1864 4629 qui
1904 4565 2090 4630 plures
2189 4564 2543 4616 obaudientes.
2579 4565 2744 4630 Apud
2775 4566 3181 4616 Tertullianum
3206 4567 3263 4615 in
3287 4566 3428 4616 libro
3451 4564 3514 4614 de
3549 4560 3785 4612 Exhorta—

458 4654 692 4692 numero
722 4643 873 4689 sunt.
2188 4638 2326 4687 tione
2357 4637 2623 4689 Castitatis
2654 4637 2779 4703 lego
2822 4636 3236 4688 obaudientiam.
3270 4637 3410 4687 Vide
3450 4631 3782 4703 Gronovium.

523 4712 620 4773 (42)
685 4710 911 4760 Virtutes
964 4720 1187 4773 magnas
1235 4707 1426 4771 facere.
1470 4707 1611 4758 Vide
1667 4710 1824 4757 notas
1873 4711 2089 4757 nostras
2188 4720 2308 4772 cap.
2369 4710 2430 4759 H
2507 4698 2970 4760 Observationum
3039 4721 3264 4759 suarum
3325 4709 3382 4758 in
3463 4698 3783 4768 Scriptoribus

458 4782 527 4832 ad
568 4781 772 4832 librum
819 4780 1099 4845 Agobardi
1146 4779 1209 4830 de
1254 4777 1540 4842 Privilegio
1574 4784 1621 4828 et
1668 4778 1798 4827 Jure
1838 4779 2087 4829 sacerdo-
2187 4778 2581 4830 Eoclesiasticis.

459 4854 537 4904 tii.
879 4843 893 4845 “
2250 4850 2350 4912 (45)
2374 4851 2635 4901 Resistunt
2660 4850 2898 4901 veritati.
2936 4850 3130 4900 Postea
3170 4848 3391 4899 additur
3443 4848 3500 4898 in
3536 4843 3783 4912 additionq

518 4925 613 4989 (43)
664 4923 998 4975 ﬁdelissimi.
1033 4923 1112 4973 Ita
1158 4934 1354 4973 omnes
1408 4925 1623 4972 veteres
1666 4919 1954 4982 editiones,
2004 4921 2085 4971 vi-
2187 4907 2560 4984 qum'dicitur
2588 4920 2795 4982 Gravii,
2840 4920 3079 4970 Homines
3115 4920 3357 4984 corrupti
3393 4930 3561 4977 sensu,
3596 4907 3784 4976 reprobi

457 4997 593 5061 ginti
644 4995 770 5046 libri
816 4996 1007 5057 nostri,
1067 4997 1121 5044 et
1168 4998 1381 5058 septem
1416 4992 1729 5057 Anglicani.
1805 4990 2087 5043 Mamilius
2185 4991 2329 5041 circa
2360 4991 2529 5055 fidem.
2557 4991 2668 5044 Sed
2717 5004 2820 5057 ego
2872 4991 2966 5041 illa
3018 4991 3073 5042 in
3121 4990 3276 5041 nullo
3317 5002 3510 5042 eorum
3562 4988 3782 5061 veterum

455 5057 639 5134 posuit
693 5064 1034 5117 dilectissimi.
1100 5063 1210 5116 Sed
1234 5057 1239 5058 ί
1266 5064 1413 5114 hanc
1467 5062 1761 5134 lectionem
1785 5075 1916 5134 iego
1972 5076 2087 5114 non
2184 5062 2585 5134 exemplarium
2628 5064 2807 5134 reperi
2848 5061 3052 5134 quibus
3088 5065 3245 5134 utor.
3273 5057 3687 5134 Desunt__e_tiam
3732 5057 3781 5134 in

456 5122 644 5189 inveni
678 5138 787 5187 nisi
834 5137 890 5185 in
926 5136 1106 5186 tribus
1141 5136 1389 5199 antiquis
1435 5133 1739 5185 codicibus.
1780 5122 1875 5183 Εἴ
1897 5138 2084 5185 tamen
2186 5122 2524 5198 quibusdam
2571 5122 2892 5197 Anglicanis
2936 5136 2992 5183 et
3028 5133 3084 5182 in
3138 5132 3383 5196 antiquis
3441 5122 3779 5199 editionibusj

457 5208 736 5259 Pamellus
786 5220 908 5256 eam
955 5206 1199 5267 retinuit,
1246 5192 1363 5255 tum
1414 5205 1544 5269 quia
1582 5204 1734 5254 illam
1778 5205 1987 5255 invenit
2027 5206 2083 5255 in
2182 5192 2360 5270 eaque
2389 5192 2761 5257 desiderarim
2790 5192 3444 5269 manuscriptis,exeepto
3475 5192 3781 5272 Coloniensi!

455 5281 705 5343 margine
751 5277 1007 5328 editionis
1052 5261 1641 5341 qumdicitufGravii
1697 5279 1753 5326 et
1798 5276 1855 5325 in
1893 5275 2085 5328 codice
2183 5281 2237 5327 et
2262 5261 2318 5326 in
2348 5278 2571 5328 excusis
2600 5275 2863 5327 omnibus
2906 5261 3138 5326 testatur
3183 5261 3476 5334 Pamelius,
3512 5261 3781 5343 quiafldii

455 5333 908 5409 Caulberonensi,
961 5333 1087 5398 tum
1139 5348 1306 5398 etiam
1353 5349 1483 5412 quia
1536 5360 1731 5397 vocem
1795 5346 2085 5410 ﬁdelissimi
2184 5360 2248 5398 ea
2272 5348 2449 5397 omitti
2477 5346 2726 5411 potuisse
2756 5346 3105 5410 aCypriano.
3149 5344 3280 5395 Scio
3312 5357 3445 5393 sane
3490 5333 3581 5412 illa
3615 5333 3782 5412 haberi

453 5422 795 5487 incognitam
822 5408 943 5470 esse
978 5420 1055 5469 ait
1084 5408 1389 5483 Cypriane.—
1418 5417 1582 5482 Quod
1607 5408 1802 5469 verum
1835 5431 1947 5468 non
1980 5422 2081 5467 est.
2182 5420 2240 5468 in
2265 5408 2513 5482 Epistola
2548 5418 2792 5468 secunda
2839 5408 2993 5466 Pauli
3038 5417 3109 5467 ad
3155 5415 3491 5465 Timotheum.
3535 5408 3639 5487 Sed
3669 5414 3780 5487 _n0}1

454 5474 673 5557 Quippe
700 5492 755 5541 in
796 5490 1052 5555 pluribus
1086 5474 1334 5554 antiquis
1376 5474 1787 5554 examplaribus
1816 5490 2082 5553 scriptum
2181 5474 2563 5540 ideo-necesse
2602 5494 2682 5538 est
2724 5491 2786 5539 ut
2827 5491 3103 5552 ponantur
3145 5489 3201 5537 in
3237 5489 3496 5537 contextu
3526 5474 3779 5557 Cypriani»

453 5548 509 5614 in
538 5548 956 5627 pluribus-locis
982 5548 1348 5611 animadverti
1383 5548 1676 5623 ﬁdelissimi
1708 5573 1807 5625 pro
1835 5573 1902 5612 eo
1927 5548 2083 5624 quod
2180 5575 2309 5612 cum
2333 5574 2445 5611 non
2481 5564 2703 5611 exstent
2727 5561 2782 5609 in
2811 5548 3052 5624 antiquis
3102 5558 3512 5624 exemplaribus
3545 5548 3779 5627 lucebit

2179 5632 2393 5682 tionum
2427 5634 2560 5695 ejus.
2598 5632 2794 5697 Neque
2824 5621 2973 5683 enim
3003 5630 3098 5681 ille
3121 5621 3338 5695 semper
3377 5624 3629 5679 describit
3657 5621 3778 5697 inte-

2178 5716 2273 5766 gra
2298 5704 2419 5753 loca
2448 5690 2576 5766 quas
2607 5690 2806 5767 accipit
2827 5716 2897 5753 ex
2928 5702 3192 5766 Epistolis
3241 5690 3406 5761 Dauli,
3437 5703 3490 5750 et
3522 5690 3775 5747 interdum

2178 5774 2436 5838 quaedam
2478 5773 2629 5823 addit
2679 5788 2804 5838 quae
2848 5774 2903 5824 in
2940 5774 3049 5824 illis
3082 5787 3195 5825 non
3238 5775 3471 5832 exstant,
3516 5770 3572 5818 ut
3632 5772 3777 5829 supra

2178 5846 2531 5899 observatum
2560 5849 2660 5896 est.

452 5635 509 5685 in
534 5633 656 5683 aliis
676 5632 878 5696 legitur
906 5630 1249 5683 dilectissimi.

512 5706 614 5767 (14)
686 5703 997 5753 Parentibus
1066 5702 1434 5754 inobedientes.
1482 5703 1671 5755 Codex
1744 5704 2012 5755 Thuanus
2066 5718 2077 5753 :

452 5775 761 5827 Parentibus
818 5775 875 5823 in
924 5775 1062 5825 dicto
1112 5774 1477 5825 inohedientes.
1536 5777 1612 5825 Ita
1664 5777 1831 5825 etiam
1903 5776 2077 5826 codex

448 5847 640 5911 Sancti
665 5845 941 5912 Arnulphi
967 5851 1021 5898 et
1053 5846 1429 5897 Carnotensis.
1462 5847 1535 5896 At
1568 5847 1867 5897 Beccensis
1890 5846 2075 5909 habet,
