3978 6194
201 234 281 287 529
1303 234 1500 291 LIBER
1541 232 1631 289 DE
1667 232 1951 289 UNITATE
1990 233 2346 290 ECCLESIIE.

3397 232 3502 289 530

198 372 280 411 vor
302 352 553 421 incendit,
586 353 877 425 cupiditas
905 358 1170 424 excmcat,
1201 355 1477 429 depravat
1501 357 1782 429 impietas,
1807 367 1865 440 Α
1957 356 2134 413 XVIII.
2178 357 2264 411 Sic
2307 354 2487 412 Chore
2534 362 2591 410 et
2642 356 2858 412 Dathan
2895 358 2952 411 et
2997 353 3232 423 Abiron,
3262 354 3362 427 qui
3401 354 3505 410 sibi

198 448 425 520 superbia
449 446 625 511 inﬂat,
658 448 943 504 discordia
969 456 1290 521 exasperat,
1321 452 1406 506 ira
1446 451 1783 523 praecipitat.

253 542 392 598 XVII.
435 541 552 595 Non
585 546 777 597 tamen
825 559 928 597 nos
967 549 1192 598 moveat
1227 550 1324 599 aut
1361 544 1550 600 turbet
1579 545 1787 600 multo-

196 651 304 691 rum
331 634 502 689 nimia
530 638 586 689 et
609 635 855 707 abrupta
882 637 927 672 ⁷⁸
956 637 1212 708 perﬁdia,
1261 638 1358 693 sed
1384 639 1573 709 potius
1613 638 1787 693 ﬁdem

195 733 434 795 nostram,
478 728 900 799 praenuntiante
943 731 1022 785 rei
1059 731 1319 797 veritate,
1356 731 1681 787 corroboret
1718 733 1786 787 ⁷⁸.

197 824 252 878 Ut
296 821 519 893 quidam
574 824 714 878 tales
767 838 883 880 esse
936 827 1246 895 cmperunt,
1300 824 1435 896 quia
1478 826 1600 881 haec
1655 830 1787 881 ante

195 915 433 989 praedicta
451 919 602 983 sunt,
617 916 692 970 ita
712 917 900 971 creteri
920 918 1127 973 fratres
1143 917 1213 973 ab
1234 918 1513 989 ejusmodi
1529 924 1786 990 caveant,

196 1010 307 1080 quia
335 1014 389 1063 et
411 1008 534 1063 haec
558 1012 689 1065 ante
713 1010 986 1081 praedicta
1018 1014 1171 1081 sunt,
1199 1012 1520 1068 instruente
1547 1013 1788 1068 Domino

195 1107 239 1157 et
268 1101 477 1157 dicente
508 1120 522 1156 :
558 1105 663 1159 Vos
708 1102 902 1176 513
953 1108 1132 1160 autem
1176 1112 1378 1168 cavete,
1423 1122 1533 1162 ecce
1550 1107 1791 1178 praedici

192 1196 314 1250 vobis
355 1198 536 1250 omnia
579 1196 793 1268 (Mare,
857 1214 952 1267 xn,
1006 1200 1115 1268 23).
1167 1182 1368 1266 Vitate,
1419 1216 1613 1272 quasso
1664 1218 1784 1268 vos,

192 1289 386 1353 fratres,
416 1289 693 1359 ejusmodi
719 1291 1005 1360 homines,
1034 1295 1091 1346 et
1134 1309 1168 1347 a
1212 1294 1390 1348 latere
1436 1297 1606 1365 atque
1634 1295 1783 1349 auri-

190 1382 275 1436 bus
310 1382 503 1436 vestris
549 1382 871 1453 perniciosa
912 1384 1198 1457 colloquia
1246 1386 1404 1441 velut
1457 1388 1786 1459 contagium

189 1475 361 1530 mortis
380 1482 594 1545 arcete,
636 1477 779 1531 sicut
820 1478 1095 1550 scriptum
1141 1483 1227 1534 est
1268 1483 1439 1552 :Sepi
1474 1497 1632 1537 aures
1663 1488 1786 1537 tuas

186 1571 349 1638 spinis,
374 1574 424 1624 et
446 1570 560 1625 noli
596 1571 790 1626 audire
814 1572 1058 1643 linguam
1098 1590 1327 1644 nequam
1354 1576 1566 1645 (Eceli.,
1594 1590 1781 1643 xxvm,

186 1662 278 1729 28).
317 1663 380 1716 Et
405 1663 618 1718 iterum
676 1687 686 1718 :
742 1665 1109 1735 Corrumpunt
1155 1669 1377 1737 ingenia
1424 1670 1561 1723 bona
1599 1672 1785 1737 confa-

1891 453 2082 504 contra
2133 451 2361 521 Moysen
2402 452 2459 504 et
2516 451 2702 504 Aaron
2750 453 3098 504 sacerdotem
3154 448 3514 504 sacrificandi

1889 544 2177 599 licentiam
2222 543 2509 598 vindicare
2556 543 2739 597 conati
2794 550 2944 608 sunt,
2992 559 3184 613 poenas
3238 557 3342 614 pro
3398 541 3512 595 suis

1890 638 2082 693 statim
2139 637 2432 692 conatibus
2492 634 2889 707 pependerunt
2956 637 3174 705 (Num.
3230 652 3339 702 xvn,
3400 634 3510 702 27).

1889 732 2076 798 Terra,
2105 731 2473 802 compagibus
2500 729 2703 800 ruptis,
2732 728 2791 784 in
2820 728 3170 801 profundum
3200 729 3386 784 sinum
3417 744 3513 799 pa-

1889 825 2014 893 tuit,
2055 829 2268 880 stantes
2310 831 2481 896 atque
2533 823 2784 877 viventes
2825 822 3136 877 recedentis
3178 823 3280 877 soli
3320 822 3511 876 hiatus

1889 917 2197 974 absorbuit.
2246 919 2357 973 Nec
2412 920 2635 972 tantum
2693 932 2791 973 eos
2835 916 2933 987 qui
2985 919 3240 970 auctores
3287 915 3511 971 fuerant

1891 1012 1992 1066 Dei
2021 1011 2372 1083 indignantis
2396 1011 2477 1065 ira
2507 1008 2804 1082 percussit,
2826 1008 2921 1065 sed
2949 1014 3007 1063 et
3038 1013 3271 1063 cieteros
3298 1009 3509 1063 ducen-

1889 1109 1974 1160 tos
2022 1104 2440 1177 quinquaginta
2514 1103 2818 1175 participes
2874 1102 3125 1173 ejusdem
3198 1101 3406 1156 furoris
3460 1106 3514 1155 et

1888 1199 2139 1266 comites,
2170 1199 2267 1270 qui
2299 1198 2572 1268 coagulati
2604 1213 2734 1252 cum
2762 1196 2961 1251 iisdem
3007 1195 3177 1250 simul
3216 1194 3407 1266 514
3435 1194 3507 1248 ad

1888 1292 2189 1347 audaciam
2216 1292 2466 1359 fuerant,
2490 1291 2689 1346 exiens
2709 1307 2743 1345 a
2764 1290 3007 1345 Domino
3035 1288 3185 1360 ignis
3206 1293 3510 1359 properata

1883 1386 2098 1443 ultione
2124 1384 2491 1457 consumpsit,
2526 1384 2841 1440 admonens
2877 1383 3087 1438 scilicet
3115 1385 3174 1441 et
3204 1381 3513 1437 ostendens

1886 1485 2082 1536 contra
2108 1482 2285 1535 Deum
2312 1478 2434 1533 ﬁeri
2463 1478 2739 1550 quidquid
2768 1477 3012 1549 improbi
3054 1474 3270 1531 fuerint
3304 1474 3373 1530 ad
3408 1475 3509 1530 de-

1887 1574 2218 1629 struendam
2272 1572 2688 1628 ordinationem
2750 1571 2843 1626 Dei
2920 1570 3170 1625 humana
3221 1569 3510 1624 voluntate

1886 1665 2092 1723 conati.
2144 1666 2231 1722 Sic
2266 1671 2321 1721 et
2372 1665 2531 1721 Ozias
2585 1681 2707 1733 rex,
2736 1680 2867 1719 cum
2917 1663 3272 1719 thuribulum
3318 1662 3509 1716 ferens

188 1758 461 1811 bulationes
484 1760 728 1828 pessimae
753 1759 794 1830 (l
827 1734 983 1827 Con,
1003 1777 1095 1827 xv,
1125 1734 1235 1831 33):
1295 1762 1464 1818 Docet
1505 1734 1861 1818 DominusB
1886 1763 1951 1832 (ll
1985 1761 2208 1829 ,Paral.,
2243 1776 2387 1827 xxvi,
2430 1761 2534 1830 l9),
2576 1764 2633 1813 et
2675 1762 2872 1813 contra
2924 1757 3113 1828 legem
3158 1756 3254 1811 Dei
3295 1755 3507 1810 sacrifi-

188 1856 232 1904 et
274 1849 543 1906 admonet
589 1869 622 1905 a
652 1851 855 1907 talibus
898 1854 1305 1909 recedendum.
1353 1855 1492 1912 Caeci
1511 1864 1660 1924 sunt,
1700 1858 1782 1912 in-

184 1942 302 2015 quit,
354 1944 512 2001 duces
564 1961 840 2002 caecorum.
889 1946 1067 2003 Caecus
1110 1954 1291 2004 autem
1339 1965 1531 2006 caecum
1566 1952 1781 2015 ducens,

184 2038 319 2092 simul
349 2040 407 2093 in
446 2041 661 2106 foveam
696 2041 902 2096 cadunt
951 2043 1193 2113 (Matth.,
1239 2060 1331 2112 xv,
1361 2044 1469 2115 14).
1502 2046 1781 2100 Aversan-

184 2132 270 2187 dus
312 2137 394 2187 est
444 2134 575 2188 talis
614 2138 783 2206 atque
834 2135 1142 2206 fugiendus
1189 2137 1445 2209 quisquis
1482 2139 1658 2193 fuerit
1711 2140 1781 2193 ab

184 2226 401 2281 Ecclesia
474 2232 793 2298 separatus.
854 2232 1157 2285 Perversus
1203 2238 1287 2285 est
1345 2232 1673 2303 hujusmodi
1728 2237 1784 2288 et

182 2328 367 2389 peccat,
409 2328 465 2376 et
493 2327 582 2377 est
605 2338 639 2376 a
659 2324 965 2395 semetipso
1017 2324 1321 2379 damnatus
1372 2326 1481 2397 (46)
1509 2326 1669 2398 (Tit.,
1697 2344 1779 2396 ιιι,

187 2416 273 2479 ll).
301 2422 378 2468 An
406 2431 532 2470 esse
560 2416 664 2470 sibi
702 2432 830 2470 cum
868 2417 1089 2472 Christo
1130 2418 1350 2473 videtur
1378 2419 1473 2490 qui
1515 2420 1782 2475 adversus

181 2508 468 2563 sacerdotes
500 2509 706 2563 Christi
744 2510 894 2579 facit,
924 2512 1024 2582 qui
1071 2529 1131 2566 se
1181 2529 1213 2565 a
1258 2512 1396 2566 cleri
1429 2513 1538 2584 (47)
1572 2514 1694 2584 ejus
1724 2518 1782 2569 et

181 2600 331 2668 plebis
356 2602 626 2657 societate
659 2603 953 2657 secernit?
1001 2606 1173 2658 Arma
1219 2605 1313 2660 ille
1363 2611 1558 2661 contra
1587 2608 1777 2661 Eccle-

179 2693 295 2748 siam
337 2701 548 2766 portat,
599 2701 794 2751 contra
847 2697 949 2751 Dei
1002 2697 1427 2769 dispositionem
1476 2707 1776 2772 repugnat.

179 2786 334 2841 Hostis
360 2789 581 2856 altaris,
610 2790 877 2845 adversus
908 2791 1250 2847 sacriﬁcium
1281 2793 1487 2848 Christi
1528 2794 1776 2862 rebellis,

178 2896 263 2949 pro
289 2880 389 2936 ﬁde
421 2882 696 2954 perﬁdus,
728 2901 830 2955 pro
882 2885 1159 2956 religione
1198 2886 1510 2958 sacrilegus
1545 2888 1776 2943 inobse-

179 2989 332 3043 quens
375 2993 589 3045 servus,
624 2977 773 3031 filius
813 2978 1044 3049 impius,
1100 2979 1281 3034 frater
1331 2980 1614 3049 inimicus,
1646 2998 1779 3036 con-

1885 1855 2035 1910 cium
2064 1854 2167 1909 sibi
2198 1854 2474 1908 violenter
2500 1868 2815 1918 assumens,
2851 1850 3143 1906 resistente
3171 1848 3277 1903 sibi
3305 1849 3509 1903 Azaria

1883 1948 2196 2017 sacerdote,
2250 1946 2644 2017 obtemperare
2691 1944 2869 2000 nollet
2915 1948 2972 2012 et
3010 1943 3212 1998 cedere
3250 1941 3385 2013 (49),
3418 1941 3504 1995 di-

1886 2042 2013 2096 vina
2040 2041 2435 2113 indignatione
2492 2039 2757 2095 confusus
2808 2041 2865 2093 et
2908 2038 3081 2108 leprai
3135 2035 3405 2091 varietate
3448 2035 3507 2089 in

1882 2137 2073 2191 fronte
2117 2135 2435 2190 maculatus
2463 2137 2549 2188 est
2588 2134 2675 2203 (IV
2710 2135 2863 2202 Reg.,
2893 2130 2968 2200 v).
2995 2147 3057 2185 ea
3084 2133 3239 2202 parte
3258 2128 3510 2200 corporis

1881 2232 2107 2284 notatus
2162 2229 2378 2283 oﬂenso
2421 2227 2660 2282 Domino
2721 2225 2819 2280 ubi
2875 2224 3179 2295 signantur
3242 2223 3351 2293 (50)
3412 2222 3510 2293 qui

1884 2323 2187 2377 Dominum
2227 2325 2643 2393 promerentur.
2691 2320 2760 2373 Et
2810 2318 2909 2372 ﬁlii
2954 2320 3163 2383 Aaron,
3194 2316 3291 2387 qui
3321 2316 3505 2387 impo-

1881 2420 2121 2472 suerunt
2151 2416 2314 2470 altari
2341 2415 2535 2485 ignem
2564 2414 2840 2480 alienum,
2871 2427 3044 2483 quem
3072 2427 3186 2465 non
3214 2425 3505 2481 praecepe—

1882 2516 1967 2564 rat
2014 2509 2303 2574 Dominus,
2348 2508 2408 2562 in
2451 2510 2759 2578 conspectu
2794 2505 2985 2560 statim
3040 2503 3273 2559 Domini
3320 2502 3504 2557 vindi-

1879 2604 2060 2659 cantis
2086 2602 2347 2658 exstincti
2371 2605 2524 2656 sunt.

1950 2699 2076 2753 XIX.
2135 2696 2285 2760 Quos
2340 2694 2635 2750 imitantur
2702 2692 2914 2748 scilicet
2975 2698 3147 2764 atque
3216 2694 3505 2745 sectantur

1879 2795 1996 2865 qui,
2050 2793 2147 2846 Dei
2198 2791 2502 2845 traditione
2550 2792 2895 2860 contempta,
2942 2788 3155 2842 alienas
3216 2786 3506 2842 doctrinas

1878 2892 2151 2958 appetunt
2180 2889 2238 2939 et
2266 2883 2593 2955 magisteria
2632 2883 2899 2937 humanae
2940 2880 3309 2935 institutionis
3337 2880 3502 2933 indu-

1878 2986 2051 3048 cunt;
2087 2995 2231 3051 quos
2262 2978 2522 3049 increpat
2552 2976 2827 3031 Dominus
2859 2980 2915 3029 et
2943 2975 3209 3046 objurgat
3238 2973 3296 3028 in
3322 2974 3504 3027 Evan-

181 3069 381 3139 temptis
425 3070 706 3140 episcopis
765 3077 821 3125 et
876 3071 974 3126 Dei
1031 3072 1418 3127 sacerdotibus
1471 3073 1775 3143 derelictis,
1800 3098 1855 3173 Ο
1882 3074 2030 3146 gelio
2058 3090 2159 3127 suo
2201 3072 2436 3126 dicens:
2483 3071 2717 3140 Rejicitis
2756 3069 3080 3124 mandatum
3127 3069 3241 3129 Dei,
3294 3073 3357 3121 ut
3390 3073 3503 3121 tra-

181 3162 488 3217 constituere
521 3163 693 3218 audet
732 3163 883 3219 aliud
911 3165 1110 3235 altare,
1141 3182 1370 3236 precem
1397 3166 1640 3222 alteram
1669 3168 1775 3222 illi-

180 3252 279 3309 citis
302 3255 521 3311 vocibus
538 3257 755 3323 facere,
791 3258 1102 3314 Dominicaa
1130 3259 1328 3313 hostiae
1349 3260 1642 3315 veritatem
1676 3279 1779 3333 per

180 3346 296 3402 falsa
324 3349 592 3404 sacriﬁcia
636 3351 961 3420 profanare,
1012 3368 1119 3406 nec
1165 3353 1307 3407 scire
1354 3354 1462 3423 (48)
1505 3354 1774 3425 quoniam

178 3440 257 3509 qui
283 3449 470 3497 contra
493 3442 915 3498 ordinationem
944 3445 1041 3499 Dei
1082 3445 1301 3515 nititur,
1330 3446 1401 3499 ob
1446 3448 1777 3503 temeritatis

176 3534 462 3603 audaciam,
495 3536 688 3591 divina
720 3537 1210 3593 animadversione
1237 3539 1494 3609 punitur.

1880 3169 2136 3223 ditionem
2162 3171 2392 3221 vestram
2434 3166 2695 3220 statuatis
2732 3163 2949 3233 (Mare,
2984 3179 3074 3229 vn,
3104 3162 3176 3233 9).
3208 3162 3374 3232 Pejus
3399 3160 3505 3215 hoc

1879 3262 2096 3316 crimen
2139 3263 2225 3315 est
2267 3258 2377 3330 (Eii)
2434 3273 2606 3328 quam
2653 3256 2805 3328 quod
2853 3255 3142 3310 admisisse
3183 3254 3327 3325 lapsi
3354 3255 3399 3287 ⁷⁷
3430 3254 3507 3307 vi-

1879 3356 2131 3422 dentur;
2164 3353 2262 3425 qui
2288 3357 2481 3407 tamen
2524 3351 2581 3404 in
2626 3350 2960 3421 pmnitentia
3004 3348 3261 3403 criminis
3303 3348 3505 3402 consti-

1879 3449 1983 3503 tuti
2015 3449 2187 3502 Deum
2230 3445 2411 3517 plenis
2449 3442 2921 3499 satisfactionibus
2962 3443 3362 3514 deprecantur.
3404 3440 3504 3496 llic

1878 3540 2121 3598 Ecclesia
2163 3538 2438 3611 quaeritur
2476 3541 2530 3594 et
2570 3540 2820 3608 rogatur,
2853 3536 2965 3591 illic
2994 3536 3251 3591 Ecclesiae
3296 3550 3501 3607 repug-

1516 3676 1726 3743 Variae
1782 3680 2120 3744 lectiones.

225 3797 262 3829 ⁷⁵
288 3800 505 3851 Terreat
539 3802 674 3851 Voss.
704 3802 746 3850 I.
774 3800 820 3851 3.
856 3800 1037 3852 Ruina
1064 3805 1122 3852 et
1158 3801 1390 3867 obrupta
1428 3804 1535 3853 ΝΟ.
1573 3807 1624 3863 t,
1646 3806 1691 3855 3.
1759 3806 1803 3841 ⁷ο
1836 3807 2026 3857 Fidem
2074 3807 2318 3854 nostram
2356 3802 2691 3868 prasnovitas
2731 3801 3050 3851 corroboret
3075 3801 3195 3851 Ben.
3237 3800 3502 3852 Prmnun-

180 3869 301 3920 tiatxe
323 3872 397 3922 rei
428 3873 602 3921 Paris.
629 3871 729 3922 Rei
759 3872 1008 3935 veritate,
1036 3885 1122 3923 res
1146 3874 1263 3937 ipsa
1299 3874 1407 3923 Vat.
1436 3874 1483 3924 3.
1551 3873 1593 3907 ⁷⁷
1621 3876 1695 3927 Hi
1725 3879 1823 3942 qui
1850 3877 2299 3930 sacriﬁcaverunt
2326 3877 2459 3925 Pem.
2495 3874 2627 3922 Voss.
2663 3873 2709 3922 2.

1438 4038 1664 4121 Steph.
1698 4040 1945 4106 Baluzii
1978 4045 2174 4105 notae.

227 4175 310 4236 (ιϐ)
349 4178 386 4229 Δ
433 4176 707 4237 semetipso
747 4173 1050 4224 damnatus.
1085 4174 1147 4223 In
1187 4174 1383 4226 codice
1416 4176 1773 4240 Burgundico

174 4252 550 4312 consequenter
590 4243 809 4295 additur
838 4260 849 4292 :
884 4260 910 4288 ‹‹
936 4246 984 4294 A
1013 4246 1326 4309 semetipsis
1351 4245 1596 4297 damnati
1641 4252 1773 4298 sunt

175 4317 253 4376 qui
279 4330 333 4368 se
360 4318 427 4367 ab
468 4315 721 4367 Ecclesia
764 4313 970 4365 Christi
1010 4321 1282 4380 separant.
1318 4333 1347 4365 »
1381 4317 1453 4368 Et
1494 4332 1622 4368 mox
1648 4324 1773 4382 post

174 4382 275 4436 htec
314 4387 495 4449 verba,
541 4386 796 4437 adversus
835 4387 1127 4438 sacerdotes
1176 4388 1387 4450 Christi,
1418 4389 1772 4453 subjungitur

174 4455 220 4503 in
263 4458 444 4508 eodem
497 4458 671 4508 veteri
724 4455 958 4508 codice:
988 4473 1018 4505 α
1048 4457 1191 4508 Cum
1236 4458 1455 4509 Christo
1493 4473 1615 4511 esse
1654 4472 1767 4510 non

1872 4177 2018 4230 Sane
2067 4189 2170 4241 ego
2209 4175 2360 4225 illam
2406 4174 2462 4223 in
2509 4172 2667 4224 nullo
2710 4185 2901 4224 eorum
2932 4175 3182 4222 veterum
3221 4169 3501 4233 exempla-

1870 4250 2014 4299 rium
2062 4246 2269 4312 quibus
2311 4249 2438 4295 utor
2480 4245 2675 4308 reperi.
2727 4244 2894 4293 Deest
2957 4243 3121 4292 etiam
3183 4241 3240 4290 in
3287 4244 3499 4304 septem

1872 4318 2213 4384 Anglicanis,
2240 4321 2303 4367 ut
2327 4316 2559 4366 minime
2588 4312 2959 4365 dubitandum
2988 4314 3055 4363 sit
3081 4312 3217 4378 quin
3253 4312 3497 4376 expungi

1869 4389 2269 4521 άθᾶἓῗῑὸοάθνθ.
2307 4459 2491 4511 Editio
2526 4458 2844 4510 Manutiana
2880 4455 3049 4506 habet
3087 4454 3311 4505 credere.
3358 4454 3498 4516 Quae

174 4506 441 4578 videbitur”
467 4506 566 4592 qui
608 4506 811 4578 eontra
862 4506 1209 4578 sacerdotem
1250 4506 1767 4581 ’ξ
1789 4506 1847 4577 Ι)
1870 4506 2034 4582 lectio
2063 4506 2597 4595 ’eéé'ﬁbn’iii
2630 4506 2837 4578 Verum
2872 4541 3000 4578 cum
3048 4526 3140 4575 illa
3195 4538 3307 4574 non
3336 4506 3499 4573 inve-

175 4595 351 4648 Verum
387 4613 555 4650 nemo
592 4612 703 4649 non
732 4598 880 4648 videt
910 4599 1032 4650 hac
1075 4612 1199 4650 esse
1240 4614 1390 4651 mera
1438 4602 1770 4665 glossemata

175 4681 278 4730 qum
304 4684 365 4720 ex
400 4686 492 4721 ora
523 4671 649 4721 libri
675 4671 1012 4733 irrepserunt
1042 4671 1098 4719 in
1122 4674 1352 4720 textum.
1399 4670 1675 4721 Caeterum
1706 4685 1769 4721 ea

175 4738 219 4786 in
241 4741 382 4791 nullo
402 4743 512 4792 alio
538 4741 678 4791 libro
714 4741 1063 4803 reperiuntur
1093 4755 1262 4804 quam
1303 4742 1357 4790 in
1392 4743 1768 4806 Burgundico,

174 4814 219 4858 et
239 4813 371 4862 nulla
398 4814 570 4864 editio
599 4827 662 4863 ea
689 4812 873 4862 habet.
908 4811 1064 4862 Unde
1093 4812 1315 4861 interim
1350 4814 1629 4879 colligitur
1656 4827 1766 4863 non

174 4884 329 4932 statim
353 4883 731 4935 transferenda
763 4896 888 4934 esse
917 4884 973 4933 in
1005 4888 1219 4933 textum
1254 4897 1381 4947 quas
1426 4886 1482 4934 in
1523 4885 1768 4949 antiquis

173 4954 428 5007 codicibus
470 4957 822 5020 reperiuntur
856 4954 1058 5004 inserta
1094 4954 1580 5007 lucubrationibus
1614 4960 1766 5007 vete-

173 5037 274 5074 rum
304 5030 627 5091 scriptorum
671 5031 728 5077 et
767 5026 997 5077 decocto
1035 5024 1247 5087 judicio
1297 5027 1352 5075 in
1396 5027 1462 5077 iis
1494 5028 1766 5079 utendum

173 5107 289 5146 esse.
337 5099 473 5150 Vide
525 5099 907 5149 adnotationes
953 5098 1169 5147 Erasmi
1221 5098 1276 5148 in
1322 5104 1487 5161 caput
1543 5100 1764 5151 tertium

176 5163 402 5230 Epistolas
437 5170 590 5220 Pauli
619 5169 685 5218 ad
723 5170 907 5218 Titum.

223 5239 305 5299 (4η
334 5244 367 5289 Α
394 5240 535 5290 cleri.
573 5240 766 5291 Codex
803 5240 1154 5299 Veronensis,
1200 5238 1263 5287 ab
1300 5238 1531 5289 Ecclesia
1577 5241 1692 5303 ejus
1719 5245 1765 5291 et

174 5304 308 5368 plebe.
333 5310 718 5368 Lamonianus,
738 5311 832 5373 qui
861 5324 912 5358 se
934 5324 968 5359 a
996 5309 1198 5360 clericis
1226 5311 1340 5374 ejus
1368 5315 1416 5360 et
1442 5310 1605 5374 plebe.

225 5380 309 5441 με)
339 5383 435 5431 Nec
481 5384 631 5431 scire.
687 5381 822 5431 Haec
879 5381 1152 5443 scriptura
1195 5380 1431 5432 habetur
1481 5382 1537 5431 in
1587 5382 1763 5432 omni-

178 5443 264 5517 bus
307 5451 543 5513 antiquis
582 5450 869 5501 codicibus
915 5453 970 5499 et
1016 5448 1375 5514 editionibus,
1397 5452 1506 5501 nisi
1535 5452 1684 5517 quod
1710 5454 1763 5503 in

178 5516 341 5587 codice
389 5521 744 5585 Burgundico
791 5522 1057 5584 scriptum
1115 5526 1216 5582 est,
1264 5524 1433 5573 Nescit
1488 5516 1759 5587 quoniam.

180 5585 379 5644 Quidam
410 5607 557 5654 vero,
603 5593 699 5643 sed
748 5594 932 5657 pauci,
962 5606 1027 5641 ne
1072 5592 1223 5643 scire.
1273 5585 1551 5644 Manutius
1592 5595 1767 5645 edidit

180 5669 253 5726 nec
289 5662 531 5725 dignatur
580 5665 729 5716 scire.
781 5662 944 5726 Quod
994 5662 1065 5714 ab
1116 5678 1182 5715 eo
1235 5669 1383 5716 recte
1430 5667 1639 5719 factum
1689 5667 1764 5716 ait

185 5725 423 5782 Pamelios
467 5734 533 5784 ad
582 5725 866 5785 vitandum
914 5734 1277 5799 hyperbaton,
1320 5734 1625 5787 admonens
1676 5737 1762 5786 in-

182 5800 314 5851 terim
338 5817 519 5859 vocem
555 5805 812 5870 dignatur
857 5819 967 5859 non
1015 5810 1229 5861 exstare
1262 5808 1319 5859 in
1350 5808 1758 5875 manuscriptis.

1870 4604 2053 4653 niatur
2086 4604 2195 4653 nisi
2222 4604 2280 4653 in
2308 4603 2559 4666 quinque
2588 4600 2877 4650 codicibus
2900 4598 3162 4659 antiquis,
3186 4595 3292 4644 alia
3319 4597 3498 4666 exstet

1871 4675 1926 4723 in
1961 4674 2209 4738 antiquis
2259 4664 2597 4722 editionibus
2639 4675 2694 4719 et
2730 4670 2786 4718 in
2842 4682 2946 4719 χχι
2994 4666 3148 4716 libris
3192 4664 3494 4724 veteribus,

1870 4746 2078 4808 placuit
2110 4745 2268 4808 sequi
2295 4742 2613 4806 exemplum
2649 4742 2906 4792 editionis
2931 4740 3277 4803 Anglicanas,
3306 4738 3360 4786 in
3387 4749 3495 4801 qua

1869 4817 2135 4867 scriotum
2166 4821 2248 4866 est
2270 4815 2464 4865 cedere.

1929 4886 2026 4948 (50)
2081 4886 2173 4935 Ubi
2217 4888 2518 4949 signantur.
2559 4883 2618 4933 1d
2666 4886 2749 4933 est
2797 4882 2855 4931 in
2898 4882 3095 4940 fronte,
3137 4880 3216 4929 uti
3282 4878 3491 4930 dictum

1867 4961 1953 5006 est
1985 4956 2152 5020 paulo
2208 4961 2352 5007 ante.
2408 4956 2801 5018 Hieronymus,
2854 4953 2911 5002 in
2962 4950 3276 5014 Praefatione
3329 4952 3386 5001 in
3432 4951 3494 5000 li-

1867 5027 2029 5077 brum
2081 5028 2188 5078 Job
2240 5043 2317 5076 τα
2367 5026 2485 5089 Ego
2536 5025 2904 5084 Christianus,
2944 5028 2999 5074 et
3056 5022 3125 5073 de
3175 5022 3494 5086 parentibus

1868 5097 2198 5148 Christianis
2223 5101 2405 5157 natus,
2433 5101 2488 5146 et
2521 5095 2789 5146 vexillum
2833 5094 3014 5146 crucis
3047 5093 3102 5143 in
3151 5104 3273 5141 mea
3315 5093 3493 5143 fronte

1866 5172 2158 5231 portans.»
2207 5168 2348 5219 Vide
2404 5168 2811 5231 Hospinianum
2864 5164 2961 5214 lib.
3023 5178 3059 5214 ιι
3112 5163 3175 5214 de
3255 5161 3492 5227 Templis,

1866 5252 1987 5303 cap.
2020 5240 2098 5301 10,
2129 5253 2252 5304 pag.
2281 5241 2406 5299 {64;
2438 5244 2494 5288 et
2531 5242 2692 5288 notas
2738 5241 2954 5287 nostras
3001 5235 3071 5285 ad
3114 5234 3319 5285 librum
3350 5235 3494 5286 Lac-

1864 5310 2018 5361 tantii
2040 5310 2107 5361 de
2140 5310 2396 5361 Mortibus
2420 5314 2823 5373 persecuturum.

1926 5384 2022 5448 (5i)
2055 5384 2211 5445 Pejus
2270 5382 2365 5432 hoc
2398 5382 2596 5432 crimen
2640 5384 2731 5430 est.
2784 5378 2976 5431 Codex
3022 5377 3493 5441 GratianOpolita~

1862 5467 1971 5503 nus
2001 5468 2012 5502 :
2046 5472 2073 5499 (κ
2099 5455 2262 5517 Pejus
2288 5453 2396 5504 hoc
2437 5454 2648 5503 crimen
2682 5454 2766 5501 est
2797 5464 2966 5515 quam
3013 5448 3164 5514 quod
3193 5448 3251 5499 hi
3278 5449 3375 5513 qui
3405 5461 3492 5497 sa-

1863 5525 2257 5576 criﬁcaverunt
2282 5524 2569 5574 admisisse
2601 5523 2741 5586 lapsi
2766 5521 3040 5572 videntur.
3059 5538 3086 5567 »
3104 5520 3312 5571 Verum
3344 5518 3491 5568 istud

1863 5597 2138 5660 glossema
2167 5601 2252 5646 est
2291 5595 2438 5659 quod
2484 5608 2557 5645 ex
2597 5608 2692 5645 ora
2733 5592 2857 5643 libri
2903 5592 3119 5656 irrepsit
3159 5592 3215 5641 in
3257 5594 3488 5641 textum.

1863 5669 2071 5719 Auctor
2108 5667 2359 5731 epistola:
2416 5664 2681 5717 secundm
2722 5664 2928 5728 Pelagii
2972 5664 3043 5725 ll,
3086 5663 3158 5713 ad
3209 5663 3491 5731 Episcopus

1861 5740 2049 5796 lstrise,
2082 5730 2278 5787 ut’ista
2308 5736 2640 5799 quadrarent
2680 5747 2810 5785 cum
2854 5748 2956 5784 suo
2983 5732 3279 5798 proposito,
3309 5730 3491 5794 scrip-

1862 5808 1929 5861 sit
1955 5823 1966 5857 :
1993 5827 2019 5852 ιι
2045 5807 2210 5875 Pejus
2243 5805 2557 5859 schismatis
2582 5805 2791 5857 crimen
2822 5807 2921 5856 est.
2953 5819 2981 5854 ιθ
