3978 6194
452 241 546 301 531
1360 244 1414 298 8.
1458 240 1775 299 CYPRIANI
1813 241 2087 297 OPERUM
2130 242 2300 297 PARS
2342 243 2402 296 ll.
2435 271 2505 283 —
2530 242 2896 299 OPUSCULA.
3294 274 3301 279 -
3690 250 3783 306 532

450 368 635 420 natur.
702 366 801 421 llic
850 367 1036 436 potest
1072 366 1377 421 necessitas
1419 366 1613 432 fuisse,
1666 365 1774 418 illic
1812 366 2074 419 voluntas
2096 371 2295 453 Atum
2318 366 2439 436 jam
2473 381 2701 421 coronae
2722 384 2741 434 ;
2782 383 2888 420 nec
2936 369 3158 440 perficit
3190 368 3433 438 laudem,
3481 370 3574 426 sed
3614 371 3791 428 initiat

445 462 677 514 tenetur
703 458 760 512 in
807 459 1038 514 scelere.
1081 460 1177 513 Hic
1225 460 1322 530 qui
1371 460 1562 530 lapsus
1606 462 1690 512 est
1720 458 1826 513 sibi
1854 461 2075 513 tantum
2177 457 2535 531 dignitatem.
2584 461 2842 532 Cumque
2883 462 3153 533 scriptum
3203 463 3291 530 sit,
3338 466 3442 530 Qui
3486 480 3783 533 persevera-

448 553 661 619 nocuit,
694 551 805 606 illic
834 554 931 623 qui
958 552 1223 607 haeresim
1243 552 1332 606 vel
1350 552 1589 607 schisma
1620 550 1805 607 facere
1834 556 2074 608 conatus
2177 556 2315 609 verit
2340 570 2507 624 usque
2534 558 2594 609 in
2617 558 2796 624 ﬁnem,
2839 557 2922 609 hic
2959 558 3144 611 salvus
3178 559 3282 611 erit
3325 557 3567 627 (Matth.,
3607 575 3662 626 x,
3688 561 3788 632 22),

447 652 533 702 est
582 646 793 700 multos
852 662 1041 700 secum
1094 646 1372 701 trahendo
1418 645 1656 715 decepit.
1723 646 1816 699 Hic
1869 645 2077 700 animas
2180 648 2457 719 quidquid
2489 652 2621 703 ante
2648 649 2822 703 finem
2846 650 3021 704 fuerit
3049 650 3261 721 gradus
3293 653 3376 704 est
3401 667 3513 722 quo
3549 652 3614 706 ad
3642 652 3790 708 fasti-

445 738 617 795 uuius
656 746 739 793 est
793 739 1099 805 damnum,
1148 738 1255 792 illic
1297 739 1612 809 periculum
1671 738 2071 809 plurimorum.
2180 742 2339 812 gium
2385 742 2579 797 salutis
2626 742 2948 797 ascenditur
2987 742 3133 815 (55),
3190 760 3304 797 non
3356 745 3638 799 terminus
3686 764 3788 819 quo

447 835 614 890 Certe
645 848 899 903 peccasse
925 848 983 887 se
1017 831 1107 885 hic
1135 836 1191 885 et
1220 831 1503 903 intelligit,
1551 836 1608 885 et
1657 834 1997 887 lamentatur
2024 836 2079 886 et
2172 836 2295 905 jam
2324 836 2588 891 culminis
2619 852 2843 891 summa
2888 842 3172 891 teneatur.
3207 839 3506 892 Confessor
3545 842 3661 907 est;
3704 842 3789 895 sed

448 926 707 998 plangit;
742 925 836 980 ille
866 932 1092 979 tumens
1116 924 1176 978 in
1202 929 1431 996 pectore
1461 941 1559 979 suo
1592 926 1718 995 (52),
1748 929 1803 979 et
1845 926 1902 979 in
1943 926 2078 995 ipsis
2177 933 2301 999 post
2322 930 2741 985 confessionem
2779 930 3099 1001 periculum
3141 933 3330 1001 majus
3371 938 3476 1001 est,
3519 932 3649 1004 quia
3677 935 3789 1005 plus

400 1022 405 1025 ’
449 1019 555 1075 sibi
600 1018 813 1073 delictis
848 1018 1103 1090 placens,
1137 1035 1170 1072 a
1216 1023 1395 1073 matre
1444 1018 1589 1073 filios
1630 1022 1899 1090 segregat
1927 1034 2074 1086 oves,
2176 1024 2533 1077 adversarius
2580 1027 2919 1094 provocatus
2968 1031 3052 1079 est
3113 1042 3125 1077 :
3191 1026 3483 1079 confessor
3531 1031 3642 1095 est;
3698 1029 3789 1083 hoc

450 1129 486 1167 a
525 1118 747 1182 pastore
796 1112 1075 1179 sollicitat,
1117 1112 1213 1167 Dei
1261 1118 1616 1166 sacramenta
1659 1111 1936 1166 disturbat
1981 1118 2078 1166 :et
2177 1116 2358 1186 magis
2382 1119 2531 1170 stare
2560 1116 2727 1171 debet
2754 1133 2882 1172 cum
2912 1118 3137 1172 Domini
3163 1118 3473 1189 Evangelio
3504 1136 3604 1190 per
3628 1122 3787 1175 Evan-

449 1222 580 1261 cum
612 1207 798 1276 lapsus
830 1207 1004 1260 semel
1046 1207 1384 1276 peccaverit,
1435 1206 1528 1259 ille
1570 1206 1819 1276 quotidie
1865 1209 2073 1277 peccat.
2178 1209 2390 1279 gelium
2422 1209 2525 1279 (56)
2556 1210 2798 1280 gloriam
2823 1216 3158 1266 consecutus
3183 1229 3216 1266 a
3244 1213 3510 1267 Domino.
3534 1214 3622 1267 Ait
3651 1216 3789 1269 enim

447 1303 745 1357 Postremo
773 1304 981 1373 lapsus,
1013 1303 1347 1373 martyrium
1388 1302 1758 1373 postmodum
1792 1303 1900 1372 (53)
1935 1318 2073 1356 con-
2179 1302 2450 1357 Dominus
2482 1319 2495 1356 :
2529 1302 2631 1358 Cui
2668 1305 2898 1359 multum
2928 1305 3113 1373 datur,
3160 1308 3395 1360 multum
3433 1310 3687 1376 quaeritur
3728 1308 3789 1361 ab

450 1398 694 1464 secutus,
723 1402 905 1468 potest
931 1397 1094 1466 regni
1118 1396 1165 1431 ⁷⁸
1195 1394 1385 1468 515
1418 1396 1696 1467 promissa
1741 1396 2073 1468 percipere;
2177 1412 2269 1465 eo;
2313 1403 2364 1451 et
2407 1398 2494 1451 cui
2534 1398 2665 1467 plus
2715 1398 3006 1468 dignitatis
3046 1399 3403 1462 adscribitur,
3447 1401 3570 1470 plus
3613 1402 3674 1455 de
3708 1402 3791 1455 illo

446 1490 568 1561 ille,
614 1492 657 1546 si
689 1494 847 1546 extra
890 1489 1195 1544 Ecclesium
1243 1490 1415 1544 fuerit
1448 1489 1683 1557 occisus,
1714 1489 1785 1543 ad
1815 1489 2076 1544 Ecclesiae
2175 1494 2412 1561 exigitur
2433 1495 2711 1547 servitutis
2737 1494 2779 1527 ⁸¹
2821 1495 2997 1563 (Luc.,
3042 1510 3137 1561 xu,
3187 1495 3296 1565 48).
3339 1495 3518 1549 Nemo
3548 1510 3647 1566 per
3669 1512 3785 1549 con-

448 1601 567 1641 non
594 1587 784 1656 potest
814 1583 1046 1655 praemia
1075 1583 1398 1655 pervenire.
1537 1615 1541 1619 -
2176 1586 2403 1641 fessoris
2432 1587 2757 1657 exemplum
2788 1590 3002 1657 pereat,
3036 1604 3206 1642 nemo
3234 1588 3598 1660 injustitiam,
3629 1604 3782 1643 nemo

520 1679 620 1733 ΧΧ.
651 1680 763 1733 Nec
800 1677 1100 1750 quisquam
1144 1676 1400 1746 miretur,
1449 1677 1799 1732 dilectissimi
1854 1677 2074 1744 fratres,
2104 1747 2139 1751 _
2180 1679 2563 1745 insolentiam,
2595 1696 2764 1735 nemo
2792 1680 3091 1751 perﬁdiam
3122 1682 3191 1737 de
3242 1682 3579 1736 confessoris
3628 1683 3781 1736 mori-

454 1773 622 1829 etiam
678 1772 748 1827 de
803 1747 1220 1826 confessoribus
1272 1771 1547 1842 quosdam
1606 1772 1677 1825 ad
1732 1771 1834 1826 ista
1880 1786 2075 1841 proce-
2104 1747 2155 1819 Β
2184 1772 2288 1826 bus
2315 1773 2514 1828 discat.
2558 1747 2860 1829 Confessor
2915 1780 3019 1829 est.
3066 1775 3149 1830 Sit
3191 1775 3429 1830 humilis
3465 1781 3521 1830 et
3561 1775 3782 1847 quietus,

447 1866 583 1922 dere
616 1868 684 1936 79,
723 1866 853 1921 inde
897 1881 1120 1937 quoque
1170 1865 1389 1936 aliquos
1427 1869 1542 1919 tam
1610 1864 1862 1919 nefanda
1908 1881 2080 1935 quam
2184 1866 2255 1921 sit
2280 1867 2339 1920 in
2368 1864 2559 1940 516
2591 1873 2719 1922 actu
2750 1884 2851 1922 suo
2880 1885 3011 1923 cum
3042 1868 3343 1941 disciplina
3389 1869 3704 1938 modestus;
3736 1874 3789 1923 ut

431 1961 655 2032 .gravia
706 1976 959 2032 peccare.
1001 1959 1194 2030 Neque
1242 1958 1396 2013 enim
1445 1957 1724 2013 confessio
1764 1958 2083 2014 immunem
2186 1960 2285 2032 qui
2312 1960 2517 2015 Christi
2556 1961 2848 2017 confessor
2873 1962 3097 2030 dicitur,
3128 1964 3423 2019 Christum
3451 1980 3620 2036 quem
3667 1980 3785 2018 con-

454 2054 587 2109 facit
616 2054 686 2109 ab
716 2053 933 2108 insidiis
970 2052 1203 2118 diaboli,
1258 2056 1357 2106 aut
1403 2056 1601 2107 contra
1650 2051 1996 2106 tentationes
2028 2055 2085 2106 et
2186 2055 2378 2110 fitetur
2416 2054 2693 2110 imitetur.
2743 2057 2903 2123 Nam,
2942 2073 3069 2111 cum
3121 2058 3270 2112 dicat
3321 2058 3415 2114 ille
3456 2075 3469 2113 :
3517 2059 3690 2125 Quise
3713 2074 3792 2112 εω-

454 2148 708 2221 pericula
745 2152 798 2202 et
837 2148 1095 2201 incursus
1138 2151 1307 2218 atque
1352 2147 1601 2216 impetus
1642 2145 1941 2200 saeculares
1984 2145 2081 2199 ad-
2186 2149 2329 2204 tollit
2372 2150 2773 2216 humiliabitur,
2820 2156 2870 2204 et
2918 2154 3013 2220 qui
3064 2153 3322 2207 humiliut
3374 2169 3429 2208 se
3476 2152 3789 2207 emaltabitur

456 2242 566 2296 huc
594 2243 648 2296 in
682 2243 885 2296 saeculo
914 2239 1161 2312 positum
1182 2245 1460 2312 perpetua
1484 2240 1781 2295 securitate
1810 2239 2080 2294 defendit.
2189 2241 2361 2309 (Luc.,
2394 2255 2541 2303 xvui,
2577 2241 2681 2310 14),
2716 2244 2770 2294 et
2799 2240 2919 2311 ipse
2955 2258 2986 2294 a
3023 2243 3183 2295 Patre
3224 2243 3510 2297 exaltatus
3558 2242 3643 2310 sit,
3665 2242 3782 2313 quia

458 2338 738 2390 Caeterum
780 2351 1090 2406 numquam
1149 2335 1207 2388 in
1270 2333 1686 2408 confessoribns
1747 2334 1977 2387 fraudes
2031 2336 2087 2387 et
2186 2348 2243 2386 se
2272 2332 2326 2386 in
2360 2334 2523 2387 terris
2551 2333 2750 2388 Sermo
2791 2339 2845 2389 et
2874 2334 3059 2389 Virtus
3091 2339 3149 2389 et
3173 2335 3475 2406 Sapientia
3504 2335 3594 2390 Dei
3632 2334 3787 2389 Patris

459 2435 655 2502 stupra
711 2436 767 2484 et
804 2429 1083 2483 adulteria
1137 2427 1502 2499 postmodum
1553 2427 1898 2495 videremus,
1958 2442 2084 2497 quas
2187 2427 2529 2492 humiliavit,
2583 2428 2870 2498 quomodo
2914 2434 3100 2499 potest
3144 2429 3540 2484 extollentiam
3572 2428 3786 2499 diligere

458 2541 607 2579 nunc
638 2525 693 2577 in
738 2522 1076 2595 quibusdam
1103 2522 1360 2576 videntes
1386 2521 1819 2591 ingemiscimus
1852 2527 1909 2574 et
1939 2521 2085 2575 dole-
2189 2520 2286 2589 qui
2315 2524 2373 2574 et
2400 2521 2561 2575 nobis
2588 2522 2969 2575 humilitatem
3000 2539 3099 2576 sua
3128 2524 3256 2593 lege
3283 2522 3660 2589 mandavit,et
3687 2523 3788 2591 ipse

458 2635 605 2671 mus.
653 2617 918 2688 Quisquis
968 2617 1060 2670 ille
1100 2616 1387 2670 confessor
1428 2619 1528 2683 est,
1569 2614 1872 2669 Salomone
1905 2615 2087 2684 major
2186 2630 2220 2667 a
2270 2616 2435 2669 Patre
2482 2615 2898 2685 amplissimum
2946 2632 3153 2670 nomen
3194 2617 3435 2687 praemio
3480 2614 3790 2670 humilitatis

457 2718 558 2766 aut
604 2711 806 2764 melior
863 2715 960 2763 aut
1008 2710 1119 2763 Deo
1165 2708 1386 2763 charior
1430 2725 1544 2762 non
1590 2715 1674 2762 est
1709 2727 1721 2762 :
1756 2708 1851 2778 qui
1893 2714 2082 2762 tamen
2186 2708 2437 2779 accepit?
2467 2709 2762 2764 Confessor
2807 2715 2891 2763 est
2920 2710 3145 2776 Christi,
3200 2710 3303 2765 sed
3359 2711 3404 2764 si
3458 2726 3569 2764 non
3616 2714 3789 2779 postea

458 2804 734 2876 quamdiu
762 2804 818 2857 in
849 2804 950 2857 viis
980 2803 1208 2858 Domini
1241 2802 1571 2870 ambulavit,
1595 2802 1812 2856 tamdiu
1843 2802 2085 2873 gratiam
2186 2801 2616 2871 blasphematur
2640 2819 2740 2873 per
2768 2794 2954 2874 ipsum
2982 2805 3244 2874 majestas
3273 2808 3333 2859 et
3361 2803 3605 2875 dignitas
3627 2802 3787 2858 Chris-

461 2916 630 2970 quam
658 2898 726 2953 de
756 2898 1001 2952 Domino
1023 2897 1206 2951 fuerat
1229 2900 1566 2951 consecutus
1605 2896 1888 2958 obtinuit;
1934 2901 2081 2966 post-
2186 2896 2248 2949 ti.
2301 2896 2522 2968 Lingua
2567 2897 2855 2952 Christum
2909 2898 3167 2953 confessa
3230 2916 3347 2953 non
3404 2898 3475 2953 sit
3523 2896 3784 2961 maledica,

456 3009 625 3065 quam
657 2992 961 3063 dereliquit
990 2991 1217 3046 Domini
1244 2991 1414 3056 viam,
1461 2990 1704 3061 perdidit
1744 2996 1801 3044 et
1845 2990 2085 3060 gratiam
2186 3005 2304 3044 non
2334 2990 2401 3043 sit
2436 2989 2777 3058 turbulenta,
2808 3008 2920 3045 non
2952 2991 3217 3046 conviciis
3246 2998 3305 3046 et
3343 2992 3537 3046 litibus
3564 2994 3785 3062 perstre-

454 3086 675 3143 Domini
709 3085 835 3157 (54).
891 3087 958 3138 Et
999 3084 1129 3138 ideo
1181 3084 1454 3154 scriptum
1505 3090 1587 3138 est
1603 3084 1651 3119 ⁸⁰
1686 3102 1698 3137 :
1748 3087 1884 3138 Tene
1941 3085 2087 3153 quod
2108 3120 2158 3157 ρ
2188 3099 2327 3154 pens
2352 3083 2631 3154 audiatur,
2675 3100 2787 3139 non
2827 3091 3022 3141 contra
3072 3087 3272 3141 fratres
3323 3090 3380 3141 et
3419 3085 3514 3141 Dei
3556 3082 3782 3139 sacerdo-

456 3182 638 3247 habes,
684 3196 748 3234 ne
800 3180 946 3233 alius
987 3181 1220 3247 accipiat
1259 3193 1511 3232 coronam
1562 3183 1713 3231 tuam
1756 3178 1970 3247 (Apoc,
2005 3194 2083 3244 ιιι,
2114 3178 2162 3192 υ
2186 3183 2289 3247 tes,
2322 3181 2443 3250 post
2472 3178 2646 3233 verba
2677 3180 2861 3234 laudis
2881 3181 2949 3247 ⁸³,
2978 3180 3259 3251 serpentis
3282 3196 3500 3235 venena
3511 3178 3784 3249 jaculetur.

460 3275 570 3343 tl).
608 3272 766 3337 Quod
800 3271 997 3342 utique
1051 3271 1319 3325 Dominus
1364 3287 1476 3325 non
1527 3270 1840 3325 minaretur
1878 3271 2085 3325 auferri
2185 3270 2487 3338 Caeterum,
2535 3270 2579 3323 si
2622 3269 2918 3340 culpabilis
2959 3273 3016 3325 et
3050 3270 3404 3326 detestabilis
3453 3268 3783 3341 postmodum

459 3384 624 3438 posse
654 3381 919 3420 coronam
946 3364 1196 3435 justitim,
1232 3364 1339 3418 nisi
1377 3364 1531 3435 quia,
1574 3364 1877 3418 recedente
1916 3364 2082 3435 justi-
2186 3363 2377 3433 fuerit,
2427 3364 2472 3416 si
2512 3363 2921 3419 confessionem
2971 3381 3137 3419 suam
3179 3365 3333 3419 mala
3398 3362 3782 3419 conversatione

456 3461 558 3526 tia,
592 3460 818 3514 recedat
848 3473 1072 3513 necesse
1101 3462 1185 3512 est
1216 3464 1271 3513 et
1302 3474 1527 3512 corona.
2186 3457 2518 3528 prodegerit
2544 3457 2671 3526 (57),
2701 3458 2745 3510 si
2785 3459 2957 3512 vitam
3003 3474 3166 3513 suam
3209 3459 3366 3530 turpi
3418 3458 3656 3512 fteditate
3680 3471 3781 3508 ma-

530 3555 659 3610 ΧΧΙ.
690 3552 976 3608 Confessio
1007 3551 1302 3606 exordium
1348 3552 1542 3623 gloriae
1592 3558 1694 3617 est,
1752 3568 1868 3606 non
1918 3550 2084 3605 mcri-
2186 3550 2474 3617 culaverit,
2527 3550 2593 3618 si,
2650 3551 2947 3606 Ecclesiam
3007 3552 3277 3624 denique,
3362 3537 3455 3606 ubi
3528 3550 3783 3605 confessor

1830 3668 2040 3732 Variae
2090 3667 2425 3732 lectiones.

525 3796 565 3828 ⁷⁸
598 3795 774 3858 Regni
808 3793 1078 3844 caelorum
1116 3795 1257 3842 Lam.
1298 3791 1451 3843 Ebor.
1492 3792 1612 3842 Bod.
1658 3793 1706 3842 2.
1753 3793 1872 3842 Ben.
1939 3789 1981 3823 7’
2017 3791 2103 3842 Ad
2146 3792 2308 3842 istam
2353 3790 2755 3841 dissensionem
2797 3791 3096 3854 procedere
3134 3793 3255 3841 Bod.
3309 3792 3359 3841 3.
3406 3789 3650 3840 Prosilire
3687 3787 3778 3834 Ver.

459 3865 499 3898 δ’
526 3867 596 3916 Et
621 3864 747 3915 ideo
780 3863 919 3913 Lam.
946 3863 1103 3911 Ebor.
1131 3861 1241 3913 ΝΟ.
1273 3864 1316 3920 ι,
1345 3862 1395 3923 2,
1423 3862 1542 3912 Bod.
1576 3863 1618 3923 l,
1644 3863 1694 3920 2,
1727 3861 1776 3923 3,
1796 3864 1843 3911 4.
1883 3864 2050 3911 Paris.
2088 3862 2219 3910 Voss.
2254 3864 2301 3923 l,
2330 3860 2376 3909 2.
2410 3861 2479 3911 Et
2504 3862 2631 3912 ideo
2654 3862 2711 3910 in
2750 3861 3085 3925 Apocalypsi
3119 3862 3400 3912 Dominus
3442 3860 3512 3911 ad
3542 3861 3782 3910 Joannem

460 3938 697 4001 graviter
725 3934 1097 3985 comminatus
1138 3934 1245 3982 Ver.
1276 3934 1472 3983 Manut.
1541 3932 1581 3964 δ’
1614 3932 1877 3983 Ofﬁcium
1903 3932 2183 3983 servitutis
2213 3931 2336 3981 Bod.
2364 3932 2413 3980 3.
2476 3930 2519 3964 ³³
2554 3930 2740 3981 Verba
2768 3930 2951 3981 laudis
2976 3938 3029 3981 et
3056 3932 3424 3982 confessionis
3458 3932 3561 3979 Ver.

1761 4051 1986 4132 Steph.
2035 4050 2280 4114 Baluzii
2318 4055 2515 4112 notze.

525 4182 621 4244 (52)
649 4183 707 4229 In
758 4183 965 4243 peccato
1013 4192 1125 4229 suo.
1185 4176 1375 4227 Codex
1430 4177 1593 4238 Flori,
1650 4176 1706 4225 in
1746 4182 1948 4241 pectore
1975 4189 2084 4227 suo.
2188 4177 2379 4226 inveni
2402 4178 2460 4225 in
2487 4176 2603 4226 ullo
2625 4181 2873 4227 veterum
2896 4176 3301 4239 exemplarium
3323 4180 3646 4233 nostrorum,
3670 4170 3779 4244 quia

462 4256 592 4303 Istic
609 4242 794 4303 errore
820 4248 1147 4315 typographi
1167 4249 1436 4312 scriptum
1465 4251 1546 4298 est
1570 4253 1855 4311 peccatore.
1885 4250 2090 4298 Emen-
2190 4248 2391 4298 desunt
2443 4249 2498 4297 in
2546 4249 2806 4299 undecim
2869 4249 3192 4312 Anglicanis
3259 4252 3318 4299 et
3365 4250 3420 4298 in
3479 4242 3779 4299 editionibus

465 4324 713 4375 dandum
748 4326 847 4371 est.
2192 4319 2509 4370 Manutiana
2531 4320 2952 4384 antiquioribus,

528 4396 622 4455 (53)
670 4391 1014 4443 Postmodum.
1049 4391 1127 4440 Ita
1173 4403 1366 4440 omnes
1421 4389 1547 4439 libri
1592 4393 1820 4440 veteres.
1876 4389 2089 4438 Editio-
2254 4391 2354 4451 (55)
2385 4383 2706 4439 Ascenditur.
2772 4390 2960 4441 Codex
3012 4392 3187 4440 sancti
3234 4391 3489 4452 Dionysii
3528 4383 3779 4439 Remcnsis

465 4479 565 4517 nes
616 4464 860 4528 antiqua:
894 4462 1101 4514 habent
1138 4462 1510 4524 primitionem,
1564 4461 1733 4511 etiam
1788 4459 2151 4528 Erasmica._
2192 4461 2511 4511 extenditur.
2564 4462 2667 4510 Pro
2713 4475 2824 4524 quo
2870 4462 3115 4510 fortassis
3171 4460 3464 4524 legendum
3516 4462 3607 4518 est,
3635 4466 3779 4504 esca:-

466 4539 629 4602 Quod
657 4524 783 4589 ideo
814 4541 1018 4588 annoto
1071 4537 1200 4600 quia
1247 4535 1406 4586 valde
1442 4536 1642 4584 mirum
1692 4540 1773 4586 est
1811 4535 1961 4585 hunc
1997 4524 2364 4595 ho-Dditur,
2407 4536 2469 4581 ut
2516 4533 2662 4595 apud
2709 4533 2984 4592 Tacitum,
3022 4532 3114 4581 lib.
3152 4546 3253 4582 xm
3297 4531 3593 4588 Annalium,
3635 4536 3777 4576 escen-

465 4613 692 4673 minem,
740 4610 1137 4675 peritissimum
1186 4607 1446 4658 videlicet
1493 4607 1700 4670 lingua
1746 4607 1975 4666 Latinae,
1997 4608 2094 4670 qui
2193 4603 2316 4675 ciere
2365 4607 2656 4664 suggestum
2692 4602 3025 4666 imperatoris
3072 4608 3123 4651 et
3160 4602 3254 4652 lib.
3301 4615 3401 4664 xv,
3431 4605 3601 4665 postea
3628 4607 3779 4647 ascen-

467 4698 577 4735 non
606 4673 787 4746 potuit
820 4682 1071 4743 ignorare
1112 4680 1258 4729 hanc
1299 4691 1493 4728 vocem
1535 4690 1647 4727 non
1683 4690 1804 4728 esse
1844 4677 2094 4726 Latinam
2194 4673 2332 4723 dere.

468 4760 519 4807 et
551 4735 690 4804 nihil
741 4735 1072 4816 signiﬁcare,
1125 4752 1222 4815 qui
1273 4754 1536 4815 prmterea
1578 4748 1790 4799 sciebat
1826 4747 1959 4798 alibi
1988 4748 2095 4811 legi
2256 4746 2356 4807 (56)
2392 4744 2673 4816 iConfessor
2723 4758 2817 4806 per
2871 4744 3232 4808 Enangelium.
3296 4746 3470 4808 Supra
3524 4741 3685 4816 epist.-
3712 4735 3778 4789 30.

464 4810 829 4890 postmodum-,-
886 4810 1090 4873 mirum
1141 4810 1291 4885 _est,—
1333 4823 1582 4885 inquam,
1646 4820 1803 4869 illum
1872 4810 2095 4882 pravam
2197 4829 2319 4890 pag.
2349 4815 2410 4865 40
2440 4830 2449 4863 :
2485 4816 2594 4865 «Si
2639 4830 2749 4865 non
2787 4816 2939 4865 illam
2970 4817 3038 4866 de
3074 4817 3361 4879 Evangelii
3401 4810 3779 4890 conservatione

472 4878 763 4948 lectionem
811 4878 1114 4945 retinuisse
1156 4896 1213 4943 in
1249 4878 1536 4953 'conte-xtu,
1569 4878 1780 4942 bonam
1846 4878 2096 4954 posuisse
2196 4889 2552 4939 inveniantur
2588 4890 2874 4940 consecuti
2921 4890 3070 4939 unde
3118 4878 3388 4954 martyres
3439 4887 3587 4936 ﬁunt.
3622 4901 3646 4928 »
3691 4878 3778 4930 Ubi

471 4969 524 5018 in
571 4969 836 5031 margine.
865 4966 1047 5017 Editio
1092 4979 1216 5031 quas
1248 4965 1449 5015 dicitur
1495 4965 1682 5015 Gravii
1726 4965 1944 5028 prmfert
1975 4976 2096 5013 eam
2196 4960 2322 5010 vide
2347 4964 2503 5011 notas
2536 4966 2762 5011 nostras.

467 5054 593 5103 quae
620 5023 767 5089 bona
803 5042 901 5087 est.
936 5038 1068 5087 Inde
1098 5023 1300 5088 exorta:
1323 5041 1452 5086 sunt
1484 5037 1605 5087 alim
1637 5023 1925 5086 editiones.
2264 5034 2361 5093 (57)
2416 5033 2729 5097 Prodegerit.
2803 5033 2960 5083 Hanc
3009 5035 3302 5084 lectionem
3374 5032 3573 5082 habent
3628 5023 3775 5103 codex

532 5111 629 5171 (54)
682 5110 927 5160 Gratiam
975 5108 1202 5158 Domini.
1254 5109 1383 5157 Post
1429 5107 1548 5158 haec
1599 5107 1767 5158 verba
1820 5106 2099 5156 Manutius
2199 5104 2536 5155 Veronensis
2590 5109 2646 5155 et
2690 5104 2969 5155 sexdecim
3018 5106 3138 5155 libri
3194 5105 3380 5154 nostri.
3429 5102 3558 5152 Eam
3595 5098 3776 5171 primus

470 5180 699 5242 addidit,
734 5199 759 5225 «
792 5180 935 5229 sicut
974 5180 1241 5242 scriptum
1285 5183 1410 5228 est:
1443 5180 1507 5227 Et
1546 5179 1794 5227 excitavit
1843 5178 2100 5227 Dominus
2199 5174 2412 5225 invexit
2444 5175 2739 5236 Pamelius,
2771 5175 3071 5226 editionem
3102 5175 3305 5236 Gravii,
3349 5178 3411 5224 ut
3451 5173 3559 5237 ipse
3599 5170 3777 5242 ait,_se-

472 5237 730 5300 Satanam
758 5250 857 5313 ipsi
884 5237 1151 5299 Salomo'ni
1171 5265 1186 5311 ;
1242 5252 1297 5299 et
1332 5249 1458 5298 ideo
1502 5249 1557 5297 in
1600 5248 1933 5311 Apocalypsi
1980 5247 2101 5298 Do-
2200 5250 2378 5296 cutus.
2411 5246 2527 5310 Ego
2563 5250 2745 5296 tamen
2768 5248 2825 5295 in
2846 5247 2938 5296 illa
2960 5248 3202 5299 editione
3227 5247 3332 5311 legi
3352 5242 3643 5313 prodiderit.
3666 5237 3777 5313 ῌτεε

472 5323 660 5371 minus
711 5307 788 5368 adt
829 5321 1100 5370 Joannem
1159 5307 1396 5382 graviter
1456 5307 1897 5370 comminatur?»
1961 5317 2101 5380 Quae
2200 5330 2332 5367 vero
2360 5307 2635 5380 postrema
2664 5318 2826 5368 lectio
2850 5317 3088 5369 habetur
3114 5320 3169 5368 in
3206 5307 3464 5369 omnibus
3486 5307 3777 5385 editionibus

473 5393 744 5456 Rigaltius
771 5392 846 5441 ait
872 5404 992 5442 esse
1035 5393 1088 5440 in
1135 5377 1304 5442 veteri
1346 5392 1487 5442 libro
1524 5392 1847 5442 Vcronensi.
1899 5377 2102 5440 Pame-
2202 5402 2327 5452 qum
2353 5377 2725 5439 Pamelianam
2754 5393 3172 5439 antecesserunt
3201 5392 3253 5439 et
3286 5389 3343 5438 in
3380 5386 3564 5436 decem
3595 5377 3776 5456 codici‘

471 5452 682 5514 lio'non
712 5464 923 5526 placuit
958 5463 1079 5513 haec
1109 5462 1314 5513 additio
1345 5464 1594 5525 Manutii,
1640 5464 1903 5513 nimirum
1952 5463 2100 5527 quia,
2202 5460 2309 5509 bus
2378 5460 2639 5523 antiquis.
2707 5459 2845 5510 Puto
2887 5465 3076 5510 autem
3131 5459 3285 5509 illam
3334 5469 3457 5527 esse
3512 5452 3773 5527 melgn‘e‘m'

472 5540 535 5585 ut
573 5534 664 5585 ille
712 5516 813 5596 ait,
866 5535 1140 5584 Dominus
1182 5534 1238 5583 in
1284 5535 1379 5585 illo
1428 5534 1553 5585 loco
1582 5516 1713 5584 'non
1761 5516 2008 5599 loquitur
2031 5516 2101 5583 ad
2203 5529 2397 5595 Supra,
2421 5516 2579 5593 epist.
2609 5532 2686 5591 74,
2714 5544 2834 5596 pag.
2871 5531 2927 5581 61
2960 5547 2970 5579 :
3001 5550 3028 5578 «
3058 5530 3365 5581 Proditores
3394 5526 3512 5577 ﬁdei
3539 5528 3587 5574 et
3605 5516 3773 5599 Decle-

467 5607 760 5668 Joannem,
801 5594 900 5656 sed
952 5606 1030 5659 ad
1080 5606 1357 5670 Angelum
1419 5594 1854 5670 Philadelphim:
1914 5607 2102 5669 Itaque
2202 5594 2299 5653 sise
2337 5602 2627 5653 catholicae
2664 5594 3095 5667 impugnatores.
3128 5620 3156 5648 ››
3194 5601 3413 5653 Retinui
3451 5610 3571 5661 ergo
3595 5594 3773 5671 lectio:

468 5662 1011 5742 Pamelius'retinuit
1035 5662 1257 5742 quidem
1289 5692 1411 5729 eam
1463 5662 1821 5738 additionem,
1858 5676 1955 5727 sed
2000 5662 2103 5725 de—
2203 5686 2331 5723 nem
2383 5686 2508 5738 qum
2564 5662 3107 5737 pluriu—m'veterum
3154 5673 3415 5723 librorum
3492 5662 3773 5717 auctoritate

464 5752 597 5802 levit
649 5766 712 5804 ea
766 5765 891 5817 qua:
936 5752 1248 5804 referuntur
1296 5765 1364 5802 ex
1415 5749 1751 5814 Apocalypsi.
1810 5750 1888 5799 Ita
1936 5749 2101 5798 etiam
2202 5745 2406 5794 nititur.
2442 5745 2579 5795 Nam
2608 5750 2661 5796 et
2685 5745 2779 5796 illa
2809 5759 3036 5811 quoque
3066 5745 3210 5797 bona
3233 5747 3329 5795 est.

459 5824 749 5890 Rigaltius.
785 5825 902 5890 Ego
949 5837 1079 5875 vero
1122 5824 1309 5874 omnia
1351 5821 1652 5888 supprimo,
1692 5822 1821 5887 quia
1860 5821 1951 5871 illa
1988 5832 2101 5871 non
