3978 6194
224 200 308 253 533
1351 186 1549 255 LIBER
1588 199 1675 255 DE
1715 198 1997 257 UNITATE
2040 202 2392 260 ECCLESUE.

3440 207 3545 262 534

217 322 377 377 tactus
428 326 543 388 est,
596 319 999 392 derelinquens
1046 324 1103 376 et
1156 320 1390 377 unitatis
1444 322 1815 378 concordiam
1839 336 2083 408 Aquam
2106 332 2426 397 acceperunt
2450 344 2483 381 a
2512 329 2660 383 nobis
2688 331 2756 401 (ll
2793 330 2994 394 Thess.,
3024 347 3104 398 ιιι,
3134 332 3206 402 6).
3240 332 3306 386 Et
3334 330 3540 385 iterum

215 414 474 482 scindens,
515 412 679 468 ﬁdem
714 414 961 486 primam
998 414 1241 486 perﬁdia
1277 416 1592 486 posteriore
1622 423 1816 472 muta-

214 508 356 576 verit,
398 507 638 563 blandiri
682 507 790 562 sibi
837 525 936 581 per
976 509 1393 564 confessionem
1442 526 1559 565 non
1613 516 1816 582 potest,

214 602 356 674 quasi
397 603 468 656 sit
510 602 719 657 electus
757 602 831 657 ad
877 602 1074 674 glorias
1123 604 1442 675 praemium,
1481 604 1709 676 quando
1752 622 1817 660 ex

211 697 308 753 hoc
330 696 451 768 ipso
474 695 652 767 magis
683 696 963 753 creverint
990 697 1191 752 merita
1219 714 1541 768 poenarum.

267 841 410 897 XXII.
462 841 600 895 Nam
644 845 701 894 et
745 841 955 896 ludam
1007 842 1161 896 inter
1210 842 1494 913 apostolos
1548 841 1818 897 Dominus

207 934 388 1005 elegit,
429 937 485 989 et
528 937 719 989 tamen
748 934 1052 990 Dominum
1091 935 1264 990 ludas
1293 936 1655 1007 postmodum
1684 952 1813 1007 pro-

207 1027 358 1083 didit.
389 1028 516 1082 Non
544 1031 736 1083 tamen
778 1028 993 1083 idcirco
1028 1030 1418 1100 apostolorum
1458 1028 1597 1083 ﬁdes
1634 1034 1691 1083 et
1721 1030 1814 1083 ﬁr-

205 1121 358 1176 mitas
382 1120 591 1176 cecidit
620 1122 755 1193 quia
790 1121 1049 1193 proditor
1081 1122 1253 1178 ludas
1295 1122 1365 1178 ab
1407 1138 1605 1178 eorum
1641 1123 1814 1178 socie-

201 1218 309 1269 tate
360 1214 586 1270 defecit.
638 1214 724 1271 Sic
770 1219 828 1270 et
876 1215 970 1270 hic
1016 1232 1131 1271 non
1184 1216 1375 1271 statim
1430 1216 1816 1289 confessorum

204 1306 459 1362 sanctitas
490 1312 547 1363 et
585 1308 832 1380 dignitas
860 1309 1215 1364 comminuta
1250 1315 1335 1364 est
1367 1311 1498 1382 quia
1541 1326 1812 1381 quorum-

201 1402 318 1456 dam
359 1401 509 1456 ﬁdes
550 1401 726 1457 fracta
771 1406 873 1458 est.
920 1405 1121 1459 Beatus
1164 1403 1370 1458 Paulus
1422 1404 1708 1475 apostolus
1756 1405 1815 1459 in

202 1494 429 1565 Epistola
481 1511 584 1550 sua
627 1496 886 1567 loquitur
935 1519 944 1549 :
994 1498 1138 1564 Quid
1175 1500 1318 1552 enim
1358 1500 1407 1553 si
1432 1499 1749 1554 exciderunt
1781 1515 1816 1553 a

198 1589 290 1656 ﬁde
337 1590 566 1658 quidam
614 1592 875 1645 illorum?
922 1592 1191 1661 numquid
1250 1593 1545 1660 inﬁdelitas
1600 1594 1816 1647 illorum

1922 417 2059 475 dicit
2091 435 2103 473 :
2133 421 2296 475 Nemo
2326 436 2415 474 vos
2453 421 2691 492 decipiat
2730 425 2987 479 inanibus
3024 427 3218 482 verbis.
3255 429 3545 496 Propterea

1920 514 2062 567 enim
2100 515 2244 567 renit
2293 516 2377 568 ira
2426 517 2525 569 Dei
2570 530 2729 586 super
2764 519 2903 585 filios
2943 523 3289 575 contumacia:
3317 520 3383 567 ⁸⁸.
3428 521 3539 575 Νο-

1919 607 2012 660 lite
2036 621 2160 675 ergo
2194 622 2301 661 esse
2329 610 2626 677 participes
2665 625 2845 664 eorum
2874 612 3110 681 (Ephes.,
3150 630 3204 682 v,
3243 617 3293 683 6,
3330 614 3405 682 7).
3436 615 3542 668 Re~

1920 699 2243 754 cedendum
2282 704 2368 755 est
2403 718 2437 754 a
2466 701 2949 774 delinquentibus,
2976 706 3060 759 vel
3100 706 3277 762 immo
3318 707 3540 780 fugien-

1919 793 2077 861 dum,
2107 810 2201 861 ne,
2224 793 2362 849 dum
2395 795 2521 865 quis
2547 795 2695 849 male
2726 796 3153 852 ambulantibus
3174 799 3460 870 jungitur,
3484 804 3541 854 et

1920 903 2023 957 per
2053 887 2260 941 itinera
2296 888 2504 943 erroris
2539 893 2595 943 et
2636 888 2890 943 criminis
2929 891 3209 960 graditur,
3248 909 3282 946 a
3306 892 3398 946 via
3425 895 3542 948 veri

1918 979 2136 1034 itineris
2185 996 2477 1047 exerrans,
2524 981 2643 1052 pari
2693 981 2934 1037 crimine
2982 986 3038 1038 et
3092 983 3211 1055 ipse
3261 988 3539 1040 teneatur.

1924 1074 2072 1127 Deus
2124 1090 2271 1129 unus
2310 1078 2414 1141 est,
2463 1080 2519 1130 et
2557 1075 2813 1131 Christus
2858 1092 3023 1144 unus,
3056 1081 3113 1132 et
3152 1093 3264 1132 una
3304 1078 3546 1133 Ecclesia

1918 1166 2058 1236 ejus,
2090 1171 2147 1222 et
2185 1168 2325 1222 ﬁdes
2355 1184 2487 1235 una,
2524 1174 2580 1222 et
2611 1168 2772 1240 plebs
2797 1185 2910 1223 una
2939 1170 2997 1224 in
3031 1169 3267 1225 solidam
3291 1171 3541 1242 corporis

1917 1259 2189 1314 unitatem
2231 1262 2276 1293 ³⁷
2340 1261 2662 1317 concordiae
2728 1262 2950 1333 glutino
3013 1263 3292 1335 copulata.
3351 1264 3542 1319 Scindi

1917 1353 2101 1407 unitas
2130 1370 2243 1408 non
2281 1357 2489 1426 potest,
2520 1370 2623 1409 nec
2659 1371 2863 1426 corpus
2906 1372 3081 1410 unum
3123 1356 3355 1412 discidio
3397 1374 3543 1413 com-

1915 1446 2141 1518 paginis
2193 1449 2470 1519 separari,
2529 1449 2762 1503 divulsis
2818 1449 3156 1505 laceratione
3208 1451 3541 1519 visceribus,

1915 1542 1972 1595 in
2006 1541 2185 1596 frusta
2228 1542 2491 1613 discerpi.
2520 1543 2809 1614 Quidquid
2854 1560 2885 1597 a
2927 1543 3159 1599 matrice
3204 1544 3540 1613 discesserit,

1917 1650 2172 1689 seorsum
2204 1635 2389 1689 vivere
2423 1641 2478 1690 et
2501 1636 2717 1706 spirare
2759 1653 2875 1691 non
2904 1637 3135 1708 poterit,
3162 1637 3539 1694 substantiam

197 1682 337 1783 ﬁdem
374 1685 476 1737 Dei
521 1686 845 1739 evacuavit?
891 1686 1069 1783 Absit.
1114 1688 1210 1783 list
1254 1688 1396 1740 enim
1442 1689 1589 1783 Deus
1604 1702 1807 1783 verum,

198 1778 353 1829 omnis
397 1784 583 1831 autem
630 1780 782 1832 homo
826 1779 1059 1833 mendam
1102 1781 1294 1848 (Rom,
1338 1795 1419 1846 ιιι,
1464 1782 1517 1846 3,
1566 1781 1639 1849 4).
1689 1780 1816 1835 Stat

199 1870 583 1925 confessorum
632 1888 764 1942 pars
811 1873 994 1943 major
1044 1879 1101 1927 et
1145 1872 1351 1927 melior
1403 1873 1463 1927 in
1516 1872 1649 1927 ﬁdei
1698 1889 1814 1927 sure

200 1962 392 2018 robore
419 1970 479 2019 et
512 1964 572 2019 in
599 1965 742 2036 legis
770 1983 833 2020 ac
879 1966 1189 2037 disciplina:
1216 1966 1520 2021 Dominicee
1547 1966 1811 2035 veritate;

198 2072 287 2112 nec
322 2057 392 2111 ab
424 2058 692 2115 Ecclesiae.
732 2076 872 2130 pace
902 2059 1201 2115 discedunt
1237 2061 1335 2131 qui
1375 2076 1434 2115 se
1476 2060 1534 2114 in
1570 2060 1814 2114 Ecclesia

196 2151 423 2221 gratiam
446 2157 785 2207 consecutos
804 2153 876 2208 de
908 2153 1008 2207 Dei
1034 2153 1371 2223 dignatione
1394 2153 1811 2222 meminerunt;

195 2249 345 2316 atque
383 2245 495 2301 hoc
533 2246 656 2317 ipso
694 2247 1033 2317 ampliorem
1075 2252 1501 2319 consequuntur
1535 2246 1669 2301 ﬁdei
1699 2262 1813 2301 suae

197 2336 365 2409 517
410 2339 675 2402 laudem,
715 2341 887 2412 quod,
925 2341 995 2395 ab
1029 2357 1225 2395 eorum
1257 2340 1496 2412 perﬁdia
1527 2340 1813 2411 segregati

195 2431 278 2502 qui
307 2432 493 2502 juncti
542 2433 914 2489 confessionis
943 2434 1231 2490 consortio
1262 2435 1495 2490 fuerunt
1515 2435 1583 2500 ⁸³,
1612 2450 1645 2487 a
1674 2448 1808 2488 con-

193 2524 327 2594 tagio
356 2525 619 2580 criminis
651 2533 1026 2593 recesserunt,
1057 2544 1193 2582 vero
1219 2528 1265 2562 ⁸⁴
1294 2526 1600 2581 illuminati
1627 2528 1807 2581 Evan-

194 2617 308 2688 gelii
345 2618 590 2686 lumine,
622 2637 758 2691 pura
787 2625 843 2676 et
871 2620 1111 2676 candida
1149 2620 1376 2676 Domini
1406 2620 1530 2675 luce
1580 2619 1808 2685 radiati,

191 2714 297 2765 tam
336 2716 469 2767 sunt
512 2711 571 2766 in
613 2713 1003 2768 conservanda
1045 2713 1250 2770 Christi
1297 2730 1433 2784 pace
1479 2712 1808 2780 laudabiles,

195 2820 350 2875 quam
381 2806 621 2862 fuerunt
648 2806 705 2860 in
739 2807 948 2862 diaboli
980 2807 1377 2878 congressione
1408 2806 1663 2862 victores.

1986 1822 2157 1876 XXIV.
2190 1823 2375 1876 Monet
2419 1840 2523 1877 nos
2560 1823 2801 1893 Spiritus
2837 1828 3062 1878 sanctus
3106 1828 3162 1878 et
3200 1824 3380 1879 dicit:
3412 1828 3542 1891 Quis

1916 1922 1995 1969 est
2020 1916 2171 1971 homo
2195 1918 2291 1985 qui
2324 1918 2441 1970 vult
2478 1918 2647 1971 vitam
2677 1922 2726 1971 et
2753 1922 2904 1971 amat
2927 1918 3107 1972 videre
3134 1918 3245 1973 dies
3273 1922 3498 1988 optimos
3516 1922 3543 1972 7

1917 2009 2134 2064 Contine
2179 2011 2421 2079 linguam
2461 2017 2612 2064 tuam
2652 2027 2685 2063 a
2727 2012 2891 2073 male,
2933 2015 2981 2065 et
3021 2012 3167 2065 labia
3214 2017 3307 2065 tua
3357 2028 3421 2066 ne
3464 2014 3539 2066 lo-

1914 2108 2157 2173 quantur
2186 2104 2441 2158 insidiose
2472 2103 2601 2171 (58).
2639 2105 2859 2158 Declina
2897 2120 2930 2157 a
2959 2105 3102 2158 malo
3127 2110 3179 2158 et
3203 2106 3297 2171 fac
3326 2106 3540 2166 bonum,

1913 2212 2090 2267 quaere
2126 2212 2315 2266 pacem
2370 2203 2421 2250 et
2465 2212 2681 2266 sequere
2722 2213 2838 2251 eam
2883 2198 3052 2266 (Psal.
3102 2214 3290 2263 xxxnl,
3343 2200 3539 2259 l3-l5}.

1914 2291 2114 2344 Pacem
2148 2306 2405 2361 qumrere
2449 2288 2641 2362 518
2680 2290 2850 2345 debet
2880 2296 2935 2344 et
2975 2291 3130 2362 sequi
3176 2291 3325 2344 ﬁlius
3367 2292 3541 2361 pacis,

1914 2400 1946 2437 a
1988 2383 2355 2438 dissensionis
2383 2385 2532 2438 malo
2570 2384 2864 2439 continere
2892 2385 3147 2455 linguam
3180 2399 3339 2438 suam
3372 2385 3543 2439 debet

1912 2476 2011 2548 qui
2054 2476 2211 2531 novit
2255 2479 2311 2530 et
2355 2476 2540 2547 diligit
2585 2477 2872 2531 vinculum
2917 2476 3224 2531 charitatis.
3264 2478 3415 2532 Inter
3444 2495 3545 2532 sua

1913 2569 2099 2623 divina
2138 2569 2410 2624 mandata
2433 2570 2480 2603 ⁸⁸
2514 2574 2568 2623 et
2610 2570 2946 2640 magisteria
2978 2570 3266 2635 salutaria,
3296 2570 3542 2640 passioni

1906 2662 2028 2733 jam
2069 2663 2365 2733 proximus
2396 2663 2673 2717 Dominus
2710 2663 2929 2718 addidit
2967 2663 3159 2718 dicens
3194 2678 3207 2715 :
3237 2665 3426 2718 Pacem
3454 2665 3538 2719 di-

1910 2759 2064 2811 mitto
2102 2757 2272 2817 vobis,
2309 2772 2498 2827 pacem
2538 2773 2711 2811 meum
2753 2758 2821 2812 de
2859 2757 3008 2811 vobis
3050 2759 3249 2826 (Joan.,
3290 2772 3397 2824 xxv,
3432 2760 3538 2827 2'7).

1915 2850 2068 2903 Hanc
2117 2849 2281 2903 nobis
2320 2849 2718 2904 htereditatem
2770 2849 2931 2904 dedit
2977 2848 3110 2921 (59),
3156 2849 3305 2903 dona
3347 2851 3541 2905 omnia

252 2945 413 2999 XXIII.
465 2947 619 3016 Opto
679 2946 984 3017 equidem,
1048 2946 1397 3001 dilectissimi
1462 2947 1696 3013 fratres,
1755 2952 1813 3001 et
1912 2960 2028 2996 sum
2058 2942 2487 3013 pollicitationis
2513 2947 2568 2997 et
2595 2943 2831 3014 praemia
2857 2944 2915 2997 in
2944 2944 3096 3014 pacis
3115 2942 3539 2998 conversatione

191 3040 402 3093 consqu
435 3040 654 3110 pariter
681 3042 740 3095 et
771 3039 987 3094 suadeo
1027 3045 1114 3107 ut,
1154 3040 1197 3094 si
1236 3041 1360 3094 ﬁeri
1398 3043 1606 3110 potest,
1639 3056 1885 3141 nemoc
1914 3036 2189 3105 promisit.
2260 3036 2317 3090 Si
2382 3036 2708 3092 coheeredes
2774 3039 2884 3107 (60)
2938 3037 3145 3092 Christi
3207 3051 3429 3107 sumus,
3480 3040 3537 3093 in

192 3129 250 3183 de
285 3131 556 3186 fratribus
597 3138 794 3203 pereat
832 3136 890 3187 et
927 3133 1335 3187 consentientis
1372 3133 1567 3204 populi
1601 3149 1810 3205 corpus
1838 3129 1885 3141 “'
1910 3129 2118 3187 Christi
2153 3145 2287 3200 pace
2322 3146 2665 3184 maneamus
2686 3131 2753 3185 ⁸9.
2784 3131 2838 3184 Si
2878 3130 2980 3184 ﬁlii
3009 3132 3104 3187 Dei
3137 3148 3353 3203 sumus,
3383 3134 3536 3205 paci-

192 3239 350 3279 unum
393 3226 621 3296 gremio
671 3242 773 3280 suo
818 3226 1075 3297 gaudens
1126 3233 1312 3280 mater
1354 3225 1612 3281 includat
1638 3227 1706 3281 ⁸⁸.
1754 3227 1805 3282 Si

193 3319 365 3373 tamen
406 3320 689 3391 quosdam
730 3320 1104 3375 schismatum
1139 3321 1312 3374 duces
1351 3325 1406 3373 et
1444 3320 1808 3375 dissensionis

189 3416 441 3480 auctores,
478 3429 536 3466 ιιι
570 3429 716 3468 circa
746 3418 803 3467 et
828 3413 1109 3467 obstinata
1138 3413 1428 3468 dementia
1459 3430 1803 3484 permanen-

188 3509 278 3571 tes,
307 3522 415 3561 non
449 3506 707 3577 potuerit
733 3507 800 3561 ad
843 3507 1035 3561 salutis
1063 3507 1213 3562 viam
1255 3507 1554 3562 consilium
1582 3507 1805 3562 salubre

188 3612 449 3666 revocare,
498 3600 689 3654 caeteri
732 3603 927 3655 tamen
971 3601 1058 3655 vel
1106 3601 1464 3673 simplicitate
1503 3600 1669 3671 capti,
1715 3601 1805 3654 vel

187 3706 359 3747 errore
387 3692 631 3761 inducti,
656 3693 741 3748 vel
766 3693 951 3765 aliqua
982 3693 1226 3749 fallentis
1250 3695 1469 3748 astutiae
1497 3693 1803 3748 calliditate

185 3782 402 3856 decepti,
456 3803 495 3841 a
542 3786 783 3842 fallacias
827 3803 926 3841 vos
974 3787 1192 3858 laqueis
1245 3787 1468 3854 solvite,
1532 3790 1803 3857 vagantes

184 3893 392 3946 gressus
432 3879 511 3933 ab
548 3880 839 3935 erroribus
871 3880 1129 3947 liberate,
1162 3881 1271 3935 iter
1301 3886 1518 3934 rectum
1558 3880 1662 3934 viae
1697 3895 1800 3934 cce-

179 3968 316 4026 leslis
370 3974 689 4043 agnoscite.
744 3975 1123 4030 Contestantis
1176 3974 1432 4045 Apostoli
1485 3989 1592 4027 vox
1644 3978 1729 4027 est
1782 3990 1794 4026 :

180 4064 508 4136 Praecipimus
551 4068 719 4129 vobis,
765 4067 969 4137 inquit,
1010 4070 1069 4121 in
1112 4070 1327 4122 nomine
1374 4069 1590 4122 Domini
1626 4070 1800 4121 nostri

180 4158 287 4212 Iesu
327 4160 527 4215 Christi
563 4167 627 4214 ut
664 4161 930 4214 recedatis
974 4161 1042 4214 ab
1088 4162 1335 4215 omnibus
1373 4161 1644 4227 fratribus
1677 4177 1791 4213 am-

183 4248 473 4307 bulantibus
508 4253 820 4307 inordinate
857 4259 907 4307 et
954 4269 1061 4307 non
1102 4254 1396 4307 secundum
1442 4254 1795 4307 traditionem

1911 3223 1997 3277 ﬁci
2047 3239 2166 3278 esse
2202 3222 2500 3278 debemus.
2546 3226 2717 3287 Beati,
2761 3224 2966 3295 inquit,
3009 3229 3241 3297 paciﬁci,
3287 3231 3536 3298 quoniam

1906 3319 2013 3386 ipsi
2068 3318 2173 3385 ﬁlii
2215 3319 2313 3371 Dei
2354 3317 2696 3371 vocabuntur
2747 3319 2988 3385 (Matth,
3038 3336 3091 3386 v,
3152 3321 3227 3391 9).
3279 3321 3539 3376 Paciﬁcos

1909 3426 2028 3464 esse
2060 3413 2287 3480 oportet
2318 3410 2414 3463 Dei
2456 3410 2618 3475 ﬁlios,
2660 3411 2828 3465 corde
2874 3411 3063 3482 mites,
3104 3430 3371 3469 sermone
3403 3414 3537 3469 sim-

1907 3503 2105 3575 plices,
2140 3503 2445 3558 affectione
2471 3505 2801 3573 concordes,
2842 3505 3089 3561 iideliter
3116 3508 3219 3562 sibi
3261 3508 3537 3564 unanimi-

1905 3597 2039 3651 tatis
2067 3597 2308 3652 nexibus
2335 3597 2713 3652 cohaerentes.

1976 3691 2127 3744 XXV.
2185 3693 2312 3745 llaec
2363 3691 2707 3745 unanimitas
2751 3692 2855 3746 sub
2903 3694 3188 3765 Apostolis
3232 3696 3365 3750 olim
3408 3696 3532 3751 fuit.

1903 3784 1992 3839 Sic
2047 3800 2225 3838 novus
2282 3784 2633 3839 credentium
2691 3786 2936 3855 populus
2990 3787 3213 3841 Domini
3270 3789 3539 3843 mandata

1902 3877 2246 3944 custodiens,
2284 3876 2621 3932 charitatem
2664 3894 2826 3933 suam
2870 3880 3075 3935 tenuit.
3106 3881 3315 3936 Probat
3350 3883 3534 3954 Scrip-

1900 3975 2029 4025 tura
2081 3971 2273 4025 divina
2330 3987 2457 4041 qua:
2504 3970 2637 4026 dicit
2686 3989 2698 4026 :
2750 3973 2927 4027 Turba
2975 3980 3157 4028 autem
3203 3990 3384 4030 eorum
3438 3980 3535 4047 qui

1898 4063 2241 4119 crediderant
2268 4065 2454 4118 anima
2492 4070 2542 4118 et
2579 4071 2753 4120 mente
2783 4079 2893 4119 una
2922 4066 3160 4133 agebant
3180 4068 3229 4102 9°
3260 4069 3429 4139 (Ach,
3460 4087 3533 4137 Iv,

1899 4160 2009 4226 32).
2042 4157 2108 4210 Et
2147 4156 2353 4211 iterum
2390 4178 2400 4209 :
2435 4160 2503 4212 Et
2543 4163 2702 4213 erant
2741 4166 3140 4228 perseverantes
3178 4177 3358 4217 omnes
3396 4178 3534 4217 una-

1898 4254 2066 4306 nimes
2094 4252 2139 4285 ⁹¹
2185 4252 2244 4304 in
2281 4252 2525 4306 oratione
2566 4268 2683 4307 cum
2732 4254 3048 4309 mulieribus
3090 4260 3140 4309 et
3183 4257 3361 4311 Maria
3410 4273 3530 4327 qua

1548 4408 1757 4471 Variae
1802 4408 2138 4471 lectiones.

234 4546 272 4579 "
301 4549 476 4613 Atque
513 4550 620 4600 hoc
654 4551 773 4613 ipso
812 4553 1075 4614 majorem
1113 4555 1532 4613 consequuntur
1567 4550 1702 4601 ﬁdei
1745 4563 1863 4600 sum
1902 4549 2148 4611 laudem,
2180 4551 2289 4600 imo
2333 4550 2674 4612 ampliorem,
2708 4551 2957 4614 quod.....
2999 4553 3270 4616 segregati
3314 4554 3516 4617 quibus

181 4620 343 4679 juncti
368 4622 737 4672 confessionis
770 4623 1049 4672 consortio
1079 4622 1300 4671 fuerunt
1336 4623 1451 4671 Ver.
1483 4624 1632 4671 Paris
1682 4622 1789 4684 Qui
1811 4622 2023 4685 junctis
2048 4618 2495 4671 confessionibus
2528 4620 2687 4668 Paris.

187 4692 247 4736 At
274 4704 393 4741 vero
424 4692 546 4741 Bod.
580 4695 626 4752 t,
650 4692 697 4740 2.
766 4691 807 4725 ⁸³
835 4691 1006 4741 Mater
1033 4692 1284 4743 Ecclesia
1325 4692 1457 4741 Voss.
1482 4692 1529 4741 3.
1598 4692 1639 4724 ³⁵
1668 4692 2007 4742 Βίΐῆάθῐιῐὶω
2035 4693 2127 4740 Ar.
2159 4692 2300 4738 Lam.
2368 4687 2408 4720 ³⁷
2437 4688 2656 4739 Unitate
2688 4690 2810 4737 Red.
2838 4691 2881 4739 t.
2909 4691 2957 4738 4.

2757 4620 2799 4653 ⁸⁴
2827 4620 3113 4670 Steterunt
3145 4636 3274 4672 vero
3312 4621 3431 4672 Bod.
3470 4623 3520 4670 3.

3025 4689 3068 4723 ³⁸
3100 4692 3247 4741 Inter
3284 4706 3385 4742 sua
3420 4693 3524 4742 de-

185 4759 336 4822 nique
362 4762 615 4811 mandata
657 4762 767 4810 Ver.
835 4760 875 4794 ⁸⁸
902 4762 964 4811 In
996 4761 1197 4812 Christi
1228 4775 1419 4825 pacem
1444 4762 1711 4813 abeamus
1740 4765 1853 4810 Cor.
1893 4761 2215 4811 Maneamus
2243 4762 2332 4809 Ar.
2398 4757 2439 4790 ὐ
2469 4757 2726 4807 Animam
2763 4762 2815 4808 et
2856 4762 3095 4809 mentem
3134 4774 3302 4811 unam
3342 4761 3520 4813 habe—

188 4827 305 4879 bant
330 4832 451 4881 Bod.
483 4833 528 4882 3.
599 4832 638 4865 9'
666 4832 1090 4882 Perseverantes
1115 4830 1411 4881 unanimes
1439 4831 1575 4881 Lam.
1610 4830 1763 4879 Ebor.
1794 4832 1900 4881 Lin.

1466 4977 1690 5058 Steph.
1737 4976 1982 5040 Baluzii
2022 4981 2219 5039 notae.

243 5120 329 5208 (ᾧ)
352 5121 630 5208 [mw-2,5,.
663 5120 1352 5208 CodeXECompe‘ndiensis.
1383 5120 1551 5208 habet
1595 5120 1787 5208 dol‘qse,
1810 5136 1869 5208 D
1893 5125 2011 5208 tum
2042 5124 2120 5208 “et
2166 5121 2223 5170 in
2277 5120 2511 5208 vetustis
2559 5119 2929 5203 editionibus,
2991 5122 3133 5208 inter
3180 5136 3321 5187 quas
3355 5138 3519 5208 .p‘ono

190 5198 406 5253 quatuor
458 5195 551 5245 alii
598 5194 790 5257 dolum,
843 5194 1233 5260 Burgundicus
1272 5194 1629 5258 iniquitatem,
1671 5193 1787 5243 Bli-

190 5262 369 5324 gianus
401 5267 746 5317 mendacium.

247 5334 332 5397 (59)
382 5338 744 5388 Hmditatcm
821 5337 979 5388 dedit.
1064 5337 1366 5399 Manutius,
1438 5335 1789 5386 haereditate»:

193 5404 411 5459 Christus
428 5409 585 5459 dedit.
615 5409 724 5460 Sed
750 5422 947 5458 vocem
974 5408 1227 5469 Christus,
1263 5422 1390 5471 qum
1421 5422 1555 5459 sane
1597 5422 1790 5459 neces-

192 5479 317 5596 :ria
362 5493 471 5529 non
522 5485 626 5541 est,
669 5494 780 5530 non
818 5485 1123 5545 agnoscant
1166 5481 1293 5531 libri
1340 5485 1554 5532 veteres
1604 5494 1789 5546 neque

254 5546 457 5596 itiones.

254 5546 457 5601 itiones.

248 5619 333 5679 (ϐο)
375 5621 686 5673 Colum-edes.
741 5621 1047 5673 Fatendum
1091 5626 1175 5673 est
1228 5625 1492 5686 majorem
1538 5626 1788 5674 veterum

193 5686 436 5759 librorum
460 5698 671 5759 partem
700 5693 907 5745 habere
943 5693 1267 5759 simpliciter
1316 5694 1541 5746 hsredes
1580 5698 1633 5745 et
1665 5694 1787 5745 lec-

197 5758 380 5815 tionem
419 5780 582 5832 quam
635 5779 737 5832 ego
779 5766 988 5820 retineo
1031 5758 1249 5821 exstare
1300 5767 1358 5819 ln
1412 5770 1625 5834 septem
1665 5770 1787 5817 tan-

1891 5192 2285 5243 Morelliauam.
2341 5190 2610 5253 Quamvis
2651 5205 2779 5242 vero
2818 5194 2994 5256 major
3037 5197 3285 5244 veterum
3354 5196 3519 5248 libro-

1890 5277 2008 5314 rum
2034 5277 2159 5327 pars
2192 5263 2395 5313 habeat
2424 5261 2668 5323 heredes,
2708 5276 2812 5326 ego
2851 5263 3016 5313 aliam
3048 5264 3346 5317 lectionem
3376 5282 3518 5332 pree-

1889 5336 2024 5394 i'ero,
2060 5335 2188 5398 quia
2219 5334 2275 5382 in
2307 5334 2486 5396 capite
2509 5347 2609 5384 VIII
2634 5333 2897 5398 Epistolte
2925 5335 3080 5384 Pauli
3124 5336 3198 5385 ad
3238 5339 3516 5399 Romanos,

1889 5421 1958 5457 ex
1989 5420 2098 5470 qua
2141 5409 2395 5468 sumptus
2436 5408 2520 5455 est
2561 5405 2655 5455 hic
2701 5406 2879 5465 locus,
2908 5407 3109 5470 legitur
3138 5423 3149 5456 :
3184 5428 3212 5455 ‹‹
3248 5409 3306 5460 Si
3332 5414 3515 5460 autem

1888 5476 1987 5527 ﬁlii
2050 5480 2104 5527 et
2134 5475 2408 5538 hmredes,
2444 5476 2696 5527 baeredes
2752 5477 2976 5541 quidem
3030 5478 3152 5539 Dei,
3196 5478 3516 5529 coheredes

1889 5552 2074 5599 autem
2110 5546 2384 5597 Christi.»
2417 5545 2511 5599 Sic
2554 5546 2722 5598 etiam
2768 5548 3004 5599 refertur
3046 5549 3138 5599 hic
3171 5550 3330 5600 locus
3356 5551 3516 5613 epist.

1887 5621 1950 5671 56
1986 5623 2041 5669 et
2068 5621 2150 5679 81,
2182 5621 2236 5668 et
2283 5620 2339 5668 in
2377 5619 2622 5683 Epistola
2672 5619 2742 5669 ad
2795 5621 3163 5679 Fortunatam,
3209 5619 3272 5670 de
3313 5620 3519 5670 Exhor-

1888 5693 2083 5742 tatione
2129 5691 2398 5754 Martyrii,
2463 5704 2581 5756 cap.
2630 5691 2680 5752 2,
2729 5694 2785 5742 et
2827 5690 2920 5742 lib.
2972 5704 3027 5743 ιιι
3074 5692 3496 5741 Testimoniorum

1888 5777 2008 5829 cap.
2038 5763 2113 5814 l6.
