3978 6194
382 232 393 247 λ
452 272 552 326 535

1286 280 1291 285 ’
1361 272 1414 327 S.
1455 272 1769 330 CYPRIANI
1810 271 2082 327 OPERUM
2125 271 2294 327 PARS
2326 272 2391 326 ll.
2426 300 2492 311 --
2529 273 2896 327 OPUSCULA.
3388 356 3391 361 Ι
3694 280 3787 332 536

448 398 637 465 fuerat
664 397 773 466 (61)
802 401 975 452 mater
1001 400 1129 452 Jesu
1158 402 1207 452 et
1234 398 1509 464 fratribus
1550 399 1661 466 ejus
1691 398 1858 467 (Act,
1893 415 1928 466 ι,
1962 398 2070 467 32).
2098 400 2293 482 Atem
2345 397 2624 464 crederet,
2679 399 2736 452 et
2782 400 3009 452 caveret
3058 421 3067 451 :
3123 396 3164 451 si
3221 402 3467 466 caveret,
3517 397 3786 454 evaderet.

451 493 521 548 Et
564 490 712 559 ideo,
766 492 903 562 quia
950 491 1267 546 efﬁcacibus
1314 491 1573 563 precibus
1619 492 1894 559 orabant,
1947 492 2075 547 ideo

2179 490 2506 544 Excitemus
2561 507 2667 545 nos
2734 495 3011 563 quantum
3069 507 3397 563 possumus,
3456 491 3788 546 dilectissimi

451 584 762 657 impetrare
807 601 936 640 cum
980 586 1189 641 ﬁducia
1234 590 1497 655 poterant
1555 585 1955 657 quodcumque
2008 586 2076 639 de
2176 585 2401 654 fratres,
2436 590 2514 652 et,
2544 601 2744 639 somno
2788 585 3010 641 inertiae
3045 585 3250 641 veteris
3287 585 3547 656 abrupto,
3586 585 3655 640 ad
3695 585 3787 641 ob-

450 678 679 734 Domini
711 679 1099 734 misericordia
1126 679 1510 750 postulabant.

522 771 694 828 XXVI.
727 774 787 827 In
830 772 990 827 nobis
1016 789 1149 826 vero
1178 774 1255 827 sic
1288 772 1631 828 unanimitas
1661 772 1945 828 diminuta
1975 778 2076 842 est,

450 869 518 922 ut
562 870 620 921 et
663 867 893 938 largitas
945 867 1290 937 operationis
1345 866 1581 924 infracta
1632 870 1717 920 est
1749 868 1817 921 99.
1871 868 2080 922 Demos

452 965 591 1017 tunc
637 964 695 1015 et
736 960 941 1015 fundos
985 961 1428 1029 venumdabant,
1461 970 1517 1016 et
1544 961 1836 1016 thesauros
1872 961 1975 1016 sibi
2021 962 2080 1016 in

454 1055 594 1110 coelo
621 1059 991 1125 reponentes,
1021 1054 1414 1109 distribuenda
1443 1055 1500 1108 in
1532 1071 1667 1110 usus
1704 1055 2081 1125 indigentium

450 1148 633 1219 pretia
662 1148 946 1218 Apostolis
975 1148 1306 1203 offerebant.
1338 1153 1404 1204 At
1446 1165 1597 1202 nunc
1643 1149 1711 1205 de
1737 1148 2084 1220 patrimonio

452 1257 561 1296 nec
598 1241 848 1296 decimas
892 1242 1121 1311 damus;
1170 1245 1228 1295 et
1269 1258 1401 1296 cum
1444 1242 1695 1296 vendere
1735 1242 1935 1313 jubeat
1984 1246 2086 1297 Do-

456 1335 669 1401 minus,
717 1334 961 1390 emimus
1004 1336 1190 1405 potius
1237 1341 1293 1390 et
1337 1352 1636 1407 augemus.
1681 1336 1771 1390 Sic
1820 1336 1879 1391 in
1926 1337 2086 1391 nobis

458 1430 737 1484 emarcuit
787 1428 948 1499 vigor
985 1428 1134 1496 ﬁdei,
1179 1429 1257 1484 sic
1297 1429 1651 1484 credentium
1701 1430 1875 1484 robur
1924 1431 2084 1485 elan-

461 1521 605 1594 guit.
650 1524 717 1577 Et
763 1522 971 1576 idcirco
1013 1522 1303 1581 Dominus,
1354 1526 1618 1594 tempora
1666 1527 1855 1578 nostra
1902 1524 2085 1596 respi-

2179 678 2455 734 servanda
2498 683 2554 733 et
2602 680 2854 750 gerenda
2891 679 3120 736 Domini
3161 681 3443 751 princepta
3486 678 3788 750 vigilemus.

2180 772 2371 827 Simus
2405 773 2545 827 tales
2585 773 2780 844 quales
2823 790 2944 829 esse
2982 790 3082 828 nos
3120 774 3239 844 ipse
3268 772 3542 844 prmeepit
3568 772 3787 828 dicens:

2181 866 2304 921 Sint
2356 867 2524 921 lumbi
2577 870 2745 922 vestri
2797 870 3021 924 accincti
3070 874 3121 923 et
3173 869 3405 923 lucerna
3453 867 3692 921 ardentes
3739 870 3792 921 in

2181 961 2428 1015 manibus
2454 964 2673 1027 vestris;
2714 968 2764 1015 et
2799 977 2889 1017 vos
2924 963 3122 1017 similes
3163 962 3466 1016 hominibus
3497 966 3789 1031 exspectan-

2185 1055 2326 1110 tibus
2373 1055 2647 1110 dominum
2690 1069 2845 1110 suum
2885 1056 3108 1125 quando
3154 1058 3337 1110 veniat
3393 1071 3428 1107 (ι
3472 1057 3689 1124 nuptiis,
3737 1060 3792 1109 ut

2184 1164 2303 1204 cum
2327 1152 2531 1204 venerit
2557 1154 2608 1204 et
2627 1150 2933 1220 pulsaverit
2957 1152 3211 1220 aperiant
3234 1153 3300 1204 ei.
3332 1151 3491 1204 Beati
3511 1150 3649 1203 servi
3674 1164 3793 1218 quos

2186 1243 2471 1297 adveniens
2494 1244 2752 1298 Dominus
2778 1245 3045 1298 invenerit
3073 1244 3365 1310 vigilantes
3399 1243 3573 1311 (Luc.,
3602 1257 3691 1308 xu,
3714 1246 3794 1296 35-

2186 1338 2297 1402 37).
2342 1336 2631 1392 Accinctos
2678 1353 2780 1391 nos
2828 1353 2949 1391 esse
2987 1341 3233 1407 oportet,
3273 1352 3368 1400 ne,
3416 1352 3545 1390 cum
3583 1334 3795 1406 expedi-

2187 1430 2358 1484 tionis
2402 1429 2522 1484 dies
2547 1431 2594 1464 95
2626 1430 2866 1497 venerit,
2899 1430 3207 1501 impeditos
3237 1446 3339 1484 nos
3378 1435 3436 1484 et
3482 1428 3673 1501 520
3700 1430 3793 1483 im-

2188 1523 2414 1594 plicitos
2445 1524 2554 1595 (6'2)
2585 1524 2994 1595 apprehendat.
3027 1506 3231 1579 Luceat
3259 1523 3319 1578 in
3355 1523 3521 1578 bonis
3552 1522 3797 1592 operibus

457 1615 634 1681 ciens,
673 1616 731 1669 in
776 1614 1084 1685 Evangelio
1121 1632 1221 1669 suo
1262 1616 1396 1670 dicit
1433 1633 1445 1669 :
1490 1618 1657 1671 Filius
1705 1618 1932 1672 hominis
1969 1634 2089 1673 cum
2191 1622 2446 1672 nostrum
2495 1618 2690 1671 lumen
2723 1623 2779 1673 et
2805 1617 3045 1689 fulgeat,
3072 1621 3140 1672 ut
3169 1619 3361 1688 ipsum
3391 1633 3495 1671 nos
3529 1615 3598 1671 ad
3626 1616 3795 1670 lucem

454 1712 678 1772 venerit,
709 1714 874 1779 putas
920 1711 1153 1764 inveniet
1190 1710 1347 1777 ﬁdem
1384 1712 1440 1763 in
1486 1717 1629 1764 terra
1666 1712 1842 1781 (Luc.,
1886 1712 2087 1780 xvul)?
2190 1711 2459 1765 claritatis
2500 1715 2732 1765 aeterna:
2779 1712 2849 1765 de
2902 1713 3005 1765 hac
3050 1712 3239 1766 saeculi
3289 1716 3463 1766 nocte
3518 1709 3792 1781 perducat.

457 1802 728 1859 Videmus
760 1802 886 1857 ﬁeri
914 1803 1064 1873 quod
1096 1802 1189 1856 ille
1228 1804 1509 1873 praedixit.
1541 1807 1603 1858 In
1635 1806 1731 1859 Dei
1766 1805 1992 1873 timore,
2027 1806 2085 1859 in
2108 1783 2162 1854 B
2191 1807 2593 1875 Exspectemus
2642 1805 2867 1859 solliciti
2918 1821 3145 1876 semper
3194 1812 3249 1859 et
3312 1804 3466 1859 cauti
3515 1803 3798 1858 adventum

455 1897 585 1967 lege
623 1895 881 1968 justitiac,
920 1896 977 1949 in
1028 1896 1363 1963 dilectione,
1406 1897 1464 1951 in
1512 1913 1685 1969 opere
1737 1898 1878 1953 ﬁdes
1930 1899 2085 1953 nulla

458 1995 546 2044 est
579 2010 589 2044 :
624 2006 794 2044 nemo
834 1989 1156 2044 futurorum
1197 1996 1417 2045 metum
1458 1992 1670 2061 cogitat
1692 1994 1772 2061 9";
1804 1993 1953 2047 diem
1986 1994 2085 2047 Do-

398 2102 399 2105 ‘
459 2084 601 2139 mini
633 2087 691 2138 et
718 2084 862 2137 iram
894 2083 992 2138 Dei
1027 2088 1084 2138 et
1113 2084 1414 2138 incredulis
1444 2091 1685 2139 ventura
1727 2088 2000 2157 supplicia
2029 2092 2085 2141 et

460 2179 672 2233 statuta
700 2176 934 2248 perﬁdis
965 2181 1179 2232 mterna
1213 2183 1493 2233 tormenta
1518 2196 1689 2233 nemo
1719 2180 2042 2235 considerat
2069 2198 2080 2234 ί

461 2272 615 2342 quod
664 2271 1009 2326 metueret"
1054 2271 1399 2325 conscientia
1443 2277 1659 2332 nostra.
1704 2274 1750 2327 si
1793 2275 2083 2344 crederet;

460 2365 591 2436 quia
619 2381 733 2419 non
771 2364 950 2420 credit
985 2364 1242 2434 omnino,
1273 2381 1375 2420 nec
1417 2367 1638 2422 metuit.
1679 2367 1733 2422 Si
1776 2366 1966 2439 519
1994 2386 2089 2422 au-

2187 1898 2417 1953 Domini
2472 1899 2876 1969 repentinum,
2923 1905 3008 1966 ut,
3055 1898 3286 1971 quando
3344 1898 3441 1952 ille
3493 1896 3796 1969 pulsaverit,

2186 1992 2415 2063 evigilet
2439 1992 2578 2047 ﬁdes
2607 1997 2818 2059 nostra,
2842 1991 3133 2064 vigilantia
3157 1992 3468 2064 praemium
3489 1990 3558 2047 de
3577 1990 3798 2045 Domino

2186 2089 2499 2156 receptura.
2539 2086 2591 2141 Si
2632 2086 2751 2141 haec
2791 2085 3057 2141 mandata
3088 2089 3404 2153 serventur,
3443 2085 3488 2140 si
3526 2084 3642 2140 hinc
3686 2099 3793 2137 mo-

2189 2174 2305 2235 nita
2358 2183 2413 2234 et
2460 2184 2744 2250 praecepta
2787 2183 3120 2247 teneantur,
3171 2179 3428 2252 opprimi
3474 2178 3796 2234 dormientes

2188 2274 2413 2328 diabolo
2442 2273 2676 2328 fallente
2704 2289 2819 2327 non
2853 2289 3171 2343 possumus,
3200 2274 3348 2329 servi
3380 2272 3577 2345 vigiles
3599 2270 3796 2328 Christo

2189 2368 2524 2422 dominante
2548 2367 2917 2437 regnabimns
2938 2369 3007 2420 9“.

1846 2533 2055 2597 Variae
2099 2534 2433 2597 lectiones.

521 2680 562 2710 9‘
594 2680 662 2731 Ut
691 2680 912 2743 largitas
936 2680 1268 2743 operationis
1299 2680 1547 2729 infracta.
1582 2681 1788 2730 Demos
1828 2681 1935 2729 Ver.
1966 2682 2200 2731 Infracta
2227 2682 2297 2730 sit
2336 2682 2465 2730 Voss.
2495 2681 2540 2730 3.
2609 2681 2649 2713 9’
2680 2681 2886 2731 Metum
2914 2680 3134 2742 cogitat,
3165 2678 3313 2730 diem
3353 2679 3479 2729 Bod.
3508 2681 3549 2739 Ι,
3571 2678 3618 2727 4.
3646 2680 3789 2741 Impr.

452 2750 496 2784 ⁸³
519 2750 682 2814 Quod
708 2751 936 2814 quidem
965 2754 1234 2801 metueret
1269 2752 1402 2800 Voss.
1432 2752 1474 2800 1.
1508 2750 1671 2813 Quod
1702 2756 1967 2801 metueret
2002 2751 2111 2799 Ver.
2147 2750 2431 2814 Quidquid
2459 2755 2729 2803 metueret
2760 2753 2879 2801 Ben.
2959 2752 3000 2784 95
3028 2750 3362 2801 Proditionis
3385 2749 3504 2802 dies
3530 2752 3658 2800 Pem.
3682 2749 3795 2810 Imp-

455 2817 498 2853 “
526 2820 918 2884 Regnabimus.
947 2822 1145 2880 Amen,
1186 2820 1315 2869 Voss.
1345 2819 1393 2869 3.

1782 2948 2006 3030 Steph.
2041 2948 2287 3012 Baluzii
2317 2955 2514 3014 notae.

524 3076 619 3139 (61)
653 3074 1021 3165 Quzrfuerqt‘:
1050 3074 1328 3165 lievpcavi
1376 3074 1549 3165 hanc}.
1572 3076 1886 3165 lectionem,
1928 3091 2094 3165 quam
2116 3091 2171 3165 ρ
2201 3078 2498 3165 Doniinica.

460 3151 517 3197 et
546 3160 740 3197 omnes
784 3147 897 3196 tere
948 3145 1075 3195 libri
1101 3148 1320 3195 veteres
1362 3149 1416 3195 et
1467 3144 1734 3196 editiones
1784 3146 2096 3197 Pameliana

460 3219 802 3282 antiquiores
830 3217 1055 3267 habent.
1114 3218 1392 3267 Pamelius
1433 3218 1619 3280 posuit
1655 3217 1755 3279 fuit
1801 3231 1869 3267 ex
1904 3219 2095 3269 codice

460 3304 564 3340 ms.
595 3294 648 3338 et
677 3288 815 3353 quia'
838 3289 914 3337 ita
934 3288 1155 3352 legebat
1181 3289 1237 3336 in
1270 3287 1410 3337 libro
1436 3288 1498 3337 de
1517 3290 1771 3337 Oratione
1799 3290 2092 3338 Dominica.

2260 3149 2357 3209 (62)
2409 3148 2686 3213 [inpeditos
2752 3154 2797 3198 et
2877 3149 3176 3212 implicitos.
3247 3148 3526 3199 Pamelius
3603 3145 3795 3208 scripsit

2200 3219 2469 3282 impeditos
2532 3232 2627 3269 nos
2674 3224 2719 3269 et
2757 3220 3057 3283 implicitos.
3113 3218 3294 3281 Quam
3343 3233 3475 3269 sane
3525 3219 3793 3269 lectionem

2195 3291 2372 3353 reperi
2415 3290 2471 3339 in
2516 3289 2695 3340 tribus
2740 3290 2986 3354 antiquis
3027 3289 3457 3353 exemplaribus.
3485 3288 3592 3341 Sed
3625 3300 3793 3337 vocem

461 3364 535 3412 At
577 3375 678 3423 ego
728 3360 1027 3410 lectionem
1064 3358 1219 3407 illam
1268 3372 1378 3408 non
1435 3359 1611 3422 reperi
1654 3360 1761 3409 nisi
1808 3360 1864 3408 in
1900 3360 2096 3410 codice
2194 3373 2292 3410 nos
2316 3374 2428 3411 non
2470 3365 2780 3425 agnoscunt
2822 3362 3023 3425 reliqui
3066 3373 3251 3424 neque
3290 3363 3506 3411 veteres
3534 3359 3793 3409 editiones.

462 3431 724 3483 liemensi
798 3431 978 3480 sancti
1027 3429 1299 3492 Dionysii.
1352 3429 1547 3480 Postea
1599 3430 1930 3492 videbimus,
1968 3445 2090 3495 pag.

2195 3433 2266 3482 Et
2300 3432 2508 3497 alioqui
2533 3445 2733 3483 sensus
2772 3436 2853 3484 est
2899 3433 3113 3496 integer
3151 3431 3367 3496 absque
3406 3430 3499 3482 illo
3533 3428 3791 3481 vocabulo.

460 3503 573 3562 556,
634 3502 941 3553 Pamelium
999 3502 1251 3565 posuisse
1302 3501 1406 3563 fuit
1459 3502 1514 3551 in
1558 3501 1700 3551 libro
1734 3502 1795 3551 de
1847 3502 2097 3553 Oratione
2194 3504 2387 3568 Itaque
2409 3503 2607 3554 delevi.

1019 3869 1244 3993 DE
1357 3866 2280 4039 ORATIONE
2389 3868 3281 3997 DOMINICA

1166 4142 1177 4151 “
1982 4133 2319 4225 LIBER

470 4554 872 4608 AncunnNrrM.
904 4585 970 4593 —-
1003 4557 1125 4608 Tres
1153 4555 1524 4623 complectitur
1553 4560 1741 4622 partes
1780 4560 2050 4608 tractatus
2091 4554 2147 4609 S.
2195 4555 2462 4625 Cypriani
2500 4554 2568 4609 de
2606 4555 2873 4608 Oratione
2912 4554 3204 4608 Dominica
3245 4556 3345 4623 (l),
3380 4556 3433 4607 in
3481 4566 3581 4620 quo
3621 4548 3791 4602 librum

544 4644 875 4697 Tertulliani
899 4644 963 4697 de
1006 4645 1257 4699 Oratione
1283 4647 1555 4699 imitatur.
1594 4648 1654 4700 In
1691 4646 1869 4714 priore
1908 4645 2141 4698 ostendit
2173 4646 2482 4699 Orationem
2524 4646 2854 4698 Dominicam
2886 4659 2995 4698 cssc
3036 4645 3275 4698 omnium
3304 4639 3789 4696 excellentissimam.

540 4747 740 4787 summa
768 4733 1106 4803 spiritualcm
1140 4740 1190 4788 et
1231 4734 1305 4787 ad
1344 4734 1745 4804 impetrandum
1776 4736 2222 4802 efﬁcacissimam.
2263 4737 2324 4788 1n
2361 4736 2538 4788 altera
2572 4750 2697 4788 vero
2736 4740 2893 4806 parte
2940 4735 3230 4788 ﬂaminicae
3260 4732 3527 4786 Orationis
3564 4724 3786 4793 complec-

551 4824 689 4876 titur
734 4823 1169 4892 ewplicationem,
1218 4831 1524 4893 septemque
1568 4825 1679 4892 ejus
1717 4829 1900 4893 partes
1944 4827 2268 4893 praecipuas,
2320 4824 2648 4878 Tertulliani
2690 4826 2927 4891 vestigiis
2969 4824 3261 4883 inhwrens,
3309 4820 3556 4875 decurrit.
3604 4819 3791 4870 Demum

536 4913 594 4965 in
614 4914 775 4965 tertia
803 4916 959 4982 parte
986 4912 1255 4968 Orationis
1281 4913 1609 4968 conditiones
1636 4914 1911 4983 expendit,
1934 4914 2185 4983 docetque
2221 4916 2515 4968 orationem
2539 4929 2646 4968 esse
2674 4913 2883 4974 debere,
2908 4916 2961 4966 l°
2974 4916 3407 4982 perseverantem
3436 4914 3486 4963 et
3511 4904 3785 4960 assiduam.

1769 5072 1992 5153 Steph.
2041 5071 2285 5136 Baluzii
2332 5078 2527 5136 notae.

538 5216 604 5279 (ι)
659 5217 899 5266 Sanctus
927 5216 1198 5305 .llilariusl
1233 5219 1528 5281 episcopus
1549 5217 1956 5305 ‘Pictuviensis,
1998 5232 2044 5269 c.
2078 5219 2109 5268 5
2126 5233 2185 5305 D
2208 5224 2603 5283 praesumentes
2652 5218 2878 5268 arbitrio
2910 5232 2960 5305 ‘a
3009 5215 3401 5305 divipaLgratia
3435 5206 3788 5305 decidaqmuﬁh»

475 5272 873 5338 commentarii
924 5288 979 5336 in
1035 5272 1358 5350 Matthzeam,
1414 5272 1495 5339 sic
1549 5288 1799 5353 loquitur
1847 5289 1916 5338 de
1944 5272 2474 5355 'librouiijusdem
2511 5290 2820 5354 argumenti
2866 5288 3070 5338 librum
3116 5272 3386 5337 habémus
3419 5280 3556 5346 apud
3602 5272 3787 5355 Tertul:

472 5358 612 5407 isto:
652 5375 679 5403 ‹‹
707 5359 786 5407 De
831 5358 1097 5408 orationis
1152 5345 1354 5408 autem
1384 5345 1731 5410 sacramento
1780 5362 2109 5412 necessitate
2206 5345 2436 5411 lianum.
2498 5345 2855 5411 Invconcilio
2910 5357 3261 5412 Gerundensi
3322 5345 3579 5406 statutum
3617 5350 3690 5421 est
3728 5345 3788 5421 Δξιι

472 5441 575 5478 nos
619 5429 1033 5481 commentandi
1080 5429 1394 5492 Cyprianus
1451 5435 1659 5480 sancta;
1724 5432 2004 5482 memoria:
2040 5431 2107 5481 li-
2208 5432 2469 5483 omnibus
2503 5431 2702 5483 diebus
2746 5436 2870 5495 post
2913 5431 3210 5481 Matutinas
3257 5432 3313 5479 et
3340 5427 3600 5488 Vesperas
3621 5417 3787 5497 Oratio

473 5498 713 5558 limabit.
748 5518 775 5545 »
803 5501 1043 5551 Sanctus
1088 5488 1430 5564 Augustinus
1473 5501 1528 5551 in
1572 5502 1820 5566 Epistula
1847 5502 1919 5552 ad
1958 5502 2107 5552 V'ate-
2206 5504 2499 5554 Dominica
2523 5488 2848 5566 proferatur.
2880 5502 2951 5552 Et
2981 5506 3167 5552 tamen
3208 5503 3395 5565 postea
3440 5488 3787 5566 nonnpllilsarj

471 5572 1141 5645 niaqymMOfULegimus
1179 5560 1277 5622 Veis
1328 5575 1494 5624 etiam
1546 5560 1750 5624 librum
1800 5574 2084 5624 beatissim

2208 5575 2476 5634 cerdotcs,
2523 5560 2594 5623 ut
2634 5576 2691 5623 in
2758 5586 2971 5623 canone
3028 5560 3273 5645 decimo_
3303 5566 3516 5645 concilii
3566 5560 3785 5645 Τριξιξιξι

472 5629 1154 5709 ΜῘῆ-ὶξῧόῐῇέλίῆἱηάα
1178 5645 1444 5703 ,Oiatione
1494 5646 1790 5706 Dominica,
1828 5648 1881 5694 et
1923 5648 2106 5695 osten—
2208 5647 2389 5710 quarti
2410 5629 2629 5709 legitur,
2670 5646 2883 5694 inventi
2922 5647 3051 5693 sunt
3101 5642 3198 5708 qui
3241 5638 3573 5710 Dominicam
3605 5629 3785 5710 Orﬁti?

473 5698 1657 5790 Μαῆβιῆἇῦἰῇἧᾶίιιηξάροψνὶιιρωηὶδ
1679 5698 1805 5782 (ξιιξὲ
1827 5716 1895 5766 ad
1924 5730 2105 5790 mores
2206 5698 2334 5769 nem
2370 5698 2496 5790 139‘;
2518 5698 2789 5790 (egelidis
2813 5714 2913 5790 “id
2951 5715 3041 5790 di.“
3085 5698 3297 5790 ‘6."th
3336 5698 3783 5790 οωὴξὶθῗπ-ἶιξῗῗ

472 5770 1031 5852 sbét'rig'bé'r’tisest,
1070 5770 1279 5852 quibus
1309 5770 1487 5839 recte
1532 5770 1791 5850 vivimus,
1856 5803 1885 5838 a
1948 5789 2106 5840 Patre
2206 5791 2343 5837 rent.
2380 5784 2518 5836 Vide
2533 5770 2794 5836 -Wesseli
2841 5785 3142 5845 Gansfortii
3180 5777 3562 5844 Groningensis
3590 5770 3784 5823 Tracta-

472 5861 661 5911 nostro
696 5861 791 5924 qui
847 5859 1107 5923 in‘!,ccelis
1162 5863 1244 5911 est
1285 5858 1656 5928 exposcenda,
1702 5874 1771 5913 ne
1815 5858 1882 5911 de
1931 5858 2106 5911 libero
2208 5857 2410 5922 tumzde
2442 5858 2708 5913 Oratione.
