3978 6194
175 261 261 314 537
1281 262 1473 317 LIBER
1515 263 1601 318 DE
1638 261 1977 318 ORATIONE
2016 261 2354 315 DOMINICA.

3398 261 3500 314 538

230 382 463 450 exeniplo
502 380 704 437 Christi
740 385 986 449 Domini;
1017 387 1076 438 2°
1120 386 1437 453 vigilantem
1470 402 1533 442 ac
1576 392 1682 441 toto
1716 387 1873 442 corde
1906 386 2154 455 effusam,
2193 387 2431 455 emernplo
2478 385 2773 440 sacerdotis
2816 386 2915 454 qui
2956 404 2984 435 α
3025 390 3155 439 ante
3199 386 3498 440 orationem

226 472 542 539 praefatione
569 475 853 541 prmissa
891 478 1058 543 parat
1098 476 1340 540 fratrum
1381 482 1581 531 mentes
1621 477 1889 530 dicendo:
1924 476 2161 531 Sursum
2205 475 2395 542 corda,
2438 481 2489 529 ct
2519 474 2815 544 respondet
2851 475 3002 543 plebs
3046 490 3057 526 :
3106 473 3390 528 Habemus
3426 472 3498 527 ad

227 559 559 629 Dominum;
591 582 620 610 »
649 564 710 617 3°
739 563 887 619 bonis
915 565 1160 633 operibus
1203 571 1253 620 et
1291 567 1634 634 eleemosynis
1671 569 2054 628 consociatam,
2088 566 2261 621 Tobiae
2286 567 2465 620 instar
2494 572 2543 619 et
2567 564 2828 631 Cornelii;
2862 564 2922 617 4ο
2949 564 3191 618 omnibus
3217 562 3328 617 diei
3354 562 3501 617 horis

225 663 283 702 ac
308 652 604 718 praesertim
632 652 806 707 tribus
837 654 905 708 ab
930 655 1167 710 Ecclesia
1192 659 1427 711 orationi
1450 658 1753 719 destinatis,
1788 659 1949 712 tertia
1976 658 2255 719 nimirum,
2291 661 2446 711 sexta
2481 661 2532 710 et
2572 669 2738 716 nona,
2768 668 2926 708 mane
2953 668 3045 707 nec
3071 668 3178 707 non
3207 660 3257 707 et
3282 667 3496 721 vespere

224 752 325 793 esse
349 740 637 798 orandum.
666 744 798 799 Enn.

221 876 256 929 l.
286 876 630 970 ΕγΑΝσειιεΑ
674 888 978 955 praecepta,
1021 886 1224 941 fratres
1264 886 1636 954 dilectissimi,
1677 888 1763 940 ni-
1790 898 1847 970 Α
1938 887 2029 941 III.
2060 884 2301 939 Oremus
2329 884 2544 954 itaque,
2571 882 2773 937 fratres
2799 879 3169 946 dilectissimi,
3198 878 3346 931 sicut
3373 891 3500 930 ma-

158 968 226 1023 hil
256 968 411 1025 aliud
441 977 572 1028 sunt
594 989 769 1046 quam
795 978 1125 1049 magisteria
1156 979 1365 1049 divina,
1394 980 1769 1035 fundamenta

160 1061 494 1121 aediﬁcanda:
532 1068 716 1139 spei‘,
745 1069 1107 1128 ﬁrmamenta
1143 1073 1576 1129 corroborandse
1613 1074 1765 1141 fidei,

158 1158 499 1215 nutrimenta
538 1162 767 1218 fovendi
805 1165 1013 1236 cordis,
1066 1166 1456 1238 gubernacula
1485 1168 1767 1239 dirigendi

155 1248 380 1319 itineris,
416 1254 682 1323 praesidia
707 1256 1033 1314 obtinenda:
1062 1261 1296 1331 salutis;
1328 1278 1476 1333 quae,
1508 1262 1642 1317 dum
1665 1261 1765 1316 do-

157 1342 274 1396 ciles
296 1346 657 1403 credentium
682 1357 905 1406 mentes
935 1352 992 1407 in
1022 1355 1185 1409 terris
1213 1356 1520 1422 instruunt,
1552 1356 1623 1410 ad
1654 1372 1765 1411 cce-

155 1436 300 1491 lestia
358 1456 541 1511 regna
590 1443 930 1514 perducunt.
988 1448 1157 1503 Multa
1206 1453 1260 1502 et
1303 1467 1408 1521 per
1461 1451 1769 1521 prophetas

156 1546 326 1585 servos
361 1551 494 1589 suos
521 1535 629 1591 dici
677 1539 822 1593 Deus
870 1541 1046 1595 voluit
1084 1546 1141 1596 et
1166 1543 1384 1613 audiri;
1418 1544 1514 1598 sed
1552 1548 1767 1616 quanto

155 1625 358 1693 majora
380 1628 402 1660 ²
432 1645 564 1700 quae
599 1631 769 1686 Filius
798 1635 1070 1705 loquitur,
1100 1652 1227 1707 quae
1258 1637 1352 1691 Dei
1375 1654 1563 1691 sermo
1590 1638 1688 1709 qui
1709 1638 1767 1692 in

156 1720 430 1789 prOphetis
459 1718 579 1778 fuit
599 1726 832 1796 propria
861 1743 993 1782 voce
1028 1733 1285 1798 testatur,
1316 1747 1428 1785 non
1448 1732 1571 1802 jam
1602 1747 1763 1786 man-

157 1810 274 1865 dans
304 1818 363 1868 ut
411 1823 653 1887 paretur
692 1821 947 1875 venienti
976 1822 1084 1890 via,
1118 1823 1215 1878 sed
1263 1824 1380 1897 ipse
1424 1825 1681 1895 veniens,
1713 1830 1769 1881 et

159 1904 287 1961 viam
314 1909 478 1964 nobis
518 1914 780 1984 aperiens
813 1922 870 1970 et
898 1917 1247 1987 ostendens;
1282 1923 1341 1973 ut
1365 1919 1483 1991 qui,
1514 1921 1573 1973 in
1606 1926 1765 1975 tene-

157 2000 254 2055 bris
280 2005 482 2059 mortis
528 2014 802 2078 errantes,
848 2010 1151 2082 improvidi
1200 2014 1255 2067 et
1302 2013 1431 2067 caeci
1473 2014 1629 2084 prius
1657 2014 1764 2068 fui-

158 2112 285 2163 mus,
314 2097 440 2152 luce
466 2099 667 2170 gratim
684 2101 966 2171 luminati,
989 2104 1095 2159 iter
1114 2106 1242 2160 vita:
1265 2105 1407 2161 duce
1430 2109 1487 2161 et
1506 2111 1722 2160 rectore
1747 2108 1767 2140 ³

157 2189 377 2245 Domino
408 2197 761 2251 teneremus.

218 2285 277 2339 ll.
306 2285 415 2350 Qui
442 2286 597 2342 inter
634 2293 835 2345 caetera
876 2292 1135 2346 salutaria
1166 2310 1262 2347 sua
1293 2295 1511 2348 monita
1533 2298 1590 2349 et
1621 2312 1762 2366 ιιι-ξε·
1787 2267 1843 2340 Β

159 2386 297 2450 cepta
341 2381 540 2435 divina
580 2383 781 2453 quibus
825 2386 1034 2455 populo
1082 2404 1183 2441 suo
1230 2389 1473 2442 consulit
1516 2390 1587 2443 ad
1616 2390 1766 2443 salu-

160 2478 274 2541 tem,
323 2474 500 2529 etiam
546 2477 745 2530 orandi
790 2478 907 2548 ipse
968 2479 1213 2534 formam
1260 2481 1433 2550 dedit,
1468 2483 1588 2553 ipse
1631 2483 1765 2554 quid

159 2583 505 2636 precaremur
532 2571 756 2625 monuit
800 2578 855 2626 et
902 2573 1186 2631 instruxit.
1228 2575 1333 2639 Qui
1379 2576 1513 2630 fecit
1554 2576 1764 2644 vivere,

160 2659 326 2716 docuit
353 2667 409 2716 et
436 2678 629 2731 orare,
661 2664 1021 2735 benignitate
1065 2684 1133 2721 ea
1161 2668 1376 2722 scilicet
1424 2686 1536 2740 qua
1568 2674 1624 2723 et
1655 2687 1764 2724 cas-

160 2756 264 2808 tera
290 2755 421 2810 dare
474 2761 534 2811 et
571 2757 825 2812 conferre
857 2759 1128 2831 dignatus
1169 2769 1291 2830 est;
1325 2773 1403 2829 ut,
1433 2763 1568 2818 dum
1596 2780 1763 2834 prece

162 2852 207 2901 et
249 2850 504 2905 oratione
530 2853 547 2883 ⁸
590 2867 762 2922 quam
801 2852 968 2907 Filius
1009 2853 1200 2909 docuit
1234 2856 1383 2927 apud
1428 2859 1647 2913 Patrem
1676 2858 1761 2912 lo-

162 2943 389 3013 quimur,
418 2944 647 2999 facilius
674 2946 999 3001 audiamur.
1047 2947 1227 3021 521
1276 2952 1398 3005 Jam
1423 2952 1766 3022 praedixerat

160 3035 334 3092 horam
379 3038 577 3094 venire
628 3041 855 3110 quando
906 3042 1022 3096 veri
1078 3044 1412 3099 adoratores
1463 3047 1767 3102 adorarent

163 3130 359 3186 Patrem
390 3134 449 3186 in
501 3134 705 3204 spiritu
733 3140 788 3187 et
819 3135 1054 3189 veritate
1084 3137 1285 3207 (Jomz.,
1319 3154 1391 3206 IV,
1421 3141 1529 3209 23),
1564 3143 1621 3193 et
1657 3140 1762 3194 im-

162 3224 309 3293 plevit
333 3228 485 3297 quod
515 3232 645 3282 ante
693 3229 993 3298 promisit;
1024 3234 1086 3283 ut
1113 3230 1209 3301 qui
1243 3231 1506 3300 spiritum
1538 3239 1594 3287 et
1622 3234 1761 3287 veri-

164 3320 314 3371 tatem
342 3319 409 3374 de
437 3320 562 3390 ejus
601 3321 1043 3377 sanctificatione
1074 3325 1092 3353 -"
1147 3324 1523 3395 percepimus,
1558 3325 1628 3380 de
1660 3332 1765 3380 tra-

164 3408 345 3465 ditione
374 3431 606 3485 quoque
640 3416 761 3485 ejus
793 3432 922 3470 vere
971 3420 1027 3471 et
1066 3417 1396 3488 spiritaliter
1433 3418 1761 3474 adoremus.

162 3502 272 3564 Quae
310 3507 464 3562 enim
510 3512 691 3578 potest
740 3525 858 3562 esse
907 3510 1088 3582 magis
1135 3511 1407 3581 spiritalis
1453 3512 1525 3582 (2)
1583 3514 1763 3567 oratio

164 3610 307 3665 quam
334 3617 461 3670 quas
493 3618 523 3653 a
552 3602 778 3656 Christo
804 3605 875 3671 (3)
908 3604 1071 3657 nobis
1102 3603 1232 3658 data
1266 3609 1367 3672 est,
1400 3622 1432 3659 a
1459 3621 1573 3677 quo
1602 3607 1763 3661 nobis
1782 3627 1837 3700 ρ

165 3695 209 3742 et
234 3692 462 3759 Spiritus
513 3700 739 3749 sanctus
785 3696 992 3750 missus
1036 3699 1166 3751 est?
1212 3699 1347 3763 Quae
1392 3715 1525 3753 vera
1578 3701 1762 3771 magis

164 3784 291 3853 apud
316 3787 541 3842 Patrem
587 3789 838 3859 precatio
886 3807 1060 3860 quam
1111 3807 1236 3863 qua:
1278 3809 1310 3845 a
1366 3792 1523 3861 Filio,
1555 3794 1651 3864 qui
1679 3800 1763 3847 est

165 3875 370 3949 Veritas,
422 3881 495 3936 de
537 3881 659 3951 ejus
697 3898 792 3936 ore
832 3883 1048 3952 prolata
1093 3886 1219 3939 est?
1270 3889 1331 3940 ut
1380 3886 1568 3957 aliter:
1598 3904 1763 3942 orare

167 3983 314 4039 quam
341 3974 533 4029 docuit
574 3991 685 4029 non
720 3976 1043 4045 ignorantia
1071 3978 1187 4033 sola
1233 3978 1323 4046 sit,
1353 3980 1452 4035 sed
1494 3986 1550 4035 et
1575 3982 1758 4052 culpa,

164 4066 365 4133 quando
398 4068 523 4139 ipse
568 4069 822 4140 posuerit
864 4074 922 4124 et
952 4070 1194 4127 dixerit:
1240 4073 1474 4142 Rejicitis
1521 4076 1757 4129 munda-

166 4158 258 4209 tum
299 4162 401 4221 Dei,
456 4167 517 4216 ut
575 4163 923 4218 traditionem
948 4169 1181 4220 vestram
1230 4171 1491 4221 statuatis
1538 4168 1754 4237 (Mare,

168 4263 243 4317 vn,
269 4253 335 4322 8).

1869 978 2047 1049 gister
2076 980 2219 1034 Deus
2243 980 2264 1012 ⁸
2312 976 2520 1031 docuit.
2563 974 2760 1030 Amica
2789 978 2845 1029 et
2872 972 3168 1027 familiaris
3195 970 3375 1025 oratio
3413 973 3501 1024 est

1868 1075 2048 1128 Deum
2094 1072 2165 1126 de
2209 1088 2310 1126 suo
2352 1087 2559 1142 rogare
2602 1070 2695 1141 (4),
2737 1068 2806 1123 ad
2833 1082 2997 1121 aures
3041 1066 3163 1136 ejus
3189 1062 3500 1118 ascendere

1869 1165 2083 1221 Christi
2122 1165 2375 1219 oratione
2407 1165 2503 1235 (5).
2535 1165 2817 1234 Agnoscat
2845 1162 3010 1214 Pater
3048 1156 3173 1211 Filii
3204 1156 3292 1210 sui
3330 1154 3501 1209 verba

1870 1276 2001 1315 cum
2032 1274 2255 1331 precem
2284 1258 2541 1313 facimus.
2577 1257 2684 1321 Qui
2709 1254 2934 1310 habitat
2961 1254 3117 1307 intus
3149 1251 3207 1305 in
3249 1252 3499 1321 pectore,

1870 1355 1988 1427 ipse
2019 1355 2087 1408 sit
2112 1357 2169 1409 et
2198 1354 2257 1407 in
2291 1368 2446 1407 voce.
2488 1353 2558 1406 Et
2608 1366 2740 1405 cum
2779 1349 2965 1421 ipsum
3004 1345 3318 1401 habeamus
3346 1343 3498 1414 apud

1869 1449 2093 1503 Patrem
2123 1448 2458 1502 advocatum
2490 1462 2593 1513 pro
2631 1444 2872 1516 peccatis
2912 1440 3117 1497 nostris
3147 1440 3186 1509 (Ι
3214 1441 3399 1500 Joan.,
3436 1452 3496 1504 ιι,

1871 1541 1946 1611 l),
1975 1542 2200 1613 quando
2230 1543 2556 1612 peccatores
2588 1555 2692 1610 pro
2738 1536 2959 1592 delictis
2987 1533 3194 1589 nostris
3222 1532 3495 1603 petimus,

1868 1635 2123 1691 advocati
2149 1636 2332 1690 nostri
2364 1634 2536 1689 verba
2566 1647 2921 1704 promamus.
2958 1630 3122 1695 Nam,
3168 1642 3301 1682 cum
3344 1625 3493 1680 dicat

1868 1729 2000 1801 quia
2023 1729 2425 1802 quodcumque
2448 1727 2785 1799 petierimus
2812 1742 2843 1779 a
2862 1726 3022 1778 Patre
3042 1723 3103 1776 in
3121 1720 3353 1776 nomine
3374 1720 3499 1790 ejus

1870 1823 2028 1879 dabit
2056 1822 2218 1878 nobis
2246 1822 2445 1893 (Joan.,
2475 1837 2590 1889 xvr,
2620 1819 2733 1890 23),
2769 1822 2984 1890 quanto
3017 1814 3296 1871 efﬁcacius
3324 1812 3502 1882 impe-
3560 1820 3566 1825 ‘

1870 1923 2087 1972 tramus
2110 1916 2262 1988 quod
2290 1915 2538 1987 petimus
2560 1915 2618 1968 in
2640 1912 2847 1969 Christi
2868 1909 3123 1977 nomine,
3156 1909 3203 1962 si
3233 1911 3497 1979 petamus

1868 2012 2041 2082 ipsius
2069 2010 2327 2065 oratione
2348 2010 2376 2063 ‘l

1942 2106 2026 2158 IV.
2076 2105 2158 2160 Sit
2186 2109 2379 2157 autem
2424 2101 2712 2156 orantibus
2744 2114 2930 2154 sermo
2979 2100 3035 2153 et
3076 2094 3326 2168 precatio
3367 2108 3497 2148 cum

1870 2198 2191 2268 disciplina,
2226 2197 2482 2268 quietem
2515 2195 2812 2250 continens
2842 2197 2899 2247 et
2937 2191 3235 2263 pudorem.
3268 2187 3494 2257 Cogite-

1868 2308 2000 2347 mus
2044 2308 2143 2345 nos
2189 2290 2292 2345 sub
2339 2294 2645 2360 conspectu
2678 2288 2772 2343 Dei
2812 2292 2985 2340 stare.
3035 2282 3383 2339 Placendum
3414 2285 3498 2334 est

1867 2385 2069 2441 divinis
2117 2384 2294 2439 oculis
2334 2388 2392 2436 et
2434 2383 2633 2437 habitu
2673 2381 2927 2452 corporis
2968 2384 3025 2433 et
3068 2377 3281 2432 modo7
3326 2374 3493 2430 vocis.

1868 2481 2030 2546 Nam,
2075 2482 2137 2532 ut
2187 2476 2542 2549 impudentis
2580 2480 2662 2529 est
2716 2473 3056 2529 clamoribus
3098 2478 3371 2541 strepere,
3420 2468 3497 2522 ita

1867 2576 2059 2627 contra
2084 2572 2346 2643 congruit
2377 2570 2696 2632 verecundo
2728 2567 2993 2623 modestis
3020 2564 3281 2636 precibus
3310 2579 3497 2617 orare.

1870 2667 2122 2737 Denique
2168 2664 2497 2736 magisterio
2531 2666 2602 2733 (6)
2636 2679 2735 2717 suo
2767 2662 3041 2716 Dominus
3080 2664 3293 2714 secreto
3328 2673 3494 2711 orare

1869 2777 1969 2814 nos
2006 2758 2296 2831 praecepit,
2349 2759 2402 2812 in
2464 2757 2670 2812 abditis
2711 2760 2765 2811 et
2808 2756 3039 2810 semotis
3086 2754 3156 2823 (7)
3222 2752 3378 2817 locis,
3436 2750 3492 2803 in

1867 2853 2138 2907 cubiculis
2163 2853 2319 2922 ipsis,
2371 2852 2521 2923 quod
2549 2850 2732 2921 magis
2771 2849 3035 2905 convenit
3078 2848 3240 2913 fidei;
3275 2851 3339 2900 ut
3362 2845 3498 2899 scia-

1868 2963 1994 3001 mus
2026 2947 2203 3000 Deum
2244 2945 2451 3017 ubique
2497 2961 2617 2999 esse
2663 2946 3023 3015 praesentem,
3076 2941 3273 2996 audire
3299 2954 3497 2993 omnes

1867 3046 1922 3096 et
1967 3040 2183 3105 videre,
2229 3044 2286 3093 et
2331 3039 2644 3110 majestatis
2675 3054 2792 3092 sua:
2835 3036 3189 3108 plenitudine
3218 3034 3275 3089 in
3303 3031 3496 3087 abdita

1866 3150 2093 3206 quoque
2135 3140 2189 3188 et
2236 3134 2451 3188 occulta
2493 3139 2812 3203 penetrare,
2866 3133 3011 3184 sicut
3051 3130 3326 3199 scriptum
3365 3133 3490 3182 est:

1864 3233 1975 3297 Ego
2006 3231 2146 3283 Deus
2191 3229 2602 3298 appromimans,
2641 3224 2833 3299 522
2871 3231 2920 3279 et
2958 3241 3065 3278 non
3110 3226 3249 3277 Deus
3276 3222 3341 3277 de
3379 3223 3494 3275 lon-

1864 3325 2084 3392 ginquo.
2132 3324 2193 3377 Si
2243 3322 2591 3376 absconditus
2638 3324 2811 3388 fuerit
2855 3321 3005 3373 homo
3049 3321 3106 3372 in
3147 3316 3491 3377 absconditis,

1866 3432 1958 3486 ego
1993 3432 2115 3486 ergo
2154 3432 2260 3470 non
2296 3416 2485 3470 videbo
2531 3419 2699 3470 eum?
2740 3418 2928 3471 Nonne
2969 3414 3157 3468 caelum
3202 3418 3252 3465 et
3296 3417 3496 3465 terram

1866 3526 1956 3577 ego
1982 3512 2175 3580 impleo
2198 3510 2217 3542 ⁸
2244 3511 2526 3581 (Hierem.,
2549 3524 2700 3575 χχιιι,
2732 3511 2821 3574 23,
2855 3508 2943 3576 24)
2964 3508 2991 3560 ‘i
3022 3508 3089 3560 Et
3130 3505 3339 3560 iterum
3374 3520 3386 3556 :
3432 3506 3496 3556 In

1865 3606 2011 3658 omni
2084 3605 2191 3658 loco
2243 3605 2388 3658 oculi
2449 3605 2540 3657 Dei
2592 3603 2943 3673 speculantur
3005 3603 3165 3654 bonos
3227 3603 3276 3652 et
3326 3597 3492 3652 malos

1865 3697 2064 3767 (Prov.,
2094 3712 2183 3765 xv,
2231 3700 2306 3767 3).
2337 3698 2404 3751 Et
2432 3696 2659 3768 quando
2706 3696 2764 3750 in
2818 3710 2995 3749 unum
3046 3709 3177 3747 cum
3223 3690 3490 3745 fratribus

1863 3791 2254 3858 convenimus,
2285 3795 2342 3844 et
2381 3789 2649 3844 sacrificia
2695 3789 2885 3842 divina
2915 3803 3045 3842 cum
3076 3787 3173 3840 Dei
3202 3783 3491 3839 sacerdote
3526 3785 3540 3808 ’

1864 3884 2236 3954 celebramus,
2261 3883 2617 3939 verecundiae
2639 3887 2695 3937 et
2720 3881 3035 3954 disciplinae
3066 3894 3349 3934 memores
3376 3893 3494 3932 esse

1865 3977 2155 4045 debemus,
2202 3994 2317 4031 non
2361 3978 2576 4049 passim
2620 3977 2892 4032 ventilare
2934 3990 3126 4047 preces
3157 3976 3379 4028 nostras
3402 3971 3486 4025 in-

1863 4070 2101 4125 conditis
2144 4071 2390 4137 vocibus,
2436 4087 2538 4126 nec
2583 4070 2915 4142 petitionem
2980 4065 3489 4123 commendandam

1863 4164 2117 4220 modeste
2147 4166 2262 4219 Deo
2310 4164 2659 4220 tumultuosa
2696 4164 3041 4234 loquacitate
3083 4161 3321 4232 jactare,
3363 4158 3493 4230 quia

1863 4264 2012 4317 Deus
2040 4279 2155 4317 non
2195 4263 2346 4318 vocis
2393 4262 2493 4317 sed
2526 4262 2711 4317 cordis
2758 4262 2985 4317 auditor
3014 4264 3113 4316 est.
3144 4260 3255 4314 Nec
3283 4258 3484 4313 admo-

1523 4429 1733 4493 Variae
1780 4430 2112 4495 lectiones.

221 4561 247 4635 '7
272 4563 646 4617 Fundamenta
692 4567 1114 4617 corroborandee
1159 4566 1309 4629 fidei,
1344 4570 1679 4620 nutrimenta
1723 4570 2067 4621 aediﬁcandas
2115 4573 2251 4635 spei,
2292 4573 2705 4622 ﬁrmamentum
2750 4570 2973 4621 fovendi
3026 4569 3211 4621 cordis
3264 4570 3393 4617 Voss.
3441 4569 3487 4617 3.

170 4632 405 4688 'Meliora
445 4639 578 4687 Voss.
610 4638 655 4687 2.
691 4640 827 4687 Pem.
900 4644 915 4671 ³
941 4639 1049 4689 Iter
1084 4640 1189 4690 vias
1228 4639 1372 4690 duce
1414 4642 1525 4690 Lin.
1568 4642 1673 4692 ΝΟ.
1704 4643 1752 4690 2.
1795 4643 1921 4693 Bod.
1962 4645 2008 4703 I,
2046 4643 2095 4705 2,
2128 4632 2174 4692 4—.
2241 4632 2263 4674 λ
2287 4643 2604 4693 Orationem
2642 4641 2769 4690 Voss.
2803 4641 2848 4690 3.
2918 4644 2935 4673 ⁵
2979 4638 3366 4689 Satisfactione
3396 4650 3492 4698 pro

170 4708 569 4777 gmtiticatione
613 4711 766 4758 Oxon.
834 4709 855 4743 ⁸
883 4710 1139 4775 Magister
1171 4712 1444 4761 Dominus
1484 4714 1574 4761 Ar.
1620 4713 1877 4777 Magister
1914 4714 2101 4765 docuit
2149 4712 2270 4762 Bod.
2308 4713 2355 4774 2,
2398 4712 2446 4761 3.
2516 4711 2534 4743 7
2562 4710 2787 4762 Modulo
2822 4710 2975 4760 vocis
3027 4711 3209 4758 Victor.
3264 4708 3393 4756 Voss.
3440 4706 3485 4755 2.

172 4769 187 4800 ‘
212 4773 412 4841 lmpleo,
442 4780 575 4831 dicit
602 4781 875 4830 Dominus
911 4769 1099 4830 Victor.

1428 4902 1650 4986 Steph.
1702 4905 1943 4969 Baluzii
1989 4909 2185 4968 notae.

224 5044 277 5140 (ιδ.)
324 5050 517 5140 Magis,
534 5048 816 5130 spiritalis.
858 5049 1165 5140 ‘Pameli‘us
1210 5053 1839 5140 .monuitwscriptme
1904 5054 1990 5140 (ὅ)
2052 5052 2547 5140 Christfivor‘atione.
2602 5051 2791 5134 Secuti
2849 5052 2904 5100 in
2959 5052 3066 5101 hoc
3119 5050 3239 5101 loco
3294 5063 3489 5140 sumus

175 5123 271 5163 esse
306 5118 607 5180 spiritalior
658 5121 713 5169 in
743 5123 980 5183 quatuor
1010 5122 1253 5186 antiquis
1288 5122 1594 5181 codicibus.
1642 5118 2161 5187 Egoueditionem
2213 5123 2452 5187 Rigaltii,
2502 5137 2667 5187 quam
2716 5124 2833 5187 ipse
2881 5135 3066 5171 veram
3123 5134 3244 5172 esse
3292 5122 3492 5186 prohat

177 5196 375 5255 quoque.
392 5190 462 5240 ita
498 5191 677 5255 reperi
715 5192 770 5241 in
822 5204 936 5241 sex.
982 5192 1125 5244 Vide
1170 5198 1329 5243 notas
1371 5194 1437 5244 ad
1473 5195 1676 5245 librum
1701 5197 1762 5246 de

177 5252 334 5307 Habitu
366 5252 656 5326 Virginum.

224 5327 279 5404 (3)
325 5333 436 5393 Quae
479 5350 515 5383 a
568 5335 796 5385 Christo.
861 5335 1141 5386 Manutius
1192 5339 1377 5400 posuit
1423 5352 1539 5404 quae
1573 5352 1690 5389 vere
1730 5355 1760 5389 a

180 5395 361 5472 Christo.
399 5404 506 5456 Sed
535 5419 637 5470 ego
679 5419 875 5457 vocem
925 5421 1061 5468 vere,
1115 5395 1243 5472 qua)
1272 5422 1381 5458 non
1426 5395 1659 5461 habetur
1704 5411 1761 5459 in

178 5471 384 5548 antiquis
420 5475 757 5528 editionibus
800 5491 983 5542 neque
1024 5479 1079 5528 in
1122 5471 1403 5530 veteribus
1432 5481 1586 5531 libris
1627 5495 1762 5531 nos—

179 5539 273 5616 tris,
297 5549 345 5594 et
391 5548 602 5598 inutilis
645 5551 747 5611 est,
793 5539 991 5611 abjeci.
1043 5550 1217 5601 Nemo
1254 5553 1459 5616 quippe
1508 5553 1762 5603 dubitare

182 5615 328 5686 gotest
354 5620 481 5682 quin
511 5620 697 5671 Oratio
718 5620 1008 5671 Dominica
1028 5624 1332 5686 composita
1363 5615 1433 5673 sit
1464 5638 1493 5674 a
1518 5623 1756 5675 Christo.

183 5676 336 5758 Editio
366 5676 581 5754 quoque
607 5690 915 5754 Anglicana
952 5706 1076 5742 eam
1108 5676 1301 5745 vocem
1326 5695 1533 5758 rejecit.

235 5755 485 5829 (“Deum
535 5762 600 5811 de
653 5775 749 5811 suo
799 5775 1010 5827 rogare.
1085 5765 1315 5825 Seneca,
1378 5755 1550 5829 Epist.
1630 5766 1685 5815 IO
1749 5781 1757 5813 :

188 5836 208 5863 τι
231 5825 475 5884 Audacter
498 5834 678 5885 Deum
712 5825 881 5899 νοεει,⁷
900 5834 1039 5886 nihil
1074 5835 1143 5888 de
1173 5837 1354 5890 alieno
1393 5825 1701 5901 rogaturus.
1734 5857 1760 5883 »

1861 5196 2076 5245 ratione
2116 5200 2169 5244 et
2207 5195 2479 5258 exemplo.
2514 5195 2713 5244 Nititur
2752 5197 2936 5245 autem
2970 5205 3031 5243 ea
3068 5192 3313 5257 plurium
3345 5198 3491 5245 vete-

1862 5280 1985 5317 rum
2013 5267 2280 5317 librorum
2307 5267 2646 5316 auctoritate.

1923 5337 1990 5399 (6)
2029 5337 2264 5402 Denique
2305 5338 2625 5401 magiaerio.
2661 5336 2807 5387 Citat
2843 5337 2993 5387 hunc
3037 5337 3221 5387 locum
3266 5342 3492 5390 sanctus

1859 5407 2183 5471 Fulgentius
2208 5408 2301 5459 lib.
2336 5423 2371 5457 ιι
2401 5408 2468 5458 ad
2500 5408 2922 5468 Trasimundum,
2951 5422 3070 5473 cap.
3101 5410 3177 5457 t6.

1924 5482 1989 5542 (7)
2040 5480 2245 5530 Abditis
2296 5486 2341 5531 et
2392 5482 2621 5531 semotis.
2670 5481 2903 5531 Veteres
2949 5480 3218 5531 editiones
3269 5485 3325 5532 et
3377 5486 3488 5533 tres

1861 5549 1988 5607 libri
2016 5556 2230 5602 veteres
2267 5554 2570 5616 praeferunt
2614 5552 2807 5602 abditis
2844 5557 2890 5601 et
2917 5553 3125 5601 secretis
3152 5553 3232 5601 vel
3257 5553 3486 5611 semotis,

1862 5626 1923 5673 ut
1978 5623 2149 5673 lector
2204 5637 2326 5673 eam
2384 5624 2677 5675 lectionem
2736 5624 3010 5687 acciperet
3064 5637 3231 5688 quam
3278 5623 3483 5672 mallet.

1861 5694 2056 5760 Itaque
2085 5696 2316 5759 quidam
2343 5696 2625 5749 habebant
2659 5697 2713 5745 in
2738 5696 2929 5748 abditis
2965 5701 3011 5747 et
3035 5696 3262 5757 secretis,
3300 5695 3392 5744 alii
3434 5696 3487 5743 in

1861 5765 2055 5817 abditis
2080 5765 2160 5816 vel
2185 5767 2405 5817 semotis.
