3978 6194
503 239 606 293 539
876 216 891 283 εἰ
1402 243 1456 299 S.
1498 243 1810 301 CYPRIANI
1849 246 2123 304 OPERUM
2163 247 2333 303 PARS
2371 248 2436 302 ll.
2478 273 2547 286 -—
2583 244 2949 302 OPUSCULA.
3124 272 3149 301 κ
3340 204 3345 211 1
3720 253 3808 308 540

505 363 723 417 nendus
744 366 829 417 est
847 363 1192 420 clamoribus
1218 366 1315 437 qui
1333 367 1703 438 cogitationes
1729 370 2027 425 hominum
2051 371 2125 442 (8)
2150 370 2426 455 Aoravit,
2480 373 2539 424 et
2586 367 2876 423 exaudivit
2924 368 3185 422 orantem
3224 367 3319 438 qui
3380 368 3676 426 humilibus
3710 374 3806 445 (12)

499 455 671 524 videt,
706 456 978 527 probante
1016 458 1259 513 Domino
1302 463 1355 514 et
1388 460 1607 517 dicente
1641 482 1652 519 :
1701 465 1846 530 Quid
1878 466 2127 532 cogitatis
2229 463 2487 534 ignoscit.
2532 461 2670 527 Quae
2708 461 2983 516 Dominus
3030 460 3089 515 in
3125 459 3425 531 Evangelio
3455 478 3549 517 suo
3593 466 3808 534 ponitet

497 565 727 618 nequam
776 551 836 604 in
878 551 1128 607 cordibus
1165 556 1358 608 vestris
1405 556 1575 624 (Luc.,
1624 572 1675 620 ν,
1723 556 1859 625 22)?
1906 558 1973 613 Et
2009 558 2120 613 alio
2225 555 2359 611 dicit
2386 572 2399 609 :
2424 558 2670 612 Homines
2705 555 2811 610 duo
2833 554 3195 612 ascenderunt
3233 556 3293 608 in
3320 556 3569 625 templum
3587 572 3728 613 orare
3749 560 3808 623 η,

497 641 624 696 loco
654 658 666 696 :
701 645 769 698 Et
792 646 956 699 scient
984 660 1160 700 omnes
1198 648 1449 702 Ecclesia
1486 651 1618 717 quia
1644 665 1735 717 ego
1772 666 1889 705 sum
1909 656 2120 706 scruta-

491 740 574 790 tor
592 739 735 791 renis
762 743 811 792 et
846 739 1022 794 cordis
1046 740 1257 809 (Apoc.,
1287 756 1346 810 ii,
1386 742 1501 811 23).

566 830 625 883 V.
656 830 815 894 Quod
847 835 1031 900 Anna,
1063 833 1122 887 in
1153 834 1336 904 primo
1366 837 1699 905 Regnorum
1730 836 1892 906 libro,
1928 838 2119 892 Eccle-

496 921 592 977 siae
620 925 821 993 typum
852 928 1108 998 portans,
1158 928 1404 983 custodit
1428 931 1484 983 et
1512 933 1734 995 servat;
1768 946 1895 1001 quae
1925 930 2116 985 Domi-

496 1031 635 1069 num
664 1032 776 1071 non
808 1017 1056 1073 clamosa
1085 1021 1417 1090 petitione",
1447 1022 1543 1076 scd
1588 1023 1755 1078 tacite
1784 1027 1841 1077 et
1861 1023 2119 1080 modeste

495 1106 646 1162 intra
676 1108 824 1180 ipsas
868 1114 1112 1182 pectoris
1154 1114 1405 1169 latebras
1447 1116 1800 1186 precabatur.
1833 1117 2114 1189 Loqueba-

493 1206 586 1256 tur
627 1218 793 1273 prece
825 1207 1059 1274 occulta,
1104 1208 1198 1262 sed
1226 1209 1519 1265 manifesta
1561 1210 1704 1275 tide;
1754 1211 2115 1281 loquebatur,

490 1310 607 1348 non
639 1313 794 1366 voce,
826 1298 924 1354 sed
946 1301 1136 1367 corde,
1165 1302 1301 1372 quia
1328 1302 1405 1356 sic
1436 1304 1609 1358 Deum
1641 1303 1848 1360 sciebat
1880 1304 2075 1359 audire
2102 1322 2113 1358 :

492 1394 547 1443 et
598 1390 918 1461 impetravit
962 1393 1261 1448 efﬁcaciter
1306 1396 1454 1466 quod
1483 1396 1664 1467 petiit,
1712 1397 1843 1468 quia
1871 1397 2117 1452 fideliter

489 1483 814 1552 postulavit.
870 1485 1127 1541 Declarat
1166 1488 1454 1560 Scriptura
1499 1490 1710 1558 divina,
1756 1507 1881 1561 quae
1930 1491 2111 1547 dicit:

489 1578 833 1644 Loquebatur
859 1580 919 1632 in
950 1581 1106 1635 corde
1125 1597 1242 1644 suo,
1270 1588 1319 1637 et
1341 1583 1485 1637 labia
1510 1585 1625 1653 ejus
1651 1585 2112 1656 movebantur(9),

484 1675 535 1722 et
562 1685 666 1723 vos:
693 1671 807 1738 ejus
850 1688 957 1727 non
996 1675 1355 1742 audiebatur;
1405 1682 1456 1731 et
1496 1678 1776 1732 exaudivit
1818 1694 1934 1733 eam
1979 1682 2114 1733 Deus

2225 665 2366 705 unus
2399 650 2705 706 Pharisaeus
2741 653 2795 703 et
2842 663 2983 703 unus
3006 648 3051 682 ¹³
3091 647 3437 703 Publicanus.
3473 649 3808 707 Phariswus“

2222 758 2342 797 cum
2389 745 2640 804 stetisset,
2686 743 2824 797 talia
2868 740 3020 811 apud
3072 756 3124 796 se
3162 741 3550 811 precabatur“
3603 762 3618 796 :
3670 747 3808 816 Deus,

2221 839 2432 904 gratias
2478 836 2577 889 tibi
2620 851 2721 903 ago
2768 837 2898 904 quia
2923 850 3029 889 non
3062 850 3179 889 sum
3202 836 3340 889 sicut
3380 838 3554 890 caeteri
3578 836 3807 905 homines,

2221 930 2426 999 injusti,
2478 935 2742 1001 raptores,
2799 929 3056 990 adulteri,
3119 928 3383 998 quomodo
3424 934 3473 983 et
3516 929 3809 1000 publicanus

2219 1025 2337 1078 iste.
2384 1023 2578 1092 Jejuno
2637 1024 2714 1078 bis
2770 1025 2826 1077 in
2875 1023 3143 1089 Sabbato,
3202 1022 3435 1077 decimas
3487 1022 3553 1077 do
3599 1028 3809 1079 omnium

2219 1132 2564 1187 quaecumque
2591 1116 2853 1187 possideo.
2880 1117 3206 1171 Publicanus
3233 1122 3416 1170 autem
3453 1116 3516 1171 de
3545 1117 3807 1187 longinquo

2216 1211 2422 1278 stabat,
2457 1215 2507 1264 et
2532 1226 2701 1280 neque
2736 1210 2912 1264 oculos
2946 1210 3159 1263 volebat
3185 1209 3262 1264 ad
3297 1210 3482 1264 calum
3505 1211 3669 1265 levare
3693 1211 3807 1281 (13),

2216 1304 2309 1359 sed
2349 1305 2679 1374 percutiebat
2724 1308 2906 1374 pectus
2933 1319 3090 1358 suum
3131 1303 3347 1358 dicens:
3380 1306 3528 1365 Deus,
3564 1307 3808 1375 propitius

2216 1404 2325 1452 esto
2354 1399 2489 1451 mihi
2521 1401 2808 1467 peccatori.
2855 1397 3044 1452 Dico”
3087 1397 3257 1459 vobis,
3303 1397 3570 1451 descendit
3609 1399 3686 1451 hic
3698 1399 3806 1466 jus-

2217 1493 2449 1560 tiﬁcatus
2478 1493 2534 1545 in
2576 1492 2790 1545 domum
2812 1506 2966 1546 suam
2996 1493 3168 1557 magis
3188 1506 3353 1560 quam
3379 1492 3469 1544 ille
3513 1491 3803 1546 Pharisaeus.

2217 1586 2355 1652 Quia
2393 1586 2563 1639 omnis
2601 1588 2696 1654 qui
2728 1600 2781 1639 se
2830 1585 3042 1638 extollit
3066 1585 3108 1617 ¹⁷
3148 1584 3547 1647 humiliabitur,
3587 1590 3632 1639 et
3659 1589 3744 1654 qui
3765 1601 3810 1639 se

2215 1679 2466 1733 humiliat
2484 1679 2819 1734 exaltabitur
2840 1680 3009 1745 (Luc.,
3039 1694 3187 1744 xvui,
3218 1676 3417 1747 10-14).

488 1763 525 1829 (l
564 1766 716 1832 Reg.,
757 1782 799 1834 ι,
846 1768 953 1835 13).
1001 1769 1139 1822 Item
1168 1769 1413 1840 legimus
1442 1770 1498 1824 in
1536 1770 1767 1827 Psalmis
1799 1788 1812 1825 :
1850 1774 2017 1827 Dicite
2051 1775 2111 1827 in
2134 1748 2189 1820 Β
2287 1773 2395 1825 Vll.
2430 1771 2567 1836 Quae
2603 1788 2724 1840 nos,
2766 1772 2971 1826 fratres
2997 1769 3370 1839 dilectissimi,
3403 1770 3473 1825 de
3502 1770 3681 1825 divina
3705 1770 3803 1825 lec-

487 1858 739 1912 cordibus
775 1859 883 1928 (10)
935 1866 985 1914 et
1011 1864 1068 1915 in
1099 1864 1289 1917 stratis
1326 1867 1534 1926 vestris,
1574 1871 1623 1919 et
1656 1868 2113 1935 transpungimini

479 1948 645 2019 (Psal.
680 1967 754 2015 iv,
805 1953 880 2021 5).
936 1954 1043 2007 Per
1073 1956 1423 2012 Hieremiam
1470 1974 1702 2030 quoque
1743 1960 1862 2013 11830
1905 1960 2108 2014 eadem

484 2042 725 2113 Spiritus
751 2049 980 2100 sanctus
1008 2050 1269 2119 suggerit
1308 2056 1364 2104 et
1408 2050 1573 2105 docet
1597 2052 1791 2107 dicens
1816 2072 1828 2108 :
1860 2055 1925 2107 In
1954 2068 2109 2109 sensu

482 2141 663 2191 autem
696 2139 799 2192 tibi
819 2139 972 2195 debet
1003 2142 1048 2174 ¹⁰
1075 2142 1301 2197 adorari
1327 2146 1463 2199 Deus
1482 2146 1762 2214 (Baruch.,
1794 2162 1867 2209 γι,
1894 2148 1965 2217 5).

554 2230 639 2284 VI.
668 2231 919 2286 Adoreus
941 2239 1155 2298 autem,
1192 2236 1390 2291 fratres
1421 2237 1801 2308 dilectissimi,
1834 2255 1939 2293 nec
1970 2239 2106 2293 illud

483 2323 709 2394 ignoret
752 2327 1246 2396 quemadmodum
1289 2330 1348 2384 in
1395 2332 1614 2401 templo
1660 2348 1789 2387 cum
1828 2332 2108 2389 Pharisaro

483 2417 823 2473 Publieanus
863 2422 1129 2490 oraverit,
1173 2439 1287 2478 non
1320 2424 1572 2481 allevatis
1598 2425 1656 2480 in
1686 2426 1890 2480 ccelum
1919 2426 2105 2497 impu-

483 2510 685 2566 denter
725 2513 921 2581 oculis,
967 2531 1073 2569 nec
1120 2516 1382 2571 manibus
1408 2518 1719 2574 insolenter
1745 2520 1965 2589 erectis,
1993 2520 2095 2573 sed

482 2610 680 2675 pectus
706 2622 873 2661 suum
918 2609 1170 2678 pulsans,
1204 2613 1259 2664 et
1288 2614 1520 2681 peccata
1544 2612 1695 2666 intus
1731 2613 1941 2667 inclusa
1969 2629 2103 2668 con-

482 2701 719 2766 testans,
754 2699 960 2755 divinas
992 2702 1395 2759 misericordiae
1436 2704 1773 2776 implorabat
1801 2706 2101 2761 auxilium.

478 2792 545 2846 Et
573 2808 701 2846 cum
751 2791 943 2867 523
974 2794 1077 2849 sibi
1121 2796 1437 2852 Pharisaeus
1467 2798 1732 2869 placeret,
1764 2800 2104 2855 sanctificari

477 2883 568 2938 hic
594 2885 704 2956 (11)
734 2886 916 2958 magis
964 2889 1173 2945 meruit
1203 2890 1301 2962 qui
1332 2892 1409 2947 sic
1438 2892 1681 2963 rogavit,
1713 2893 1813 2963 qui
1838 2910 1997 2965 spem
2022 2911 2105 2948 sa-

480 2976 614 3032 lutis
644 2996 760 3035 non
791 2980 851 3034 in
894 2981 1098 3038 ﬁducia
1122 2985 1162 3018 ¹²
1212 2984 1553 3042 innocentia:
1585 3003 1700 3041 suae
1737 2988 1944 3057 posuit,
1975 3004 2104 3042 cum

2212 1865 2367 1920 tione
2407 1865 2703 1932 discentes,
2757 1869 3053 1936 postquam
3082 1864 3455 1935 cognovimus
3480 1864 3712 1935 qualiter
3746 1864 3805 1917 ad

2211 1958 2802 2014 orationemaccedere
2813 1958 3142 2025 debeamus,
3156 1973 3582 2029 cognoscamus,
3594 1957 3806 2012 docente

2214 2050 2472 2119 Domino,
2504 2055 2561 2106 et
2587 2052 2722 2124 quid
2747 2068 2998 2107 oremus.
3036 2052 3145 2120 εις,
3179 2050 3386 2123 inquit,
3429 2067 3593 2107 eam;
3633 2068 3644 2105 :
3672 2053 3810 2106 Pater

2210 2151 2389 2200 noster
2432 2148 2530 2215 qui
2572 2161 2624 2201 es
2683 2148 2739 2200 in
2786 2147 2965 2205 caelis.
3014 2147 3376 2215 sanctiﬁcatur
3426 2160 3610 2199 nomen
3657 2152 3805 2207 tuum,

2208 2240 2469 2294 adveniat
2508 2255 2737 2309 regnum
2783 2244 2955 2301 tuum,
2984 2242 3085 2308 ﬁat
3125 2240 3379 2294 voluntas
3423 2239 3581 2292 tua”
3609 2240 3737 2292 sicut
3763 2241 3809 2291 in

2207 2334 2332 2387 ccclo
2377 2339 2427 2387 et
2461 2335 2521 2387 in
2560 2337 2704 2387 terra
2737 2352 2752 2387 :
2789 2349 2984 2403 panem
3029 2338 3275 2387 nostrum
3338 2332 3703 2402 quotidianum
3747 2332 3807 2384 du

2208 2427 2357 2481 nobis
2395 2427 2568 2493 hodie,
2621 2432 2670 2481 et
2710 2429 2919 2481 remitte
2945 2427 2988 2459 ¹⁹
3038 2426 3191 2480 nobis
3234 2425 3419 2480 debita
3461 2430 3637 2480 nostra
3683 2427 3806 2479 sicut

2207 2523 2257 2574 et
2290 2535 2384 2573 nos
2427 2522 2748 2574 remittimus
2790 2520 3119 2573 debitoribus
3166 2523 3402 2584 nostris;
3444 2525 3494 2573 et
3524 2534 3585 2573 ne
3608 2534 3695 2573 nos
3726 2534 3807 2587 pa-

2206 2615 2363 2667 tiaris
2391 2613 2438 2647 ²⁰
2463 2613 2650 2667 induci
2686 2615 2746 2667 in
2776 2616 3139 2677 tentationem,
3169 2612 3262 2668 sed
3303 2613 3475 2667 libera
3495 2627 3585 2667 nos
3606 2628 3639 2666 a
3665 2612 3804 2665 malo.

2204 2707 2380 2761 Amen
2409 2707 2651 2776 (Matth.,
2678 2722 2750 2773 vr,
2792 2706 2973 2775 9-13).

2278 2801 2408 2855 Vill.
2462 2803 2605 2855 Ante
2665 2799 2874 2867 omnia,
2922 2799 3071 2870 pacis
3116 2799 3316 2853 doctor
3364 2804 3532 2871 atque
3586 2797 3799 2852 unitatis

2205 2893 2475 2965 magister
2519 2893 2629 2964 (14)
2685 2892 3019 2964 singillatim
3061 2892 3175 2963 (15)
3224 2893 3410 2946 noluit
3459 2895 3516 2946 et
3567 2890 3800 2963 privatim

2204 3004 2430 3058 precem
2459 2986 2600 3051 ﬁeri,
2630 2988 2694 3041 ut
2723 2985 2914 3059 524
2945 2985 3073 3057 quis
3097 3002 3226 3040 cum
3258 2989 3544 3056 precatur,
3578 3001 3684 3039 non
3710 2999 3800 3054 pro

479 3070 752 3129 innocens
780 3091 949 3131 nemo
982 3077 1071 3145 sit,
1114 3077 1212 3132 sed
1244 3082 1469 3150 peccata
1494 3080 1781 3135 confessus
1807 3080 2107 3136 humiliter
2126 3114 2179 3186 Ο
2205 3099 2262 3135 se
2293 3086 2515 3135 tantum
2545 3079 2657 3153 (16)
2689 3082 2973 3152 precetur.
3006 3079 3126 3133 Non
3165 3078 3322 3134 enim
3367 3078 3625 3145 dicimus,
3663 3079 3804 3132 Pater

1844 3272 2051 3335 Variae
2110 3272 2449 3336 lectiones.

536 3397 556 3425 τ’
586 3396 841 3448 Clamosa
871 3413 1027 3462 voce,
1048 3414 1155 3452 nec
1183 3403 1445 3465 petitione
1478 3404 1626 3454 Ebor.
1699 3403 1738 3437 ¹⁰
1768 3404 1892 3455 Tibi
1914 3405 2184 3456 debemus
2211 3404 2439 3455 adorare
2470 3404 2636 3454 Paris.
2664 3403 2724 3453 In
2745 3416 2912 3470 sensu
2937 3406 3123 3454 autem
3152 3402 3254 3453 tibi
3284 3416 3407 3454 esse
3436 3401 3597 3452 debet
3626 3400 3800 3451 adora—

472 3468 546 3517 tio
572 3470 792 3519 Domini
830 3472 940 3520 Ver.
968 3473 1029 3520 In
1062 3474 1225 3524 corde
1256 3479 1442 3525 autem
1478 3476 1607 3524 Vict.
1681 3480 1717 3508 ¹¹
1749 3477 1866 3527 Non
1894 3476 2160 3527 ﬁduciam
2188 3476 2401 3525 Gronov.
2433 3474 2627 3524 Monob.
2652 3491 2705 3537 p.
2735 3468 2843 3537 151,
2876 3474 3094 3523 adnotat
3122 3475 3400 3537 genuinam
3433 3487 3536 3523 esse
3569 3473 3689 3521 hanc
3716 3471 3801 3518 lec-

477 3540 683 3598 tionem,
711 3556 864 3604 quam
896 3545 1062 3593 tamen
1091 3559 1231 3593 nemo
1260 3547 1466 3608 accepit.

1540 3549 1578 3578 "
1612 3547 1856 3598 Adorare
1884 3561 2052 3595 omnes
2078 3546 2192 3596 edd.
2228 3550 2346 3594 ante
2376 3546 2531 3595 Oxon.
2604 3544 2642 3577 "
2670 3544 2737 3593 Et
2777 3545 2911 3594 alter
2947 3544 3100 3593 Ebor.
3152 3544 3284 3593 Voss.
3331 3544 3377 3593 3.
3420 3543 3489 3593 Et
3527 3542 3668 3592 illius
3706 3542 3798 3588 Ver.

473 3610 593 3681 Lari.
623 3612 733 3660 ΝΟ.
768 3614 809 3681 1.
839 3614 947 3662 ΜΒ.
1024 3615 1062 3646 ¹⁴
1086 3614 1399 3666 Pharismus
1432 3621 1620 3667 autem
1652 3619 1789 3669 Lam.
1823 3621 1972 3671 Ebor.
2047 3625 2083 3655 '5

2213 3621 2475 3681 icabatur,
2506 3620 2699 3671 dicens
2740 3619 2849 3670 ΝΟ.
2888 3620 2930 3669 1.
2968 3620 3108 3668 Lam.

3182 3620 3220 3651 ’⁸
3252 3620 3455 3681 Amen,
3503 3629 3657 3668 amen
3696 3615 3801 3664 dico

469 3679 596 3730 Bod.
630 3683 671 3731 1.
744 3680 785 3715 ‘7
812 3683 1032 3735 Exultat
1058 3687 1144 3736 Ar.
1178 3686 1315 3735 Lam.
1355 3688 1528 3737 Paris.
1564 3689 1686 3738 Bod.
1724 3690 1769 3740 2.
1846 3691 1884 3724 ¹⁸
1918 3692 2038 3743 Tua
2068 3693 2124 3742 in
2159 3692 2299 3743 casio
2325 3695 2380 3742 et
2406 3679 2528 3741 Βόα.
2571 3690 2615 3738 1.
2647 3691 2698 3740 4.
2767 3688 2807 3722 ’⁸
2838 3689 3069 3739 Dimitte
3112 3689 3245 3737 Pem.
3283 3679 3450 3738 Ebur.
3482 3690 3639 3738 Paris.
3681 3686 3799 3734 Lam.

481 3750 594 3800 Ver.
660 3752 702 3783 ⁸ο
736 3751 816 3804 Ne
839 3766 940 3803 nos
964 3754 1198 3806 inducas
1222 3761 1319 3819 Ar,
1356 3756 1504 3807 liber.
1532 3758 1668 3809 Pem.
1696 3761 1810 3811 Lin.
1848 3764 1980 3811 Voss.
2010 3762 2058 3813 2.
2085 3761 2210 3812 Bod.
2238 3761 2285 3824 3,
2318 3762 2363 3811 4.
2397 3760 2467 3810 Et
2494 3772 2564 3809 ne
2591 3771 2789 3823 passus
2816 3758 2986 3809 fueris
3011 3757 3200 3809 induci
3230 3770 3334 3808 nos
3380 3758 3487 3806 Ver.

1758 3891 1983 3974 Steph.
2046 3892 2291 3956 Baluzii
2348 3895 2543 3954 notae.

534 4015 601 4075 (8)
657 4015 1009 4080 Cogitationes
1055 4017 1341 4069 hominum.
1376 4020 1498 4071 Vox
1544 4021 1809 4072 hominum
1852 4023 2009 4074 deest
2052 4024 2107 4073 in

479 4087 867 4157 antiquissima
915 4089 1160 4141 editione
1204 4089 1373 4154 hujus
1420 4092 1547 4143 libri
1593 4106 1760 4157 quem
1808 4093 2007 4154 habeo,
2051 4097 2106 4144 in

475 4156 811 4220 quibusdam
855 4158 1213 4221 editionibus,
1253 4167 1309 4212 et
1356 4164 1410 4211 in
1449 4156 1785 4227 quibusdam
1821 4164 2108 4215 codicibus

471 4229 732 4293 antiquis.
762 4227 922 4279 Certe
947 4243 1059 4280 non
1084 4236 1169 4281 est
1199 4234 1530 4283 necessaria.

534 4300 605 4359 (9)
645 4299 956 4369 Labiaiejus
1000 4302 1366 4352 movebuntur.
1411 4303 1692 4366 Horatius,
1728 4304 1823 4354 lib.
1856 4320 1872 4355 ι
1907 4306 2103 4369 Epist.,

476 4368 533 4437 16
591 4382 603 4414 :
656 4385 684 4412 α
736 4368 913 4419 Labra
962 4384 1152 4422 moves
1216 4378 1473 4423 metuens
1522 4375 1717 4425 audiri.
1774 4394 1801 4422 υ
1858 4368 2099 4437 Persius,

2208 4025 2307 4084 cis,
2347 4025 2461 4087 jam
2514 4021 2731 4072 dixerat
2767 4019 3207 4071 additamentum
3250 4030 3373 4069 esse
3412 4031 3482 4070 ex
3515 4017 3801 4079 interpreta-

2206 4099 2373 4228 uoiltlg)
2426 4164 2527 4227 Qui
2581 4161 2885 4214 humilibus.
2936 4161 3215 4213 Pamelius
3264 4173 3334 4211 ex
3391 4160 3585 4212 eodem
3637 4154 3802 4228 codice

2205 4227 2642 4286 Camberonensi
2697 4233 2933 4297 scripsit,
2965 4232 3059 4295 qui
3106 4244 3305 4293 semper
3347 4229 3629 4281 humilibus
3671 4227 3801 4290 igno-

2202 4310 2317 4359 scit.
2378 4308 2588 4357 Vocem
2634 4317 2839 4368 semper
2879 4317 2992 4353 non
3044 4302 3252 4353 habent
3298 4306 3518 4353 veteres
3561 4298 3799 4351 editiones

2202 4391 2308 4428 nec
2338 4376 2464 4427 libri
2502 4380 2731 4427 veteres.
2765 4374 2834 4425 Et
2872 4377 3059 4424 tamen
3096 4373 3260 4437 Angli
3304 4386 3426 4423 eam
3464 4370 3797 4423 retinuerunt,

474 4435 586 4486 Sat.
615 4440 647 4487 5
678 4453 746 4513 :_«
774 4438 946 4490 Labra
987 4456 1177 4494 moves
1207 4445 1429 4506 tacitus,
1460 4461 1489 4492 »
1520 4445 1575 4495 id
1601 4451 1701 4507 est,
1732 4464 1761 4494 (ι
1781 4448 1925 4497 clam
1956 4435 2164 4513 bene_
2202 4449 2459 4513 quamvis
2488 4450 2611 4497 octo
2640 4460 2831 4496 eorum
2855 4445 2981 4495 libri
3002 4444 3153 4494 illam
3175 4435 3287 4495 non
3314 4444 3572 4495 habeant.

472 4508 768 4582 precando,
797 4527 825 4556 »
857 4516 919 4561 ut
948 4512 1024 4562 ait
1052 4513 1291 4564 Volscus
1317 4504 1860 4580 interpretans-hunc
1888 4519 2096 4569 locum.
2117 4504 2178 4576 D
2219 4504 2236 4513 ’
2263 4519 2360 4582 (13)
2412 4516 2624 4569 Volebat
2673 4516 2744 4566 ad
2795 4514 2976 4565 celum
3033 4514 3228 4566 levare.
3279 4514 3472 4567 Codex
3516 4509 3796 4582 Seguieriaf

474 4579 573 4653 Sic,
600 4579 796 4653 .ludith
831 4584 1252 4635 commendatur
1276 4586 1427 4650 quod
1462 4579 1646 4637 oraret
1678 4602 1804 4638 cum
1839 4589 2098 4653 lacrymis

472 4656 527 4701 et
565 4651 840 4703 labiorum
888 4659 1042 4705 motu
1086 4657 1141 4705 in
1189 4657 1434 4708 silentio.
1472 4660 1821 4722 Augustinus
1862 4661 1917 4708 in
1955 4651 2098 4711 libro

471 4724 875 4789 quinquaginta
933 4727 1321 4790 Homiliarum,
1377 4728 1603 4779 homilia
1650 4730 1712 4780 23
1763 4745 1775 4778 :
1825 4748 1854 4775 «
1908 4732 2099 4782 Tacita

466 4794 819 4858 loquebatur,
868 4810 978 4846 non
1029 4811 1285 4849 sermone
1321 4800 1562 4864 regebat,
1597 4801 1695 4851 sed
1744 4800 2097 4853 devotionem

469 4866 811 4916 ostendebat.
844 4881 873 4914 λδ
908 4868 1034 4919 Alio
1058 4882 1228 4919 sensu
1259 4870 1406 4935 apud
1434 4872 1752 4922 Petronium
1780 4871 2053 4934 Quartilla
2082 4888 2093 4921 :

464 4954 493 4984 «
524 4937 919 4989 Commovebat
948 4940 1181 5004 valgiter
1204 4941 1379 4992 labra.
1414 4957 1440 4989 ο

528 5008 627 5069 (10)
683 5009 847 5057 Dicite
892 5009 949 5057 in
1002 5010 1267 5063 cordibus.
1307 5010 1556 5073 Quatuor
1603 5011 1728 5062 libri
1764 5017 1994 5074 veteres,
2042 5018 2097 5064 et

468 5080 524 5128 in
583 5079 671 5129 his
720 5079 1134 5144 Seguierianus,
1191 5082 1399 5131 habent
1451 5097 1461 5130 :
1523 5084 1684 5133 Dicite
1743 5084 1800 5132 in
1851 5084 2097 5135 cordibus

463 5150 652 5199 vestris
699 5156 747 5200 et
808 5152 864 5200 in
916 5150 1170 5202 cubilibus
1220 5154 1403 5202 vestris
1454 5154 1882 5218 eompungimini.
1930 5154 2091 5215 Quod

464 5221 723 5283 congruit
748 5234 879 5272 cum
907 5223 1159 5273 versione
1189 5222 1409 5288 vulgata
1438 5223 1633 5287 psalmi
1659 5237 1730 5273 iv.

529 5292 625 5351 (ll)
672 5291 1004 5355 Sanctiﬁcari
1033 5293 1131 5342 hic.
1187 5293 1461 5343 Pamelius
1514 5297 1835 5346 auctoritate
1887 5295 2095 5346 codicis

468 5362 937 5414 Camberonensis
995 5365 1181 5427 posuit
1238 5366 1561 5429 sanctiﬁcari
1628 5365 1942 5430 publicanus
1994 5368 2090 5417 hic.

462 5434 673 5485 Verum
700 5448 808 5485 vox
857 5435 1193 5500 publicanus,
1222 5451 1349 5502 quas
1388 5437 1545 5488 valde
1575 5439 1850 5502 superﬂua
1878 5442 1934 5489 et
1960 5439 2092 5488 inu-

464 5507 575 5556 tilis
637 5511 720 5556 est
785 5508 838 5557 in
891 5508 998 5559 hoc
1054 5509 1193 5566 loco,
1246 5524 1356 5561 non
1415 5511 1685 5574 reperitur
1736 5511 1791 5559 in
1847 5510 2094 5574 antiquis

463 5580 877 5643 exemplaribus
917 5582 1119 5631 nostris
1164 5595 1348 5647 neque
1402 5584 1457 5632 in
1514 5582 1856 5645 Anglicanis,
1909 5594 2095 5646 neque

463 5650 685 5701 demum
714 5652 768 5701 in
798 5651 1139 5704 editionibus
1179 5654 1438 5719 antiquis.
1471 5653 1641 5704 Recte
1681 5666 1810 5718 ergo
1843 5653 2096 5704 fecerunt

464 5722 627 5784 Angli
668 5722 800 5774 dum
846 5736 969 5774 eam
1033 5728 1442 5787 expunxerunt.
1490 5723 1825 5785 Gronovius,
1870 5738 1993 5788 cap.
2034 5725 2095 5773 14

461 5806 688 5847 suarum
741 5794 1208 5849 Observationum
1253 5796 1309 5846 in
1353 5794 1715 5860 scriptoribus
1758 5794 2095 5849 ecclesiasti-

2199 4578 2601 4650 nus,'Levabat
2651 4587 2723 4637 ad
2770 4586 2971 4637 calum.
3025 4586 3120 4637 Sic
3171 4587 3338 4638 etiam
3385 4588 3442 4635 in
3499 4585 3602 4635 alio
3650 4578 3794 4631 veteri

2199 4659 2356 4710 libro.
2403 4660 2465 4709 In
2509 4658 2816 4723 Evangelio
2867 4656 3178 4707 secundum
3211 4656 3439 4717 Lucam,
3478 4654 3686 4707 Nolebat
3718 4662 3794 4698 nec

2198 4730 2375 4781 oculos
2441 4730 2513 4781 ad
2583 4728 2764 4780 uelum
2837 4728 3027 4778 levare.
3082 4727 3189 4779 Ubi
3254 4728 3381 4779 vide
3439 4725 3791 4778 annotationes

2196 4800 2427 4851 Erasmi.

2259 4873 2358 4935 (14)
2420 4870 2649 4922 Unitatis
2698 4869 2969 4933 magister.
3017 4868 3207 4922 Codex
3264 4868 3556 4930 Fuxensis,
3596 4862 3791 4916 unitatis

2195 4948 2404 4992 amator
2432 4946 2481 4992 et
2507 4942 2773 5005 magister.

2256 5016 2357 5076 (15)
2416 5012 2761 5077 Singillatim.
2824 5011 2903 5062 lta
2954 5012 3357 5076 septemdecim
3411 5011 3535 5061 libri
3585 5012 3789 5077 veteres.

2195 5074 2269 5135 At
2309 5074 2554 5149 antiqua:
2603 5083 2889 5143 editiones,
2928 5074 3097 5133 etiam
3151 5082 3471 5132 Manutiana
3514 5084 3567 5131 et
3617 5074 3786 5149 Morelf

2196 5156 2383 5215 liana,
2445 5148 2500 5206 et
2554 5154 2813 5206 undecim
2888 5160 3069 5204 vetera
3130 5154 3466 5218 exemplaria
3528 5148 3787 5216 praeterunt

2194 5228 2527 5292 singulatim.
2562 5225 2655 5278 Sic
2697 5227 2863 5277 etiam
2904 5227 2959 5275 in
3013 5239 3156 5299 nova
3211 5230 3398 5276 nostra
3444 5221 3786 5299 Conciliorum

2194 5287 2436 5349 editione
2463 5336 2477 5361 ,
2538 5313 2660 5363 pag.
2729 5298 2878 5359 1097,
2934 5298 3255 5348 monuimus
3320 5300 3530 5346 veteres
3590 5287 3785 5343 concilii

2197 5368 2668 5421 Chalcedonensis
2723 5368 2941 5420 codices
2994 5367 3200 5419 habere
3250 5366 3558 5432 singillatim
3602 5376 3692 5428 pro
3732 5371 3786 5409 eo

2196 5442 2345 5505 quod
2371 5441 2640 5492 editiones
2665 5440 2875 5491 habent
2897 5438 3224 5502 singulatim.

2258 5513 2354 5573 (16)
2380 5513 2483 5562 Pro
2510 5524 2564 5561 se
2586 5512 2715 5562 solo.
2743 5511 2931 5561 Codex
2965 5498 3318 5570 Turonensis,
3348 5522 3453 5558 non
3487 5520 3582 5572 pro
3603 5517 3654 5555 se
3672 5498 3780 5551 solo.

2194 5583 2355 5633 Hane
2378 5581 2675 5633 lectionem
2697 5582 3023 5631 conﬁrmare
3045 5581 3263 5632 videtur
3285 5594 3435 5631 unus
3459 5581 3613 5629 vetus
3626 5584 3781 5627 meus,

2194 5654 2250 5703 in
2287 5665 2398 5716 quo
2433 5653 2700 5717 scriptum
2725 5657 2808 5703 est
2836 5667 2846 5701 :
2872 5653 2944 5704 Ne
2977 5658 3028 5701 ut
3068 5652 3183 5717 quis
3212 5665 3325 5702 cum
3356 5652 3604 5715 precatur
3629 5658 3717 5709 pro
3739 5651 3783 5688 δε

2194 5729 2392 5775 tantum
2418 5729 2670 5789 precetur.
