3978 6194
200 261 278 315 sn
1038 218 1041 221 Α
1309 260 1509 317 LIBER
1547 262 1636 317 ne
1671 263 2007 319 cannons
2048 260 2384 318 commas.

3423 251 3523 309 542

195 404 318 443 meus
356 390 451 457 qui
497 402 546 441 es
578 390 640 441 in
693 389 856 450 coalis,
904 403 1007 443 nec
1060 390 1259 443 Panem
1306 405 1479 445 meum
1532 391 1606 445 da
1656 393 1791 445 mihi
1813 395 1976 477 Asui
2012 408 2131 446 eum
2172 407 2277 445 non
2320 394 2650 461 receperunt.
2694 388 2962 457 Quotquot
3005 390 3187 441 autem
3224 398 3341 439 eum
3386 398 3521 437 rece-

192 482 355 543 hodie;
384 497 489 534 nec
509 480 713 535 dimitti
739 481 843 535 sibi
871 485 1095 536 tantum
1119 483 1502 554 unusquisque
1533 483 1789 539 debitum

191 575 432 647 postulat,
465 577 560 627 aut
590 578 650 628 ut
687 574 748 627 in
788 576 1155 630 tentationem
1197 591 1313 630 non
1355 576 1671 643 inducatur,
1703 581 1788 631 at-

188 685 282 740 que
304 685 335 720 a
367 667 513 721 malo
543 666 836 735 liberetur,
869 685 970 739 pro
998 685 1055 723 se
1086 670 1202 724 solo
1236 676 1418 741 rogat.
1457 670 1682 724 Publica
1708 674 1793 725 est

186 761 332 818 nobis
355 765 411 816 et
441 762 756 816 communis
784 762 1000 830 oratio;
1035 768 1093 817 et
1129 763 1362 834 quando
1398 779 1647 831 oramus,
1675 780 1791 818 non

185 871 272 926 pro
302 870 411 908 uno
458 854 555 909 sed
598 872 701 925 pro
749 860 869 909 toto
916 856 1126 927 populo
1164 871 1418 922 oramus,
1460 855 1595 927 quia
1640 862 1791 911 totus

184 948 405 1020 populus
460 964 636 1003 unum
698 964 914 1003 sumus.
969 951 1115 1004 Deus
1163 950 1317 1020 pacis
1367 953 1425 1003 et
1473 950 1790 1005 concordiae

184 1042 459 1111 magister,
490 1042 585 1111 qui
616 1042 809 1097 docuit
832 1044 1131 1109 unitatem,
1160 1043 1239 1097 sic
1277 1060 1436 1097 orare
1474 1059 1648 1097 unum
1690 1060 1790 1114 pro

160 1136 426 1199 ,omm‘bus
466 1135 642 1189 voluit
669 1137 955 1207 quomodo
982 1137 1038 1189 in
1074 1152 1185 1191 uno
1212 1152 1412 1191 omnes
1444 1137 1565 1208 ipse
1596 1141 1785 1207 porta-

182 1230 263 1283 vit.
294 1230 440 1283 lianc
472 1228 742 1283 orationis
768 1230 952 1299 legem
990 1234 1357 1285 servaverunt
1392 1236 1505 1284 tres
1543 1230 1703 1300 pueri
1730 1230 1789 1284 in

183 1321 388 1376 camino
425 1322 579 1392 ignis
617 1322 840 1389 inclusi,
868 1327 1241 1378 consonantes
1279 1324 1336 1377 in
1373 1340 1558 1394 prece,
1588 1330 1643 1379 et
1671 1324 1785 1394 spi-

182 1418 305 1470 ritus
341 1416 718 1470 consensione
757 1417 1083 1471 concordes.
1126 1417 1288 1481 Quod
1324 1417 1575 1473 declarat
1611 1418 1789 1488 Scrip-

181 1515 306 1564 tura;
336 1508 540 1563 divina:
567 1510 738 1579 ﬁdes;
762 1515 821 1564 et
845 1511 978 1565 dum
1008 1511 1173 1566 docet
1193 1511 1480 1584 quomodo
1507 1511 1789 1566 oraverint

180 1604 317 1670 tales,
347 1603 442 1657 dat
471 1603 800 1674 exemplum
830 1605 873 1638 ²¹
907 1605 1059 1675 quod
1085 1604 1295 1660 imitari
1315 1606 1373 1659 in
1403 1605 1664 1676 precibus
1690 1605 1786 1659 de-

177 1696 412 1763 beamus,
442 1702 508 1752 ut
540 1698 679 1753 tales
707 1713 829 1753 esse
869 1696 1147 1769 possimus
1179 1714 1192 1753 ε
1230 1701 1378 1753 Tunc
1411 1700 1505 1754 ille
1544 1704 1668 1770 tres,
1696 1700 1784 1753 in-

1889 489 2104 556 perant,
2151 485 2298 538 dedit
2338 484 2450 537 illis
2481 487 2802 552 potestatem
2840 485 2900 534 ut
2925 480 3029 549 ﬁlii
3064 481 3159 534 Dei
3198 480 3405 546 ﬁerent,
3439 476 3520 529 his

1891 582 1987 648 qui
2013 579 2239 632 credunt
2281 578 2339 630 in
2377 577 2588 630 nomine
2616 575 2728 644 ejus
2777 575 2981 643 (Joan.,
3019 590 3055 635 ι,
3102 576 3190 638 11,
3243 568 3351 638 12).
3410 568 3518 632 Qui

1892 686 2030 741 ergo
2075 669 2319 724 credidit
2356 668 2416 723 in
2456 668 2688 722 nomine
2735 666 2876 737 ejus,
2910 670 2965 719 et
3004 665 3184 719 factus
3218 666 3302 717 est
3329 662 3424 718 Dei
3450 662 3515 714 li-

1890 764 2019 829 lius,
2064 763 2195 818 hinc
2230 762 2399 818 debet
2436 762 2683 832 incipere
2714 763 2778 814 ut
2816 762 2873 814 et
2900 758 3109 829 gratias
3137 760 3269 827 agat
3299 760 3356 810 et
3383 771 3515 826 pro-

1890 858 2118 912 fiteatur
2162 873 2221 912 se
2263 856 2360 911 Dei
2402 855 2606 923 lilium,
2662 854 2799 908 dum
2843 852 3102 907 nominat
3149 853 3371 921 patrem
3415 848 3517 903 sibi

1891 968 2012 1007 esse
2040 951 2098 1005 in
2126 951 2278 1006 caelis
2295 953 2505 1016 Deum;
2530 952 2876 1004 contestetur
2901 960 3130 1016 quoque
3156 942 3307 997 inter
3331 942 3518 1013 prima

1889 1045 2083 1099 statim
2120 1044 2427 1099 nativitatis
2464 1059 2580 1096 suae
2622 1041 2789 1097 verba
2821 1038 3173 1094 renuntiasse
3203 1053 3260 1090 se
3291 1042 3516 1090 terreno

1891 1141 1948 1193 et
1972 1138 2181 1192 carnali
2210 1138 2374 1208 patri,
2408 1144 2464 1191 et
2492 1139 2709 1207 patrem
2733 1134 2921 1188 solum
2947 1147 3113 1186 nosse
3139 1147 3197 1184 se
3224 1133 3281 1184 et
3305 1129 3514 1183 habere

1890 1230 2124 1302 coepisse
2165 1230 2262 1302 qui
2310 1231 2380 1285 sit
2428 1230 2485 1283 in
2528 1228 2703 1291 ccelis,
2743 1226 2889 1280 sicut
2932 1224 3207 1294 scriptum
3251 1228 3337 1276 est
3370 1238 3382 1275 :
3414 1224 3521 1287 Qui

1890 1324 2075 1379 dicunt
2116 1325 2269 1394 patri
2304 1330 2353 1378 et
2397 1324 2565 1377 matri
2608 1337 2621 1374 :
2668 1323 2787 1377 Non
2836 1321 2961 1373 novi
3016 1324 3087 1379 te,
3129 1321 3178 1371 et
3222 1316 3361 1384 ﬁlios
3396 1330 3519 1368 suos

1888 1434 1993 1473 non
2031 1422 2382 1488 agnoverunt,
2416 1418 2474 1470 hi
2511 1414 2875 1470 custodierunt
2905 1415 3175 1482 prmeepta
3214 1415 3310 1463 tua
3340 1413 3389 1462 et
3425 1413 3521 1462 tes-

1892 1516 2183 1567 tamentum
2226 1516 2377 1565 tuum
2417 1513 2765 1564 servaverunt
2804 1506 3005 1577 (Deut.,
3050 1519 3233 1572 xxxiii,
3271 1502 3345 1573 9).
3380 1502 3517 1557 [tem

1889 1606 2162 1660 Dominus
2202 1605 2260 1659 in
2307 1602 2612 1673 Evangelia
2656 1618 2757 1655 suo
2808 1598 3084 1671 praecepit
3133 1613 3205 1651 ne
3252 1611 3518 1650 vocemus

1888 1698 2052 1753 nobis
2088 1703 2309 1770 patrem
2339 1697 2396 1751 in
2425 1699 2597 1764 terra,
2639 1694 2791 1765 quod
2825 1693 2896 1747 sit
2938 1690 3146 1746 scilicet
3174 1689 3339 1745 nobis
3368 1704 3518 1742 unus

179 1791 302 1861 quit,
330 1793 490 1861 quasi
515 1807 583 1846 ea:
612 1807 721 1847 uno
751 1807 839 1847 ore
868 1793 1125 1861 hymnum
1166 1793 1428 1848 canebant
1465 1796 1522 1846 et
1559 1792 1788 1847 benedi-
1812 1780 1865 1852 Β
1888 1790 2054 1843 Pater
2096 1787 2195 1859 qui
2244 1789 2328 1842 est
2365 1785 2423 1839 in
2459 1783 2610 1839 ccnlis
2653 1783 2898 1854 (Matth.,
2929 1796 3084 1847 χχιιι,
3122 1778 3196 1849 9).
3244 1779 3308 1832 Et
3345 1776 3514 1832 disci-

179 1883 357 1938 cebant
387 1887 669 1939 Dominum
708 1888 892 1955 (Dan,
921 1902 1003 1955 ιιι,
1039 1888 1149 1955 5i).
1186 1886 1591 1959 Loquebantur
1628 1888 1787 1959 quasi

177 1993 230 2030 ex
259 1995 364 2031 uno
399 1994 517 2045 ore,
550 1983 609 2033 et
638 1979 895 2034 nondum
933 1980 1058 2035 illos
1087 1980 1341 2035 Christus
1373 1981 1643 2035 docuerat
1674 1982 1784 2051 (l7)

178 2087 338 2126 orare.
371 2072 435 2126 Et
467 2072 675 2128 idcirco
713 2073 1006 2129 orantibus
1042 2075 1151 2129 fuit
1180 2074 1551 2145 impetrabilis
1581 2081 1637 2130 et
1664 2076 1783 2130 effi-

176 2181 259 2219 cax
301 2181 506 2235 sermo,
553 2167 688 2237 quia
734 2168 1166 2237 promerebatur
1205 2168 1511 2223 Dominum
1555 2169 1787 2241 pacifica

176 2265 222 2312 et
251 2259 481 2331 simplex
513 2264 570 2314 et
596 2261 865 2331 spiritalis
905 2262 1100 2316 oratio.
1132 2262 1222 2316 Sic
1263 2265 1320 2316 et
1357 2263 1634 2333 apostolos
1656 2279 1787 2317 cum

178 2351 441 2423 discipulis
504 2360 633 2425 post
681 2370 972 2409 ascensum
1021 2356 1133 2425 (18)
1184 2356 1407 2411 Domini
1462 2357 1787 2411 invenimus

177 2462 381 2500 orasse:
420 2450 622 2508 Erant,
670 2448 874 2518 inquit,
920 2455 1321 2517 perseverantes
1363 2464 1544 2503 omnes
1590 2452 1787 2504 unani-

178 2556 265 2593 mes
300 2543 354 2593 in
396 2543 644 2595 oratione
684 2557 801 2594 cum
840 2543 1156 2596 mulieribus
1195 2547 1246 2597 et
1288 2544 1469 2597 Maria
1512 2558 1633 2613 quae
1672 2545 1787 2609 fue-

178 2641 251 2687 rat
294 2634 392 2703 (t9)
437 2639 614 2689 mater
653 2637 801 2695 Jesu,
848 2641 896 2688 et
937 2636 1207 2701 fratribus
1249 2637 1364 2704 ejus
1392 2637 1566 2701 (Act,
1601 2654 1638 2705 ι,
1674 2637 1780 2704 li).

180 2728 601 2783 Perseverabant
634 2729 692 2782 in
732 2730 990 2783 oratione
1014 2730 1332 2797 unanimes,
1362 2730 1636 2784 orationis
1670 2746 1785 2783 suae

180 2828 223 2874 et
246 2822 562 2875 instantiam
598 2823 765 2876 simul
798 2826 854 2877 et
892 2823 1259 2878 concordiam
1297 2824 1652 2878 declarantes
1682 2824 1728 2857 ²²
1767 2841 1779 2876 :

183 2914 293 2985 quia
323 2916 485 2983 Deus,
522 2919 617 2985 qui
639 2917 948 2971 inhabitare
976 2920 1115 2984 facit
1158 2921 1440 2972 unanimes
1464 2920 1520 2971 in
1557 2919 1711 2972 domo
1735 2919 1784 2951 ³³

182 3009 319 3071 (Psal.
358 3026 517 3075 van,
553 3013 623 3079 Τ),
666 3026 782 3064 ιιοιι
830 3010 1080 3065 admittit
1124 3012 1181 3065 in
1212 3011 1474 3066 divinam
1515 3016 1570 3066 et
1615 3017 1780 3066 reler-

184 3116 294 3155 nani
355 3104 591 3158 domum
652 3105 763 3159 nisi
816 3121 912 3159 eos
961 3105 1114 3176 apud
1165 3121 1306 3176 quos
1356 3110 1441 3159 est
1498 3105 1785 3160 unanimis

183 3197 351 3250 oratio.

242 3288 413 3362 525
446 3292 531 3346 1x.
561 3292 759 3358 Qualia
783 3297 972 3347 autem
1004 3297 1157 3358 sunt,
1188 3292 1392 3347 fratres
1410 3292 1782 3359 dilectissimi,

185 3384 430 3438 orationis
462 3384 780 3439 Dominicae
799 3390 1174 3451 sacramenta,
1198 3402 1368 3456 quam
1388 3386 1585 3452 multa,
1612 3402 1784 3457 quam

183 3491 365 3548 magna
390 3481 457 3545 ³³,
490 3478 736 3532 breviter
770 3478 824 3531 in
863 3494 1126 3533 sermone
1164 3480 1419 3546 collecta,
1458 3480 1555 3533 sed
1588 3480 1644 3533 in
1673 3479 1779 3533 vir—

181 3574 281 3623 tute
324 3572 643 3642 specialiter
685 3573 932 3642 copiosa,
982 3578 1043 3625 ut
1086 3572 1227 3625 nihil
1270 3573 1510 3626 omnino
1547 3576 1780 3643 praster-

185 3666 385 3718 missum
413 3667 489 3718 sit
530 3666 675 3735 quod
712 3681 823 3718 non
852 3666 909 3717 in
941 3664 1201 3735 precibus
1235 3670 1404 3735 atque
1437 3666 1785 3719 orationibus

185 3758 364 3811 nostris
390 3758 632 3813 caelestis
661 3758 935 3813 doctrinae
966 3758 1307 3829 compendio
1333 3759 1781 3829 comprehenda-

185 3852 279 3905 tur.
305 3851 403 3918 Sic,
436 3852 538 3918 ait,
573 3857 721 3906 orate
753 3869 765 3905 :
799 3854 974 3906 Pares
1014 3868 1219 3907 nomn
1267 3868 1357 3913 om
1403 3868 1463 3907 es
1508 3869 1563 3905 1N
1596 3868 1780 3908 emus.

1886 1882 2018 1953 pulo
2056 1881 2153 1952 qui
2183 1880 2532 1935 mentionem
2560 1876 2809 1932 defuncti
2835 1874 3007 1945 patris
3035 1873 3248 1926 fecerat
3278 1887 3512 1941 respon-

1887 1975 1970 2029 dit
2013 1994 2024 2029 :
2068 1977 2193 2032 Sine
2244 1976 2448 2029 mortui
2496 1977 2732 2026 mortuos
2779 1984 2901 2025 suos
2952 1967 3215 2037 sepeliant
3268 1964 3511 2034 (Matth..

1887 2087 2004 2137 vni,
2036 2072 2143 2137 22).
2174 2070 2396 2124 Dixerat
2427 2067 2580 2121 enim
2603 2071 2826 2136 patrem
2852 2077 3017 2115 suum
3046 2063 3357 2127 mortuum,
3382 2074 3511 2111 cum

1886 2166 1960 2220 sit
1984 2162 2339 2219 credentium
2371 2162 2533 2215 Pater
2565 2160 2744 2213 vivus.

1955 2259 2016 2312 Χ.
2056 2258 2167 2311 Nec
2210 2256 2315 2310 hoc
2357 2254 2565 2317 solum,
2603 2253 2807 2307 fratres
2842 2248 3212 2315 dilectissimi,
3254 2244 3514 2300 animad-

1886 2357 2100 2406 vertere
2148 2356 2205 2404 et
2253 2348 2572 2418 intelligere
2623 2344 2916 2406 debemus.
2968 2341 3122 2415 quod
3166 2341 3515 2412 appellemus

1885 2447 2113 2500 Patrem
2133 2442 2230 2513 qui
2261 2441 2333 2495 sit
2361 2440 2419 2494 in
2442 2440 2619 2507 caelis,
2637 2441 2735 2493 sed
2756 2436 3160 2508 conjungimus
3181 2437 3239 2488 et
3254 2433 3513 2501 dicimus,

1886 2538 2066 2593 Perna
2101 2550 2329 2603 nosraa,
2377 2533 2435 2587 id
2490 2536 2575 2588 est
2619 2549 2815 2587 eorum
2862 2530 2958 2602 qui
3006 2529 3265 2597 credunt,
3312 2542 3510 2581 eorum

1886 2636 2006 2706 qui,
2033 2651 2138 2707 per
2168 2649 2301 2688 eum
2332 2630 2663 2686 sanctificati
2700 2634 2757 2683 et
2786 2628 2985 2699 gratiae
3016 2624 3281 2697 spiritalis
3320 2621 3514 2676 nativi-

1885 2732 2001 2783 tate
2054 2727 2325 2799 reparati,
2370 2726 2469 2779 lilii
2516 2723 2612 2780 Dei
2674 2739 2794 2777 esse
2842 2724 3150 2791 coeperunt.
3216 2716 3352 2781 Quae
3403 2731 3509 2769 vos

1887 2822 2057 2876 etiam
2080 2821 2308 2876 Judoeos
2328 2817 2663 2890 perstringit
2688 2822 2745 2871 et
2778 2813 3039 2887 percutit,
3073 2811 3171 2885 qui
3197 2809 3507 2874 Christum,

1884 2916 1989 2970 sibi
2022 2932 2125 2986 per
2154 2914 2459 2986 prophetas
2491 2910 2896 2966 annuntiatum
2922 2911 2979 2963 et
3001 2907 3070 2961 ad
3103 2922 3160 2960 se
3186 2904 3345 2976 prius
3372 2902 3506 2957 mis-

1885 3025 2031 3077 sum,
2062 3025 2176 3062 non
2201 3013 2423 3063 tantum
2459 3005 2764 3060 inﬁdeliter
2788 3005 3140 3074 spreverunt,
3170 2999 3265 3054 sed
3297 3003 3354 3053 et
3388 3012 3509 3050 cru-

1886 3103 2090 3158 deliter
2133 3104 2475 3156 necaverunt
2504 3116 2517 3153 :
2546 3098 2645 3171 qui
2680 3098 2806 3168 jam
2852 3112 2963 3150 non
3010 3098 3244 3165 possunt
3281 3093 3509 3147 Patrem

1887 3148 2080 3158 “ν”““”
2133 3148 2361 3156 ’““’“’“”“”“
2378 3148 2475 3154 “““”
2505 3148 2517 3153 “
2550 3148 2645 3171 Ἰ’”“
2680 3148 2805 3168 ιΙ“““”“
2854 3148 2911 3150 "'
2934 3148 2961 3149 η
3011 3148 3027 3165 ι

1807 3148 1861 3222 C
1888 3199 2063 3252 Deum
2106 3211 2326 3265 vocare,
2364 3210 2493 3249 cum
2541 3192 2815 3248 Dominus
2849 3207 2943 3245 eos
2982 3187 3288 3243 confundat
3328 3188 3386 3240 et.
3428 3200 3511 3236 re-

1885 3292 2125 3362 darguat
2164 3289 2397 3344 dicens:
2436 3290 2538 3345 Vos
2576 3287 2640 3341 de
2681 3285 2893 3340 diabolo
2922 3287 3082 3353 patre
3116 3282 3235 3334 nati
3273 3280 3415 3344 estis,
3458 3282 3510 3331 ct

1885 3387 2332 3456 concupiscentias
2355 3384 2535 3453 patris
2568 3382 2734 3435 vestri
2750 3381 2931 3447 facere
2970 3373 3160 3448 526
3194 3374 3381 3428 vultis.
3411 3370 3511 3426 Ille

1883 3484 2021 3535 enim
2060 3479 2327 3534 homicida
2361 3479 2473 3544 fuit
2503 3476 2571 3528 ab
2612 3475 2792 3537 initio,
2820 3476 2869 3527 et
2899 3474 2956 3525 in
2998 3473 3221 3525 veritate
3257 3483 3362 3521 non
3400 3470 3507 3520 ste-

1884 3576 1969 3637 tit,
2016 3576 2149 3642 quia
2190 3575 2389 3627 veritas
2431 3585 2537 3625 non
2579 3575 2654 3624 est
2689 3571 2745 3621 in
2782 3568 2876 3621 illo
2907 3566 3107 3633 (Joan.,
3148 3577 3263 3628 Vill,
3304 3561 3411 3630 44).
3441 3561 3511 3615 Et

1886 3683 1988 3737 per
2023 3666 2227 3720 Isaiam
2264 3664 2605 3736 prophetam
2646 3664 2790 3717 Deus
2818 3660 3022 3713 clamat
3051 3656 3358 3727 indignans
3390 3654 3511 3707 :Fi-

1886 3762 1982 3815 tios
2021 3762 2274 3827 generavi
2318 3762 2425 3829 (20)
2474 3762 2524 3811 et
2566 3756 2826 3821 ert-altari,
2868 3754 2976 3822 ipsi
3018 3757 3198 3805 autem
3239 3765 3322 3803 me
3368 3763 3511 3817 spre-

1882 3859 2094 3908 verunt.
2146 3855 2384 3923 Agnovit
2439 3852 2526 3905 bos
2569 3863 2921 3920 possessorem
2970 3860 3159 3907 suum,
3214 3848 3264 3897 et
3326 3843 3510 3895 asinus

186 3942 354 4012 ilomo,
380 3963 582 4013 novus,
610 3949 867 4011 renatus,
900 3950 956 4000 et
981 3947 1093 4001 Deo
1122 3962 1221 4000 suo
1248 3963 1349 4017 per
1385 3946 1625 4017 gratiam
1664 3948 1784 4017 ejus
1880 3964 2115 4019 praesepe
2160 3948 2365 4002 domini
2404 3947 2520 4010 sui;
2559 3944 2728 3998 Israel
2767 3948 2945 3996 autem
2983 3956 3063 3994 me
3098 3953 3204 3993 non
3241 3937 3505 4005 cognorit,

186 4039 461 4093 restitutus.
510 4042 675 4094 Pater
717 4039 901 4110 primo
954 4040 1013 4094 in
1059 4039 1182 4094 loco
1234 4039 1397 4106 dicit,
1454 4040 1587 4111 quia
1637 4042 1784 4095 illius

186 4145 288 4184 esse
328 4133 439 4202 jam
492 4134 680 4203 coepit.
720 4136 782 4188 In
820 4148 938 4199 sua,
983 4133 1188 4203 inquit,
1238 4136 1467 4203 propria
1518 4138 1685 4197 venit,
1736 4140 1785 4189 et

1884 4047 1935 4095 et
1962 4042 2198 4109 populus
2235 4054 2380 4094 meus
2420 4054 2500 4092 me
2538 4054 2643 4091 non
2680 4036 2965 4090 intellerit.
3013 4033 3136 4088 Vae!
3159 4045 3283 4101 gens
3311 4045 3505 4098 pecca-

1887 4138 1999 4188 tria:
2024 4136 2101 4203 (2t
2119 4134 2156 4201 ),
2184 4134 2414 4203 populus
2438 4132 2635 4201 plenus
2662 4130 2911 4200 peccatis,
2940 4142 3115 4181 semen
3143 4139 3375 4195 nequam
3401 4123 3507 4193 (22)

1536 4280 1745 4344 Variae
1803 4281 2140 4345 lectiones.

236 4405 269 4433 "
296 4404 420 4455 Tale
443 4404 539 4454 dat
568 4406 885 4469 exemplum
927 4405 1057 4454 Voss.
1086 4406 1132 4456 3.
1204 4409 1244 4438 ²¹
1267 4406 1543 4457 Orationis
1568 4420 1684 4457 sum
1712 4407 1972 4457 instantia
1992 4408 2158 4457 simul
2188 4412 2242 4458 et
2276 4407 2572 4459 concordia
2614 4405 2977 4466 declarantes,
3004 4405 3234 4467 quia.....
3263 4402 3397 4464 Lips.
3427 4398 3507 4448 ed.

187 4475 261 4533 qui
283 4476 483 4525 adnotat
502 4491 646 4524 suam
675 4476 938 4524 lectionem
966 4473 1362 4536 probabiliorem
1393 4477 1581 4536 videri,
1611 4482 1783 4541 utpote
1814 4492 1926 4543 qua
1952 4480 2004 4525 in
2027 4478 2058 4528 3
2088 4477 2206 4526 edd.
2231 4481 2463 4527 monetur
2486 4481 2535 4536 (a
2564 4478 2610 4524 J.
2654 4475 2890 4525 Wulkero
2931 4476 2983 4522 in
3023 4472 3249 4522 Uorvilii
3284 4474 3336 4520 et
3372 4472 3506 4520 Bur-

188 4547 343 4591 manni
368 4546 654 4594 miscet/an.
696 4545 968 4594 observatt.
1007 4546 1103 4594 val.
1139 4558 1213 4606 ιιι,
1244 4550 1278 4594 t.
1312 4559 1348 4607 ι,
1382 4562 1437 4610 p.
1469 4548 1568 4609 13).
1637 4549 1678 4578 ³³
1704 4548 1766 4596 Ιιι
1804 4548 1970 4599 domo
2013 4562 2126 4598 una
2169 4550 2301 4598 Pem.
2350 4550 2478 4597 Voss.
2523 4546 2641 4596 Bod.
2674 4548 2722 4596 4.
2790 4548 2832 4578 ³⁸
2860 4545 3041 4606 Quam
3082 4556 3303 4607 magna,
3338 4554 3506 4605 quam

1464 4680 1686 4761 Steph.
1727 4682 1966 4745 Baluzii
1999 4688 2193 4744 notae.

242 4820 321 4879 (t7)
365 4820 594 4870 Christus
634 4818 895 4869 docuerat.
943 4820 1218 4870 Pamelius
1256 4835 1323 4871 ex
1359 4820 1551 4873 codice
1604 4816 2113 4888 Cam-Dtremam
2166 4827 2376 4886 partem
2423 4822 2549 4871 libri
2591 4820 2653 4871 de
2710 4821 2915 4870 Unitute
2962 4818 3218 4870 Ecclesiae.
3260 4817 3379 4867 Non
3429 4816 3507 4864 vi-

189 4614 386 4673 grandia
418 4619 510 4665 Ar.
537 4616 658 4664 Bod.
688 4616 719 4664 2
767 4615 873 4663 ΜΒ.

193 4886 447 4939 beronensi
484 4890 684 4953 posuit,
714 4907 743 4934 «
784 4888 1040 4939 Christus
1079 4890 1135 4938 in
1175 4903 1342 4942 carne
1384 4892 1536 4942 visus
1572 4892 1779 4945 docue-

190 4963 269 5006 rat.
314 4978 337 5005 δ
388 4961 611 5011 Ρειιιιθιιί
653 4961 954 5011 editionem
1008 4962 1183 5012 secuti
1233 4967 1365 5011 sunt
1410 4963 1680 5028 Rigaltius
1727 4971 1782 5015 et

194 5032 347 5093 Angli.
379 5033 485 5082 Sed
513 5046 641 5082 cum
677 5046 799 5082 eam
840 5033 1204 5092 additionem,
1232 5048 1359 5097 quas
1404 5038 1650 5086 maxime
1693 5050 1781 5087 su-

194 5102 372 5161 perﬂua
396 5110 495 5165 est,
523 5117 705 5168 neque
733 5104 858 5153 libri
887 5107 1097 5154 veteres
1140 5104 1383 5156 habeant
1416 5121 1598 5173 neque
1637 5114 1783 5160 vete—

195 5185 265 5221 res
286 5173 559 5236 editiones,
589 5174 784 5224 delevi.

242 5244 326 5305 (l8)
361 5248 651 5296 Ascensum.
689 5246 826 5296 Duae
866 5251 1079 5298 veteres
1112 5248 1387 5299 editiones
1427 5253 1479 5299 et
1519 5255 1631 5300 tres
1656 5249 1782 5300 libri

197 5318 518 5381 manuscripti
554 5316 758 5367 habent
796 5331 1088 5377 ascensam,
1120 5319 1235 5371 duo
1273 5321 1638 5370 ascensionem.
1665 5322 1781 5385 Ego

196 5387 470 5444 prteferrem
515 5401 803 5448 ascensum,
851 5390 959 5439 nisi
1005 5403 1197 5441 omnes
1242 5390 1354 5441 fere
1404 5391 1528 5441 libri
1573 5396 1781 5443 veteres

198 5464 541 5522 repugnarent.
573 5460 707 5510 Nam
726 5461 1101 5511 Tertullianus
1127 5464 1178 5511 et
1208 5460 1520 5525 Cyprianus
1542 5463 1782 5515 scribere

199 5527 347 5596 solent
389 5533 670 5582 remissam
710 5546 808 5596 pro
865 5533 1205 5583 remissione.
1252 5533 1393 5584 Vide
1439 5534 1779 5586 Glossarium

196 5593 413 5652 Latinum
436 5602 645 5667 Cangii.

250 5671 332 5731 (t9)
380 5675 495 5734 Quae
532 5673 723 5735 fuerat.
781 5675 857 5723 Ita
909 5687 1102 5725 omnes
1148 5678 1359 5726 veteres
1415 5676 1684 5727 editiones
1727 5681 1781 5728 et

203 5743 354 5808 omnia
378 5749 553 5796 vetera
581 5747 933 5808 exemplaria.
966 5747 1243 5797 Pamclius
1281 5761 1347 5798 ex
1392 5749 1558 5797 unico
1589 5749 1778 5800 codice

206 5807 593 5869 Camberonensi
640 5807 825 5882 posuit
872 5831 990 5882 quae
1019 5815 1141 5879 fuit.
1181 5818 1314 5869 Vide
1356 5825 1516 5869 notas
1561 5820 1629 5870 ad
1683 5833 1777 5870 ex-

1882 4896 1984 4945 deo
2011 4899 2198 4945 autem
2230 4908 2327 4944 cur
2351 4892 2498 4942 istud
2530 4894 2733 4943 mutari
2763 4892 3033 4952 debuerit,
3060 4903 3189 4941 cum
3216 4889 3506 4951 utriusque

1883 4966 2137 5017 lectionis
2164 4965 2311 5015 idem
2336 4965 2406 5013 sit
2431 4977 2646 5014 sensus.

1945 5038 2045 5099 (20)
2098 5037 2263 5086 Filios
2309 5038 2576 5099 generant.
2632 5035 2791 5085 Hanc
2846 5035 3142 5085 lectionem
3199 5032 3386 5082 inveni
3448 5032 3503 5079 in

1883 5108 2078 5158 decem
2112 5107 2266 5157 libris
2301 5106 2579 5156 veteribus
2608 5111 2662 5156 et
2700 5107 2756 5155 in
2793 5106 3035 5156 editione
3072 5104 3409 5155 Manutiana.
3438 5107 3510 5153 At

1882 5180 1938 5227 in
1967 5179 2089 5229 aliis
2124 5178 2460 5228 editionibus
2486 5184 2535 5228 et
2559 5179 2616 5227 in
2652 5177 3049 5242 septemdecim
3073 5179 3305 5227 vetustis
3329 5189 3511 5227 exem-

1882 5249 2130 5313 plaribus
2163 5249 2365 5313 legitur
2391 5250 2570 5313 genui.

1942 5322 2044 5384 (2i)
2102 5322 2182 5369 Vx
2229 5333 2353 5383 gms
2393 5323 2678 5385 peccatrix.
2731 5319 2972 5372 Secutus
3027 5333 3151 5369 sum
3204 5319 3502 5369 editionem

1883 5392 2268 5454 Anglicanam,
2300 5392 2428 5455 quia
2465 5406 2586 5443 eam
2624 5392 2733 5441 vidi
2763 5390 3145 5443 confirmatam
3182 5390 3507 5440 auctoritate

1882 5468 2131 5514 veterum
2157 5463 2465 5514 editionum
2501 5468 2556 5515 et
2580 5463 3007 5528 quatuordecim
3049 5467 3299 5512 veterum
3339 5463 3505 5512 libro-

1882 5549 2022 5584 rum.
2063 5535 2199 5585 Nam
2244 5539 2297 5585 ct
2334 5535 2706 5586 Tertullianus
2740 5537 2795 5584 in
2833 5534 2975 5584 libro
3013 5533 3265 5584 adversus
3299 5534 3507 5584 Judwos

3401 5605 3509 5654 hoc

1943 5679 2041 5739 (22)
2104 5678 2288 5728 Semen
2343 5692 2588 5743 nequam.
2638 5679 3016 5743 Septuaginta,
3070 5682 3130 5728 ut
3186 5678 3260 5728 ait
3316 5677 3508 5726 Hiero-

1881 5763 2104 5812 nymus,
2132 5752 2413 5799 verterunt
2438 5764 2611 5801 semen
2645 5753 2940 5814 pessimum.
2981 5750 3104 5812 Quo
3141 5750 3302 5800 etiam
3340 5744 3503 5797 modo

1879 5820 2087 5872 habent
2116 5824 2225 5872 tres
2247 5820 2368 5872 libri
2401 5823 2573 5873 nostri
2610 5827 2835 5872 veteres.
