3978 6194
384 338 387 343 ⁴
458 264 562 321 543

1292 260 1295 263 1
1364 269 1418 323 S.
1461 267 1773 324 CYPRIAN]
1815 265 2092 323 OPERUM
2133 265 2305 320 PARS
2342 265 2408 319 ll.
2442 295 2507 305 —
2547 266 2906 322 OPUSCPLA.

3701 262 3795 318 544

456 392 562 461 ﬁlii
603 394 824 447 scelesti.
854 394 1240 463 ,Dereliquistis
1290 398 1591 458 Dominum,
1641 404 1691 450 et
1730 400 1787 450 in
1834 396 2081 465 indigna-
2104 406 2161 477 Α
2183 392 2533 447 orationibus
2566 392 2751 466 527
2786 393 3015 461 nostris,
3047 391 3143 446 sed
3172 391 3318 463 quod
3350 394 3608 462 petamus
3637 391 3705 445 ab
3732 408 3794 447 eo

460 488 656 541 tionem
702 489 925 542 misistis
966 489 1119 543 illum
1157 490 1411 545 Sanctum
1453 491 1621 545 Israel
1660 490 1810 558 (Isa.,
1861 507 1896 555 ι,
1950 490 2081 557 2-4).

460 580 525 633 In
553 596 795 650 quorum
828 582 1338 652 exprobrationem
1368 584 1669 638 Christiani
1698 585 1922 655 quando
1967 600 2085 637 ora—

456 687 608 740 mus,
643 676 817 728 Psraa
864 690 1062 731 uosren
1103 676 1363 746 dicimus,
1413 679 1550 747 quia
1593 682 1784 732 noster
1827 693 1945 732 esse
1983 692 2087 730 ca:-

455 765 540 836 pit
564 771 619 820 et
637 767 983 835 Judaeorum,
1014 770 1113 841 qui
1140 787 1272 824 eum
1303 771 1719 841 relinquerunt,
1751 787 1873 824 esse
1897 770 2083 823 desiit.

458 859 574 913 Nec
609 866 871 931 peccator
912 864 1158 932 populus
1192 868 1379 933 potest
1410 881 1530 918 esse
1560 864 1726 930 illius,
1757 865 1849 917 sed
1881 864 2088 935 quibus

462 954 700 1007 remissa
743 960 1102 1024 peccatorum
1142 958 1310 1010 datur
1347 959 1415 1023 δῖε,
1462 958 1541 1012 eis
1582 958 1829 1011 ﬁliorum
1880 972 2088 1011 nomen

462 1045 820 1112 adscribitur,
861 1052 913 1101 et
944 1048 1022 1103 eis
1057 1050 1344 1103 zeternitas
1376 1049 1808 1120 repromittitur,
1849 1050 2090 1104 Domino

464 1140 588 1209 ipso
634 1139 855 1195 dicente
899 1160 909 1194 :
945 1142 1123 1197 Omnis
1163 1146 1256 1211 qui
1288 1145 1427 1209 facit
1464 1148 1759 1212 peccatum,
1797 1158 1981 1197 servus
2015 1149 2093 1197 est

464 1236 689 1302 peccati.
736 1236 929 1289 Servus
977 1241 1154 1289 autem
1197 1252 1301 1290 non
1338 1241 1517 1290 manet
1558 1239 1613 1289 in
1659 1237 1813 1291 domo
1850 1239 1908 1290 in
1947 1242 2093 1291 mter-

463 1342 613 1394 num,
638 1330 785 1395 ﬁlius
809 1334 990 1383 autem
1018 1335 1198 1384 manet
1228 1333 1284 1383 in
1318 1334 1574 1385 aeternum
1609 1332 1811 1399 (Joan..
1852 1347 1970 1393 vni,
2001 1332 2089 1397 34,

467 1418 579 1488 35).

534 1513 599 1565 Xl
656 1513 879 1577 Quanta
928 1518 1121 1570 autem
1174 1517 1397 1572 Domini
1450 1517 1826 1589 indulgentia,
1880 1521 2094 1589 quanta

2191 491 2247 539 ut
2292 503 2503 541 nomen
2542 488 2663 557 ejus
2704 485 3087 541 sanctiticetur
3126 486 3185 539 in
3231 485 3408 539 nobis.
3450 484 3726 539 Caeterum
3768 502 3798 538 a

2187 596 2297 651 quo
2352 582 2495 634 Deus
2539 578 2951 647 sanctiticetur,
3002 579 3099 650 qui
3146 580 3265 650 ipse
3308 578 3651 633 sanctiﬁcat?
3703 577 3799 633 Sed

2190 673 2320 743 quia
2360 673 2477 743 ipse
2515 672 2654 727 dixit
2683 689 2694 724 :
2725 674 2915 728 Sancti
2952 676 3130 736 estote,
3176 673 3432 741 quoniam
3461 675 3512 725 et
3536 686 3627 737 ego
3662 685 3803 725 sane

2189 772 2273 821 tus
2311 782 2428 821 sum
2467 769 2679 836 (Leuit,
2716 782 2772 834 ιι,
2812 766 2923 837 44),
2954 765 3298 837 ἰάνρθῐὶῐιιιιε
3332 769 3388 819 et
3413 754 3698 835 rogamus,
3728 769 3799 832 ut,

2189 861 2285 931 qui
2313 861 2371 925 in
2409 860 2692 931 baptismo
2729 859 3053 914 sanctiﬁcati
3081 874 3297 926 sumus,
3332 858 3391 911 in
3420 873 3489 912 eo
3521 856 3671 927 quod
3696 873 3805 911 esse

2191 954 2467 1025 coepimus
2504 970 2952 1024 perseveremus.
2990 954 3057 1007 Et
3106 953 3213 1006 hoc
3260 950 3513 1023 quotidie
3552 950 3804 1021 depreca—

2193 1064 2341 1101 mur.
2390 1048 2540 1118 Opus
2584 1051 2668 1101 est
2718 1049 2874 1100 enim
2923 1046 3084 1101 nobis
3127 1044 3463 1117 quotidiana
3515 1043 3805 1098 sanctiﬁca-

2192 1141 2363 1209 tione,
2395 1146 2474 1202 ut,
2506 1141 2603 1211 qui
2642 1138 2896 1211 quotidie
2938 1138 3353 1210 delinquimus,
3398 1136 3601 1191 delicta
3630 1141 3805 1191 nostra

2192 1233 2634 1289 sanctiﬁcatione
2661 1234 2708 1268 ³⁸
2738 1233 2959 1287 assidua
2996 1246 3394 1303 repurgemus.
3446 1230 3581 1294 Quae
3629 1234 3803 1285 autem

2193 1329 2267 1382 sit
2297 1327 2661 1382 sanctiﬁcatio
2700 1342 2825 1398 qum
2867 1325 3032 1381 nobis
3071 1325 3142 1380 de
3184 1325 3276 1381 Dei
3323 1323 3653 1395 dignatione
3681 1340 3802 1378 con-

2195 1422 2374 1477 fertur
2401 1421 2697 1492 Apostolus
2728 1420 2993 1491 prmdicat
3031 1420 3222 1475 dicens
3253 1436 3265 1473 :
3295 1420 3482 1488 Neque
3512 1419 3804 1484 fomicarii,

2192 1531 2361 1586 neque
2404 1516 2565 1569 idolis
2601 1517 2901 1577 servientes,
2929 1530 3097 1583 neque
3141 1513 3399 1575 adulteri,
3425 1527 3594 1581 neque
3619 1511 3802 1574 molles,

468 1606 611 1660 circa
651 1624 756 1662 nos
796 1608 1142 1680 dignationis
1178 1611 1297 1680 ejus
1328 1614 1386 1664 et
1413 1610 1681 1665 bonitatis
1717 1611 1963 1676 ubertas,
1995 1611 2095 1682 qui
2195 1624 2367 1679 neque
2402 1609 2763 1663 masculorum
2789 1610 3115 1678 appetitorcs
3140 1606 3276 1676 (25),
3318 1621 3493 1676 neque
3529 1607 3697 1672 fures,
3721 1622 3803 1660 ne-

464 1700 543 1753 sic
571 1716 672 1754 nos
712 1702 951 1756 voluerit
996 1703 1317 1758 orationem
1360 1704 1643 1759 celebrare
1684 1705 1744 1758 in
1788 1710 2155 1775 conspectu_
2195 1718 2295 1772 que
2331 1702 2679 1769 fraudulenti
2708 1700 2839 1772 (26).
2884 1716 3053 1771 neque
3089 1701 3303 1768 ebriosi,
3346 1715 3520 1769 neque
3556 1699 3802 1757 maledici.

462 1793 564 1848 Dei
592 1798 656 1847 ut
696 1795 869 1849 Deum
914 1798 1132 1850 Patrem
1175 1814 1460 1865 vocemus,
1501 1802 1575 1865 et,
1621 1802 1681 1852 ut
1721 1803 1803 1853 est
1838 1769 2168 1853 ChristusB
2192 1769 2362 1865 neque
2401 1800 2645 1866 raptores
2683 1769 2910 1862 regnum
2950 1769 3043 1850 Dei
3082 1799 3479 1863 consequentur
3510 1794 3576 1846 ²⁹.
3610 1793 3671 1848 Et
3711 1793 3807 1847 haec

464 1886 560 1941 Dei
583 1887 771 1955 Filius,
798 1888 873 1943 sic
900 1894 957 1943 et
981 1907 1081 1944 nos
1107 1891 1206 1945 Dei
1227 1891 1372 1946 tilios
1402 1908 1797 1963 nuncupemus
1824 1892 1904 1945 ’6!
1928 1893 2089 1957 Quod
2190 1890 2403 1958 quidem
2438 1892 2652 1957 fuistis;
2685 1889 2778 1943 sed
2815 1890 2996 1943 abluti
3034 1890 3188 1950 estis,
3224 1888 3319 1943 sed
3347 1888 3643 1956 justiﬁcati
3670 1888 3803 1949 estis,

463 1995 677 2034 nomen
708 1998 875 2037 nemo
905 1989 1164 2038 nostrum
1188 1985 1243 2038 in
1268 1985 1522 2040 oratione
1539 1986 1773 2041 auderet
1787 1986 2085 2057 attingere,
2189 1985 2281 2040 sed
2305 1985 2635 2053 sanctiﬁcati
2668 1985 2791 2039 estis
2823 1983 2870 2017 ³ο
2905 1985 2963 2037 in
3000 1985 3212 2037 nomine
3240 1983 3462 2037 Domini
3492 1983 3660 2036 nostri
3693 1982 3802 2035 Jesu

461 2073 571 2128 nisi
626 2075 745 2145 ipse
805 2077 969 2142 nobis
1015 2079 1092 2132 sic
1140 2079 1489 2149 permisisset
1539 2096 1728 2134 orare.
1768 2080 2089 2135 Meminisse
2191 2079 2391 2134 Christi
2439 2082 2489 2133 et
2535 2080 2596 2132 in
2649 2078 2861 2147 Spiritu
2911 2078 3007 2131 Dei
3048 2078 3226 2130 nostri
3274 2076 3315 2146 (Ι
3363 2075 3511 2137 Cor.,
3554 2090 3623 2136 γι,
3652 2075 3800 2143 9-H).

460 2167 678 2239 itaque,
707 2169 912 2225 fratres
952 2171 1322 2240 dilectissimi,
1363 2177 1417 2227 et
1446 2172 1587 2226 scire
1629 2173 1906 2227 debemus
1935 2174 2087 2245 quia,
2191 2172 2581 2227 Saiictiticatos
2640 2187 2741 2224 nos
2805 2170 2936 2225 dicit
2996 2169 3053 2223 in
3108 2169 3339 2223 nomine
3408 2168 3629 2223 Domini
3688 2170 3802 2222 lesu

462 2263 688 2331 quando
715 2265 938 2319 Patrem
969 2267 1144 2320 Deum
1172 2266 1434 2336 dicimus,
1466 2267 1623 2337 quasi
1655 2266 1757 2319 filii
1788 2266 1886 2320 Dei
1917 2283 2089 2337 agere
2190 2265 2395 2323 Christi
2443 2270 2498 2319 et
2541 2265 2601 2318 in
2645 2263 2856 2334 Spiritu
2900 2263 2999 2318 Dei
3042 2263 3236 2317 nostri.
3286 2263 3417 2317 Haec
3455 2261 3801 2317 sanctiﬁcatio

464 2355 753 2425 debemus,
790 2363 868 2428 ut,
901 2359 1184 2431 quomodo
1217 2377 1315 2414 nos
1351 2360 1515 2414 nobis
1555 2360 1842 2431 placemus
1874 2360 1944 2414 de
1974 2362 2088 2415 Deo
2193 2364 2253 2414 ut
2297 2361 2358 2412 in
2404 2357 2568 2413 nobis
2604 2361 2933 2428 permaneat
2972 2372 3221 2410 oramus.
3264 2357 3333 2411 Et
3376 2359 3513 2427 quia
3550 2355 3802 2409 Dominus

462 2453 641 2519 patre,
671 2450 749 2505 sic
777 2452 881 2506 sibi
913 2454 1131 2522 placeat
1157 2459 1211 2508 et
1236 2454 1327 2508 ille
1362 2454 1431 2508 de
1458 2454 1637 2508 nobis.
1678 2457 2093 2510 Conversemur
2192 2459 2248 2509 et
2265 2453 2444 2524 judex
2486 2455 2678 2505 noster
2716 2455 2913 2505 sanato
2953 2467 2985 2503 a
3014 2467 3073 2504 se
3113 2453 3170 2504 et
3209 2449 3486 2504 viviﬁcato
3525 2450 3630 2519 (27)
3667 2465 3801 2503 com-

463 2543 621 2612 quasi
653 2544 746 2597 Dei
788 2547 1016 2617 templa,
1049 2552 1112 2601 ut
1153 2549 1326 2601 Deum
1363 2547 1419 2601 in
1459 2546 1620 2601 nobis
1667 2551 1889 2601 constet
1926 2548 2089 2602 habio
2193 2547 2448 2602 minatur
2474 2546 2597 2615 jam
2636 2561 2748 2598 non
2791 2544 3145 2614 delinquere,
3186 2560 3256 2597 ne
3301 2543 3439 2614 quid
3481 2542 3532 2597 ei
3575 2542 3802 2597 deterius

462 2638 587 2689 tare
618 2653 629 2688 :
668 2654 768 2691 nec
794 2639 867 2693 sit
893 2640 1144 2710 degener
1172 2646 1329 2695 actus
1358 2644 1551 2695 noster
1581 2658 1614 2694 a
1643 2641 1863 2712 spiritu,
1896 2648 1958 2695 ut
1994 2642 2090 2712 qui
2192 2641 2320 2707 ﬁat,
2369 2641 2516 2694 hanc
2561 2638 2841 2693 continuis
2886 2637 3233 2692 orationibus
3275 2652 3505 2707 precem
3551 2636 3800 2703 facimus,

465 2730 718 2783 coelestcs
749 2734 805 2784 et
835 2732 1111 2802 spiritales
1147 2751 1266 2787 esse
1308 2734 1603 2803 cmpimus,
1646 2751 1762 2788 non
1792 2734 1893 2787 nisi
1932 2735 2092 2804 spiri-

465 2822 594 2875 talia
627 2829 682 2877 et
708 2824 954 2879 coelestia
982 2828 1301 2897 cogitemus
1331 2832 1386 2881 et
1410 2844 1668 2898 agamus,
1703 2828 1837 2899 quia
1876 2832 1933 2882 et
1973 2828 2091 2898 ipse

464 2917 733 2971 Dominus
777 2919 924 2973 Deus
971 2920 1150 2974 dixit:
1182 2925 1283 2975 Eos
1324 2924 1422 2991 qui
1458 2922 1758 2990 cluriﬁcaut
1800 2938 1883 2975 me
1926 2922 2089 2976 clari-

462 3012 650 3079 ﬁcabo,
702 3018 751 3067 et
799 3017 897 3083 qui
932 3030 1012 3069 me
1054 3018 1263 3084 spernit
1307 3021 1590 3084 spernetur
1625 3016 1666 3084 (Ι
1704 3018 1856 3083 Reg.,
1893 3031 1945 3081 ιι,
1976 3016 2088 3077 30).

467 3104 665 3159 Beatus
707 3123 931 3178 quoque
972 3108 1272 3178 Apostolus
1316 3109 1374 3161 in
1418 3108 1663 3179 Epistola
1699 3125 1799 3162 sua
1843 3108 2027 3179 posuit
2075 3124 2086 3161 :

2192 2735 2301 2789 hoc
2338 2734 2535 2788 diebus
2560 2750 2623 2787 ac
2652 2732 2913 2787 noctibus
2950 2733 3328 2802 postulamus,
3360 2734 3422 2785 ut
3461 2730 3800 2785 sanctiﬁcatio

2195 2833 2251 2883 et
2281 2828 2578 2882 viviticatio
2613 2843 2740 2898 quas
2765 2826 2833 2880 de
2864 2826 2966 2880 Dei
2997 2825 3179 2896 gratia
3214 2825 3463 2879 sumitur
3498 2823 3667 2895 ipsius
3693 2838 3800 2894 pro-

2194 2922 2434 2977 tectione
2466 2925 2736 2975 servetur.

2263 3016 2393 3069 Xlll.
2417 3014 2685 3085 Sequitur
2710 3013 2767 3067 in
2797 3012 3051 3067 oratione
3076 3014 3381 3068 :Anvauur
3408 3027 3620 3067 necnon
3646 3026 3797 3065 TUUI.

2196 3111 2457 3179 Regnum
2508 3108 2674 3162 etiam
2728 3105 2827 3161 Dei
2881 3106 3277 3177 reprzrsentari
3332 3106 3498 3161 nobis
3549 3105 3795 3176 petimus,

465 3201 585 3256 Non
624 3202 748 3254 estis
782 3204 964 3255 vestri.
1005 3203 1188 3271 Empti
1230 3205 1368 3255 enim
1409 3205 1532 3256 estis
1576 3205 1749 3271 pretio
1792 3218 1988 3271 magno
2016 3203 2084 3256 ’7.
2110 3173 2163 3246 C
2191 3204 2354 3261 sicuti
2394 3207 2449 3256 et
2484 3216 2690 3255 nomen
2726 3201 2868 3270 ejus,
2906 3204 2969 3253 ut
2997 3199 3055 3253 iu
3089 3199 3251 3254 nobis
3280 3200 3658 3254 sanctiticetur
3687 3213 3793 3267 pos-

466 3293 767 3360 Clariﬁcate
807 3292 915 3364 (23)
960 3301 1008 3347 et
1056 3300 1271 3364 portate
1328 3298 1496 3349 Deum
1552 3298 1607 3347 in
1656 3310 1873 3363 corpore
1916 3300 2089 3349 vestro

463 3385 505 3454 (Ι
538 3387 681 3451 Cor.,
710 3403 784 3453 γι,
821 3390 904 3455 l9,
934 3389 1043 3457 20).

538 3479 647 3532 XII.
714 3481 841 3534 Post
906 3481 1011 3535 hoc
1074 3481 1315 3535 dicimus
1373 3499 1385 3536 :
1439 3486 1851 3538 SANCTIFICETUR
1908 3499 2088 3537 nomen

464 3586 611 3627 Tuon
660 3573 784 3644 (24).
828 3574 950 3629 Νοιι
991 3574 1139 3646 quod
1167 3581 1427 3647 optemus
1469 3577 1579 3631 Deo
1618 3583 1681 3631 ut
1710 3576 2091 3632 sanctiticetur

2189 3296 2451 3351 tulamus.
2484 3296 2622 3348 Nam
2666 3295 2812 3348 Deus
2841 3293 3068 3364 quando
3109 3308 3225 3346 non
3263 3293 3519 3363 regnat?
3544 3295 3637 3345 aut
3662 3289 3793 3359 apud

2190 3406 2319 3444 eum
2346 3387 2572 3459 quando
2608 3386 2807 3457 incipit
2831 3385 2979 3457 quod
3010 3392 3065 3441 et
3089 3402 3320 3457 semper
3348 3385 3458 3440 fuit
3486 3392 3535 3439 et
3567 3401 3676 3438 esse
3699 3398 3795 3435 non

2191 3482 2437 3537 desinit?
2475 3482 2738 3535 Nostrum
2783 3495 3029 3551 regnum
3065 3479 3313 3548 petimus
3349 3478 3614 3534 advenire
3643 3494 3673 3531 a
3700 3477 3794 3529 Deo

2191 3575 2350 3630 nobis
2399 3574 2833 3646 repromissum,
2885 3571 3095 3628 Christi
3134 3572 3413 3643 sanguine
3455 3578 3512 3627 et
3558 3570 3790 3643 passione

1836 3728 2043 3791 Variae
2085 3726 2422 3792 lectiones.

526 3858 569 3888 ³⁵
595 3854 840 3907 Remissa
870 3862 1224 3920 peccatorum
1263 3857 1465 3909 dantur
1501 3859 1620 3909 Bod.
1654 3862 1698 3917 t,
1727 3860 1775 3909 4.
1806 3857 2078 3909 Remissio
2113 3856 2243 3905 Vict.
2310 3855 2352 3887 ιε
2384 3854 2553 3904 Filios
2576 3865 2970 3916 nuncupemus
3001 3853 3157 3914 lmpr.
3184 3854 3308 3901 ante
3340 3853 3498 3902 Oxon.
3564 3852 3601 3884 ³⁷
3626 3850 3787 3913 Empti

464 3927 597 3975 estis
626 3939 826 3991 magno
852 3928 957 3977 ΝΟ.
985 3930 1028 3978 1.
1058 3930 1104 3978 4.
1134 3930 1272 3978 Lam.
1304 3929 1423 3977 Bod.
1451 3929 1498 3978 3.
1566 3930 1608 3962 ³⁸
1641 3928 2027 3979 Satisfactione
2051 3926 2140 3975 Ar.
2207 3925 2250 3956 '9
2285 3924 2657 3976 Possidebunt
2684 3925 2821 3974 Pem.
2850 3922 2973 3973 Bod.
3004 3925 3050 3974 4.
3097 3923 3226 3972 Voss.
3253 3927 3301 3973 1.
3372 3922 3415 3957 ³ο
3439 3922 3789 3976 Sanctiﬁcatos

461 4008 563 4046 nos
591 3996 728 4047 dicit
755 3998 892 4046 Lam.
926 3997 1083 4048 Ebor.
1130 3998 1261 4048 Voss.
1292 4001 1335 4048 t.
1363 3999 1485 4048 Bod.
1514 4000 1557 4060 t,
1592 4000 1640 4061 2,
1675 3999 1724 4061 3,
1755 4000 1800 4048 4.

1765 4143 1988 4225 Steph.
2039 4139 2283 4204 Baluzii
2322 4147 2514 4206 notae.

466 4270 574 4321 hoc
625 4270 820 4321 eodem
871 4269 1034 4319 modo
1092 4271 1254 4320 refert
1305 4271 1458 4320 hunc
1510 4271 1728 4331 locum,
1779 4275 1840 4319 ut
1886 4268 2098 4319 notavit
2197 4272 2452 4320 sanctum
2481 4270 2603 4332 Dei,
2631 4270 2731 4322 sed
2760 4273 2819 4319 ut
2847 4273 3104 4320 sanctum
3145 4269 3418 4320 habeatur
3458 4269 3527 4319 ab
3566 4266 3785 4318 homini-

468 4343 634 4391 etiam
675 4340 969 4389 Pamelius.
1004 4339 1188 4389 Aliam
1230 4341 1549 4401 lectionem,
1573 4352 1699 4404 quae
1743 4339 1913 4390 habet
1949 4354 1959 4386 :
2015 4339 2096 4387 Va:
2195 4339 2321 4399 bus,
2349 4340 2404 4390 id
2446 4345 2525 4392 est
2566 4342 2642 4392 ita
2686 4342 2796 4391 illis
2829 4342 3141 4392 innotescat
3177 4341 3329 4391 Deus
3372 4345 3433 4390 ut
3473 4353 3581 4390 non
3618 4337 3785 4388 existi-

467 4413 609 4476 genti
658 4412 947 4476 peccatrici
974 4448 986 4470 ,
1040 4410 1235 4474 populo
1283 4411 1435 4474 pleno
1482 4414 1705 4474 peccatis
1733 4448 1746 4471 ,
1802 4409 1989 4460 inveni
2036 4410 2091 4458 in

2196 4416 2349 4461 ment
2406 4413 2615 4477 aliquid
2667 4414 2914 4464 sanctius
2963 4413 3111 4476 quod
3166 4413 3343 4477 magis
3412 4409 3676 4462 oﬂ‘endere
3732 4406 3783 4455 ti-

465 4482 733 4533 tredecim
759 4483 995 4533 vetustis
1024 4482 1452 4544 exemplaribus.
1494 4483 1556 4531 In
1589 4495 1698 4532 uno
1729 4495 1873 4543 meo,
1899 4481 2170 4545 populo“
2196 4488 2401 4533 meant.
2432 4502 2460 4531 ››
2492 4484 2634 4533 Vide
2665 4485 3070 4534 Tertullienum
3100 4484 3156 4532 in
3182 4483 3324 4534 libro
3347 4485 3410 4534 de
3440 4482 3688 4532 Oratione.

463 4556 624 4620 gravi
674 4555 973 4618 iniquitate.
1012 4554 1137 4616 Quo
1180 4521 1347 4604 etiam
1393 4554 1557 4604 modo
1601 4521 1873 4617 scriptun;
1900 4521 1999 4604 Bs?
2035 4521 2174 4602 inD
2260 4555 2359 4617 (25)
2427 4556 2772 4618 Appetitores.
2833 4554 3098 4618 Quinque
3156 4554 3280 4604 libri
3336 4558 3548 4604 veteres
3604 4550 3783 4620 habent

466 4628 687 4689 capite:
730 4627 886 4675 Isaiae
932 4627 988 4674 in
1030 4625 1273 4675 editione
1311 4625 1553 4688 vulgata.
1585 4624 1856 4675 Observat
1903 4629 2090 4674 autem

463 4697 760 4757 Arnobius,
811 4696 907 4746 lib.
940 4710 974 4758 ι,
1021 4696 1274 4746 ethnicos
1315 4696 1478 4745 nobis
1530 4694 1892 4759 exprobrasse
1939 4694 2090 4759 quod

466 4782 554 4819 res
595 4772 796 4818 nostrae
828 4767 1184 4817 barbarismis
1220 4771 1273 4817 et
1315 4767 1644 4817 solcecismis
1685 4766 1875 4816 obsitus
1905 4770 2091 4816 essent

468 4844 524 4890 et
568 4839 824 4888 vitiorum
868 4837 1213 4888 deformitate
1242 4837 1484 4901 pollutas.
1516 4837 1655 4887 Vide
1698 4836 1791 4886 lib.
1826 4850 1881 4886 ιιι
1928 4837 2088 4887 Testi-

465 4910 781 4970 moniomm,
814 4923 932 4972 cap.
962 4909 1009 4959 3.

525 4982 623 5041 (23,
676 4980 993 5044 Clariﬁcate.
1041 4979 1231 5031 Codex
1277 4980 1744 5039 Monasteriensis,
1793 4978 2090 5042 Gloriﬁcate

466 5053 547 5102 vel
578 5053 877 5116 ctariﬁcate.
910 5053 1057 5103 Hinc
1101 5052 1311 5101 factum
1356 5057 1417 5101 ut
1445 5052 1670 5115 quidam
1717 5052 1839 5101 libri
1876 5057 2089 5101 veteres

465 5124 705 5176 habeant
756 5124 1068 5188 gloriﬁcate,
1119 5122 1211 5172 alii
1267 5122 1571 5183 clariﬁcate.
1612 5122 1751 5172 Vide
1813 5126 1973 5171 notas
2018 5122 2088 5171 ad

464 5196 663 5245 librum
691 5197 753 5245 de
786 5194 975 5245 Habitu
1008 5194 1299 5257 Virginum.

524 5269 623 5329 (24)
679 5266 1043 5328 εαηοιίβσειιιν
1096 5277 1280 5313 nomen
1328 5270 1488 5313 tuum.
1552 5264 1739 5314 Refert
1804 5265 1955 5314 hunc
2012 5264 2089 5313 lo-

388 5383 394 5388 .
467 5352 596 5390 cum
639 5341 865 5387 sanctus
896 5335 1242 5400 Augustinus
1272 5334 1364 5384 lib.
1397 5348 1453 5384 IV
1483 5339 1670 5384 contra
1710 5335 1846 5384 duas
1880 5335 2086 5398 Epist-0-

468 5409 547 5461 las
594 5409 1028 5471 Pelagianorum,
1061 5419 1179 5468 cap.
1219 5406 1265 5455 9.
1313 5406 1689 5469 Hieronymus
1733 5407 1788 5454 in
1840 5406 2086 5470 Epistola

462 5482 533 5531 ad
587 5481 809 5530 Sunium
879 5483 925 5527 et
971 5479 1229 5527 Fretelam
1276 5492 1286 5524 :
1350 5492 1380 5524 ᾳ
1433 5476 1818 5526 Sanctiﬁcatur
1883 5490 2084 5527 nomen

462 5556 641 5610 tuum,
674 5562 786 5599 non
816 5548 962 5612 quod
992 5547 1155 5597 nobis
1192 5546 1477 5597 orantibus
1519 5548 1893 5597 sanctiticetur
1936 5548 2085 5611 quod

462 5635 559 5688 per
588 5634 646 5671 se
690 5626 945 5670 sanctum
976 5624 1078 5679 est,
1114 5616 1208 5669 sed
1260 5632 1371 5683 quo
1415 5624 1671 5681 petamus
1702 5623 1759 5668 ut
1803 5618 1951 5683 quod
1991 5633 2087 5682 per

461 5698 717 5742 naturam
756 5693 841 5741 sui
885 5695 1140 5742 sanctum
1184 5696 1266 5740 est
1313 5690 1692 5741 sanctiticetur
1736 5692 1792 5740 in
1840 5689 2015 5740 nobis.
2057 5708 2084 5735 »

463 5765 701 5814 Rufinus
757 5766 812 5812 in
883 5762 1023 5813 Psal.
1074 5774 1234 5813 Lxxv
1283 5777 1294 5809 :
1348 5779 1375 5807 α
1431 5760 1825 5813 Sanctiﬁcetur
1880 5774 2085 5812 nomen

467 5840 643 5885 tuum.
676 5834 838 5900 Quod
886 5848 996 5886 non
1042 5835 1123 5887 sic
1168 5833 1373 5899 petitur
1409 5834 1569 5898 quasi
1612 5846 1725 5884 non
1770 5834 1839 5883 sit
1880 5845 2084 5885 nomen

2192 4624 2560 4674 concubitores.
2619 4625 2713 4675 Sic
2765 4625 2932 4675 etiam
2976 4638 3035 4674 se
3081 4626 3137 4674 in
3193 4624 3575 4688 antiquissimo
3618 4619 3781 4671 codice

2190 4694 2391 4757 legisse
2422 4699 2653 4746 testatur
2697 4696 2996 4757 Morellius,
3043 4697 3099 4745 in
3140 4710 3252 4747 uno
3289 4695 3479 4747 codice
3512 4692 3780 4744 Bodleiano

2192 4765 2360 4816 editio
2390 4767 2709 4832 Anglicana.
2745 4766 2837 4817 Sic
2873 4768 3038 4818 etiam
3072 4766 3240 4817 editio
3282 4767 3503 4831 vulgatu
3536 4761 3780 4828 Epistola-

2188 4850 2313 4886 rum
2338 4839 2512 4888 sancti
2541 4837 2718 4888 Pauli.

2251 4907 2347 4970 (26)
2429 4908 2797 4959 Fraudulenti.
2874 4908 3061 4961 Codex
3129 4909 3400 4960 Fuxensis
3473 4905 3778 4969 fraudatores

2189 4978 2268 5029 vel
2308 4979 2659 5041 fraudulenti,
2698 4984 2761 5029 ut
2804 4979 3088 5030 arbitrium
3134 4986 3279 5031 esset
3309 4982 3574 5044 integrum
3612 4970 3774 5025 lectori

2188 5050 2491 5101 retinendas
2534 5051 2787 5101 lectionis
2833 5065 2959 5115 quae
3005 5051 3111 5101 sibi
3156 5053 3331 5116 magis
3378 5050 3645 5101 arrideret.
3677 5045 3776 5108 Ego

2186 5123 2418 5185 praefero
2449 5123 2720 5184 ultimam,
2753 5124 2885 5187 quia
2916 5137 3037 5173 eam
3066 5124 3241 5187 reperi
3270 5125 3323 5172 in
3363 5136 3484 5173 xxv
3514 5120 3657 5171 libris
3690 5126 3775 5162 ve-

2190 5192 2399 5242 teribus
2446 5193 2627 5243 Aliam
2654 5207 2773 5243 raro
2798 5195 2993 5257 reperi.

2254 5265 2351 5327 (27)
2406 5263 2685 5329 Viviﬁcato.
2718 5266 2796 5315 Ita
2849 5279 3042 5315 omnes
3091 5265 3217 5316 libri
3261 5269 3468 5316 veteres
3512 5266 3564 5311 et
3607 5268 3773 5309 omnes

2190 5337 2435 5400 antiquae
2503 5337 2795 5387 editiones.
2877 5337 3195 5387 Manutima
3269 5336 3436 5387 habet
3490 5329 3772 5397 justiﬁcalol

2187 5407 2471 5457 Morellius
2522 5408 2748 5458 retinuit
2791 5412 3034 5459 veterem
3085 5408 3395 5471 lectionem.
3437 5400 3773 5471 PameliusAet

2187 5476 2457 5541 Rigaltius
2510 5479 2823 5529 maluerunt
2874 5478 3182 5541 justiﬁcato.
3239 5470 3329 5529 Sic
3376 5476 3536 5527 etiam
3593 5468 3769 5533 Angli.

2188 5550 2444 5612 quamvis
2497 5549 2762 5599 haberent
2813 5551 3201 5600 auctoritatem
3260 5548 3497 5613 plurium
3552 5547 3766 5613 veterum

2186 5611 2591 5684 exemplarium
2646 5624 2837 5671 contra
2898 5611 3277 5671 sentientium.—
3319 5618 3457 5668 Vide
3500 5611 3767 5684 concilium

2187 5683 2641 5756 Carthaginense,
2693 5692 2988 5757 Cypriani,
3044 5695 3099 5742 in
3148 5691 3477 5743 allocutione
3521 5683 3700 5737 Felicis
3743 5691 3766 5725 ε

2185 5761 2369 5823 Bagai.
