  <div class='ocr_page' id='page_1' title='image "/cluster/home/n/w/nwhite01/storage/ocr_20150623/4/hvd.32044073549446/278.png"; bbox 0 0 3978 6194; ppageno 0'>
   <div class='ocr_carea' id='block_1_1' title="bbox 198 240 1777 304">
    <p class='ocr_par' dir='ltr' id='par_1_1' title="bbox 198 240 1777 304">
     <span class='ocr_line' id='line_1_1' title="bbox 198 240 1777 304; baseline -0.003 -3"><span class='ocrx_word' id='word_1_1' title='bbox 198 248 282 304; x_wconf 68' lang='grc'><strong>545</strong></span> <span class='ocrx_word' id='word_1_2' title='bbox 1295 240 1491 299; x_wconf 79' lang='lat' dir='ltr'>LIBER</span> <span class='ocrx_word' id='word_1_3' title='bbox 1532 241 1619 298; x_wconf 85' lang='lat' dir='ltr'><strong>DE</strong></span> <span class='ocrx_word' id='word_1_4' title='bbox 1660 240 1777 297; x_wconf 71' lang='grc' dir='ltr'><strong>0Βέ</strong></span> 
     </span>
    </p>
   </div>
   <div class='ocr_carea' id='block_1_2' title="bbox 1888 240 2379 304">
    <p class='ocr_par' dir='ltr' id='par_1_2' title="bbox 1888 240 2379 297">
     <span class='ocr_line' id='line_1_2' title="bbox 1888 240 2379 297; baseline -0.006 0"><span class='ocrx_word' id='word_1_5' title='bbox 1888 243 2000 297; x_wconf 81' lang='lat' dir='ltr'><strong>)NE</strong></span> <span class='ocrx_word' id='word_1_6' title='bbox 2042 240 2379 296; x_wconf 83' lang='lat' dir='ltr'><strong>DOMINICA.</strong></span> 
     </span>
    </p>
   </div>
   <div class='ocr_carea' id='block_1_3' title="bbox 3409 245 3509 301">
    <p class='ocr_par' dir='ltr' id='par_1_3' title="bbox 3409 245 3509 301">
     <span class='ocr_line' id='line_1_3' title="bbox 3409 245 3509 301; baseline 0 -2"><span class='ocrx_word' id='word_1_7' title='bbox 3409 245 3509 301; x_wconf 70' lang='grc'><strong>546</strong></span> 
     </span>
    </p>
   </div>
   <div class='ocr_carea' id='block_1_4' title="bbox 192 362 3505 445">
    <p class='ocr_par' dir='ltr' id='par_1_4' title="bbox 192 362 3505 445">
     <span class='ocr_line' id='line_1_4' title="bbox 192 362 3505 445; baseline 0 -27"><span class='ocrx_word' id='word_1_8' title='bbox 192 367 499 436; x_wconf 63' lang='lat' dir='ltr'><strong>quaesitum;</strong></span> <span class='ocrx_word' id='word_1_9' title='bbox 534 368 615 429; x_wconf 89' lang='lat' dir='ltr'><strong>ut,</strong></span> <span class='ocrx_word' id='word_1_10' title='bbox 646 364 742 434; x_wconf 91' lang='lat' dir='ltr'><strong>qui</strong></span> <span class='ocrx_word' id='word_1_11' title='bbox 774 363 831 417; x_wconf 90' lang='lat' dir='ltr'><strong>in</strong></span> <span class='ocrx_word' id='word_1_12' title='bbox 859 363 1067 417; x_wconf 64' lang='lat' dir='ltr'><strong>saeculo</strong></span> <span class='ocrx_word' id='word_1_13' title='bbox 1098 365 1227 416; x_wconf 82' lang='lat' dir='ltr'><strong>ante</strong></span> <span class='ocrx_word' id='word_1_14' title='bbox 1258 364 1614 431; x_wconf 86' lang='lat' dir='ltr'><strong>servivimus,</strong></span> <span class='ocrx_word' id='word_1_15' title='bbox 1640 369 1784 433; x_wconf 86' lang='lat' dir='ltr'><strong>post-</strong></span> <span class='ocrx_word' id='word_1_16' title='bbox 1810 373 1864 445; x_wconf 79' lang='grc' dir='ltr'><strong>Α</strong></span> <span class='ocrx_word' id='word_1_17' title='bbox 1893 379 2008 417; x_wconf 91' lang='lat' dir='ltr'><strong>non</strong></span> <span class='ocrx_word' id='word_1_18' title='bbox 2051 364 2398 421; x_wconf 81' lang='lat' dir='ltr'><strong>voluntatem</strong></span> <span class='ocrx_word' id='word_1_19' title='bbox 2430 378 2590 416; x_wconf 88' lang='lat' dir='ltr'><strong>suam</strong></span> <span class='ocrx_word' id='word_1_20' title='bbox 2640 363 2732 416; x_wconf 80' lang='lat' dir='ltr'><strong>sed</strong></span> <span class='ocrx_word' id='word_1_21' title='bbox 2773 363 2867 418; x_wconf 85' lang='lat' dir='ltr'><strong>Dei</strong></span> <span class='ocrx_word' id='word_1_22' title='bbox 2904 362 3138 430; x_wconf 75' lang='lat' dir='ltr'><strong>faciant,</strong></span> <span class='ocrx_word' id='word_1_23' title='bbox 3172 362 3388 418; x_wconf 85' lang='lat' dir='ltr'><strong>addidit</strong></span> <span class='ocrx_word' id='word_1_24' title='bbox 3418 364 3505 418; x_wconf 90' lang='lat' dir='ltr'><strong>di-</strong></span> 
     </span>
    </p>
   </div>
   <div class='ocr_carea' id='block_1_5' title="bbox 194 456 1785 527">
    <p class='ocr_par' dir='ltr' id='par_1_5' title="bbox 194 456 1785 527">
     <span class='ocr_line' id='line_1_5' title="bbox 194 456 1785 527; baseline -0.002 -15"><span class='ocrx_word' id='word_1_25' title='bbox 194 459 405 513; x_wconf 91' lang='lat' dir='ltr'><strong>modum</strong></span> <span class='ocrx_word' id='word_1_26' title='bbox 455 458 674 514; x_wconf 83' lang='lat' dir='ltr'><strong>Christo</strong></span> <span class='ocrx_word' id='word_1_27' title='bbox 734 457 1066 512; x_wconf 82' lang='lat' dir='ltr'><strong>dominante</strong></span> <span class='ocrx_word' id='word_1_28' title='bbox 1110 473 1437 527; x_wconf 85' lang='lat' dir='ltr'><strong>reguemus,</strong></span> <span class='ocrx_word' id='word_1_29' title='bbox 1482 458 1628 510; x_wconf 83' lang='lat' dir='ltr'><strong>sicut</strong></span> <span class='ocrx_word' id='word_1_30' title='bbox 1666 456 1785 525; x_wconf 88' lang='lat' dir='ltr'><strong>ipse</strong></span> 
     </span>
    </p>
   </div>
   <div class='ocr_carea' id='block_1_6' title="bbox 188 550 1781 624">
    <p class='ocr_par' dir='ltr' id='par_1_6' title="bbox 188 550 1781 624">
     <span class='ocr_line' id='line_1_6' title="bbox 188 550 1781 624; baseline -0.002 -18"><span class='ocrx_word' id='word_1_31' title='bbox 188 554 459 624; x_wconf 83' lang='lat' dir='ltr'><strong>pollicetur</strong></span> <span class='ocrx_word' id='word_1_32' title='bbox 502 556 561 605; x_wconf 91' lang='lat' dir='ltr'><strong>et</strong></span> <span class='ocrx_word' id='word_1_33' title='bbox 601 550 738 605; x_wconf 86' lang='lat' dir='ltr'><strong>dicit</strong></span> <span class='ocrx_word' id='word_1_34' title='bbox 783 568 795 604; x_wconf 89' lang='lat'><strong>:</strong></span> <span class='ocrx_word' id='word_1_35' title='bbox 856 553 1066 612; x_wconf 86' lang='lat' dir='ltr'><strong>Venite,</strong></span> <span class='ocrx_word' id='word_1_36' title='bbox 1119 552 1384 605; x_wconf 70' lang='lat' dir='ltr'><strong>benedicti</strong></span> <span class='ocrx_word' id='word_1_37' title='bbox 1431 553 1613 605; x_wconf 79' lang='lat' dir='ltr'><strong>Patris</strong></span> <span class='ocrx_word' id='word_1_38' title='bbox 1662 552 1781 613; x_wconf 84' lang='lat' dir='ltr'><strong>mei,</strong></span> 
     </span>
    </p>
   </div>
   <div class='ocr_carea' id='block_1_7' title="bbox 186 645 1787 716">
    <p class='ocr_par' dir='ltr' id='par_1_7' title="bbox 186 645 1787 716">
     <span class='ocr_line' id='line_1_7' title="bbox 186 645 1787 716; baseline 0.001 -18"><span class='ocrx_word' id='word_1_39' title='bbox 186 648 419 716; x_wconf 82' lang='lat' dir='ltr'><strong>percipite</strong></span> <span class='ocrx_word' id='word_1_40' title='bbox 441 660 665 715; x_wconf 82' lang='lat' dir='ltr'><strong><em>regnum</em></strong></span> <span class='ocrx_word' id='word_1_41' title='bbox 690 645 834 715; x_wconf 84' lang='lat' dir='ltr'><strong>quod</strong></span> <span class='ocrx_word' id='word_1_42' title='bbox 862 646 1007 701; x_wconf 82' lang='lat' dir='ltr'><strong>vobis</strong></span> <span class='ocrx_word' id='word_1_43' title='bbox 1052 650 1312 715; x_wconf 85' lang='lat' dir='ltr'><strong>paratum</strong></span> <span class='ocrx_word' id='word_1_44' title='bbox 1351 650 1431 699; x_wconf 85' lang='lat' dir='ltr'><strong>est</strong></span> <span class='ocrx_word' id='word_1_45' title='bbox 1476 645 1542 699; x_wconf 90' lang='lat' dir='ltr'><strong>ab</strong></span> <span class='ocrx_word' id='word_1_46' title='bbox 1580 646 1787 711; x_wconf 76' lang='lat' dir='ltr'><strong>origine</strong></span> 
     </span>
    </p>
   </div>
   <div class='ocr_carea' id='block_1_8' title="bbox 184 736 1782 809">
    <p class='ocr_par' dir='ltr' id='par_1_8' title="bbox 184 736 1782 809">
     <span class='ocr_line' id='line_1_8' title="bbox 184 736 1782 809; baseline -0.001 -15"><span class='ocrx_word' id='word_1_47' title='bbox 184 739 359 794; x_wconf 83' lang='lat' dir='ltr'><strong>mundi</strong></span> <span class='ocrx_word' id='word_1_48' title='bbox 385 738 625 809; x_wconf 58' lang='lat' dir='ltr'><strong>(Matth,</strong></span> <span class='ocrx_word' id='word_1_49' title='bbox 653 754 780 805; x_wconf 85' lang='lat' dir='ltr'><strong>xxv,</strong></span> <span class='ocrx_word' id='word_1_50' title='bbox 812 739 924 805; x_wconf 75' lang='grc'><strong>34).</strong></span> <span class='ocrx_word' id='word_1_51' title='bbox 956 740 1145 794; x_wconf 85' lang='lat' dir='ltr'><strong>Potest</strong></span> <span class='ocrx_word' id='word_1_52' title='bbox 1182 754 1337 806; x_wconf 88' lang='lat' dir='ltr'><strong>vero,</strong></span> <span class='ocrx_word' id='word_1_53' title='bbox 1375 738 1582 792; x_wconf 84' lang='lat' dir='ltr'><strong>fratres</strong></span> <span class='ocrx_word' id='word_1_54' title='bbox 1612 736 1782 792; x_wconf 90' lang='lat' dir='ltr'><strong>dilec-</strong></span> 
     </span>
    </p>
   </div>
   <div class='ocr_carea' id='block_1_9' title="bbox 185 829 1783 904">
    <p class='ocr_par' dir='ltr' id='par_1_9' title="bbox 185 829 1783 904">
     <span class='ocr_line' id='line_1_9' title="bbox 185 829 1783 904; baseline -0.002 -18"><span class='ocrx_word' id='word_1_55' title='bbox 185 832 383 898; x_wconf 81' lang='lat' dir='ltr'><strong>tissimi,</strong></span> <span class='ocrx_word' id='word_1_56' title='bbox 411 836 468 886; x_wconf 89' lang='lat' dir='ltr'><strong>et</strong></span> <span class='ocrx_word' id='word_1_57' title='bbox 498 829 690 904; x_wconf 82' lang='lat'><strong>528</strong></span> <span class='ocrx_word' id='word_1_58' title='bbox 737 830 855 902; x_wconf 89' lang='lat' dir='ltr'><strong>ipse</strong></span> <span class='ocrx_word' id='word_1_59' title='bbox 901 831 1156 886; x_wconf 83' lang='lat' dir='ltr'><strong>Christus</strong></span> <span class='ocrx_word' id='word_1_60' title='bbox 1198 847 1330 886; x_wconf 87' lang='lat' dir='ltr'><strong>.esse</strong></span> <span class='ocrx_word' id='word_1_61' title='bbox 1379 846 1621 901; x_wconf 80' lang='lat' dir='ltr'><strong>regnum</strong></span> <span class='ocrx_word' id='word_1_62' title='bbox 1667 829 1783 898; x_wconf 87' lang='lat' dir='ltr'><strong>Dei,</strong></span> 
     </span>
    </p>
   </div>
   <div class='ocr_carea' id='block_1_10' title="bbox 183 923 1785 997">
    <p class='ocr_par' dir='ltr' id='par_1_10' title="bbox 183 923 1785 997">
     <span class='ocr_line' id='line_1_10' title="bbox 183 923 1785 997; baseline -0.001 -17"><span class='ocrx_word' id='word_1_63' title='bbox 183 942 338 997; x_wconf 85' lang='lat' dir='ltr'><strong>quem</strong></span> <span class='ocrx_word' id='word_1_64' title='bbox 366 924 561 980; x_wconf 86' lang='lat' dir='ltr'><strong>venire</strong></span> <span class='ocrx_word' id='word_1_65' title='bbox 606 923 861 995; x_wconf 84' lang='lat' dir='ltr'><strong>quotidie</strong></span> <span class='ocrx_word' id='word_1_66' title='bbox 899 924 1177 995; x_wconf 89' lang='lat' dir='ltr'><strong>cupimus,</strong></span> <span class='ocrx_word' id='word_1_67' title='bbox 1206 925 1366 995; x_wconf 85' lang='lat' dir='ltr'><strong>cujus</strong></span> <span class='ocrx_word' id='word_1_68' title='bbox 1405 923 1679 979; x_wconf 83' lang='lat' dir='ltr'><strong>adventus</strong></span> <span class='ocrx_word' id='word_1_69' title='bbox 1725 930 1785 978; x_wconf 91' lang='lat' dir='ltr'><strong>ut</strong></span> 
     </span>
    </p>
   </div>
   <div class='ocr_carea' id='block_1_11' title="bbox 182 1018 1780 1089">
    <p class='ocr_par' dir='ltr' id='par_1_11' title="bbox 182 1018 1780 1089">
     <span class='ocr_line' id='line_1_11' title="bbox 182 1018 1780 1089; baseline -0.001 -16"><span class='ocrx_word' id='word_1_70' title='bbox 182 1020 277 1073; x_wconf 90' lang='lat' dir='ltr'><strong>cito</strong></span> <span class='ocrx_word' id='word_1_71' title='bbox 314 1018 477 1073; x_wconf 92' lang='lat' dir='ltr'><strong>nobis</strong></span> <span class='ocrx_word' id='word_1_72' title='bbox 522 1021 969 1089; x_wconf 64' lang='lat' dir='ltr'><strong>repraesentetur</strong></span> <span class='ocrx_word' id='word_1_73' title='bbox 1008 1024 1293 1088; x_wconf 89' lang='lat' dir='ltr'><strong>optamus.</strong></span> <span class='ocrx_word' id='word_1_74' title='bbox 1329 1020 1487 1084; x_wconf 87' lang='lat' dir='ltr'><strong>Nam,</strong></span> <span class='ocrx_word' id='word_1_75' title='bbox 1514 1033 1644 1072; x_wconf 89' lang='lat' dir='ltr'><strong>cum</strong></span> <span class='ocrx_word' id='word_1_76' title='bbox 1689 1032 1780 1072; x_wconf 90' lang='lat' dir='ltr'><strong>re-</strong></span> 
     </span>
    </p>
   </div>
   <div class='ocr_carea' id='block_1_12' title="bbox 179 1111 1779 1183">
    <p class='ocr_par' dir='ltr' id='par_1_12' title="bbox 179 1111 1779 1183">
     <span class='ocr_line' id='line_1_12' title="bbox 179 1111 1779 1183; baseline -0.001 -17"><span class='ocrx_word' id='word_1_77' title='bbox 179 1112 434 1167; x_wconf 88' lang='lat' dir='ltr'><strong>surrectio</strong></span> <span class='ocrx_word' id='word_1_78' title='bbox 458 1111 582 1183; x_wconf 87' lang='lat' dir='ltr'><strong>ipse</strong></span> <span class='ocrx_word' id='word_1_79' title='bbox 610 1114 806 1167; x_wconf 89' lang='lat' dir='ltr'><strong>nostra</strong></span> <span class='ocrx_word' id='word_1_80' title='bbox 836 1113 879 1147; x_wconf 85' lang='grc'><strong>³¹</strong></span> <span class='ocrx_word' id='word_1_81' title='bbox 911 1113 983 1168; x_wconf 88' lang='lat' dir='ltr'><strong>sit</strong></span> <span class='ocrx_word' id='word_1_82' title='bbox 1013 1114 1142 1182; x_wconf 91' lang='lat'><strong>(28),</strong></span> <span class='ocrx_word' id='word_1_83' title='bbox 1174 1111 1309 1183; x_wconf 84' lang='lat' dir='ltr'><strong>quia</strong></span> <span class='ocrx_word' id='word_1_84' title='bbox 1338 1111 1396 1166; x_wconf 93' lang='lat' dir='ltr'><strong>in</strong></span> <span class='ocrx_word' id='word_1_85' title='bbox 1435 1112 1558 1182; x_wconf 90' lang='lat' dir='ltr'><strong>ipso</strong></span> <span class='ocrx_word' id='word_1_86' title='bbox 1587 1126 1779 1166; x_wconf 86' lang='lat' dir='ltr'><strong>resur-</strong></span> 
     </span>
    </p>
   </div>
   <div class='ocr_carea' id='block_1_13' title="bbox 181 1204 1783 1276">
    <p class='ocr_par' dir='ltr' id='par_1_13' title="bbox 181 1204 1783 1276">
     <span class='ocr_line' id='line_1_13' title="bbox 181 1204 1783 1276; baseline -0.001 -17"><span class='ocrx_word' id='word_1_87' title='bbox 181 1206 366 1275; x_wconf 88' lang='lat' dir='ltr'><strong>gimus,</strong></span> <span class='ocrx_word' id='word_1_88' title='bbox 393 1205 471 1259; x_wconf 92' lang='lat' dir='ltr'><strong>sic</strong></span> <span class='ocrx_word' id='word_1_89' title='bbox 501 1210 559 1260; x_wconf 88' lang='lat' dir='ltr'><strong>et</strong></span> <span class='ocrx_word' id='word_1_90' title='bbox 587 1221 830 1275; x_wconf 82' lang='lat' dir='ltr'><strong>regnum</strong></span> <span class='ocrx_word' id='word_1_91' title='bbox 862 1205 959 1261; x_wconf 90' lang='lat' dir='ltr'><strong>Dei</strong></span> <span class='ocrx_word' id='word_1_92' title='bbox 988 1212 1170 1276; x_wconf 88' lang='lat' dir='ltr'><strong>potest</strong></span> <span class='ocrx_word' id='word_1_93' title='bbox 1201 1205 1322 1275; x_wconf 89' lang='lat' dir='ltr'><strong>ipse</strong></span> <span class='ocrx_word' id='word_1_94' title='bbox 1353 1204 1615 1274; x_wconf 83' lang='lat' dir='ltr'><strong>intelligi,</strong></span> <span class='ocrx_word' id='word_1_95' title='bbox 1647 1204 1783 1275; x_wconf 90' lang='lat' dir='ltr'><strong>quia</strong></span> 
     </span>
    </p>
   </div>
   <div class='ocr_carea' id='block_1_14' title="bbox 177 1296 1778 1368">
    <p class='ocr_par' dir='ltr' id='par_1_14' title="bbox 177 1296 1778 1368">
     <span class='ocr_line' id='line_1_14' title="bbox 177 1296 1778 1368; baseline -0.001 -17"><span class='ocrx_word' id='word_1_96' title='bbox 177 1299 224 1352; x_wconf 87' lang='lat' dir='ltr'><strong>in</strong></span> <span class='ocrx_word' id='word_1_97' title='bbox 258 1298 345 1352; x_wconf 89' lang='lat' dir='ltr'><strong>illo</strong></span> <span class='ocrx_word' id='word_1_98' title='bbox 383 1299 673 1368; x_wconf 88' lang='lat' dir='ltr'><strong>regnaturi</strong></span> <span class='ocrx_word' id='word_1_99' title='bbox 714 1315 929 1352; x_wconf 87' lang='lat' dir='ltr'><strong>sumus.</strong></span> <span class='ocrx_word' id='word_1_100' title='bbox 967 1299 1114 1353; x_wconf 89' lang='lat' dir='ltr'><strong>Bene</strong></span> <span class='ocrx_word' id='word_1_101' title='bbox 1154 1302 1345 1353; x_wconf 87' lang='lat' dir='ltr'><strong>autem</strong></span> <span class='ocrx_word' id='word_1_102' title='bbox 1391 1312 1633 1368; x_wconf 84' lang='lat' dir='ltr'><strong>regnum</strong></span> <span class='ocrx_word' id='word_1_103' title='bbox 1682 1296 1778 1351; x_wconf 89' lang='lat' dir='ltr'><strong>Dei</strong></span> 
     </span>
    </p>
   </div>
   <div class='ocr_carea' id='block_1_15' title="bbox 176 1391 1777 1463">
    <p class='ocr_par' dir='ltr' id='par_1_15' title="bbox 176 1391 1777 1463">
     <span class='ocr_line' id='line_1_15' title="bbox 176 1391 1777 1463; baseline -0.001 -18"><span class='ocrx_word' id='word_1_104' title='bbox 176 1392 420 1461; x_wconf 86' lang='lat' dir='ltr'><strong>petimus,</strong></span> <span class='ocrx_word' id='word_1_105' title='bbox 453 1391 513 1445; x_wconf 91' lang='lat' dir='ltr'><strong>id</strong></span> <span class='ocrx_word' id='word_1_106' title='bbox 545 1396 628 1445; x_wconf 89' lang='lat' dir='ltr'><strong>est</strong></span> <span class='ocrx_word' id='word_1_107' title='bbox 657 1408 902 1462; x_wconf 90' lang='lat' dir='ltr'><strong>regnum</strong></span> <span class='ocrx_word' id='word_1_108' title='bbox 930 1392 1174 1457; x_wconf 73' lang='lat' dir='ltr'><strong>caeleste,</strong></span> <span class='ocrx_word' id='word_1_109' title='bbox 1202 1392 1340 1463; x_wconf 85' lang='lat' dir='ltr'><strong>quia</strong></span> <span class='ocrx_word' id='word_1_110' title='bbox 1374 1396 1454 1445; x_wconf 91' lang='lat' dir='ltr'><strong>est</strong></span> <span class='ocrx_word' id='word_1_111' title='bbox 1486 1398 1541 1445; x_wconf 89' lang='lat' dir='ltr'><strong>et</strong></span> <span class='ocrx_word' id='word_1_112' title='bbox 1570 1393 1777 1444; x_wconf 53' lang='lat' dir='ltr'><strong>terres.</strong></span> 
     </span>
    </p>
   </div>
   <div class='ocr_carea' id='block_1_16' title="bbox 175 1483 1781 1556">
    <p class='ocr_par' dir='ltr' id='par_1_16' title="bbox 175 1483 1781 1556">
     <span class='ocr_line' id='line_1_16' title="bbox 175 1483 1781 1556; baseline -0.001 -18"><span class='ocrx_word' id='word_1_113' title='bbox 175 1491 247 1539; x_wconf 85' lang='lat' dir='ltr'><strong>tre</strong></span> <span class='ocrx_word' id='word_1_114' title='bbox 280 1501 544 1556; x_wconf 87' lang='lat' dir='ltr'><strong>regnum.</strong></span> <span class='ocrx_word' id='word_1_115' title='bbox 584 1486 689 1540; x_wconf 86' lang='lat' dir='ltr'><strong>Sed</strong></span> <span class='ocrx_word' id='word_1_116' title='bbox 720 1485 814 1555; x_wconf 91' lang='lat' dir='ltr'><strong>qui</strong></span> <span class='ocrx_word' id='word_1_117' title='bbox 845 1485 1193 1540; x_wconf 88' lang='lat' dir='ltr'><strong>renuntiavit</strong></span> <span class='ocrx_word' id='word_1_118' title='bbox 1205 1485 1327 1555; x_wconf 90' lang='lat' dir='ltr'><strong>jam</strong></span> <span class='ocrx_word' id='word_1_119' title='bbox 1353 1486 1578 1550; x_wconf 64' lang='lat' dir='ltr'><strong>saeculo,</strong></span> <span class='ocrx_word' id='word_1_120' title='bbox 1600 1483 1781 1552; x_wconf 82' lang='lat' dir='ltr'><strong>major</strong></span> 
     </span>
    </p>
   </div>
   <div class='ocr_carea' id='block_1_17' title="bbox 176 1577 1778 1650">
    <p class='ocr_par' dir='ltr' id='par_1_17' title="bbox 176 1577 1778 1650">
     <span class='ocr_line' id='line_1_17' title="bbox 176 1577 1778 1650; baseline -0.001 -18"><span class='ocrx_word' id='word_1_121' title='bbox 176 1585 245 1632; x_wconf 88' lang='lat' dir='ltr'><strong>est</strong></span> <span class='ocrx_word' id='word_1_122' title='bbox 271 1584 325 1632; x_wconf 89' lang='lat' dir='ltr'><strong>et</strong></span> <span class='ocrx_word' id='word_1_123' title='bbox 349 1578 664 1634; x_wconf 86' lang='lat' dir='ltr'><strong>honoribus</strong></span> <span class='ocrx_word' id='word_1_124' title='bbox 691 1579 814 1648; x_wconf 87' lang='lat' dir='ltr'><strong>ejus</strong></span> <span class='ocrx_word' id='word_1_125' title='bbox 839 1585 894 1633; x_wconf 87' lang='lat' dir='ltr'><strong>et</strong></span> <span class='ocrx_word' id='word_1_126' title='bbox 925 1595 1126 1650; x_wconf 82' lang='lat' dir='ltr'><strong>regno.</strong></span> <span class='ocrx_word' id='word_1_127' title='bbox 1157 1579 1225 1633; x_wconf 86' lang='lat' dir='ltr'><strong>Et</strong></span> <span class='ocrx_word' id='word_1_128' title='bbox 1253 1579 1398 1644; x_wconf 89' lang='lat' dir='ltr'><strong>ideo,</strong></span> <span class='ocrx_word' id='word_1_129' title='bbox 1434 1577 1530 1648; x_wconf 87' lang='lat' dir='ltr'><strong>qui</strong></span> <span class='ocrx_word' id='word_1_130' title='bbox 1569 1594 1628 1630; x_wconf 92' lang='lat' dir='ltr'><strong>se</strong></span> <span class='ocrx_word' id='word_1_131' title='bbox 1664 1577 1778 1631; x_wconf 89' lang='lat' dir='ltr'><strong>Deo</strong></span> 
     </span>
    </p>
   </div>
   <div class='ocr_carea' id='block_1_18' title="bbox 175 1672 1775 1740">
    <p class='ocr_par' dir='ltr' id='par_1_18' title="bbox 175 1672 1775 1740">
     <span class='ocr_line' id='line_1_18' title="bbox 175 1672 1775 1740; baseline -0.002 -14"><span class='ocrx_word' id='word_1_132' title='bbox 175 1676 223 1726; x_wconf 89' lang='lat' dir='ltr'><strong>et</strong></span> <span class='ocrx_word' id='word_1_133' title='bbox 243 1672 461 1728; x_wconf 84' lang='lat' dir='ltr'><strong>Christo</strong></span> <span class='ocrx_word' id='word_1_134' title='bbox 491 1672 719 1727; x_wconf 90' lang='lat' dir='ltr'><strong>dedicat</strong></span> <span class='ocrx_word' id='word_1_135' title='bbox 747 1673 814 1740; x_wconf 80' lang='grc'><strong>³³,</strong></span> <span class='ocrx_word' id='word_1_136' title='bbox 844 1688 960 1727; x_wconf 90' lang='lat' dir='ltr'><strong>non</strong></span> <span class='ocrx_word' id='word_1_137' title='bbox 992 1678 1218 1727; x_wconf 88' lang='lat' dir='ltr'><strong>terrena</strong></span> <span class='ocrx_word' id='word_1_138' title='bbox 1245 1672 1339 1728; x_wconf 88' lang='lat' dir='ltr'><strong>sed</strong></span> <span class='ocrx_word' id='word_1_139' title='bbox 1370 1672 1615 1727; x_wconf 87' lang='lat' dir='ltr'><strong>coelestia</strong></span> <span class='ocrx_word' id='word_1_140' title='bbox 1646 1686 1775 1739; x_wconf 88' lang='lat' dir='ltr'><strong>reg-</strong></span> 
     </span>
    </p>
   </div>
   <div class='ocr_carea' id='block_1_19' title="bbox 174 1737 1856 1835">
    <p class='ocr_par' dir='ltr' id='par_1_19' title="bbox 174 1737 1856 1835">
     <span class='ocr_line' id='line_1_19' title="bbox 174 1737 1856 1835; baseline 0 -16"><span class='ocrx_word' id='word_1_141' title='bbox 174 1783 236 1819; x_wconf 90' lang='lat' dir='ltr'><strong>na</strong></span> <span class='ocrx_word' id='word_1_142' title='bbox 282 1765 584 1820; x_wconf 86' lang='lat' dir='ltr'><strong>desiderat.</strong></span> <span class='ocrx_word' id='word_1_143' title='bbox 626 1737 904 1820; x_wconf 86' lang='lat' dir='ltr'><strong>Continua</strong></span> <span class='ocrx_word' id='word_1_144' title='bbox 951 1768 1146 1820; x_wconf 90' lang='lat' dir='ltr'><strong>autem</strong></span> <span class='ocrx_word' id='word_1_145' title='bbox 1191 1766 1453 1821; x_wconf 89' lang='lat' dir='ltr'><strong>oratione</strong></span> <span class='ocrx_word' id='word_1_146' title='bbox 1497 1768 1555 1819; x_wconf 90' lang='lat' dir='ltr'><strong>et</strong></span> <span class='ocrx_word' id='word_1_147' title='bbox 1610 1737 1856 1835; x_wconf 78' lang='lat' dir='ltr'><strong>preceB</strong></span> 
     </span>
    </p>
   </div>
   <div class='ocr_carea' id='block_1_20' title="bbox 177 1857 1777 1930">
    <p class='ocr_par' dir='ltr' id='par_1_20' title="bbox 177 1857 1777 1930">
     <span class='ocr_line' id='line_1_20' title="bbox 177 1857 1777 1930; baseline -0.001 -17"><span class='ocrx_word' id='word_1_148' title='bbox 177 1875 301 1929; x_wconf 89' lang='lat' dir='ltr'><strong>opus</strong></span> <span class='ocrx_word' id='word_1_149' title='bbox 323 1863 409 1913; x_wconf 92' lang='lat' dir='ltr'><strong>est</strong></span> <span class='ocrx_word' id='word_1_150' title='bbox 434 1874 508 1913; x_wconf 90' lang='lat' dir='ltr'><strong>ne</strong></span> <span class='ocrx_word' id='word_1_151' title='bbox 536 1858 864 1913; x_wconf 78' lang='lat' dir='ltr'><strong>excidemus</strong></span> <span class='ocrx_word' id='word_1_152' title='bbox 890 1876 924 1913; x_wconf 91' lang='lat' dir='ltr'><strong>a</strong></span> <span class='ocrx_word' id='word_1_153' title='bbox 948 1874 1129 1930; x_wconf 90' lang='lat' dir='ltr'><strong>regno</strong></span> <span class='ocrx_word' id='word_1_154' title='bbox 1158 1858 1391 1925; x_wconf 75' lang='lat' dir='ltr'><strong>cmlesti,</strong></span> <span class='ocrx_word' id='word_1_155' title='bbox 1413 1859 1554 1913; x_wconf 88' lang='lat' dir='ltr'><strong>sicut</strong></span> <span class='ocrx_word' id='word_1_156' title='bbox 1580 1857 1777 1924; x_wconf 78' lang='lat' dir='ltr'><strong>Judaei,</strong></span> 
     </span>
    </p>
   </div>
   <div class='ocr_carea' id='block_1_21' title="bbox 174 1950 1778 2024">
    <p class='ocr_par' dir='ltr' id='par_1_21' title="bbox 174 1950 1778 2024">
     <span class='ocr_line' id='line_1_21' title="bbox 174 1950 1778 2024; baseline -0.001 -18"><span class='ocrx_word' id='word_1_157' title='bbox 174 1951 357 2022; x_wconf 85' lang='lat' dir='ltr'><strong>quibus</strong></span> <span class='ocrx_word' id='word_1_158' title='bbox 407 1952 516 2006; x_wconf 90' lang='lat' dir='ltr'><strong>hoc</strong></span> <span class='ocrx_word' id='word_1_159' title='bbox 563 1952 721 2023; x_wconf 86' lang='lat' dir='ltr'><strong>prius</strong></span> <span class='ocrx_word' id='word_1_160' title='bbox 767 1952 1114 2024; x_wconf 87' lang='lat' dir='ltr'><strong>promissum</strong></span> <span class='ocrx_word' id='word_1_161' title='bbox 1168 1952 1374 2018; x_wconf 85' lang='lat' dir='ltr'><strong>fuerat,</strong></span> <span class='ocrx_word' id='word_1_162' title='bbox 1424 1950 1778 2019; x_wconf 85' lang='lat' dir='ltr'><strong>exciderunt,</strong></span> 
     </span>
    </p>
   </div>
   <div class='ocr_carea' id='block_1_22' title="bbox 174 2043 1778 2116">
    <p class='ocr_par' dir='ltr' id='par_1_22' title="bbox 174 2043 1778 2116">
     <span class='ocr_line' id='line_1_22' title="bbox 174 2043 1778 2116; baseline -0.001 -16"><span class='ocrx_word' id='word_1_163' title='bbox 174 2045 383 2100; x_wconf 89' lang='lat' dir='ltr'><strong>Domino</strong></span> <span class='ocrx_word' id='word_1_164' title='bbox 428 2045 835 2100; x_wconf 89' lang='lat' dir='ltr'><strong>manifestante</strong></span> <span class='ocrx_word' id='word_1_165' title='bbox 880 2051 935 2100; x_wconf 89' lang='lat' dir='ltr'><strong>et</strong></span> <span class='ocrx_word' id='word_1_166' title='bbox 980 2045 1303 2116; x_wconf 90' lang='lat' dir='ltr'><strong>probante:</strong></span> <span class='ocrx_word' id='word_1_167' title='bbox 1347 2046 1525 2104; x_wconf 82' lang='lat' dir='ltr'><strong>Multi.</strong></span> <span class='ocrx_word' id='word_1_168' title='bbox 1574 2043 1778 2115; x_wconf 89' lang='lat' dir='ltr'><strong>inquit,</strong></span> 
     </span>
    </p>
   </div>
   <div class='ocr_carea' id='block_1_23' title="bbox 172 2138 1779 2202">
    <p class='ocr_par' dir='ltr' id='par_1_23' title="bbox 172 2138 1779 2202">
     <span class='ocr_line' id='line_1_23' title="bbox 172 2138 1779 2202; baseline -0.001 -9"><span class='ocrx_word' id='word_1_169' title='bbox 172 2142 365 2194; x_wconf 74' lang='lat' dir='ltr'><strong>venient</strong></span> <span class='ocrx_word' id='word_1_170' title='bbox 405 2139 475 2194; x_wconf 90' lang='lat' dir='ltr'><strong>ab</strong></span> <span class='ocrx_word' id='word_1_171' title='bbox 520 2140 737 2195; x_wconf 77' lang='lat' dir='ltr'><strong>Oriente</strong></span> <span class='ocrx_word' id='word_1_172' title='bbox 775 2144 825 2193; x_wconf 85' lang='lat' dir='ltr'><strong>et</strong></span> <span class='ocrx_word' id='word_1_173' title='bbox 869 2138 1171 2202; x_wconf 80' lang='lat' dir='ltr'><strong>Occidente,</strong></span> <span class='ocrx_word' id='word_1_174' title='bbox 1214 2146 1265 2193; x_wconf 84' lang='lat' dir='ltr'><strong>et</strong></span> <span class='ocrx_word' id='word_1_175' title='bbox 1306 2138 1613 2194; x_wconf 85' lang='lat' dir='ltr'><strong>recumbent</strong></span> <span class='ocrx_word' id='word_1_176' title='bbox 1663 2154 1779 2193; x_wconf 89' lang='lat' dir='ltr'><strong>cum</strong></span> 
     </span>
    </p>
   </div>
   <div class='ocr_carea' id='block_1_24' title="bbox 171 2232 1785 2302">
    <p class='ocr_par' dir='ltr' id='par_1_24' title="bbox 171 2232 1785 2302">
     <span class='ocr_line' id='line_1_24' title="bbox 171 2232 1785 2302; baseline -0.002 -13"><span class='ocrx_word' id='word_1_177' title='bbox 171 2234 429 2289; x_wconf 81' lang='lat' dir='ltr'><strong>Abraham</strong></span> <span class='ocrx_word' id='word_1_178' title='bbox 455 2238 510 2287; x_wconf 86' lang='lat' dir='ltr'><strong>et</strong></span> <span class='ocrx_word' id='word_1_179' title='bbox 561 2235 715 2287; x_wconf 86' lang='lat' dir='ltr'><strong>Isaac</strong></span> <span class='ocrx_word' id='word_1_180' title='bbox 749 2240 800 2288; x_wconf 89' lang='lat' dir='ltr'><strong>et</strong></span> <span class='ocrx_word' id='word_1_181' title='bbox 847 2233 1010 2288; x_wconf 84' lang='lat' dir='ltr'><strong>Jacob</strong></span> <span class='ocrx_word' id='word_1_182' title='bbox 1053 2235 1110 2287; x_wconf 89' lang='lat' dir='ltr'><strong>in</strong></span> <span class='ocrx_word' id='word_1_183' title='bbox 1153 2248 1319 2302; x_wconf 86' lang='lat' dir='ltr'><strong>regno</strong></span> <span class='ocrx_word' id='word_1_184' title='bbox 1355 2232 1638 2297; x_wconf 68' lang='lat' dir='ltr'><strong>citatorum;</strong></span> <span class='ocrx_word' id='word_1_185' title='bbox 1680 2233 1785 2301; x_wconf 79' lang='lat' dir='ltr'><strong>filii</strong></span> 
     </span>
    </p>
   </div>
   <div class='ocr_carea' id='block_1_25' title="bbox 172 2325 1778 2396">
    <p class='ocr_par' dir='ltr' id='par_1_25' title="bbox 172 2325 1778 2396">
     <span class='ocr_line' id='line_1_25' title="bbox 172 2325 1778 2396; baseline -0.001 -16"><span class='ocrx_word' id='word_1_186' title='bbox 172 2332 331 2381; x_wconf 82' lang='lat' dir='ltr'><strong>autem</strong></span> <span class='ocrx_word' id='word_1_187' title='bbox 373 2327 535 2395; x_wconf 83' lang='lat' dir='ltr'><strong>regni</strong></span> <span class='ocrx_word' id='word_1_188' title='bbox 574 2326 911 2396; x_wconf 71' lang='lat' dir='ltr'><strong>empellentur</strong></span> <span class='ocrx_word' id='word_1_189' title='bbox 937 2325 1050 2396; x_wconf 91' lang='lat'><strong>(29)</strong></span> <span class='ocrx_word' id='word_1_190' title='bbox 1096 2328 1156 2380; x_wconf 90' lang='lat' dir='ltr'><strong>in</strong></span> <span class='ocrx_word' id='word_1_191' title='bbox 1202 2325 1445 2381; x_wconf 84' lang='lat' dir='ltr'><strong>tenebras</strong></span> <span class='ocrx_word' id='word_1_192' title='bbox 1473 2326 1778 2380; x_wconf 66' lang='lat' dir='ltr'><strong>exteriores.</strong></span> 
     </span>
    </p>
   </div>
   <div class='ocr_carea' id='block_1_26' title="bbox 172 2419 1777 2489">
    <p class='ocr_par' dir='ltr' id='par_1_26' title="bbox 172 2419 1777 2489">
     <span class='ocr_line' id='line_1_26' title="bbox 172 2419 1777 2489; baseline 0.001 -17"><span class='ocrx_word' id='word_1_193' title='bbox 172 2419 272 2473; x_wconf 80' lang='lat' dir='ltr'><strong>Illic</strong></span> <span class='ocrx_word' id='word_1_194' title='bbox 297 2422 400 2474; x_wconf 82' lang='lat' dir='ltr'><strong>erit</strong></span> <span class='ocrx_word' id='word_1_195' title='bbox 422 2421 669 2489; x_wconf 86' lang='lat' dir='ltr'><strong>ploratio</strong></span> <span class='ocrx_word' id='word_1_196' title='bbox 698 2419 744 2453; x_wconf 78' lang='grc'><strong>³³</strong></span> <span class='ocrx_word' id='word_1_197' title='bbox 789 2426 839 2473; x_wconf 91' lang='lat' dir='ltr'><strong>et</strong></span> <span class='ocrx_word' id='word_1_198' title='bbox 880 2420 1085 2474; x_wconf 85' lang='lat' dir='ltr'><strong>stridor</strong></span> <span class='ocrx_word' id='word_1_199' title='bbox 1120 2420 1361 2474; x_wconf 79' lang='lat' dir='ltr'><strong>dentium</strong></span> <span class='ocrx_word' id='word_1_200' title='bbox 1396 2419 1634 2489; x_wconf 82' lang='lat' dir='ltr'><strong>(Mutth.,</strong></span> <span class='ocrx_word' id='word_1_201' title='bbox 1665 2434 1777 2484; x_wconf 84' lang='lat' dir='ltr'><strong>Vlll,</strong></span> 
     </span>
    </p>
   </div>
   <div class='ocr_carea' id='block_1_27' title="bbox 176 2512 1776 2584">
    <p class='ocr_par' dir='ltr' id='par_1_27' title="bbox 176 2512 1776 2584">
     <span class='ocr_line' id='line_1_27' title="bbox 176 2512 1776 2584; baseline 0.001 -18"><span class='ocrx_word' id='word_1_202' title='bbox 176 2517 244 2578; x_wconf 85' lang='lat' dir='ltr'><strong>ll,</strong></span> <span class='ocrx_word' id='word_1_203' title='bbox 268 2516 372 2583; x_wconf 81' lang='lat'><strong>22).</strong></span> <span class='ocrx_word' id='word_1_204' title='bbox 411 2512 676 2569; x_wconf 88' lang='lat' dir='ltr'><strong>Ostendit</strong></span> <span class='ocrx_word' id='word_1_205' title='bbox 705 2512 839 2583; x_wconf 90' lang='lat' dir='ltr'><strong>quia</strong></span> <span class='ocrx_word' id='word_1_206' title='bbox 863 2516 995 2567; x_wconf 87' lang='lat' dir='ltr'><strong>ante</strong></span> <span class='ocrx_word' id='word_1_207' title='bbox 1030 2512 1132 2567; x_wconf 79' lang='lat' dir='ltr'><strong>filii</strong></span> <span class='ocrx_word' id='word_1_208' title='bbox 1173 2512 1333 2584; x_wconf 90' lang='lat' dir='ltr'><strong>regni</strong></span> <span class='ocrx_word' id='word_1_209' title='bbox 1370 2512 1549 2567; x_wconf 75' lang='lat' dir='ltr'><strong>Judaei</strong></span> <span class='ocrx_word' id='word_1_210' title='bbox 1593 2517 1776 2581; x_wconf 88' lang='lat' dir='ltr'><strong>erant,</strong></span> 
     </span>
    </p>
   </div>
   <div class='ocr_carea' id='block_1_28' title="bbox 171 2605 1776 2678">
    <p class='ocr_par' dir='ltr' id='par_1_28' title="bbox 171 2605 1776 2678">
     <span class='ocr_line' id='line_1_28' title="bbox 171 2605 1776 2678; baseline 0 -18"><span class='ocrx_word' id='word_1_211' title='bbox 171 2607 381 2677; x_wconf 87' lang='lat' dir='ltr'><strong>quando</strong></span> <span class='ocrx_word' id='word_1_212' title='bbox 407 2609 485 2674; x_wconf 67' lang='lat' dir='ltr'><strong>{et</strong></span> <span class='ocrx_word' id='word_1_213' title='bbox 527 2606 623 2660; x_wconf 82' lang='lat' dir='ltr'><strong>filii</strong></span> <span class='ocrx_word' id='word_1_214' title='bbox 664 2607 763 2660; x_wconf 92' lang='lat' dir='ltr'><strong>Dei</strong></span> <span class='ocrx_word' id='word_1_215' title='bbox 804 2623 929 2661; x_wconf 91' lang='lat' dir='ltr'><strong>esse</strong></span> <span class='ocrx_word' id='word_1_216' title='bbox 969 2605 1434 2678; x_wconf 80' lang='lat' dir='ltr'><strong>perseverabant.</strong></span> <span class='ocrx_word' id='word_1_217' title='bbox 1472 2608 1776 2677; x_wconf 88' lang='lat' dir='ltr'><strong>Postquam</strong></span> 
     </span>
    </p>
   </div>
   <div class='ocr_carea' id='block_1_29' title="bbox 172 2699 1782 2770">
    <p class='ocr_par' dir='ltr' id='par_1_29' title="bbox 172 2699 1782 2770">
     <span class='ocr_line' id='line_1_29' title="bbox 172 2699 1782 2770; baseline 0 -17"><span class='ocrx_word' id='word_1_218' title='bbox 172 2701 386 2754; x_wconf 80' lang='lat' dir='ltr'><strong>cessavit</strong></span> <span class='ocrx_word' id='word_1_219' title='bbox 436 2702 593 2754; x_wconf 87' lang='lat' dir='ltr'><strong>circa</strong></span> <span class='ocrx_word' id='word_1_220' title='bbox 638 2699 766 2755; x_wconf 86' lang='lat' dir='ltr'><strong>illos</strong></span> <span class='ocrx_word' id='word_1_221' title='bbox 814 2716 1027 2755; x_wconf 91' lang='lat' dir='ltr'><strong>nomen</strong></span> <span class='ocrx_word' id='word_1_222' title='bbox 1074 2702 1398 2770; x_wconf 89' lang='lat' dir='ltr'><strong>paternum,</strong></span> <span class='ocrx_word' id='word_1_223' title='bbox 1447 2699 1688 2753; x_wconf 77' lang='lat' dir='ltr'><strong>cessavit</strong></span> <span class='ocrx_word' id='word_1_224' title='bbox 1727 2703 1782 2754; x_wconf 89' lang='lat' dir='ltr'><strong>et</strong></span> 
     </span>
    </p>
   </div>
   <div class='ocr_carea' id='block_1_30' title="bbox 173 2793 1775 2865">
    <p class='ocr_par' dir='ltr' id='par_1_30' title="bbox 173 2793 1775 2865">
     <span class='ocr_line' id='line_1_30' title="bbox 173 2793 1775 2865; baseline -0.001 -18"><span class='ocrx_word' id='word_1_225' title='bbox 173 2810 412 2865; x_wconf 88' lang='lat' dir='ltr'><strong>regnum.</strong></span> <span class='ocrx_word' id='word_1_226' title='bbox 446 2796 521 2848; x_wconf 79' lang='lat' dir='ltr'><strong>Et</strong></span> <span class='ocrx_word' id='word_1_227' title='bbox 550 2794 675 2850; x_wconf 89' lang='lat' dir='ltr'><strong>ideo</strong></span> <span class='ocrx_word' id='word_1_228' title='bbox 701 2793 1024 2861; x_wconf 85' lang='lat' dir='ltr'><strong>Christiani,</strong></span> <span class='ocrx_word' id='word_1_229' title='bbox 1057 2793 1154 2864; x_wconf 89' lang='lat' dir='ltr'><strong>qui</strong></span> <span class='ocrx_word' id='word_1_230' title='bbox 1185 2794 1244 2847; x_wconf 90' lang='lat' dir='ltr'><strong>in</strong></span> <span class='ocrx_word' id='word_1_231' title='bbox 1286 2793 1545 2849; x_wconf 88' lang='lat' dir='ltr'><strong>oratione</strong></span> <span class='ocrx_word' id='word_1_232' title='bbox 1584 2793 1775 2864; x_wconf 88' lang='lat' dir='ltr'><strong>appel-</strong></span> 
     </span>
    </p>
   </div>
   <div class='ocr_carea' id='block_1_31' title="bbox 174 2888 1779 2958">
    <p class='ocr_par' dir='ltr' id='par_1_31' title="bbox 174 2888 1779 2958">
     <span class='ocr_line' id='line_1_31' title="bbox 174 2888 1779 2958; baseline 0.001 -18"><span class='ocrx_word' id='word_1_233' title='bbox 174 2888 269 2942; x_wconf 81' lang='lat' dir='ltr'><strong>lare</strong></span> <span class='ocrx_word' id='word_1_234' title='bbox 295 2890 517 2944; x_wconf 80' lang='lat' dir='ltr'><strong>Patrem</strong></span> <span class='ocrx_word' id='word_1_235' title='bbox 566 2888 740 2942; x_wconf 90' lang='lat' dir='ltr'><strong>Deum</strong></span> <span class='ocrx_word' id='word_1_236' title='bbox 782 2888 1073 2958; x_wconf 83' lang='lat' dir='ltr'><strong>ccepimus,</strong></span> <span class='ocrx_word' id='word_1_237' title='bbox 1104 2904 1206 2942; x_wconf 91' lang='lat' dir='ltr'><strong>nos</strong></span> <span class='ocrx_word' id='word_1_238' title='bbox 1250 2893 1306 2942; x_wconf 91' lang='lat' dir='ltr'><strong>et</strong></span> <span class='ocrx_word' id='word_1_239' title='bbox 1335 2889 1380 2921; x_wconf 70' lang='lat'><strong>3‘</strong></span> <span class='ocrx_word' id='word_1_240' title='bbox 1428 2892 1488 2942; x_wconf 92' lang='lat' dir='ltr'><strong>ut</strong></span> <span class='ocrx_word' id='word_1_241' title='bbox 1536 2902 1779 2958; x_wconf 88' lang='lat' dir='ltr'><strong>regnum</strong></span> 
     </span>
    </p>
   </div>
   <div class='ocr_carea' id='block_1_32' title="bbox 173 2981 1401 3047">
    <p class='ocr_par' dir='ltr' id='par_1_32' title="bbox 173 2981 1401 3047">
     <span class='ocr_line' id='line_1_32' title="bbox 173 2981 1401 3047; baseline 0 -11"><span class='ocrx_word' id='word_1_242' title='bbox 173 2981 254 3035; x_wconf 86' lang='lat' dir='ltr'><strong>Dei</strong></span> <span class='ocrx_word' id='word_1_243' title='bbox 279 2981 434 3036; x_wconf 84' lang='lat' dir='ltr'><strong>nobis</strong></span> <span class='ocrx_word' id='word_1_244' title='bbox 461 2981 655 3036; x_wconf 85' lang='lat' dir='ltr'><strong>veniat</strong></span> <span class='ocrx_word' id='word_1_245' title='bbox 683 2996 930 3036; x_wconf 90' lang='lat' dir='ltr'><strong>oramus.</strong></span> <span class='ocrx_word' id='word_1_246' title='bbox 1399 3044 1401 3047; x_wconf 11' lang='lat'><strong><em>1</em></strong></span> 
     </span>
    </p>
   </div>
   <div class='ocr_carea' id='block_1_33' title="bbox 230 3074 1531 3147">
    <p class='ocr_par' dir='ltr' id='par_1_33' title="bbox 230 3074 1531 3147">
     <span class='ocr_line' id='line_1_33' title="bbox 230 3074 1531 3147; baseline -0.001 -18"><span class='ocrx_word' id='word_1_247' title='bbox 230 3076 344 3130; x_wconf 82' lang='lat' dir='ltr'><strong>XIV.</strong></span> <span class='ocrx_word' id='word_1_248' title='bbox 401 3076 682 3134; x_wconf 81' lang='lat' dir='ltr'><strong>Addimus</strong></span> <span class='ocrx_word' id='word_1_249' title='bbox 732 3090 961 3147; x_wconf 91' lang='lat' dir='ltr'><strong>quoque</strong></span> <span class='ocrx_word' id='word_1_250' title='bbox 1013 3074 1121 3144; x_wconf 88' lang='lat'><strong>(30)</strong></span> <span class='ocrx_word' id='word_1_251' title='bbox 1173 3078 1231 3129; x_wconf 91' lang='lat' dir='ltr'><strong>et</strong></span> <span class='ocrx_word' id='word_1_252' title='bbox 1284 3074 1531 3129; x_wconf 90' lang='lat' dir='ltr'><strong>dicimus</strong></span> 
     </span>
    </p>
   </div>
   <div class='ocr_carea' id='block_1_34' title="bbox 175 3170 1779 3235">
    <p class='ocr_par' dir='ltr' id='par_1_34' title="bbox 175 3170 1779 3235">
     <span class='ocr_line' id='line_1_34' title="bbox 175 3170 1779 3235; baseline 0.001 -16"><span class='ocrx_word' id='word_1_253' title='bbox 175 3184 426 3225; x_wconf 74' lang='lat' dir='ltr'><strong>VOLL’NTAS</strong></span> <span class='ocrx_word' id='word_1_254' title='bbox 475 3186 583 3225; x_wconf 58' lang='lat' dir='ltr'><strong>rus</strong></span> <span class='ocrx_word' id='word_1_255' title='bbox 628 3185 777 3225; x_wconf 80' lang='lat' dir='ltr'><strong>SICUT</strong></span> <span class='ocrx_word' id='word_1_256' title='bbox 827 3186 880 3223; x_wconf 84' lang='lat' dir='ltr'><strong>lN</strong></span> <span class='ocrx_word' id='word_1_257' title='bbox 927 3184 1078 3224; x_wconf 55' lang='lat' dir='ltr'><strong>cauo</strong></span> <span class='ocrx_word' id='word_1_258' title='bbox 1113 3170 1159 3203; x_wconf 75' lang='grc'><strong>³⁵</strong></span> <span class='ocrx_word' id='word_1_259' title='bbox 1208 3186 1269 3223; x_wconf 71' lang='grc' dir='ltr'><strong>ετ</strong></span> <span class='ocrx_word' id='word_1_260' title='bbox 1314 3186 1365 3224; x_wconf 79' lang='lat' dir='ltr'><strong>m</strong></span> <span class='ocrx_word' id='word_1_261' title='bbox 1408 3184 1619 3235; x_wconf 73' lang='lat' dir='ltr'><strong>rem;</strong></span> <span class='ocrx_word' id='word_1_262' title='bbox 1665 3184 1779 3222; x_wconf 92' lang='lat' dir='ltr'><strong>non</strong></span> 
     </span>
    </p>
   </div>
   <div class='ocr_carea' id='block_1_35' title="bbox 175 3262 1776 3333">
    <p class='ocr_par' dir='ltr' id='par_1_35' title="bbox 175 3262 1776 3333">
     <span class='ocr_line' id='line_1_35' title="bbox 175 3262 1776 3333; baseline -0.001 -17"><span class='ocrx_word' id='word_1_263' title='bbox 175 3268 223 3316; x_wconf 89' lang='lat' dir='ltr'><strong>ut</strong></span> <span class='ocrx_word' id='word_1_264' title='bbox 246 3264 385 3318; x_wconf 90' lang='lat' dir='ltr'><strong>Deus</strong></span> <span class='ocrx_word' id='word_1_265' title='bbox 410 3263 589 3318; x_wconf 87' lang='lat' dir='ltr'><strong>faciat</strong></span> <span class='ocrx_word' id='word_1_266' title='bbox 634 3262 787 3333; x_wconf 91' lang='lat' dir='ltr'><strong>quod</strong></span> <span class='ocrx_word' id='word_1_267' title='bbox 831 3262 969 3331; x_wconf 85' lang='lat' dir='ltr'><strong>vult,</strong></span> <span class='ocrx_word' id='word_1_268' title='bbox 998 3262 1097 3317; x_wconf 90' lang='lat' dir='ltr'><strong>sed</strong></span> <span class='ocrx_word' id='word_1_269' title='bbox 1129 3268 1189 3316; x_wconf 91' lang='lat' dir='ltr'><strong>ut</strong></span> <span class='ocrx_word' id='word_1_270' title='bbox 1231 3279 1333 3317; x_wconf 90' lang='lat' dir='ltr'><strong>nos</strong></span> <span class='ocrx_word' id='word_1_271' title='bbox 1371 3263 1559 3318; x_wconf 86' lang='lat' dir='ltr'><strong>facere</strong></span> <span class='ocrx_word' id='word_1_272' title='bbox 1600 3262 1776 3332; x_wconf 90' lang='lat' dir='ltr'><strong>possi-</strong></span> 
     </span>
    </p>
   </div>
   <div class='ocr_carea' id='block_1_36' title="bbox 173 3356 1776 3428">
    <p class='ocr_par' dir='ltr' id='par_1_36' title="bbox 173 3356 1776 3428">
     <span class='ocr_line' id='line_1_36' title="bbox 173 3356 1776 3428; baseline 0 -19"><span class='ocrx_word' id='word_1_273' title='bbox 173 3371 280 3409; x_wconf 88' lang='lat' dir='ltr'><strong>mus</strong></span> <span class='ocrx_word' id='word_1_274' title='bbox 307 3357 457 3428; x_wconf 91' lang='lat' dir='ltr'><strong>quod</strong></span> <span class='ocrx_word' id='word_1_275' title='bbox 497 3357 641 3411; x_wconf 90' lang='lat' dir='ltr'><strong>Deus</strong></span> <span class='ocrx_word' id='word_1_276' title='bbox 666 3356 805 3410; x_wconf 90' lang='lat' dir='ltr'><strong>vult.</strong></span> <span class='ocrx_word' id='word_1_277' title='bbox 835 3357 977 3410; x_wconf 88' lang='lat' dir='ltr'><strong>Nam</strong></span> <span class='ocrx_word' id='word_1_278' title='bbox 999 3358 1114 3411; x_wconf 93' lang='lat' dir='ltr'><strong>Deo</strong></span> <span class='ocrx_word' id='word_1_279' title='bbox 1145 3357 1271 3427; x_wconf 89' lang='lat' dir='ltr'><strong>quis</strong></span> <span class='ocrx_word' id='word_1_280' title='bbox 1299 3356 1526 3411; x_wconf 91' lang='lat' dir='ltr'><strong>obsistit</strong></span> <span class='ocrx_word' id='word_1_281' title='bbox 1550 3357 1776 3427; x_wconf 89' lang='lat' dir='ltr'><strong>quomi-</strong></span> 
     </span>
    </p>
   </div>
   <div class='ocr_carea' id='block_1_37' title="bbox 172 3449 1778 3523">
    <p class='ocr_par' dir='ltr' id='par_1_37' title="bbox 172 3449 1778 3523">
     <span class='ocr_line' id='line_1_37' title="bbox 172 3449 1778 3523; baseline 0 -20"><span class='ocrx_word' id='word_1_282' title='bbox 172 3466 260 3503; x_wconf 87' lang='lat' dir='ltr'><strong>nus</strong></span> <span class='ocrx_word' id='word_1_283' title='bbox 288 3452 437 3523; x_wconf 92' lang='lat' dir='ltr'><strong>quod</strong></span> <span class='ocrx_word' id='word_1_284' title='bbox 494 3451 627 3506; x_wconf 87' lang='lat' dir='ltr'><strong>velit</strong></span> <span class='ocrx_word' id='word_1_285' title='bbox 674 3449 900 3507; x_wconf 82' lang='lat' dir='ltr'><strong>faciat?</strong></span> <span class='ocrx_word' id='word_1_286' title='bbox 947 3450 1058 3506; x_wconf 92' lang='lat' dir='ltr'><strong>Sed</strong></span> <span class='ocrx_word' id='word_1_287' title='bbox 1105 3449 1239 3520; x_wconf 88' lang='lat' dir='ltr'><strong>quia</strong></span> <span class='ocrx_word' id='word_1_288' title='bbox 1283 3450 1442 3505; x_wconf 91' lang='lat' dir='ltr'><strong>nobis</strong></span> <span class='ocrx_word' id='word_1_289' title='bbox 1484 3468 1517 3504; x_wconf 90' lang='lat' dir='ltr'><strong>a</strong></span> <span class='ocrx_word' id='word_1_290' title='bbox 1552 3449 1778 3503; x_wconf 77' lang='lat' dir='ltr'><strong>diabolo</strong></span> 
     </span>
    </p>
   </div>
   <div class='ocr_carea' id='block_1_38' title="bbox 171 3542 1776 3616">
    <p class='ocr_par' dir='ltr' id='par_1_38' title="bbox 171 3542 1776 3616">
     <span class='ocr_line' id='line_1_38' title="bbox 171 3542 1776 3616; baseline 0.001 -21"><span class='ocrx_word' id='word_1_291' title='bbox 171 3542 435 3600; x_wconf 84' lang='lat' dir='ltr'><strong>obsistitur</strong></span> <span class='ocrx_word' id='word_1_292' title='bbox 465 3545 783 3616; x_wconf 89' lang='lat' dir='ltr'><strong>quominus</strong></span> <span class='ocrx_word' id='word_1_293' title='bbox 798 3560 898 3616; x_wconf 89' lang='lat' dir='ltr'><strong>per</strong></span> <span class='ocrx_word' id='word_1_294' title='bbox 924 3542 1119 3598; x_wconf 89' lang='lat' dir='ltr'><strong>omnia</strong></span> <span class='ocrx_word' id='word_1_295' title='bbox 1140 3550 1334 3598; x_wconf 88' lang='lat' dir='ltr'><strong>noster</strong></span> <span class='ocrx_word' id='word_1_296' title='bbox 1358 3543 1583 3597; x_wconf 91' lang='lat' dir='ltr'><strong>animus</strong></span> <span class='ocrx_word' id='word_1_297' title='bbox 1606 3546 1776 3613; x_wconf 85' lang='lat' dir='ltr'><strong>atque</strong></span> 
     </span>
    </p>
   </div>
   <div class='ocr_carea' id='block_1_39' title="bbox 172 3620 1774 3711">
    <p class='ocr_par' dir='ltr' id='par_1_39' title="bbox 172 3620 1774 3711">
     <span class='ocr_line' id='line_1_39' title="bbox 172 3620 1774 3711; baseline 0 -21"><span class='ocrx_word' id='word_1_298' title='bbox 172 3642 305 3692; x_wconf 85' lang='lat' dir='ltr'><strong>actus</strong></span> <span class='ocrx_word' id='word_1_299' title='bbox 333 3639 443 3693; x_wconf 88' lang='lat' dir='ltr'><strong>Deo</strong></span> <span class='ocrx_word' id='word_1_300' title='bbox 474 3640 842 3711; x_wconf 88' lang='lat' dir='ltr'><strong>obsequatur,</strong></span> <span class='ocrx_word' id='word_1_301' title='bbox 877 3654 1105 3693; x_wconf 88' lang='lat' dir='ltr'><strong>oramus</strong></span> <span class='ocrx_word' id='word_1_302' title='bbox 1131 3642 1187 3692; x_wconf 88' lang='lat' dir='ltr'><strong>et</strong></span> <span class='ocrx_word' id='word_1_303' title='bbox 1208 3620 1461 3709; x_wconf 85' lang='lat' dir='ltr'><strong>petimus</strong></span> <span class='ocrx_word' id='word_1_304' title='bbox 1492 3640 1556 3691; x_wconf 93' lang='lat' dir='ltr'><strong>ut</strong></span> <span class='ocrx_word' id='word_1_305' title='bbox 1585 3636 1684 3691; x_wconf 82' lang='lat' dir='ltr'><strong>ﬁat</strong></span> <span class='ocrx_word' id='word_1_306' title='bbox 1719 3636 1774 3690; x_wconf 90' lang='lat' dir='ltr'><strong>in</strong></span> 
     </span>
    </p>
   </div>
   <div class='ocr_carea' id='block_1_40' title="bbox 172 3730 1779 3804">
    <p class='ocr_par' dir='ltr' id='par_1_40' title="bbox 172 3730 1779 3804">
     <span class='ocr_line' id='line_1_40' title="bbox 172 3730 1779 3804; baseline 0.002 -23"><span class='ocrx_word' id='word_1_307' title='bbox 172 3730 315 3786; x_wconf 89' lang='lat' dir='ltr'><strong>nobis</strong></span> <span class='ocrx_word' id='word_1_308' title='bbox 335 3734 600 3788; x_wconf 81' lang='lat' dir='ltr'><strong>voluntas</strong></span> <span class='ocrx_word' id='word_1_309' title='bbox 626 3733 743 3799; x_wconf 89' lang='lat' dir='ltr'><strong>Dei,</strong></span> <span class='ocrx_word' id='word_1_310' title='bbox 767 3749 897 3804; x_wconf 68' lang='lat' dir='ltr'><strong>quas</strong></span> <span class='ocrx_word' id='word_1_311' title='bbox 941 3739 1001 3787; x_wconf 88' lang='lat' dir='ltr'><strong>ut</strong></span> <span class='ocrx_word' id='word_1_312' title='bbox 1036 3733 1159 3794; x_wconf 78' lang='lat' dir='ltr'><strong>fiat,</strong></span> <span class='ocrx_word' id='word_1_313' title='bbox 1195 3732 1253 3786; x_wconf 90' lang='lat' dir='ltr'><strong>in</strong></span> <span class='ocrx_word' id='word_1_314' title='bbox 1295 3730 1458 3786; x_wconf 89' lang='lat' dir='ltr'><strong>nobis</strong></span> <span class='ocrx_word' id='word_1_315' title='bbox 1500 3746 1642 3802; x_wconf 90' lang='lat' dir='ltr'><strong>opus</strong></span> <span class='ocrx_word' id='word_1_316' title='bbox 1695 3735 1779 3785; x_wconf 91' lang='lat' dir='ltr'><strong>est</strong></span> 
     </span>
    </p>
   </div>
   <div class='ocr_carea' id='block_1_41' title="bbox 173 3822 1777 3897">
    <p class='ocr_par' dir='ltr' id='par_1_41' title="bbox 173 3822 1777 3897">
     <span class='ocr_line' id='line_1_41' title="bbox 173 3822 1777 3897; baseline 0.001 -21"><span class='ocrx_word' id='word_1_317' title='bbox 173 3822 255 3878; x_wconf 87' lang='lat' dir='ltr'><strong>Dei</strong></span> <span class='ocrx_word' id='word_1_318' title='bbox 277 3826 586 3895; x_wconf 88' lang='lat' dir='ltr'><strong>voluntate,</strong></span> <span class='ocrx_word' id='word_1_319' title='bbox 616 3826 674 3881; x_wconf 90' lang='lat' dir='ltr'><strong>id</strong></span> <span class='ocrx_word' id='word_1_320' title='bbox 705 3829 790 3882; x_wconf 88' lang='lat' dir='ltr'><strong>est</strong></span> <span class='ocrx_word' id='word_1_321' title='bbox 821 3842 928 3897; x_wconf 91' lang='lat' dir='ltr'><strong>ope</strong></span> <span class='ocrx_word' id='word_1_322' title='bbox 960 3827 1083 3897; x_wconf 90' lang='lat' dir='ltr'><strong>ejus</strong></span> <span class='ocrx_word' id='word_1_323' title='bbox 1110 3829 1169 3881; x_wconf 88' lang='lat' dir='ltr'><strong>et</strong></span> <span class='ocrx_word' id='word_1_324' title='bbox 1212 3824 1606 3897; x_wconf 87' lang='lat' dir='ltr'><strong>protectione;</strong></span> <span class='ocrx_word' id='word_1_325' title='bbox 1640 3825 1777 3896; x_wconf 88' lang='lat' dir='ltr'><strong>quia</strong></span> 
     </span>
    </p>
   </div>
   <div class='ocr_carea' id='block_1_42' title="bbox 173 3918 1778 3990">
    <p class='ocr_par' dir='ltr' id='par_1_42' title="bbox 173 3918 1778 3990">
     <span class='ocr_line' id='line_1_42' title="bbox 173 3918 1778 3990; baseline 0.001 -20"><span class='ocrx_word' id='word_1_326' title='bbox 173 3933 320 3973; x_wconf 88' lang='lat' dir='ltr'><strong>nemo</strong></span> <span class='ocrx_word' id='word_1_327' title='bbox 349 3920 463 3974; x_wconf 89' lang='lat' dir='ltr'><strong>suis</strong></span> <span class='ocrx_word' id='word_1_328' title='bbox 491 3919 707 3974; x_wconf 87' lang='lat' dir='ltr'><strong>viribus</strong></span> <span class='ocrx_word' id='word_1_329' title='bbox 734 3920 897 3975; x_wconf 85' lang='lat' dir='ltr'><strong>fortis</strong></span> <span class='ocrx_word' id='word_1_330' title='bbox 923 3923 1027 3985; x_wconf 85' lang='lat' dir='ltr'><strong>est,</strong></span> <span class='ocrx_word' id='word_1_331' title='bbox 1058 3919 1159 3974; x_wconf 90' lang='lat' dir='ltr'><strong>sed</strong></span> <span class='ocrx_word' id='word_1_332' title='bbox 1190 3921 1288 3975; x_wconf 89' lang='lat' dir='ltr'><strong>Dei</strong></span> <span class='ocrx_word' id='word_1_333' title='bbox 1324 3918 1686 3990; x_wconf 87' lang='lat' dir='ltr'><strong>indulgentia</strong></span> <span class='ocrx_word' id='word_1_334' title='bbox 1723 3921 1778 3973; x_wconf 92' lang='lat' dir='ltr'><strong>et</strong></span> 
     </span>
    </p>
   </div>
   <div class='ocr_carea' id='block_1_43' title="bbox 172 4012 1774 4084">
    <p class='ocr_par' dir='ltr' id='par_1_43' title="bbox 172 4012 1774 4084">
     <span class='ocr_line' id='line_1_43' title="bbox 172 4012 1774 4084; baseline 0.002 -20"><span class='ocrx_word' id='word_1_335' title='bbox 172 4012 543 4067; x_wconf 87' lang='lat' dir='ltr'><strong>misericordia</strong></span> <span class='ocrx_word' id='word_1_336' title='bbox 568 4018 721 4068; x_wconf 90' lang='lat' dir='ltr'><strong>tutus</strong></span> <span class='ocrx_word' id='word_1_337' title='bbox 748 4020 851 4067; x_wconf 90' lang='lat' dir='ltr'><strong>est.</strong></span> <span class='ocrx_word' id='word_1_338' title='bbox 895 4013 1147 4084; x_wconf 90' lang='lat' dir='ltr'><strong>Denique</strong></span> <span class='ocrx_word' id='word_1_339' title='bbox 1187 4018 1244 4067; x_wconf 90' lang='lat' dir='ltr'><strong>et</strong></span> <span class='ocrx_word' id='word_1_340' title='bbox 1279 4012 1577 4081; x_wconf 90' lang='lat' dir='ltr'><strong>Dominus,</strong></span> <span class='ocrx_word' id='word_1_341' title='bbox 1617 4012 1774 4068; x_wconf 77' lang='lat' dir='ltr'><strong>inﬁr-</strong></span> 
     </span>
    </p>
   </div>
   <div class='ocr_carea' id='block_1_44' title="bbox 172 4104 1772 4178">
    <p class='ocr_par' dir='ltr' id='par_1_44' title="bbox 172 4104 1772 4178">
     <span class='ocr_line' id='line_1_44' title="bbox 172 4104 1772 4178; baseline 0.002 -21"><span class='ocrx_word' id='word_1_342' title='bbox 172 4104 403 4160; x_wconf 80' lang='lat' dir='ltr'><strong>mitatem</strong></span> <span class='ocrx_word' id='word_1_343' title='bbox 453 4105 706 4161; x_wconf 88' lang='lat' dir='ltr'><strong>hominis</strong></span> <span class='ocrx_word' id='word_1_344' title='bbox 758 4122 926 4178; x_wconf 89' lang='lat' dir='ltr'><strong>quem</strong></span> <span class='ocrx_word' id='word_1_345' title='bbox 970 4106 1241 4178; x_wconf 89' lang='lat' dir='ltr'><strong>portabat</strong></span> <span class='ocrx_word' id='word_1_346' title='bbox 1279 4104 1607 4171; x_wconf 89' lang='lat' dir='ltr'><strong>ostendens,</strong></span> <span class='ocrx_word' id='word_1_347' title='bbox 1651 4106 1772 4161; x_wconf 90' lang='lat' dir='ltr'><strong>ait:</strong></span> 
     </span>
    </p>
   </div>
   <div class='ocr_carea' id='block_1_45' title="bbox 173 4196 1775 4272">
    <p class='ocr_par' dir='ltr' id='par_1_45' title="bbox 173 4196 1775 4272">
     <span class='ocr_line' id='line_1_45' title="bbox 173 4196 1775 4272; baseline 0.002 -23"><span class='ocrx_word' id='word_1_348' title='bbox 173 4196 328 4261; x_wconf 81' lang='lat' dir='ltr'><strong>Pater,</strong></span> <span class='ocrx_word' id='word_1_349' title='bbox 357 4203 403 4255; x_wconf 88' lang='lat' dir='ltr'><strong>si</strong></span> <span class='ocrx_word' id='word_1_350' title='bbox 425 4203 547 4272; x_wconf 77' lang='lat' dir='ltr'><strong>ﬁeri</strong></span> <span class='ocrx_word' id='word_1_351' title='bbox 567 4204 757 4271; x_wconf 81' lang='lat' dir='ltr'><strong>potest,</strong></span> <span class='ocrx_word' id='word_1_352' title='bbox 789 4206 1034 4256; x_wconf 81' lang='lat' dir='ltr'><strong>transeat</strong></span> <span class='ocrx_word' id='word_1_353' title='bbox 1058 4218 1093 4255; x_wconf 94' lang='lat' dir='ltr'><strong>a</strong></span> <span class='ocrx_word' id='word_1_354' title='bbox 1118 4216 1198 4255; x_wconf 89' lang='lat' dir='ltr'><strong>me</strong></span> <span class='ocrx_word' id='word_1_355' title='bbox 1226 4200 1373 4255; x_wconf 69' lang='lat' dir='ltr'><strong>calin:</strong></span> <span class='ocrx_word' id='word_1_356' title='bbox 1402 4202 1503 4256; x_wconf 89' lang='lat' dir='ltr'><strong>iste</strong></span> <span class='ocrx_word' id='word_1_357' title='bbox 1531 4199 1775 4270; x_wconf 82' lang='lat' dir='ltr'><strong>(Matth.,</strong></span> 
     </span>
    </p>
   </div>
   <div class='ocr_carea' id='block_1_46' title="bbox 170 4292 1778 4366">
    <p class='ocr_par' dir='ltr' id='par_1_46' title="bbox 170 4292 1778 4366">
     <span class='ocr_line' id='line_1_46' title="bbox 170 4292 1778 4366; baseline 0.002 -23"><span class='ocrx_word' id='word_1_358' title='bbox 170 4305 297 4360; x_wconf 78' lang='lat' dir='ltr'><strong>xxvi,</strong></span> <span class='ocrx_word' id='word_1_359' title='bbox 332 4295 440 4365; x_wconf 85' lang='lat'><strong>39).</strong></span> <span class='ocrx_word' id='word_1_360' title='bbox 471 4296 542 4350; x_wconf 87' lang='lat' dir='ltr'><strong>Et</strong></span> <span class='ocrx_word' id='word_1_361' title='bbox 570 4294 895 4366; x_wconf 89' lang='lat' dir='ltr'><strong>exemplum</strong></span> <span class='ocrx_word' id='word_1_362' title='bbox 926 4294 1211 4366; x_wconf 89' lang='lat' dir='ltr'><strong>discipulis</strong></span> <span class='ocrx_word' id='word_1_363' title='bbox 1254 4293 1367 4349; x_wconf 87' lang='lat' dir='ltr'><strong>suis</strong></span> <span class='ocrx_word' id='word_1_364' title='bbox 1411 4292 1666 4348; x_wconf 85' lang='lat' dir='ltr'><strong>tribuens</strong></span> <span class='ocrx_word' id='word_1_365' title='bbox 1716 4297 1778 4347; x_wconf 90' lang='lat' dir='ltr'><strong>ut</strong></span> 
     </span>
    </p>
   </div>
   <div class='ocr_carea' id='block_1_47' title="bbox 1586 3075 1855 3179">
    <p class='ocr_par' dir='ltr' id='par_1_47' title="bbox 1586 3075 1855 3179">
     <span class='ocr_line' id='line_1_47' title="bbox 1586 3075 1855 3179; baseline -0.007 -50"><span class='ocrx_word' id='word_1_366' title='bbox 1586 3092 1598 3129; x_wconf 75' lang='grc' dir='ltr'>ε</span> <span class='ocrx_word' id='word_1_367' title='bbox 1653 3075 1855 3179; x_wconf 75' lang='lat' dir='ltr'><strong>FIATC</strong></span> 
     </span>
    </p>
   </div>
   <div class='ocr_carea' id='block_1_48' title="bbox 1886 454 3511 528">
    <p class='ocr_par' dir='ltr' id='par_1_48' title="bbox 1886 454 3511 528">
     <span class='ocr_line' id='line_1_48' title="bbox 1886 454 3511 528; baseline 0.001 -19"><span class='ocrx_word' id='word_1_368' title='bbox 1886 472 2066 510; x_wconf 85' lang='lat' dir='ltr'><strong>cens:</strong></span> <span class='ocrx_word' id='word_1_369' title='bbox 2112 460 2493 512; x_wconf 85' lang='lat' dir='ltr'><strong>Verumtamen</strong></span> <span class='ocrx_word' id='word_1_370' title='bbox 2536 472 2639 509; x_wconf 86' lang='lat' dir='ltr'><strong>non</strong></span> <span class='ocrx_word' id='word_1_371' title='bbox 2682 458 2824 525; x_wconf 79' lang='lat' dir='ltr'><strong>quod</strong></span> <span class='ocrx_word' id='word_1_372' title='bbox 2869 471 2961 523; x_wconf 81' lang='lat' dir='ltr'><strong>ego</strong></span> <span class='ocrx_word' id='word_1_373' title='bbox 3009 458 3146 523; x_wconf 86' lang='lat' dir='ltr'><strong>volo,</strong></span> <span class='ocrx_word' id='word_1_374' title='bbox 3178 454 3369 528; x_wconf 83' lang='lat'><strong>529</strong></span> <span class='ocrx_word' id='word_1_375' title='bbox 3416 458 3511 511; x_wconf 87' lang='lat' dir='ltr'><strong>sed</strong></span> 
     </span>
    </p>
   </div>
   <div class='ocr_carea' id='block_1_49' title="bbox 1886 550 3503 619">
    <p class='ocr_par' dir='ltr' id='par_1_49' title="bbox 1886 550 3503 619">
     <span class='ocr_line' id='line_1_49' title="bbox 1886 550 3503 619; baseline 0.002 -16"><span class='ocrx_word' id='word_1_376' title='bbox 1886 550 2029 619; x_wconf 85' lang='lat' dir='ltr'><strong>quod</strong></span> <span class='ocrx_word' id='word_1_377' title='bbox 2080 555 2136 603; x_wconf 87' lang='lat' dir='ltr'><strong>tu</strong></span> <span class='ocrx_word' id='word_1_378' title='bbox 2186 551 2232 583; x_wconf 71' lang='lat'><strong>3°</strong></span> <span class='ocrx_word' id='word_1_379' title='bbox 2278 551 2518 618; x_wconf 82' lang='lat' dir='ltr'><strong>(Matth.,</strong></span> <span class='ocrx_word' id='word_1_380' title='bbox 2567 566 2709 617; x_wconf 68' lang='lat' dir='ltr'><strong>xxvx,</strong></span> <span class='ocrx_word' id='word_1_381' title='bbox 2757 550 2866 618; x_wconf 87' lang='lat'><strong>39).</strong></span> <span class='ocrx_word' id='word_1_382' title='bbox 2910 551 2976 604; x_wconf 89' lang='lat' dir='ltr'><strong>Et</strong></span> <span class='ocrx_word' id='word_1_383' title='bbox 3014 551 3122 605; x_wconf 86' lang='lat' dir='ltr'><strong>alio</strong></span> <span class='ocrx_word' id='word_1_384' title='bbox 3172 551 3292 605; x_wconf 91' lang='lat' dir='ltr'><strong>loco</strong></span> <span class='ocrx_word' id='word_1_385' title='bbox 3323 550 3503 608; x_wconf 88' lang='lat' dir='ltr'><strong>dicit:</strong></span> 
     </span>
    </p>
   </div>
   <div class='ocr_carea' id='block_1_50' title="bbox 1886 644 3502 709">
    <p class='ocr_par' dir='ltr' id='par_1_50' title="bbox 1886 644 3502 709">
     <span class='ocr_line' id='line_1_50' title="bbox 1886 644 3502 709; baseline -0.001 -8"><span class='ocrx_word' id='word_1_386' title='bbox 1886 646 2007 701; x_wconf 88' lang='lat' dir='ltr'><strong>Non</strong></span> <span class='ocrx_word' id='word_1_387' title='bbox 2041 644 2289 699; x_wconf 82' lang='lat' dir='ltr'><strong>descendi</strong></span> <span class='ocrx_word' id='word_1_388' title='bbox 2327 644 2391 698; x_wconf 88' lang='lat' dir='ltr'><strong>de</strong></span> <span class='ocrx_word' id='word_1_389' title='bbox 2428 644 2552 697; x_wconf 59' lang='lat' dir='ltr'><strong>caelo</strong></span> <span class='ocrx_word' id='word_1_390' title='bbox 2596 649 2658 697; x_wconf 88' lang='lat' dir='ltr'><strong>ut</strong></span> <span class='ocrx_word' id='word_1_391' title='bbox 2700 645 2904 709; x_wconf 79' lang='lat' dir='ltr'><strong>faciam</strong></span> <span class='ocrx_word' id='word_1_392' title='bbox 2944 645 3268 699; x_wconf 80' lang='lat' dir='ltr'><strong>voluntatem</strong></span> <span class='ocrx_word' id='word_1_393' title='bbox 3310 660 3502 708; x_wconf 83' lang='lat' dir='ltr'><strong>meam,</strong></span> 
     </span>
    </p>
   </div>
   <div class='ocr_carea' id='block_1_51' title="bbox 1884 737 3502 810">
    <p class='ocr_par' dir='ltr' id='par_1_51' title="bbox 1884 737 3502 810">
     <span class='ocr_line' id='line_1_51' title="bbox 1884 737 3502 810; baseline 0.002 -19"><span class='ocrx_word' id='word_1_394' title='bbox 1884 738 1978 791; x_wconf 88' lang='lat' dir='ltr'><strong>sed</strong></span> <span class='ocrx_word' id='word_1_395' title='bbox 2026 738 2361 791; x_wconf 82' lang='lat' dir='ltr'><strong>voluntatem</strong></span> <span class='ocrx_word' id='word_1_396' title='bbox 2411 737 2525 805; x_wconf 83' lang='lat' dir='ltr'><strong>ejus</strong></span> <span class='ocrx_word' id='word_1_397' title='bbox 2567 739 2662 806; x_wconf 86' lang='lat' dir='ltr'><strong>qui</strong></span> <span class='ocrx_word' id='word_1_398' title='bbox 2699 739 2844 791; x_wconf 85' lang='lat' dir='ltr'><strong>misit</strong></span> <span class='ocrx_word' id='word_1_399' title='bbox 2894 753 2975 791; x_wconf 88' lang='lat' dir='ltr'><strong>me</strong></span> <span class='ocrx_word' id='word_1_400' title='bbox 3018 738 3222 805; x_wconf 73' lang='lat' dir='ltr'><strong>(Joan,</strong></span> <span class='ocrx_word' id='word_1_401' title='bbox 3274 755 3345 808; x_wconf 72' lang='grc' dir='ltr'><strong>γι,</strong></span> <span class='ocrx_word' id='word_1_402' title='bbox 3394 742 3502 810; x_wconf 85' lang='lat'><strong>32),</strong></span> 
     </span>
    </p>
   </div>
   <div class='ocr_carea' id='block_1_52' title="bbox 1886 828 3503 903">
    <p class='ocr_par' dir='ltr' id='par_1_52' title="bbox 1886 828 3503 903">
     <span class='ocr_line' id='line_1_52' title="bbox 1886 828 3503 903; baseline 0.002 -19"><span class='ocrx_word' id='word_1_403' title='bbox 1886 828 2049 894; x_wconf 83' lang='lat' dir='ltr'><strong>Quod</strong></span> <span class='ocrx_word' id='word_1_404' title='bbox 2072 830 2120 884; x_wconf 89' lang='lat' dir='ltr'><strong>si</strong></span> <span class='ocrx_word' id='word_1_405' title='bbox 2137 829 2306 884; x_wconf 83' lang='lat' dir='ltr'><strong>Filius</strong></span> <span class='ocrx_word' id='word_1_406' title='bbox 2325 829 2616 885; x_wconf 90' lang='lat' dir='ltr'><strong>obaudivit</strong></span> <span class='ocrx_word' id='word_1_407' title='bbox 2632 835 2695 883; x_wconf 89' lang='lat' dir='ltr'><strong>ut</strong></span> <span class='ocrx_word' id='word_1_408' title='bbox 2714 830 2926 885; x_wconf 89' lang='lat' dir='ltr'><strong>faceret</strong></span> <span class='ocrx_word' id='word_1_409' title='bbox 2943 830 3119 884; x_wconf 88' lang='lat' dir='ltr'><strong>Patris</strong></span> <span class='ocrx_word' id='word_1_410' title='bbox 3134 831 3503 903; x_wconf 82' lang='lat' dir='ltr'><strong>voluntatem,</strong></span> 
     </span>
    </p>
   </div>
   <div class='ocr_carea' id='block_1_53' title="bbox 1883 922 3507 994">
    <p class='ocr_par' dir='ltr' id='par_1_53' title="bbox 1883 922 3507 994">
     <span class='ocr_line' id='line_1_53' title="bbox 1883 922 3507 994; baseline 0.002 -17"><span class='ocrx_word' id='word_1_411' title='bbox 1883 929 2098 994; x_wconf 88' lang='lat' dir='ltr'><strong>quanto</strong></span> <span class='ocrx_word' id='word_1_412' title='bbox 2126 924 2313 994; x_wconf 90' lang='lat' dir='ltr'><strong>magis</strong></span> <span class='ocrx_word' id='word_1_413' title='bbox 2347 939 2542 978; x_wconf 89' lang='lat' dir='ltr'><strong>servus</strong></span> <span class='ocrx_word' id='word_1_414' title='bbox 2587 923 2859 978; x_wconf 87' lang='lat' dir='ltr'><strong>obaudire</strong></span> <span class='ocrx_word' id='word_1_415' title='bbox 2896 922 3066 978; x_wconf 89' lang='lat' dir='ltr'><strong>debet</strong></span> <span class='ocrx_word' id='word_1_416' title='bbox 3098 929 3162 978; x_wconf 91' lang='lat' dir='ltr'><strong>ut</strong></span> <span class='ocrx_word' id='word_1_417' title='bbox 3194 924 3362 979; x_wconf 88' lang='lat' dir='ltr'><strong>faciat</strong></span> <span class='ocrx_word' id='word_1_418' title='bbox 3398 927 3507 980; x_wconf 87' lang='lat' dir='ltr'><strong>Do-</strong></span> 
     </span>
    </p>
   </div>
   <div class='ocr_carea' id='block_1_54' title="bbox 1884 1016 3505 1087">
    <p class='ocr_par' dir='ltr' id='par_1_54' title="bbox 1884 1016 3505 1087">
     <span class='ocr_line' id='line_1_54' title="bbox 1884 1016 3505 1087; baseline 0.002 -16"><span class='ocrx_word' id='word_1_419' title='bbox 1884 1017 2026 1071; x_wconf 90' lang='lat' dir='ltr'><strong>mini</strong></span> <span class='ocrx_word' id='word_1_420' title='bbox 2078 1017 2479 1071; x_wconf 84' lang='lat' dir='ltr'><strong>voluntatem?</strong></span> <span class='ocrx_word' id='word_1_421' title='bbox 2528 1016 2671 1071; x_wconf 89' lang='lat' dir='ltr'><strong>sicut</strong></span> <span class='ocrx_word' id='word_1_422' title='bbox 2725 1017 2783 1071; x_wconf 92' lang='lat' dir='ltr'><strong>in</strong></span> <span class='ocrx_word' id='word_1_423' title='bbox 2833 1016 3078 1087; x_wconf 84' lang='lat' dir='ltr'><strong>Epistola</strong></span> <span class='ocrx_word' id='word_1_424' title='bbox 3121 1033 3222 1072; x_wconf 90' lang='lat' dir='ltr'><strong>sua</strong></span> <span class='ocrx_word' id='word_1_425' title='bbox 3257 1018 3505 1075; x_wconf 83' lang='lat' dir='ltr'><strong>Joannes</strong></span> 
     </span>
    </p>
   </div>
   <div class='ocr_carea' id='block_1_55' title="bbox 1883 1110 3511 1180">
    <p class='ocr_par' dir='ltr' id='par_1_55' title="bbox 1883 1110 3511 1180">
     <span class='ocr_line' id='line_1_55' title="bbox 1883 1110 3511 1180; baseline 0.002 -17"><span class='ocrx_word' id='word_1_426' title='bbox 1883 1125 2115 1180; x_wconf 89' lang='lat' dir='ltr'><strong>quoque</strong></span> <span class='ocrx_word' id='word_1_427' title='bbox 2153 1110 2220 1164; x_wconf 92' lang='lat' dir='ltr'><strong>ad</strong></span> <span class='ocrx_word' id='word_1_428' title='bbox 2267 1110 2584 1165; x_wconf 88' lang='lat' dir='ltr'><strong>faciendam</strong></span> <span class='ocrx_word' id='word_1_429' title='bbox 2634 1110 2731 1165; x_wconf 91' lang='lat' dir='ltr'><strong>Dei</strong></span> <span class='ocrx_word' id='word_1_430' title='bbox 2762 1110 3110 1164; x_wconf 89' lang='lat' dir='ltr'><strong>voluntatem</strong></span> <span class='ocrx_word' id='word_1_431' title='bbox 3150 1110 3412 1165; x_wconf 88' lang='lat' dir='ltr'><strong>hortatur</strong></span> <span class='ocrx_word' id='word_1_432' title='bbox 3452 1115 3511 1167; x_wconf 87' lang='lat' dir='ltr'><strong>et</strong></span> 
     </span>
    </p>
   </div>
   <div class='ocr_carea' id='block_1_56' title="bbox 1878 1202 3509 1274">
    <p class='ocr_par' dir='ltr' id='par_1_56' title="bbox 1878 1202 3509 1274">
     <span class='ocr_line' id='line_1_56' title="bbox 1878 1202 3509 1274; baseline 0.002 -17"><span class='ocrx_word' id='word_1_433' title='bbox 1878 1202 2110 1257; x_wconf 88' lang='lat' dir='ltr'><strong>instruit</strong></span> <span class='ocrx_word' id='word_1_434' title='bbox 2157 1202 2392 1258; x_wconf 90' lang='lat' dir='ltr'><strong>dicens:</strong></span> <span class='ocrx_word' id='word_1_435' title='bbox 2438 1204 2616 1262; x_wconf 81' lang='lat' dir='ltr'><strong>Nolite</strong></span> <span class='ocrx_word' id='word_1_436' title='bbox 2659 1203 2881 1272; x_wconf 85' lang='lat' dir='ltr'><strong>diligere</strong></span> <span class='ocrx_word' id='word_1_437' title='bbox 2928 1204 3191 1257; x_wconf 84' lang='lat' dir='ltr'><strong>mundum</strong></span> <span class='ocrx_word' id='word_1_438' title='bbox 3232 1219 3403 1274; x_wconf 85' lang='lat' dir='ltr'><strong>neque</strong></span> <span class='ocrx_word' id='word_1_439' title='bbox 3444 1221 3509 1260; x_wconf 89' lang='lat' dir='ltr'><strong>ea</strong></span> 
     </span>
    </p>
   </div>
   <div class='ocr_carea' id='block_1_57' title="bbox 1880 1297 3510 1366">
    <p class='ocr_par' dir='ltr' id='par_1_57' title="bbox 1880 1297 3510 1366">
     <span class='ocr_line' id='line_1_57' title="bbox 1880 1297 3510 1366; baseline 0.001 -15"><span class='ocrx_word' id='word_1_440' title='bbox 1880 1312 1999 1366; x_wconf 71' lang='lat' dir='ltr'><strong>quae</strong></span> <span class='ocrx_word' id='word_1_441' title='bbox 2024 1301 2083 1351; x_wconf 89' lang='lat' dir='ltr'><strong>in</strong></span> <span class='ocrx_word' id='word_1_442' title='bbox 2131 1297 2333 1351; x_wconf 87' lang='lat' dir='ltr'><strong>mundo</strong></span> <span class='ocrx_word' id='word_1_443' title='bbox 2363 1303 2511 1351; x_wconf 88' lang='lat' dir='ltr'><strong>sunt.</strong></span> <span class='ocrx_word' id='word_1_444' title='bbox 2544 1297 2604 1351; x_wconf 89' lang='lat' dir='ltr'><strong>Si</strong></span> <span class='ocrx_word' id='word_1_445' title='bbox 2638 1299 2761 1366; x_wconf 82' lang='lat' dir='ltr'><strong>quis</strong></span> <span class='ocrx_word' id='word_1_446' title='bbox 2797 1298 3049 1352; x_wconf 72' lang='lat' dir='ltr'><strong>dilexerit</strong></span> <span class='ocrx_word' id='word_1_447' title='bbox 3087 1298 3369 1359; x_wconf 85' lang='lat' dir='ltr'><strong>mundum,</strong></span> <span class='ocrx_word' id='word_1_448' title='bbox 3400 1314 3510 1355; x_wconf 86' lang='lat' dir='ltr'><strong>non</strong></span> 
     </span>
    </p>
   </div>
   <div class='ocr_carea' id='block_1_58' title="bbox 1880 1390 3507 1460">
    <p class='ocr_par' dir='ltr' id='par_1_58' title="bbox 1880 1390 3507 1460">
     <span class='ocr_line' id='line_1_58' title="bbox 1880 1390 3507 1460; baseline 0.001 -15"><span class='ocrx_word' id='word_1_449' title='bbox 1880 1397 1958 1445; x_wconf 85' lang='lat' dir='ltr'><strong>est</strong></span> <span class='ocrx_word' id='word_1_450' title='bbox 1997 1392 2236 1445; x_wconf 76' lang='lat' dir='ltr'><strong>charitas</strong></span> <span class='ocrx_word' id='word_1_451' title='bbox 2279 1390 2322 1423; x_wconf 78' lang='grc'><strong>³⁷</strong></span> <span class='ocrx_word' id='word_1_452' title='bbox 2367 1392 2549 1444; x_wconf 82' lang='lat' dir='ltr'><strong>Patris</strong></span> <span class='ocrx_word' id='word_1_453' title='bbox 2597 1392 2657 1443; x_wconf 89' lang='lat' dir='ltr'><strong>in</strong></span> <span class='ocrx_word' id='word_1_454' title='bbox 2709 1392 2828 1457; x_wconf 89' lang='lat' dir='ltr'><strong>illo,</strong></span> <span class='ocrx_word' id='word_1_455' title='bbox 2885 1392 3015 1459; x_wconf 88' lang='lat' dir='ltr'><strong>quia</strong></span> <span class='ocrx_word' id='word_1_456' title='bbox 3063 1406 3216 1445; x_wconf 86' lang='lat' dir='ltr'><strong>omne</strong></span> <span class='ocrx_word' id='word_1_457' title='bbox 3256 1392 3400 1460; x_wconf 84' lang='lat' dir='ltr'><strong>quod</strong></span> <span class='ocrx_word' id='word_1_458' title='bbox 3445 1395 3507 1446; x_wconf 84' lang='lat' dir='ltr'><strong>in</strong></span> 
     </span>
    </p>
   </div>
   <div class='ocr_carea' id='block_1_59' title="bbox 1878 1485 3509 1553">
    <p class='ocr_par' dir='ltr' id='par_1_59' title="bbox 1878 1485 3509 1553">
     <span class='ocr_line' id='line_1_59' title="bbox 1878 1485 3509 1553; baseline 0.001 -15"><span class='ocrx_word' id='word_1_459' title='bbox 1878 1485 2077 1538; x_wconf 86' lang='lat' dir='ltr'><strong>mundo</strong></span> <span class='ocrx_word' id='word_1_460' title='bbox 2108 1489 2202 1545; x_wconf 87' lang='lat' dir='ltr'><strong>est,</strong></span> <span class='ocrx_word' id='word_1_461' title='bbox 2237 1486 2669 1552; x_wconf 83' lang='lat' dir='ltr'><strong>concupiscentia</strong></span> <span class='ocrx_word' id='word_1_462' title='bbox 2695 1485 2877 1537; x_wconf 87' lang='lat' dir='ltr'><strong>carnis</strong></span> <span class='ocrx_word' id='word_1_463' title='bbox 2895 1489 2993 1549; x_wconf 89' lang='lat' dir='ltr'><strong>est,</strong></span> <span class='ocrx_word' id='word_1_464' title='bbox 3011 1488 3062 1536; x_wconf 87' lang='lat' dir='ltr'><strong>et</strong></span> <span class='ocrx_word' id='word_1_465' title='bbox 3080 1486 3509 1553; x_wconf 87' lang='lat' dir='ltr'><strong>concupiscentia</strong></span> 
     </span>
    </p>
   </div>
   <div class='ocr_carea' id='block_1_60' title="bbox 1877 1577 3508 1646">
    <p class='ocr_par' dir='ltr' id='par_1_60' title="bbox 1877 1577 3508 1646">
     <span class='ocr_line' id='line_1_60' title="bbox 1877 1577 3508 1646; baseline 0.002 -15"><span class='ocrx_word' id='word_1_466' title='bbox 1877 1578 2172 1639; x_wconf 86' lang='lat' dir='ltr'><strong>oculorum,</strong></span> <span class='ocrx_word' id='word_1_467' title='bbox 2203 1581 2251 1631; x_wconf 86' lang='lat' dir='ltr'><strong>et</strong></span> <span class='ocrx_word' id='word_1_468' title='bbox 2277 1578 2500 1631; x_wconf 87' lang='lat' dir='ltr'><strong>ambitio</strong></span> <span class='ocrx_word' id='word_1_469' title='bbox 2523 1577 2724 1643; x_wconf 79' lang='lat' dir='ltr'><strong>saeculi,</strong></span> <span class='ocrx_word' id='word_1_470' title='bbox 2754 1592 2873 1646; x_wconf 71' lang='lat' dir='ltr'><strong>quae</strong></span> <span class='ocrx_word' id='word_1_471' title='bbox 2908 1591 3015 1629; x_wconf 88' lang='lat' dir='ltr'><strong>non</strong></span> <span class='ocrx_word' id='word_1_472' title='bbox 3042 1580 3118 1630; x_wconf 87' lang='lat' dir='ltr'><strong>est</strong></span> <span class='ocrx_word' id='word_1_473' title='bbox 3146 1592 3180 1629; x_wconf 82' lang='grc' dir='ltr'><em>α</em></span> <span class='ocrx_word' id='word_1_474' title='bbox 3206 1578 3387 1641; x_wconf 84' lang='lat' dir='ltr'><strong>Patre,</strong></span> <span class='ocrx_word' id='word_1_475' title='bbox 3412 1580 3508 1633; x_wconf 88' lang='lat' dir='ltr'><strong>sed</strong></span> 
     </span>
    </p>
   </div>
   <div class='ocr_carea' id='block_1_61' title="bbox 1879 1669 3509 1738">
    <p class='ocr_par' dir='ltr' id='par_1_61' title="bbox 1879 1669 3509 1738">
     <span class='ocr_line' id='line_1_61' title="bbox 1879 1669 3509 1738; baseline 0.001 -14"><span class='ocrx_word' id='word_1_476' title='bbox 1879 1685 1946 1724; x_wconf 77' lang='lat' dir='ltr'><strong>ea:</strong></span> <span class='ocrx_word' id='word_1_477' title='bbox 1987 1672 2411 1738; x_wconf 82' lang='lat' dir='ltr'><strong>concupiscentia</strong></span> <span class='ocrx_word' id='word_1_478' title='bbox 2461 1670 2656 1723; x_wconf 86' lang='lat' dir='ltr'><strong>mundi</strong></span> <span class='ocrx_word' id='word_1_479' title='bbox 2684 1670 2729 1701; x_wconf 77' lang='grc'><strong>³⁸</strong></span> <span class='ocrx_word' id='word_1_480' title='bbox 2761 1688 2778 1723; x_wconf 89' lang='lat'><strong><em>:</em></strong></span> <span class='ocrx_word' id='word_1_481' title='bbox 2815 1674 2865 1722; x_wconf 87' lang='lat' dir='ltr'><strong>et</strong></span> <span class='ocrx_word' id='word_1_482' title='bbox 2896 1669 3128 1723; x_wconf 86' lang='lat' dir='ltr'><strong>mundus</strong></span> <span class='ocrx_word' id='word_1_483' title='bbox 3171 1671 3428 1725; x_wconf 84' lang='lat' dir='ltr'><strong>transibit</strong></span> <span class='ocrx_word' id='word_1_484' title='bbox 3456 1674 3509 1725; x_wconf 83' lang='lat' dir='ltr'><strong>et</strong></span> 
     </span>
    </p>
   </div>
   <div class='ocr_carea' id='block_1_62' title="bbox 1882 1763 3512 1834">
    <p class='ocr_par' dir='ltr' id='par_1_62' title="bbox 1882 1763 3512 1834">
     <span class='ocr_line' id='line_1_62' title="bbox 1882 1763 3512 1834; baseline 0.002 -18"><span class='ocrx_word' id='word_1_485' title='bbox 1882 1765 2315 1834; x_wconf 81' lang='lat' dir='ltr'><strong>concupiscentia</strong></span> <span class='ocrx_word' id='word_1_486' title='bbox 2335 1764 2493 1830; x_wconf 86' lang='lat' dir='ltr'><strong>ejus;</strong></span> <span class='ocrx_word' id='word_1_487' title='bbox 2525 1765 2620 1832; x_wconf 88' lang='lat' dir='ltr'><strong>qui</strong></span> <span class='ocrx_word' id='word_1_488' title='bbox 2644 1768 2824 1817; x_wconf 87' lang='lat' dir='ltr'><strong>autem</strong></span> <span class='ocrx_word' id='word_1_489' title='bbox 2851 1764 3040 1830; x_wconf 85' lang='lat' dir='ltr'><strong>fecerit</strong></span> <span class='ocrx_word' id='word_1_490' title='bbox 3057 1763 3387 1818; x_wconf 81' lang='lat' dir='ltr'><strong>uoluntatem</strong></span> <span class='ocrx_word' id='word_1_491' title='bbox 3412 1765 3512 1819; x_wconf 89' lang='lat' dir='ltr'><strong>Dei</strong></span> 
     </span>
    </p>
   </div>
   <div class='ocr_carea' id='block_1_63' title="bbox 1881 1856 3509 1925">
    <p class='ocr_par' dir='ltr' id='par_1_63' title="bbox 1881 1856 3509 1925">
     <span class='ocr_line' id='line_1_63' title="bbox 1881 1856 3509 1925; baseline 0.001 -14"><span class='ocrx_word' id='word_1_492' title='bbox 1881 1861 2065 1911; x_wconf 87' lang='lat' dir='ltr'><strong>manet</strong></span> <span class='ocrx_word' id='word_1_493' title='bbox 2077 1859 2136 1910; x_wconf 89' lang='lat' dir='ltr'><strong>in</strong></span> <span class='ocrx_word' id='word_1_494' title='bbox 2157 1863 2434 1921; x_wconf 67' lang='lat' dir='ltr'><strong>zternum,</strong></span> <span class='ocrx_word' id='word_1_495' title='bbox 2457 1856 2719 1925; x_wconf 87' lang='lat' dir='ltr'><strong>quomodo</strong></span> <span class='ocrx_word' id='word_1_496' title='bbox 2739 1861 2787 1910; x_wconf 84' lang='lat' dir='ltr'><strong>et</strong></span> <span class='ocrx_word' id='word_1_497' title='bbox 2807 1857 2944 1910; x_wconf 87' lang='lat' dir='ltr'><strong>Deus</strong></span> <span class='ocrx_word' id='word_1_498' title='bbox 2967 1860 3150 1910; x_wconf 85' lang='lat' dir='ltr'><strong>manet</strong></span> <span class='ocrx_word' id='word_1_499' title='bbox 3174 1858 3230 1911; x_wconf 89' lang='lat' dir='ltr'><strong>in</strong></span> <span class='ocrx_word' id='word_1_500' title='bbox 3250 1862 3509 1913; x_wconf 80' lang='lat' dir='ltr'><strong>aeternum</strong></span> 
     </span>
    </p>
   </div>
   <div class='ocr_carea' id='block_1_64' title="bbox 1884 1948 3506 2020">
    <p class='ocr_par' dir='ltr' id='par_1_64' title="bbox 1884 1948 3506 2020">
     <span class='ocr_line' id='line_1_64' title="bbox 1884 1948 3506 2020; baseline 0.001 -15"><span class='ocrx_word' id='word_1_501' title='bbox 1884 1951 1927 2020; x_wconf 85' lang='grc' dir='ltr'><strong>(Ι</strong></span> <span class='ocrx_word' id='word_1_502' title='bbox 1956 1952 2137 2011; x_wconf 87' lang='lat' dir='ltr'><strong>Joan.,</strong></span> <span class='ocrx_word' id='word_1_503' title='bbox 2158 1965 2216 2013; x_wconf 81' lang='grc' dir='ltr'><strong>ιι,</strong></span> <span class='ocrx_word' id='word_1_504' title='bbox 2242 1949 2445 2017; x_wconf 79' lang='grc'><strong>15-17).</strong></span> <span class='ocrx_word' id='word_1_505' title='bbox 2468 1948 2577 2013; x_wconf 87' lang='lat' dir='ltr'><strong>Qui</strong></span> <span class='ocrx_word' id='word_1_506' title='bbox 2596 1948 2654 2003; x_wconf 91' lang='lat' dir='ltr'><strong>in</strong></span> <span class='ocrx_word' id='word_1_507' title='bbox 2677 1953 2956 2004; x_wconf 65' lang='lat' dir='ltr'><strong>aeternum</strong></span> <span class='ocrx_word' id='word_1_508' title='bbox 2976 1965 3212 2004; x_wconf 89' lang='lat' dir='ltr'><strong>manere</strong></span> <span class='ocrx_word' id='word_1_509' title='bbox 3228 1951 3506 2019; x_wconf 88' lang='lat' dir='ltr'><strong>volumus,</strong></span> 
     </span>
    </p>
   </div>
   <div class='ocr_carea' id='block_1_65' title="bbox 1883 2042 3505 2114">
    <p class='ocr_par' dir='ltr' id='par_1_65' title="bbox 1883 2042 3505 2114">
     <span class='ocr_line' id='line_1_65' title="bbox 1883 2042 3505 2114; baseline 0.002 -17"><span class='ocrx_word' id='word_1_510' title='bbox 1883 2043 2004 2112; x_wconf 90' lang='lat' dir='ltr'><strong>Dei,</strong></span> <span class='ocrx_word' id='word_1_511' title='bbox 2038 2042 2135 2114; x_wconf 89' lang='lat' dir='ltr'><strong>qui</strong></span> <span class='ocrx_word' id='word_1_512' title='bbox 2171 2049 2421 2098; x_wconf 75' lang='lat' dir='ltr'><strong>teternus</strong></span> <span class='ocrx_word' id='word_1_513' title='bbox 2459 2049 2562 2111; x_wconf 89' lang='lat' dir='ltr'><strong>est,</strong></span> <span class='ocrx_word' id='word_1_514' title='bbox 2588 2044 2945 2098; x_wconf 85' lang='lat' dir='ltr'><strong>voluntatem</strong></span> <span class='ocrx_word' id='word_1_515' title='bbox 2988 2043 3177 2098; x_wconf 88' lang='lat' dir='ltr'><strong>facere</strong></span> <span class='ocrx_word' id='word_1_516' title='bbox 3209 2043 3505 2102; x_wconf 85' lang='lat' dir='ltr'><strong>debemus.</strong></span> 
     </span>
    </p>
   </div>
   <div class='ocr_carea' id='block_1_66' title="bbox 1952 2136 3511 2209">
    <p class='ocr_par' dir='ltr' id='par_1_66' title="bbox 1952 2136 3511 2209">
     <span class='ocr_line' id='line_1_66' title="bbox 1952 2136 3511 2209; baseline 0.003 -18"><span class='ocrx_word' id='word_1_517' title='bbox 1952 2137 2057 2191; x_wconf 81' lang='lat' dir='ltr'><strong>XV.</strong></span> <span class='ocrx_word' id='word_1_518' title='bbox 2089 2138 2357 2192; x_wconf 87' lang='lat' dir='ltr'><strong>Voluntas</strong></span> <span class='ocrx_word' id='word_1_519' title='bbox 2405 2141 2597 2193; x_wconf 90' lang='lat' dir='ltr'><strong>autem</strong></span> <span class='ocrx_word' id='word_1_520' title='bbox 2648 2136 2746 2191; x_wconf 90' lang='lat' dir='ltr'><strong>Dei</strong></span> <span class='ocrx_word' id='word_1_521' title='bbox 2802 2142 2887 2191; x_wconf 91' lang='lat' dir='ltr'><strong>est</strong></span> <span class='ocrx_word' id='word_1_522' title='bbox 2935 2153 3109 2209; x_wconf 90' lang='lat' dir='ltr'><strong>quam</strong></span> <span class='ocrx_word' id='word_1_523' title='bbox 3157 2138 3410 2193; x_wconf 88' lang='lat' dir='ltr'><strong>Christus</strong></span> <span class='ocrx_word' id='word_1_524' title='bbox 3453 2142 3511 2195; x_wconf 89' lang='lat' dir='ltr'><strong>et</strong></span> 
     </span>
    </p>
   </div>
   <div class='ocr_carea' id='block_1_67' title="bbox 1882 2226 3509 2299">
    <p class='ocr_par' dir='ltr' id='par_1_67' title="bbox 1882 2226 3509 2299">
     <span class='ocr_line' id='line_1_67' title="bbox 1882 2226 3509 2299; baseline 0.001 -14"><span class='ocrx_word' id='word_1_525' title='bbox 1882 2231 2015 2285; x_wconf 87' lang='lat' dir='ltr'><strong>fecit</strong></span> <span class='ocrx_word' id='word_1_526' title='bbox 2045 2234 2102 2285; x_wconf 91' lang='lat' dir='ltr'><strong>et</strong></span> <span class='ocrx_word' id='word_1_527' title='bbox 2145 2230 2358 2285; x_wconf 91' lang='lat' dir='ltr'><strong>docuit.</strong></span> <span class='ocrx_word' id='word_1_528' title='bbox 2403 2231 2696 2286; x_wconf 81' lang='lat' dir='ltr'><strong>Humilitas</strong></span> <span class='ocrx_word' id='word_1_529' title='bbox 2746 2231 2805 2284; x_wconf 89' lang='lat' dir='ltr'><strong>in</strong></span> <span class='ocrx_word' id='word_1_530' title='bbox 2848 2230 3301 2299; x_wconf 88' lang='lat' dir='ltr'><strong>conversatione,</strong></span> <span class='ocrx_word' id='word_1_531' title='bbox 3334 2226 3509 2287; x_wconf 85' lang='lat' dir='ltr'><strong>stabi-</strong></span> 
     </span>
    </p>
   </div>
   <div class='ocr_carea' id='block_1_68' title="bbox 1882 2323 3506 2396">
    <p class='ocr_par' dir='ltr' id='par_1_68' title="bbox 1882 2323 3506 2396">
     <span class='ocr_line' id='line_1_68' title="bbox 1882 2323 3506 2396; baseline 0.004 -19"><span class='ocrx_word' id='word_1_532' title='bbox 1882 2324 2008 2379; x_wconf 90' lang='lat' dir='ltr'><strong>litas</strong></span> <span class='ocrx_word' id='word_1_533' title='bbox 2040 2323 2097 2378; x_wconf 91' lang='lat' dir='ltr'><strong>in</strong></span> <span class='ocrx_word' id='word_1_534' title='bbox 2128 2324 2264 2391; x_wconf 87' lang='lat' dir='ltr'><strong>ﬁde,</strong></span> <span class='ocrx_word' id='word_1_535' title='bbox 2295 2324 2650 2379; x_wconf 88' lang='lat' dir='ltr'><strong>verecundia</strong></span> <span class='ocrx_word' id='word_1_536' title='bbox 2680 2325 2737 2379; x_wconf 91' lang='lat' dir='ltr'><strong>in</strong></span> <span class='ocrx_word' id='word_1_537' title='bbox 2759 2323 2966 2392; x_wconf 87' lang='lat' dir='ltr'><strong>verbis,</strong></span> <span class='ocrx_word' id='word_1_538' title='bbox 2994 2325 3053 2379; x_wconf 91' lang='lat' dir='ltr'><strong>in</strong></span> <span class='ocrx_word' id='word_1_539' title='bbox 3078 2324 3241 2380; x_wconf 89' lang='lat' dir='ltr'><strong>factis</strong></span> <span class='ocrx_word' id='word_1_540' title='bbox 3265 2325 3506 2396; x_wconf 86' lang='lat' dir='ltr'><strong>justitia,</strong></span> 
     </span>
    </p>
   </div>
   <div class='ocr_carea' id='block_1_69' title="bbox 1881 2417 3502 2491">
    <p class='ocr_par' dir='ltr' id='par_1_69' title="bbox 1881 2417 3502 2491">
     <span class='ocr_line' id='line_1_69' title="bbox 1881 2417 3502 2491; baseline 0.002 -20"><span class='ocrx_word' id='word_1_541' title='bbox 1881 2418 1940 2471; x_wconf 91' lang='lat' dir='ltr'><strong>in</strong></span> <span class='ocrx_word' id='word_1_542' title='bbox 1995 2417 2264 2489; x_wconf 89' lang='lat' dir='ltr'><strong>operibus</strong></span> <span class='ocrx_word' id='word_1_543' title='bbox 2313 2418 2729 2488; x_wconf 89' lang='lat' dir='ltr'><strong>misericordia,</strong></span> <span class='ocrx_word' id='word_1_544' title='bbox 2775 2418 2833 2472; x_wconf 91' lang='lat' dir='ltr'><strong>in</strong></span> <span class='ocrx_word' id='word_1_545' title='bbox 2888 2417 3142 2473; x_wconf 89' lang='lat' dir='ltr'><strong>moribus</strong></span> <span class='ocrx_word' id='word_1_546' title='bbox 3186 2417 3502 2491; x_wconf 82' lang='lat' dir='ltr'><strong>disciplina,</strong></span> 
     </span>
    </p>
   </div>
   <div class='ocr_carea' id='block_1_70' title="bbox 1882 2511 3510 2584">
    <p class='ocr_par' dir='ltr' id='par_1_70' title="bbox 1882 2511 3510 2584">
     <span class='ocr_line' id='line_1_70' title="bbox 1882 2511 3510 2584; baseline 0.003 -19"><span class='ocrx_word' id='word_1_547' title='bbox 1882 2511 2157 2582; x_wconf 89' lang='lat' dir='ltr'><strong>injuriam</strong></span> <span class='ocrx_word' id='word_1_548' title='bbox 2189 2511 2372 2566; x_wconf 86' lang='lat' dir='ltr'><strong>facere</strong></span> <span class='ocrx_word' id='word_1_549' title='bbox 2409 2527 2526 2566; x_wconf 91' lang='lat' dir='ltr'><strong>non</strong></span> <span class='ocrx_word' id='word_1_550' title='bbox 2564 2527 2749 2579; x_wconf 88' lang='lat' dir='ltr'><strong>nosse,</strong></span> <span class='ocrx_word' id='word_1_551' title='bbox 2795 2516 2852 2566; x_wconf 89' lang='lat' dir='ltr'><strong>et</strong></span> <span class='ocrx_word' id='word_1_552' title='bbox 2899 2512 3109 2566; x_wconf 89' lang='lat' dir='ltr'><strong>factam</strong></span> <span class='ocrx_word' id='word_1_553' title='bbox 3165 2528 3329 2584; x_wconf 90' lang='lat' dir='ltr'><strong>posse</strong></span> <span class='ocrx_word' id='word_1_554' title='bbox 3376 2514 3510 2571; x_wconf 76' lang='lat' dir='ltr'><strong>tole~</strong></span> 
     </span>
    </p>
   </div>
   <div class='ocr_carea' id='block_1_71' title="bbox 1881 2605 3503 2676">
    <p class='ocr_par' dir='ltr' id='par_1_71' title="bbox 1881 2605 3503 2676">
     <span class='ocr_line' id='line_1_71' title="bbox 1881 2605 3503 2676; baseline 0.002 -17"><span class='ocrx_word' id='word_1_555' title='bbox 1881 2621 2028 2671; x_wconf 83' lang='lat' dir='ltr'><strong>rare,</strong></span> <span class='ocrx_word' id='word_1_556' title='bbox 2081 2621 2212 2660; x_wconf 89' lang='lat' dir='ltr'><strong>cum</strong></span> <span class='ocrx_word' id='word_1_557' title='bbox 2268 2605 2541 2660; x_wconf 89' lang='lat' dir='ltr'><strong>fratribus</strong></span> <span class='ocrx_word' id='word_1_558' title='bbox 2593 2621 2795 2676; x_wconf 90' lang='lat' dir='ltr'><strong>pacem</strong></span> <span class='ocrx_word' id='word_1_559' title='bbox 2853 2608 3089 2672; x_wconf 90' lang='lat' dir='ltr'><strong>tenere;</strong></span> <span class='ocrx_word' id='word_1_560' title='bbox 3147 2606 3326 2662; x_wconf 85' lang='lat' dir='ltr'><strong>Deum</strong></span> <span class='ocrx_word' id='word_1_561' title='bbox 3386 2611 3503 2662; x_wconf 90' lang='lat' dir='ltr'><strong>toto</strong></span> 
     </span>
    </p>
   </div>
   <div class='ocr_carea' id='block_1_72' title="bbox 1881 2698 3506 2771">
    <p class='ocr_par' dir='ltr' id='par_1_72' title="bbox 1881 2698 3506 2771">
     <span class='ocr_line' id='line_1_72' title="bbox 1881 2698 3506 2771; baseline 0.004 -18"><span class='ocrx_word' id='word_1_562' title='bbox 1881 2699 2051 2754; x_wconf 92' lang='lat' dir='ltr'><strong>corde</strong></span> <span class='ocrx_word' id='word_1_563' title='bbox 2081 2699 2342 2770; x_wconf 89' lang='lat' dir='ltr'><strong>diligere,</strong></span> <span class='ocrx_word' id='word_1_564' title='bbox 2363 2715 2559 2754; x_wconf 87' lang='lat' dir='ltr'><strong>amare</strong></span> <span class='ocrx_word' id='word_1_565' title='bbox 2586 2699 2643 2754; x_wconf 91' lang='lat' dir='ltr'><strong>in</strong></span> <span class='ocrx_word' id='word_1_566' title='bbox 2675 2698 2772 2755; x_wconf 92' lang='lat' dir='ltr'><strong>illo</strong></span> <span class='ocrx_word' id='word_1_567' title='bbox 2799 2700 2952 2771; x_wconf 92' lang='lat' dir='ltr'><strong>quod</strong></span> <span class='ocrx_word' id='word_1_568' title='bbox 2981 2706 3142 2770; x_wconf 89' lang='lat' dir='ltr'><strong>pater</strong></span> <span class='ocrx_word' id='word_1_569' title='bbox 3169 2706 3273 2767; x_wconf 89' lang='lat' dir='ltr'><strong>est,</strong></span> <span class='ocrx_word' id='word_1_570' title='bbox 3302 2702 3506 2760; x_wconf 87' lang='lat' dir='ltr'><strong>timere</strong></span> 
     </span>
    </p>
   </div>
   <div class='ocr_carea' id='block_1_73' title="bbox 1880 2792 3503 2867">
    <p class='ocr_par' dir='ltr' id='par_1_73' title="bbox 1880 2792 3503 2867">
     <span class='ocr_line' id='line_1_73' title="bbox 1880 2792 3503 2867; baseline 0.004 -21"><span class='ocrx_word' id='word_1_571' title='bbox 1880 2792 2029 2865; x_wconf 91' lang='lat' dir='ltr'><strong>quod</strong></span> <span class='ocrx_word' id='word_1_572' title='bbox 2072 2794 2218 2848; x_wconf 91' lang='lat' dir='ltr'><strong>Deus</strong></span> <span class='ocrx_word' id='word_1_573' title='bbox 2260 2795 2382 2860; x_wconf 88' lang='lat' dir='ltr'><strong>est;</strong></span> <span class='ocrx_word' id='word_1_574' title='bbox 2428 2792 2649 2847; x_wconf 88' lang='lat' dir='ltr'><strong>Christo</strong></span> <span class='ocrx_word' id='word_1_575' title='bbox 2700 2792 2845 2847; x_wconf 88' lang='lat' dir='ltr'><strong>nihil</strong></span> <span class='ocrx_word' id='word_1_576' title='bbox 2882 2794 3116 2849; x_wconf 88' lang='lat' dir='ltr'><strong>omnino</strong></span> <span class='ocrx_word' id='word_1_577' title='bbox 3152 2811 3503 2867; x_wconf 69' lang='lat' dir='ltr'><strong>praeponere,</strong></span> 
     </span>
    </p>
   </div>
   <div class='ocr_carea' id='block_1_74' title="bbox 1880 2886 3505 2958">
    <p class='ocr_par' dir='ltr' id='par_1_74' title="bbox 1880 2886 3505 2958">
     <span class='ocr_line' id='line_1_74' title="bbox 1880 2886 3505 2958; baseline 0.002 -17"><span class='ocrx_word' id='word_1_578' title='bbox 1880 2887 2015 2958; x_wconf 90' lang='lat' dir='ltr'><strong>quia</strong></span> <span class='ocrx_word' id='word_1_579' title='bbox 2045 2903 2147 2942; x_wconf 90' lang='lat' dir='ltr'><strong>nec</strong></span> <span class='ocrx_word' id='word_1_580' title='bbox 2182 2886 2347 2942; x_wconf 90' lang='lat' dir='ltr'><strong>nobis</strong></span> <span class='ocrx_word' id='word_1_581' title='bbox 2373 2886 2678 2957; x_wconf 90' lang='lat' dir='ltr'><strong>quicquam</strong></span> <span class='ocrx_word' id='word_1_582' title='bbox 2718 2886 2811 2941; x_wconf 92' lang='lat' dir='ltr'><strong>ille</strong></span> <span class='ocrx_word' id='word_1_583' title='bbox 2849 2889 3195 2958; x_wconf 66' lang='lat' dir='ltr'><strong>praeposuit;</strong></span> <span class='ocrx_word' id='word_1_584' title='bbox 3240 2889 3505 2945; x_wconf 87' lang='lat' dir='ltr'><strong>charitati</strong></span> 
     </span>
    </p>
   </div>
   <div class='ocr_carea' id='block_1_75' title="bbox 1881 2980 3504 3053">
    <p class='ocr_par' dir='ltr' id='par_1_75' title="bbox 1881 2980 3504 3053">
     <span class='ocr_line' id='line_1_75' title="bbox 1881 2980 3504 3053; baseline 0.002 -16"><span class='ocrx_word' id='word_1_585' title='bbox 1881 2982 2004 3051; x_wconf 90' lang='lat' dir='ltr'><strong>ejus</strong></span> <span class='ocrx_word' id='word_1_586' title='bbox 2056 2980 2508 3051; x_wconf 89' lang='lat' dir='ltr'><strong>inseparabiliter</strong></span> <span class='ocrx_word' id='word_1_587' title='bbox 2561 2980 2881 3049; x_wconf 65' lang='lat' dir='ltr'><strong>adhaerere,</strong></span> <span class='ocrx_word' id='word_1_588' title='bbox 2925 2980 3077 3036; x_wconf 89' lang='lat' dir='ltr'><strong>cruci</strong></span> <span class='ocrx_word' id='word_1_589' title='bbox 3112 2982 3244 3053; x_wconf 44' lang='lat' dir='ltr'><strong>,ejus</strong></span> <span class='ocrx_word' id='word_1_590' title='bbox 3278 2983 3504 3041; x_wconf 82' lang='lat' dir='ltr'><strong>fortiter</strong></span> 
     </span>
    </p>
   </div>
   <div class='ocr_carea' id='block_1_76' title="bbox 1882 3073 3507 3146">
    <p class='ocr_par' dir='ltr' id='par_1_76' title="bbox 1882 3073 3507 3146">
     <span class='ocr_line' id='line_1_76' title="bbox 1882 3073 3507 3146; baseline 0.004 -17"><span class='ocrx_word' id='word_1_591' title='bbox 1882 3091 1947 3129; x_wconf 90' lang='lat' dir='ltr'><strong>ac</strong></span> <span class='ocrx_word' id='word_1_592' title='bbox 1975 3073 2217 3129; x_wconf 82' lang='lat' dir='ltr'><strong>ﬁdenter</strong></span> <span class='ocrx_word' id='word_1_593' title='bbox 2245 3073 2505 3131; x_wconf 84' lang='lat' dir='ltr'><strong>assistere</strong></span> <span class='ocrx_word' id='word_1_594' title='bbox 2541 3074 2586 3108; x_wconf 78' lang='grc'><strong>³⁹</strong></span> <span class='ocrx_word' id='word_1_595' title='bbox 2613 3090 2626 3139; x_wconf 90' lang='grc'>;</span> <span class='ocrx_word' id='word_1_596' title='bbox 2670 3074 2899 3145; x_wconf 91' lang='lat' dir='ltr'><strong>quando</strong></span> <span class='ocrx_word' id='word_1_597' title='bbox 2936 3075 3004 3130; x_wconf 89' lang='lat' dir='ltr'><strong>de</strong></span> <span class='ocrx_word' id='word_1_598' title='bbox 3036 3076 3157 3146; x_wconf 88' lang='lat' dir='ltr'><strong>ejus</strong></span> <span class='ocrx_word' id='word_1_599' title='bbox 3185 3077 3419 3134; x_wconf 88' lang='lat' dir='ltr'><strong>nomine</strong></span> <span class='ocrx_word' id='word_1_600' title='bbox 3448 3080 3507 3135; x_wconf 83' lang='lat' dir='ltr'><strong>et</strong></span> 
     </span>
    </p>
   </div>
   <div class='ocr_carea' id='block_1_77' title="bbox 1882 3167 3507 3233">
    <p class='ocr_par' dir='ltr' id='par_1_77' title="bbox 1882 3167 3507 3233">
     <span class='ocr_line' id='line_1_77' title="bbox 1882 3167 3507 3233; baseline 0.002 -10"><span class='ocrx_word' id='word_1_601' title='bbox 1882 3168 2100 3223; x_wconf 88' lang='lat' dir='ltr'><strong>honore</strong></span> <span class='ocrx_word' id='word_1_602' title='bbox 2132 3172 2421 3222; x_wconf 72' lang='lat' dir='ltr'><strong>certauien</strong></span> <span class='ocrx_word' id='word_1_603' title='bbox 2448 3170 2552 3233; x_wconf 85' lang='lat' dir='ltr'><strong>est,</strong></span> <span class='ocrx_word' id='word_1_604' title='bbox 2586 3167 2854 3223; x_wconf 86' lang='lat' dir='ltr'><strong>exhibere</strong></span> <span class='ocrx_word' id='word_1_605' title='bbox 2880 3168 2938 3222; x_wconf 90' lang='lat' dir='ltr'><strong>in</strong></span> <span class='ocrx_word' id='word_1_606' title='bbox 2968 3185 3227 3226; x_wconf 90' lang='lat' dir='ltr'><strong>sermone</strong></span> <span class='ocrx_word' id='word_1_607' title='bbox 3252 3175 3507 3227; x_wconf 86' lang='lat' dir='ltr'><strong>constan-</strong></span> 
     </span>
    </p>
   </div>
   <div class='ocr_carea' id='block_1_78' title="bbox 1882 3261 3503 3334">
    <p class='ocr_par' dir='ltr' id='par_1_78' title="bbox 1882 3261 3503 3334">
     <span class='ocr_line' id='line_1_78' title="bbox 1882 3261 3503 3334; baseline 0.004 -19"><span class='ocrx_word' id='word_1_608' title='bbox 1882 3262 2038 3328; x_wconf 86' lang='lat' dir='ltr'><strong>tiam,</strong></span> <span class='ocrx_word' id='word_1_609' title='bbox 2071 3278 2179 3333; x_wconf 90' lang='lat' dir='ltr'><strong>qua</strong></span> <span class='ocrx_word' id='word_1_610' title='bbox 2219 3261 2584 3326; x_wconf 81' lang='lat' dir='ltr'><strong>confitemur,</strong></span> <span class='ocrx_word' id='word_1_611' title='bbox 2617 3261 2674 3315; x_wconf 90' lang='lat' dir='ltr'><strong>in</strong></span> <span class='ocrx_word' id='word_1_612' title='bbox 2720 3263 3035 3333; x_wconf 67' lang='lat' dir='ltr'><strong>quiestione</strong></span> <span class='ocrx_word' id='word_1_613' title='bbox 3066 3264 3174 3334; x_wconf 84' lang='lat' dir='ltr'><strong>(3t)</strong></span> <span class='ocrx_word' id='word_1_614' title='bbox 3212 3262 3503 3334; x_wconf 84' lang='lat' dir='ltr'><strong>ﬁduciam,</strong></span> 
     </span>
    </p>
   </div>
   <div class='ocr_carea' id='block_1_79' title="bbox 1883 3354 3505 3428">
    <p class='ocr_par' dir='ltr' id='par_1_79' title="bbox 1883 3354 3505 3428">
     <span class='ocr_line' id='line_1_79' title="bbox 1883 3354 3505 3428; baseline 0.004 -20"><span class='ocrx_word' id='word_1_615' title='bbox 1883 3371 1993 3425; x_wconf 89' lang='lat' dir='ltr'><strong>qua</strong></span> <span class='ocrx_word' id='word_1_616' title='bbox 2030 3354 2462 3424; x_wconf 85' lang='lat' dir='ltr'><strong>congredimur,</strong></span> <span class='ocrx_word' id='word_1_617' title='bbox 2491 3355 2551 3408; x_wconf 91' lang='lat' dir='ltr'><strong>in</strong></span> <span class='ocrx_word' id='word_1_618' title='bbox 2583 3360 2767 3410; x_wconf 88' lang='lat' dir='ltr'><strong>morte</strong></span> <span class='ocrx_word' id='word_1_619' title='bbox 2807 3356 3165 3426; x_wconf 87' lang='lat' dir='ltr'><strong>patientiam,</strong></span> <span class='ocrx_word' id='word_1_620' title='bbox 3195 3374 3307 3428; x_wconf 89' lang='lat' dir='ltr'><strong>qua</strong></span> <span class='ocrx_word' id='word_1_621' title='bbox 3340 3372 3505 3415; x_wconf 90' lang='lat' dir='ltr'><strong>coro-</strong></span> 
     </span>
    </p>
   </div>
   <div class='ocr_carea' id='block_1_80' title="bbox 1884 3448 3509 3520">
    <p class='ocr_par' dir='ltr' id='par_1_80' title="bbox 1884 3448 3509 3520">
     <span class='ocr_line' id='line_1_80' title="bbox 1884 3448 3509 3520; baseline 0.002 -18"><span class='ocrx_word' id='word_1_622' title='bbox 1884 3464 2103 3502; x_wconf 81' lang='lat' dir='ltr'><strong>namur.</strong></span> <span class='ocrx_word' id='word_1_623' title='bbox 2134 3449 2248 3502; x_wconf 82' lang='lat' dir='ltr'><strong>Hoc</strong></span> <span class='ocrx_word' id='word_1_624' title='bbox 2275 3451 2361 3503; x_wconf 90' lang='lat' dir='ltr'><strong>est</strong></span> <span class='ocrx_word' id='word_1_625' title='bbox 2399 3448 2755 3503; x_wconf 74' lang='lat' dir='ltr'><strong>cohaeredem</strong></span> <span class='ocrx_word' id='word_1_626' title='bbox 2794 3448 2999 3504; x_wconf 90' lang='lat' dir='ltr'><strong>Christi</strong></span> <span class='ocrx_word' id='word_1_627' title='bbox 3046 3467 3167 3505; x_wconf 90' lang='lat' dir='ltr'><strong>esse</strong></span> <span class='ocrx_word' id='word_1_628' title='bbox 3208 3452 3366 3520; x_wconf 89' lang='lat' dir='ltr'><strong>velle,</strong></span> <span class='ocrx_word' id='word_1_629' title='bbox 3398 3452 3509 3507; x_wconf 89' lang='lat' dir='ltr'><strong>hoc</strong></span> 
     </span>
    </p>
   </div>
   <div class='ocr_carea' id='block_1_81' title="bbox 1881 3541 3505 3612">
    <p class='ocr_par' dir='ltr' id='par_1_81' title="bbox 1881 3541 3505 3612">
     <span class='ocr_line' id='line_1_81' title="bbox 1881 3541 3505 3612; baseline 0.004 -16"><span class='ocrx_word' id='word_1_630' title='bbox 1881 3546 1963 3596; x_wconf 83' lang='lat' dir='ltr'><strong>est</strong></span> <span class='ocrx_word' id='word_1_631' title='bbox 2022 3545 2373 3612; x_wconf 77' lang='lat' dir='ltr'><strong>praeceptum</strong></span> <span class='ocrx_word' id='word_1_632' title='bbox 2430 3541 2524 3595; x_wconf 91' lang='lat' dir='ltr'><strong>Dei</strong></span> <span class='ocrx_word' id='word_1_633' title='bbox 2586 3542 2810 3610; x_wconf 85' lang='lat' dir='ltr'><strong>facere,</strong></span> <span class='ocrx_word' id='word_1_634' title='bbox 2858 3542 2965 3598; x_wconf 88' lang='lat' dir='ltr'><strong>hoc</strong></span> <span class='ocrx_word' id='word_1_635' title='bbox 3017 3548 3102 3599; x_wconf 92' lang='lat' dir='ltr'><strong>est</strong></span> <span class='ocrx_word' id='word_1_636' title='bbox 3149 3545 3505 3603; x_wconf 89' lang='lat' dir='ltr'><strong>voluntatem</strong></span> 
     </span>
    </p>
   </div>
   <div class='ocr_carea' id='block_1_82' title="bbox 1880 3635 2426 3705">
    <p class='ocr_par' dir='ltr' id='par_1_82' title="bbox 1880 3635 2426 3705">
     <span class='ocr_line' id='line_1_82' title="bbox 1880 3635 2426 3705; baseline -0.004 -15"><span class='ocrx_word' id='word_1_637' title='bbox 1880 3635 2059 3690; x_wconf 79' lang='lat' dir='ltr'><strong>Patris</strong></span> <span class='ocrx_word' id='word_1_638' title='bbox 2089 3635 2426 3705; x_wconf 89' lang='lat' dir='ltr'><strong>adimplere.</strong></span> 
     </span>
    </p>
   </div>
   <div class='ocr_carea' id='block_1_83' title="bbox 1951 3728 3506 3799">
    <p class='ocr_par' dir='ltr' id='par_1_83' title="bbox 1951 3728 3506 3799">
     <span class='ocr_line' id='line_1_83' title="bbox 1951 3728 3506 3799; baseline 0.005 -17"><span class='ocrx_word' id='word_1_639' title='bbox 1951 3730 2081 3784; x_wconf 84' lang='lat' dir='ltr'><strong>XVI.</strong></span> <span class='ocrx_word' id='word_1_640' title='bbox 2131 3728 2273 3783; x_wconf 84' lang='lat' dir='ltr'><strong>Fieri</strong></span> <span class='ocrx_word' id='word_1_641' title='bbox 2304 3731 2508 3784; x_wconf 76' lang='lat' dir='ltr'><strong>autem</strong></span> <span class='ocrx_word' id='word_1_642' title='bbox 2558 3728 2808 3799; x_wconf 86' lang='lat' dir='ltr'><strong>petimus</strong></span> <span class='ocrx_word' id='word_1_643' title='bbox 2861 3729 2970 3797; x_wconf 89' lang='lat'><strong>(32)</strong></span> <span class='ocrx_word' id='word_1_644' title='bbox 3002 3732 3354 3789; x_wconf 85' lang='lat' dir='ltr'><strong>voluntatem</strong></span> <span class='ocrx_word' id='word_1_645' title='bbox 3402 3733 3506 3789; x_wconf 90' lang='lat' dir='ltr'><strong>Dei</strong></span> 
     </span>
    </p>
   </div>
   <div class='ocr_carea' id='block_1_84' title="bbox 1880 3822 3504 3895">
    <p class='ocr_par' dir='ltr' id='par_1_84' title="bbox 1880 3822 3504 3895">
     <span class='ocr_line' id='line_1_84' title="bbox 1880 3822 3504 3895; baseline 0.003 -18"><span class='ocrx_word' id='word_1_646' title='bbox 1880 3823 1937 3877; x_wconf 91' lang='lat' dir='ltr'><strong>in</strong></span> <span class='ocrx_word' id='word_1_647' title='bbox 1970 3822 2109 3877; x_wconf 86' lang='lat' dir='ltr'><strong>coelo</strong></span> <span class='ocrx_word' id='word_1_648' title='bbox 2142 3827 2197 3876; x_wconf 92' lang='lat' dir='ltr'><strong>et</strong></span> <span class='ocrx_word' id='word_1_649' title='bbox 2243 3822 2301 3875; x_wconf 94' lang='lat' dir='ltr'><strong>in</strong></span> <span class='ocrx_word' id='word_1_650' title='bbox 2346 3828 2529 3889; x_wconf 86' lang='lat' dir='ltr'><strong>terra;</strong></span> <span class='ocrx_word' id='word_1_651' title='bbox 2568 3822 2718 3893; x_wconf 92' lang='lat' dir='ltr'><strong>quod</strong></span> <span class='ocrx_word' id='word_1_652' title='bbox 2762 3826 3072 3895; x_wconf 90' lang='lat' dir='ltr'><strong>utrumque</strong></span> <span class='ocrx_word' id='word_1_653' title='bbox 3121 3825 3194 3879; x_wconf 90' lang='lat' dir='ltr'><strong>ad</strong></span> <span class='ocrx_word' id='word_1_654' title='bbox 3238 3842 3504 3883; x_wconf 89' lang='lat' dir='ltr'><strong>consum-</strong></span> 
     </span>
    </p>
   </div>
   <div class='ocr_carea' id='block_1_85' title="bbox 1882 3914 3501 3989">
    <p class='ocr_par' dir='ltr' id='par_1_85' title="bbox 1882 3914 3501 3989">
     <span class='ocr_line' id='line_1_85' title="bbox 1882 3914 3501 3989; baseline 0.004 -18"><span class='ocrx_word' id='word_1_655' title='bbox 1882 3918 2195 3971; x_wconf 90' lang='lat' dir='ltr'><strong>mationem</strong></span> <span class='ocrx_word' id='word_1_656' title='bbox 2225 3921 2437 3971; x_wconf 66' lang='lat' dir='ltr'><strong>nostrae</strong></span> <span class='ocrx_word' id='word_1_657' title='bbox 2465 3914 2873 3971; x_wconf 88' lang='lat' dir='ltr'><strong>incolumitatis</strong></span> <span class='ocrx_word' id='word_1_658' title='bbox 2906 3918 2956 3951; x_wconf 71' lang='lat'><strong>‘0</strong></span> <span class='ocrx_word' id='word_1_659' title='bbox 3000 3918 3248 3989; x_wconf 87' lang='lat' dir='ltr'><strong>pertinet</strong></span> <span class='ocrx_word' id='word_1_660' title='bbox 3285 3921 3501 3978; x_wconf 88' lang='lat' dir='ltr'><strong>salutis.</strong></span> 
     </span>
    </p>
   </div>
   <div class='ocr_carea' id='block_1_86' title="bbox 1880 4010 3500 4084">
    <p class='ocr_par' dir='ltr' id='par_1_86' title="bbox 1880 4010 3500 4084">
     <span class='ocr_line' id='line_1_86' title="bbox 1880 4010 3500 4084; baseline 0.003 -18"><span class='ocrx_word' id='word_1_661' title='bbox 1880 4012 2042 4078; x_wconf 88' lang='lat' dir='ltr'><strong>Nam,</strong></span> <span class='ocrx_word' id='word_1_662' title='bbox 2087 4026 2218 4064; x_wconf 88' lang='lat' dir='ltr'><strong>cum</strong></span> <span class='ocrx_word' id='word_1_663' title='bbox 2262 4025 2469 4080; x_wconf 88' lang='lat' dir='ltr'><strong>corpus</strong></span> <span class='ocrx_word' id='word_1_664' title='bbox 2515 4026 2545 4063; x_wconf 89' lang='lat' dir='ltr'><strong>e</strong></span> <span class='ocrx_word' id='word_1_665' title='bbox 2586 4017 2736 4065; x_wconf 90' lang='lat' dir='ltr'><strong>terra</strong></span> <span class='ocrx_word' id='word_1_666' title='bbox 2785 4013 2843 4065; x_wconf 92' lang='lat' dir='ltr'><strong>et</strong></span> <span class='ocrx_word' id='word_1_667' title='bbox 2887 4010 3155 4081; x_wconf 90' lang='lat' dir='ltr'><strong>spiritum</strong></span> <span class='ocrx_word' id='word_1_668' title='bbox 3210 4014 3500 4084; x_wconf 86' lang='lat' dir='ltr'><strong>possidea-</strong></span> 
     </span>
    </p>
   </div>
   <div class='ocr_carea' id='block_1_87' title="bbox 1881 4102 3505 4174">
    <p class='ocr_par' dir='ltr' id='par_1_87' title="bbox 1881 4102 3505 4174">
     <span class='ocr_line' id='line_1_87' title="bbox 1881 4102 3505 4174; baseline 0.004 -17"><span class='ocrx_word' id='word_1_669' title='bbox 1881 4120 2010 4158; x_wconf 91' lang='lat' dir='ltr'><strong>mus</strong></span> <span class='ocrx_word' id='word_1_670' title='bbox 2061 4120 2092 4158; x_wconf 91' lang='lat' dir='ltr'><strong>e</strong></span> <span class='ocrx_word' id='word_1_671' title='bbox 2149 4102 2309 4169; x_wconf 69' lang='lat' dir='ltr'><strong>coelo,</strong></span> <span class='ocrx_word' id='word_1_672' title='bbox 2360 4102 2467 4174; x_wconf 90' lang='lat' dir='ltr'><strong>ipsi</strong></span> <span class='ocrx_word' id='word_1_673' title='bbox 2514 4105 2668 4157; x_wconf 89' lang='lat' dir='ltr'><strong>terra</strong></span> <span class='ocrx_word' id='word_1_674' title='bbox 2712 4106 2769 4157; x_wconf 92' lang='lat' dir='ltr'><strong>et</strong></span> <span class='ocrx_word' id='word_1_675' title='bbox 2813 4104 3017 4159; x_wconf 82' lang='lat' dir='ltr'><strong>coelum</strong></span> <span class='ocrx_word' id='word_1_676' title='bbox 3061 4121 3296 4173; x_wconf 89' lang='lat' dir='ltr'><strong>sumus;</strong></span> <span class='ocrx_word' id='word_1_677' title='bbox 3348 4111 3407 4162; x_wconf 89' lang='lat' dir='ltr'><strong>et</strong></span> <span class='ocrx_word' id='word_1_678' title='bbox 3444 4108 3505 4164; x_wconf 91' lang='lat' dir='ltr'><strong>in</strong></span> 
     </span>
    </p>
   </div>
   <div class='ocr_carea' id='block_1_88' title="bbox 1881 4195 3505 4270">
    <p class='ocr_par' dir='ltr' id='par_1_88' title="bbox 1881 4195 3505 4270">
     <span class='ocr_line' id='line_1_88' title="bbox 1881 4195 3505 4270; baseline 0.003 -18"><span class='ocrx_word' id='word_1_679' title='bbox 1881 4204 2116 4268; x_wconf 89' lang='lat' dir='ltr'><strong>utroque</strong></span> <span class='ocrx_word' id='word_1_680' title='bbox 2148 4239 2162 4265; x_wconf 93' lang='lat'><strong>,</strong></span> <span class='ocrx_word' id='word_1_681' title='bbox 2221 4195 2276 4251; x_wconf 90' lang='lat' dir='ltr'><strong>id</strong></span> <span class='ocrx_word' id='word_1_682' title='bbox 2338 4200 2426 4251; x_wconf 92' lang='lat' dir='ltr'><strong>est</strong></span> <span class='ocrx_word' id='word_1_683' title='bbox 2480 4201 2537 4250; x_wconf 92' lang='lat' dir='ltr'><strong>et</strong></span> <span class='ocrx_word' id='word_1_684' title='bbox 2589 4213 2821 4267; x_wconf 85' lang='lat' dir='ltr'><strong>corpore</strong></span> <span class='ocrx_word' id='word_1_685' title='bbox 2876 4203 2933 4253; x_wconf 93' lang='lat' dir='ltr'><strong>et</strong></span> <span class='ocrx_word' id='word_1_686' title='bbox 2986 4198 3187 4270; x_wconf 88' lang='lat' dir='ltr'><strong>spiritu</strong></span> <span class='ocrx_word' id='word_1_687' title='bbox 3216 4242 3228 4266; x_wconf 93' lang='lat'><strong>,</strong></span> <span class='ocrx_word' id='word_1_688' title='bbox 3286 4206 3347 4254; x_wconf 91' lang='lat' dir='ltr'><strong>ut</strong></span> <span class='ocrx_word' id='word_1_689' title='bbox 3406 4203 3505 4257; x_wconf 78' lang='lat' dir='ltr'><strong>Dei</strong></span> 
     </span>
    </p>
   </div>
   <div class='ocr_carea' id='block_1_89' title="bbox 1878 4290 3508 4351">
    <p class='ocr_par' dir='ltr' id='par_1_89' title="bbox 1878 4290 3508 4351">
     <span class='ocr_line' id='line_1_89' title="bbox 1878 4290 3508 4351; baseline 0.004 -7"><span class='ocrx_word' id='word_1_690' title='bbox 1878 4292 2135 4345; x_wconf 87' lang='lat' dir='ltr'><strong>voluntas</strong></span> <span class='ocrx_word' id='word_1_691' title='bbox 2190 4291 2290 4346; x_wconf 84' lang='lat' dir='ltr'><strong>ﬁat</strong></span> <span class='ocrx_word' id='word_1_692' title='bbox 2344 4306 2590 4346; x_wconf 86' lang='lat' dir='ltr'><strong>oramus.</strong></span> <span class='ocrx_word' id='word_1_693' title='bbox 2639 4290 2734 4346; x_wconf 86' lang='lat' dir='ltr'><strong>Est</strong></span> <span class='ocrx_word' id='word_1_694' title='bbox 2781 4292 2934 4347; x_wconf 88' lang='lat' dir='ltr'><strong>enim</strong></span> <span class='ocrx_word' id='word_1_695' title='bbox 2977 4291 3128 4349; x_wconf 89' lang='lat' dir='ltr'><strong>inter</strong></span> <span class='ocrx_word' id='word_1_696' title='bbox 3169 4310 3400 4350; x_wconf 87' lang='lat' dir='ltr'><strong>carnem</strong></span> <span class='ocrx_word' id='word_1_697' title='bbox 3450 4299 3508 4351; x_wconf 90' lang='lat' dir='ltr'><strong>et</strong></span> 
     </span>
    </p>
   </div>
   <div class='ocr_carea' id='block_1_90' title="bbox 1515 4432 2129 4497">
    <p class='ocr_par' dir='ltr' id='par_1_90' title="bbox 1515 4432 2129 4497">
     <span class='ocr_line' id='line_1_90' title="bbox 1515 4432 2129 4497; baseline -0.005 0"><span class='ocrx_word' id='word_1_698' title='bbox 1515 4434 1726 4497; x_wconf 76' lang='lat' dir='ltr'><strong>Variae</strong></span> <span class='ocrx_word' id='word_1_699' title='bbox 1784 4432 2129 4497; x_wconf 88' lang='lat' dir='ltr'><strong>lectiones.</strong></span> 
     </span>
    </p>
   </div>
   <div class='ocr_carea' id='block_1_91' title="bbox 226 4559 3498 4628">
    <p class='ocr_par' dir='ltr' id='par_1_91' title="bbox 226 4559 3498 4628">
     <span class='ocr_line' id='line_1_91' title="bbox 226 4559 3498 4628; baseline -0.001 -15"><span class='ocrx_word' id='word_1_700' title='bbox 226 4561 257 4593; x_wconf 82' lang='lat'><strong>&quot;</strong></span> <span class='ocrx_word' id='word_1_701' title='bbox 281 4560 470 4614; x_wconf 83' lang='lat' dir='ltr'><strong>Nostra</strong></span> <span class='ocrx_word' id='word_1_702' title='bbox 494 4561 631 4612; x_wconf 75' lang='lat' dir='ltr'><strong>deest</strong></span> <span class='ocrx_word' id='word_1_703' title='bbox 658 4562 710 4612; x_wconf 79' lang='lat' dir='ltr'><strong>in</strong></span> <span class='ocrx_word' id='word_1_704' title='bbox 742 4563 945 4628; x_wconf 78' lang='lat' dir='ltr'><strong>8Angl.</strong></span> <span class='ocrx_word' id='word_1_705' title='bbox 983 4568 1030 4614; x_wconf 87' lang='lat' dir='ltr'><strong>et</strong></span> <span class='ocrx_word' id='word_1_706' title='bbox 1059 4567 1245 4615; x_wconf 73' lang='lat' dir='ltr'><strong>multis</strong></span> <span class='ocrx_word' id='word_1_707' title='bbox 1284 4566 1433 4625; x_wconf 82' lang='lat' dir='ltr'><strong>impr.</strong></span> <span class='ocrx_word' id='word_1_708' title='bbox 1475 4566 1526 4611; x_wconf 86' lang='lat' dir='ltr'><strong>in</strong></span> <span class='ocrx_word' id='word_1_709' title='bbox 1564 4559 1751 4626; x_wconf 86' lang='lat' dir='ltr'><strong>quibus</strong></span> <span class='ocrx_word' id='word_1_710' title='bbox 1789 4560 2166 4609; x_wconf 81' lang='lat' dir='ltr'><strong>recentissimus</strong></span> <span class='ocrx_word' id='word_1_711' title='bbox 2211 4559 2290 4609; x_wconf 87' lang='lat' dir='ltr'><strong>ed.</strong></span> <span class='ocrx_word' id='word_1_712' title='bbox 2338 4560 2472 4622; x_wconf 80' lang='lat' dir='ltr'><strong>Lips.</strong></span> <span class='ocrx_word' id='word_1_713' title='bbox 2542 4560 2581 4592; x_wconf 76' lang='grc'><strong>³⁸</strong></span> <span class='ocrx_word' id='word_1_714' title='bbox 2612 4559 2830 4610; x_wconf 85' lang='lat' dir='ltr'><strong>Dicavit</strong></span> <span class='ocrx_word' id='word_1_715' title='bbox 2869 4561 3009 4609; x_wconf 87' lang='lat' dir='ltr'><strong>Lam.</strong></span> <span class='ocrx_word' id='word_1_716' title='bbox 3051 4561 3163 4609; x_wconf 85' lang='lat' dir='ltr'><strong>Ben.</strong></span> <span class='ocrx_word' id='word_1_717' title='bbox 3203 4561 3327 4610; x_wconf 83' lang='lat' dir='ltr'><strong>Bod.</strong></span> <span class='ocrx_word' id='word_1_718' title='bbox 3372 4561 3423 4622; x_wconf 75' lang='lat'><strong>2,</strong></span> <span class='ocrx_word' id='word_1_719' title='bbox 3452 4559 3498 4611; x_wconf 88' lang='grc'><strong>3.</strong></span> 
     </span>
    </p>
   </div>
   <div class='ocr_carea' id='block_1_92' title="bbox 172 4629 3508 4696">
    <p class='ocr_par' dir='ltr' id='par_1_92' title="bbox 172 4629 3508 4696">
     <span class='ocr_line' id='line_1_92' title="bbox 172 4629 3508 4696; baseline 0.001 -19"><span class='ocrx_word' id='word_1_720' title='bbox 172 4629 309 4681; x_wconf 89' lang='lat' dir='ltr'><strong>Dicat</strong></span> <span class='ocrx_word' id='word_1_721' title='bbox 335 4633 457 4682; x_wconf 86' lang='lat' dir='ltr'><strong>Bod.</strong></span> <span class='ocrx_word' id='word_1_722' title='bbox 495 4634 539 4695; x_wconf 84' lang='grc' dir='ltr'><strong>Ι,</strong></span> <span class='ocrx_word' id='word_1_723' title='bbox 564 4635 608 4682; x_wconf 74' lang='grc'><strong>4.</strong></span> <span class='ocrx_word' id='word_1_724' title='bbox 640 4634 809 4683; x_wconf 83' lang='lat' dir='ltr'><strong>Paris.</strong></span> <span class='ocrx_word' id='word_1_725' title='bbox 884 4639 920 4667; x_wconf 73' lang='grc'><strong>³³</strong></span> <span class='ocrx_word' id='word_1_726' title='bbox 940 4633 1059 4685; x_wconf 84' lang='lat' dir='ltr'><strong>Erit</strong></span> <span class='ocrx_word' id='word_1_727' title='bbox 1082 4634 1243 4686; x_wconf 78' lang='lat' dir='ltr'><strong>fletus</strong></span> <span class='ocrx_word' id='word_1_728' title='bbox 1266 4634 1387 4685; x_wconf 84' lang='lat' dir='ltr'><strong>Bod.</strong></span> <span class='ocrx_word' id='word_1_729' title='bbox 1420 4636 1462 4693; x_wconf 85' lang='lat' dir='ltr'><strong>l,</strong></span> <span class='ocrx_word' id='word_1_730' title='bbox 1490 4635 1538 4683; x_wconf 74' lang='grc'><strong>2.</strong></span> <span class='ocrx_word' id='word_1_731' title='bbox 1610 4634 1647 4665; x_wconf 66' lang='grc'><strong>³⁸</strong></span> <span class='ocrx_word' id='word_1_732' title='bbox 1672 4631 1961 4696; x_wconf 72' lang='lat' dir='ltr'><strong>Cmpimus</strong></span> <span class='ocrx_word' id='word_1_733' title='bbox 1987 4644 2150 4681; x_wconf 88' lang='lat' dir='ltr'><strong>nasse</strong></span> <span class='ocrx_word' id='word_1_734' title='bbox 2178 4632 2309 4681; x_wconf 82' lang='lat' dir='ltr'><strong>Lem.</strong></span> <span class='ocrx_word' id='word_1_735' title='bbox 2353 4632 2489 4680; x_wconf 86' lang='lat' dir='ltr'><strong>Pem.</strong></span> <span class='ocrx_word' id='word_1_736' title='bbox 2521 4632 2660 4680; x_wconf 75' lang='lat' dir='ltr'><strong>Voss.</strong></span> <span class='ocrx_word' id='word_1_737' title='bbox 2696 4630 2744 4691; x_wconf 78' lang='lat'><strong>2,</strong></span> <span class='ocrx_word' id='word_1_738' title='bbox 2772 4631 2815 4680; x_wconf 89' lang='lat'><strong>3.</strong></span> <span class='ocrx_word' id='word_1_739' title='bbox 2847 4632 2960 4680; x_wconf 83' lang='lat' dir='ltr'><strong>Ben.</strong></span> <span class='ocrx_word' id='word_1_740' title='bbox 3004 4631 3124 4679; x_wconf 84' lang='lat' dir='ltr'><strong>Bod.</strong></span> <span class='ocrx_word' id='word_1_741' title='bbox 3158 4632 3201 4680; x_wconf 78' lang='lat'><strong>‘2.</strong></span> <span class='ocrx_word' id='word_1_742' title='bbox 3235 4631 3508 4695; x_wconf 87' lang='lat' dir='ltr'><strong>Cupimus</strong></span> 
     </span>
    </p>
   </div>
   <div class='ocr_carea' id='block_1_93' title="bbox 171 4700 3503 4769">
    <p class='ocr_par' dir='ltr' id='par_1_93' title="bbox 171 4700 3503 4769">
     <span class='ocr_line' id='line_1_93' title="bbox 171 4700 3503 4769; baseline 0.001 -22"><span class='ocrx_word' id='word_1_743' title='bbox 171 4701 245 4747; x_wconf 76' lang='lat' dir='ltr'><strong>Ar.</strong></span> <span class='ocrx_word' id='word_1_744' title='bbox 313 4703 489 4752; x_wconf 71' lang='lat' dir='ltr'><strong>&quot;Tua</strong></span> <span class='ocrx_word' id='word_1_745' title='bbox 528 4703 585 4751; x_wconf 92' lang='lat' dir='ltr'><strong>in</strong></span> <span class='ocrx_word' id='word_1_746' title='bbox 620 4704 763 4754; x_wconf 63' lang='lat' dir='ltr'><strong>caelo</strong></span> <span class='ocrx_word' id='word_1_747' title='bbox 804 4706 966 4754; x_wconf 81' lang='lat' dir='ltr'><strong>Paris.</strong></span> <span class='ocrx_word' id='word_1_748' title='bbox 1000 4710 1209 4769; x_wconf 72' lang='lat' dir='ltr'><strong>August.</strong></span> <span class='ocrx_word' id='word_1_749' title='bbox 1280 4705 1317 4739; x_wconf 74' lang='grc'><strong>³⁸</strong></span> <span class='ocrx_word' id='word_1_750' title='bbox 1344 4705 1429 4755; x_wconf 86' lang='lat' dir='ltr'><strong>Tu</strong></span> <span class='ocrx_word' id='word_1_751' title='bbox 1474 4706 1556 4754; x_wconf 89' lang='lat' dir='ltr'><strong>vis</strong></span> <span class='ocrx_word' id='word_1_752' title='bbox 1610 4705 1742 4754; x_wconf 78' lang='lat' dir='ltr'><strong>Voss.</strong></span> <span class='ocrx_word' id='word_1_753' title='bbox 1773 4703 1820 4753; x_wconf 87' lang='lat'><strong>3.</strong></span> <span class='ocrx_word' id='word_1_754' title='bbox 1892 4700 1933 4736; x_wconf 81' lang='grc'><strong>³⁷</strong></span> <span class='ocrx_word' id='word_1_755' title='bbox 1958 4702 2194 4753; x_wconf 89' lang='lat' dir='ltr'><strong>Dilectio</strong></span> <span class='ocrx_word' id='word_1_756' title='bbox 2243 4701 2391 4751; x_wconf 84' lang='lat' dir='ltr'><strong>Ebor.</strong></span> <span class='ocrx_word' id='word_1_757' title='bbox 2441 4702 2556 4751; x_wconf 82' lang='lat' dir='ltr'><strong>Tha.</strong></span> <span class='ocrx_word' id='word_1_758' title='bbox 2604 4702 2740 4751; x_wconf 81' lang='lat' dir='ltr'><strong>Foss.</strong></span> <span class='ocrx_word' id='word_1_759' title='bbox 2792 4702 2897 4752; x_wconf 86' lang='lat' dir='ltr'><strong>Lin.</strong></span> <span class='ocrx_word' id='word_1_760' title='bbox 2970 4700 3503 4765; x_wconf 57' lang='lat' dir='ltr'><strong>“Concupiscentia</strong></span> 
     </span>
    </p>
   </div>
   <div class='ocr_carea' id='block_1_94' title="bbox 174 4771 3504 4833">
    <p class='ocr_par' dir='ltr' id='par_1_94' title="bbox 174 4771 3504 4833">
     <span class='ocr_line' id='line_1_94' title="bbox 174 4771 3504 4833; baseline 0.002 -14"><span class='ocrx_word' id='word_1_761' title='bbox 174 4773 340 4821; x_wconf 68' lang='lat' dir='ltr'><strong>saeculi</strong></span> <span class='ocrx_word' id='word_1_762' title='bbox 369 4777 423 4822; x_wconf 88' lang='lat' dir='ltr'><strong>et</strong></span> <span class='ocrx_word' id='word_1_763' title='bbox 448 4772 693 4823; x_wconf 88' lang='lat' dir='ltr'><strong>mundus</strong></span> <span class='ocrx_word' id='word_1_764' title='bbox 724 4774 840 4823; x_wconf 83' lang='lat' dir='ltr'><strong>Thu.</strong></span> <span class='ocrx_word' id='word_1_765' title='bbox 880 4775 1013 4824; x_wconf 72' lang='lat' dir='ltr'><strong>Pass.</strong></span> <span class='ocrx_word' id='word_1_766' title='bbox 1054 4776 1272 4826; x_wconf 87' lang='lat' dir='ltr'><strong>Transit</strong></span> <span class='ocrx_word' id='word_1_767' title='bbox 1301 4775 1465 4825; x_wconf 81' lang='lat' dir='ltr'><strong>Paris.</strong></span> <span class='ocrx_word' id='word_1_768' title='bbox 1539 4775 1577 4807; x_wconf 66' lang='grc' dir='ltr'><strong>ν’</strong></span> <span class='ocrx_word' id='word_1_769' title='bbox 1612 4773 1847 4824; x_wconf 87' lang='lat' dir='ltr'><strong>Fortiter</strong></span> <span class='ocrx_word' id='word_1_770' title='bbox 1890 4787 1954 4823; x_wconf 90' lang='lat' dir='ltr'><strong>ac</strong></span> <span class='ocrx_word' id='word_1_771' title='bbox 1990 4772 2233 4823; x_wconf 85' lang='lat' dir='ltr'><strong>fideliter</strong></span> <span class='ocrx_word' id='word_1_772' title='bbox 2276 4772 2399 4821; x_wconf 88' lang='lat' dir='ltr'><strong>Bod.</strong></span> <span class='ocrx_word' id='word_1_773' title='bbox 2441 4772 2490 4833; x_wconf 90' lang='lat'><strong>3,</strong></span> <span class='ocrx_word' id='word_1_774' title='bbox 2516 4772 2561 4822; x_wconf 75' lang='grc'><strong>4.</strong></span> <span class='ocrx_word' id='word_1_775' title='bbox 2597 4771 2832 4822; x_wconf 86' lang='lat' dir='ltr'><strong>Fortiter</strong></span> <span class='ocrx_word' id='word_1_776' title='bbox 2870 4786 2935 4823; x_wconf 88' lang='lat' dir='ltr'><strong>ac</strong></span> <span class='ocrx_word' id='word_1_777' title='bbox 2973 4771 3207 4823; x_wconf 88' lang='lat' dir='ltr'><strong>libenter</strong></span> <span class='ocrx_word' id='word_1_778' title='bbox 3250 4773 3504 4824; x_wconf 84' lang='lat' dir='ltr'><strong>insistere</strong></span> 
     </span>
    </p>
   </div>
   <div class='ocr_carea' id='block_1_95' title="bbox 182 4838 1044 4896">
    <p class='ocr_par' dir='ltr' id='par_1_95' title="bbox 182 4838 1044 4896">
     <span class='ocr_line' id='line_1_95' title="bbox 182 4838 1044 4896; baseline 0.013 -11"><span class='ocrx_word' id='word_1_779' title='bbox 182 4838 275 4887; x_wconf 79' lang='lat' dir='ltr'><strong>Ver.</strong></span> <span class='ocrx_word' id='word_1_780' title='bbox 336 4841 377 4874; x_wconf 71' lang='grc'>⁴⁰</span> <span class='ocrx_word' id='word_1_781' title='bbox 400 4843 719 4895; x_wconf 83' lang='lat' dir='ltr'><strong>Voluntatis</strong></span> <span class='ocrx_word' id='word_1_782' title='bbox 745 4847 878 4895; x_wconf 86' lang='lat' dir='ltr'><strong>Pem.</strong></span> <span class='ocrx_word' id='word_1_783' title='bbox 909 4847 1044 4896; x_wconf 85' lang='lat' dir='ltr'><strong>Man.</strong></span> 
     </span>
    </p>
   </div>
   <div class='ocr_carea' id='block_1_96' title="bbox 1439 4934 2199 5017">
    <p class='ocr_par' dir='ltr' id='par_1_96' title="bbox 1439 4934 2199 5017">
     <span class='ocr_line' id='line_1_96' title="bbox 1439 4934 2199 5017; baseline -0.009 -17"><span class='ocrx_word' id='word_1_784' title='bbox 1439 4934 1664 5017; x_wconf 87' lang='lat' dir='ltr'><strong>Steph.</strong></span> <span class='ocrx_word' id='word_1_785' title='bbox 1718 4934 1960 4998; x_wconf 87' lang='lat' dir='ltr'><strong>Baluzii</strong></span> <span class='ocrx_word' id='word_1_786' title='bbox 2004 4938 2199 4997; x_wconf 68' lang='lat' dir='ltr'><strong>notae.</strong></span> 
     </span>
    </p>
   </div>
   <div class='ocr_carea' id='block_1_97' title="bbox 225 5066 2965 5154">
    <p class='ocr_par' dir='ltr' id='par_1_97' title="bbox 225 5066 2965 5154">
     <span class='ocr_line' id='line_1_97' title="bbox 225 5066 2965 5154; baseline 0.001 -35"><span class='ocrx_word' id='word_1_787' title='bbox 353 5069 671 5154; x_wconf 71' lang='lat' dir='ltr'><strong>Resurrestio</strong></span> <span class='ocrx_word' id='word_1_788' title='bbox 714 5074 822 5154; x_wconf 71' lang='lat' dir='ltr'><strong>ipse</strong></span> <span class='ocrx_word' id='word_1_789' title='bbox 858 5076 946 5154; x_wconf 48' lang='grc' dir='ltr'><em>ιρι.</em></span> <span class='ocrx_word' id='word_1_790' title='bbox 988 5072 1195 5123; x_wconf 89' lang='lat' dir='ltr'><strong>Omnes</strong></span> <span class='ocrx_word' id='word_1_791' title='bbox 1239 5070 1533 5154; x_wconf 74' lang='lat' dir='ltr'><strong>editiones,</strong></span> <span class='ocrx_word' id='word_1_792' title='bbox 1571 5073 1616 5121; x_wconf 88' lang='lat' dir='ltr'><strong>si</strong></span> <span class='ocrx_word' id='word_1_793' title='bbox 1655 5070 1765 5151; x_wconf 60' lang='lat' dir='ltr'><strong>Mo-</strong></span> <span class='ocrx_word' id='word_1_794' title='bbox 1792 5084 1848 5154; x_wconf 85' lang='lat' dir='ltr'><strong>D</strong></span> <span class='ocrx_word' id='word_1_795' title='bbox 1874 5076 2050 5154; x_wconf 42' lang='lat' dir='ltr'><strong>tertium</strong></span> <span class='ocrx_word' id='word_1_796' title='bbox 2065 5073 2410 5154; x_wconf 49' lang='lat' dir='ltr'><strong>&quot;scriptorum</strong></span> <span class='ocrx_word' id='word_1_797' title='bbox 2435 5069 2965 5154; x_wconf 55' lang='lat' dir='ltr'><strong>geqlesigstiqorum.</strong></span> 
     </span>
    </p>
   </div>
   <div class='ocr_carea' id='block_1_98' title="bbox 175 5137 1771 5206">
    <p class='ocr_par' dir='ltr' id='par_1_98' title="bbox 175 5137 1771 5206">
     <span class='ocr_line' id='line_1_98' title="bbox 175 5137 1771 5206; baseline 0.004 -21"><span class='ocrx_word' id='word_1_798' title='bbox 175 5137 432 5191; x_wconf 71' lang='lat' dir='ltr'><strong>milianam</strong></span> <span class='ocrx_word' id='word_1_799' title='bbox 492 5144 755 5206; x_wconf 81' lang='lat' dir='ltr'><strong>excipias,</strong></span> <span class='ocrx_word' id='word_1_800' title='bbox 801 5143 1011 5194; x_wconf 88' lang='lat' dir='ltr'><strong>habent</strong></span> <span class='ocrx_word' id='word_1_801' title='bbox 1064 5144 1384 5195; x_wconf 84' lang='lat' dir='ltr'><strong>resurrectio</strong></span> <span class='ocrx_word' id='word_1_802' title='bbox 1432 5148 1611 5193; x_wconf 83' lang='lat' dir='ltr'><strong>nostra</strong></span> <span class='ocrx_word' id='word_1_803' title='bbox 1663 5144 1771 5205; x_wconf 84' lang='lat' dir='ltr'><strong>ipse</strong></span> 
     </span>
    </p>
   </div>
   <div class='ocr_carea' id='block_1_99' title="bbox 171 5208 1773 5278">
    <p class='ocr_par' dir='ltr' id='par_1_99' title="bbox 171 5208 1773 5278">
     <span class='ocr_line' id='line_1_99' title="bbox 171 5208 1773 5278; baseline 0.001 -18"><span class='ocrx_word' id='word_1_804' title='bbox 171 5208 242 5256; x_wconf 69' lang='lat' dir='ltr'><strong>sit.</strong></span> <span class='ocrx_word' id='word_1_805' title='bbox 287 5214 354 5261; x_wconf 79' lang='lat' dir='ltr'><strong>At</strong></span> <span class='ocrx_word' id='word_1_806' title='bbox 388 5226 495 5262; x_wconf 84' lang='lat' dir='ltr'><strong>vox</strong></span> <span class='ocrx_word' id='word_1_807' title='bbox 536 5219 716 5264; x_wconf 82' lang='lat' dir='ltr'><strong>nostra</strong></span> <span class='ocrx_word' id='word_1_808' title='bbox 754 5214 914 5265; x_wconf 89' lang='lat' dir='ltr'><strong>deest</strong></span> <span class='ocrx_word' id='word_1_809' title='bbox 955 5216 1011 5264; x_wconf 91' lang='lat' dir='ltr'><strong>in</strong></span> <span class='ocrx_word' id='word_1_810' title='bbox 1055 5215 1318 5266; x_wconf 89' lang='lat' dir='ltr'><strong>omnibus</strong></span> <span class='ocrx_word' id='word_1_811' title='bbox 1362 5214 1773 5278; x_wconf 87' lang='lat' dir='ltr'><strong>exemplaribus</strong></span> 
     </span>
    </p>
   </div>
   <div class='ocr_carea' id='block_1_100' title="bbox 172 5283 1768 5350">
    <p class='ocr_par' dir='ltr' id='par_1_100' title="bbox 172 5283 1768 5350">
     <span class='ocr_line' id='line_1_100' title="bbox 172 5283 1768 5350; baseline 0.003 -22"><span class='ocrx_word' id='word_1_812' title='bbox 172 5283 353 5331; x_wconf 85' lang='lat' dir='ltr'><strong>nostris</strong></span> <span class='ocrx_word' id='word_1_813' title='bbox 402 5288 455 5333; x_wconf 90' lang='lat' dir='ltr'><strong>et</strong></span> <span class='ocrx_word' id='word_1_814' title='bbox 504 5286 558 5333; x_wconf 91' lang='lat' dir='ltr'><strong>in</strong></span> <span class='ocrx_word' id='word_1_815' title='bbox 619 5287 743 5335; x_wconf 87' lang='lat' dir='ltr'><strong>octo</strong></span> <span class='ocrx_word' id='word_1_816' title='bbox 788 5287 1127 5350; x_wconf 85' lang='lat' dir='ltr'><strong>Anglicanis.</strong></span> <span class='ocrx_word' id='word_1_817' title='bbox 1181 5286 1342 5337; x_wconf 89' lang='lat' dir='ltr'><strong>Certe</strong></span> <span class='ocrx_word' id='word_1_818' title='bbox 1391 5285 1606 5336; x_wconf 89' lang='lat' dir='ltr'><strong>videtur</strong></span> <span class='ocrx_word' id='word_1_819' title='bbox 1662 5298 1768 5334; x_wconf 91' lang='lat' dir='ltr'><strong>non</strong></span> 
     </span>
    </p>
   </div>
   <div class='ocr_carea' id='block_1_101' title="bbox 174 5355 1777 5408">
    <p class='ocr_par' dir='ltr' id='par_1_101' title="bbox 174 5355 1777 5408">
     <span class='ocr_line' id='line_1_101' title="bbox 174 5355 1777 5408; baseline -0.001 -6"><span class='ocrx_word' id='word_1_820' title='bbox 174 5362 277 5402; x_wconf 78' lang='lat' dir='ltr'><strong>esse</strong></span> <span class='ocrx_word' id='word_1_821' title='bbox 324 5357 649 5406; x_wconf 88' lang='lat' dir='ltr'><strong>necessaria.</strong></span> <span class='ocrx_word' id='word_1_822' title='bbox 707 5355 987 5408; x_wconf 64' lang='lat' dir='ltr'><strong>Craterum</strong></span> <span class='ocrx_word' id='word_1_823' title='bbox 1052 5358 1325 5408; x_wconf 86' lang='lat' dir='ltr'><strong>vocabulo</strong></span> <span class='ocrx_word' id='word_1_824' title='bbox 1376 5356 1777 5407; x_wconf 74' lang='lat' dir='ltr'><strong>resurrectionis</strong></span> 
     </span>
    </p>
   </div>
   <div class='ocr_carea' id='block_1_102' title="bbox 176 5425 1774 5493">
    <p class='ocr_par' dir='ltr' id='par_1_102' title="bbox 176 5425 1774 5493">
     <span class='ocr_line' id='line_1_102' title="bbox 176 5425 1774 5493; baseline 0.003 -24"><span class='ocrx_word' id='word_1_825' title='bbox 176 5425 243 5471; x_wconf 88' lang='lat' dir='ltr'><strong>uti</strong></span> <span class='ocrx_word' id='word_1_826' title='bbox 270 5426 459 5476; x_wconf 90' lang='lat' dir='ltr'><strong>nolunt</strong></span> <span class='ocrx_word' id='word_1_827' title='bbox 499 5426 853 5479; x_wconf 84' lang='lat' dir='ltr'><strong>Cioeroniani</strong></span> <span class='ocrx_word' id='word_1_828' title='bbox 889 5433 943 5479; x_wconf 88' lang='lat' dir='ltr'><strong>et</strong></span> <span class='ocrx_word' id='word_1_829' title='bbox 982 5430 1075 5493; x_wconf 86' lang='lat' dir='ltr'><strong>qui</strong></span> <span class='ocrx_word' id='word_1_830' title='bbox 1122 5429 1262 5478; x_wconf 86' lang='lat' dir='ltr'><strong>nihil</strong></span> <span class='ocrx_word' id='word_1_831' title='bbox 1302 5432 1543 5481; x_wconf 83' lang='lat' dir='ltr'><strong>scribere</strong></span> <span class='ocrx_word' id='word_1_832' title='bbox 1580 5427 1774 5476; x_wconf 86' lang='lat' dir='ltr'><strong>volunt</strong></span> 
     </span>
    </p>
   </div>
   <div class='ocr_carea' id='block_1_103' title="bbox 176 5496 1776 5563">
    <p class='ocr_par' dir='ltr' id='par_1_103' title="bbox 176 5496 1776 5563">
     <span class='ocr_line' id='line_1_103' title="bbox 176 5496 1776 5563; baseline 0.001 -17"><span class='ocrx_word' id='word_1_833' title='bbox 176 5496 305 5556; x_wconf 83' lang='lat' dir='ltr'><strong>quod</strong></span> <span class='ocrx_word' id='word_1_834' title='bbox 340 5512 449 5548; x_wconf 88' lang='lat' dir='ltr'><strong>non</strong></span> <span class='ocrx_word' id='word_1_835' title='bbox 497 5501 567 5549; x_wconf 86' lang='lat' dir='ltr'><strong>sit</strong></span> <span class='ocrx_word' id='word_1_836' title='bbox 598 5513 752 5563; x_wconf 73' lang='lat' dir='ltr'><strong>purae</strong></span> <span class='ocrx_word' id='word_1_837' title='bbox 787 5500 1092 5550; x_wconf 86' lang='lat' dir='ltr'><strong>latinitatis.</strong></span> <span class='ocrx_word' id='word_1_838' title='bbox 1132 5503 1207 5551; x_wconf 79' lang='lat' dir='ltr'><strong>At</strong></span> <span class='ocrx_word' id='word_1_839' title='bbox 1240 5500 1558 5560; x_wconf 88' lang='lat' dir='ltr'><strong>Christiani,</strong></span> <span class='ocrx_word' id='word_1_840' title='bbox 1600 5498 1776 5548; x_wconf 89' lang='lat' dir='ltr'><strong>homi-</strong></span> 
     </span>
    </p>
   </div>
   <div class='ocr_carea' id='block_1_104' title="bbox 178 5570 1775 5636">
    <p class='ocr_par' dir='ltr' id='par_1_104' title="bbox 178 5570 1775 5636">
     <span class='ocr_line' id='line_1_104' title="bbox 178 5570 1775 5636; baseline 0.004 -23"><span class='ocrx_word' id='word_1_841' title='bbox 178 5577 261 5615; x_wconf 88' lang='lat' dir='ltr'><strong>nes</strong></span> <span class='ocrx_word' id='word_1_842' title='bbox 294 5570 565 5632; x_wconf 81' lang='lat' dir='ltr'><strong>simplices</strong></span> <span class='ocrx_word' id='word_1_843' title='bbox 601 5575 655 5622; x_wconf 88' lang='lat' dir='ltr'><strong>et</strong></span> <span class='ocrx_word' id='word_1_844' title='bbox 696 5584 879 5622; x_wconf 84' lang='lat' dir='ltr'><strong>rerum</strong></span> <span class='ocrx_word' id='word_1_845' title='bbox 923 5572 1100 5635; x_wconf 89' lang='lat' dir='ltr'><strong>magis</strong></span> <span class='ocrx_word' id='word_1_846' title='bbox 1134 5586 1301 5636; x_wconf 86' lang='lat' dir='ltr'><strong>quam</strong></span> <span class='ocrx_word' id='word_1_847' title='bbox 1343 5571 1637 5621; x_wconf 87' lang='lat' dir='ltr'><strong>verborum</strong></span> <span class='ocrx_word' id='word_1_848' title='bbox 1678 5584 1775 5620; x_wconf 85' lang='lat' dir='ltr'><strong>cu-</strong></span> 
     </span>
    </p>
   </div>
   <div class='ocr_carea' id='block_1_105' title="bbox 179 5637 1777 5708">
    <p class='ocr_par' dir='ltr' id='par_1_105' title="bbox 179 5637 1777 5708">
     <span class='ocr_line' id='line_1_105' title="bbox 179 5637 1777 5708; baseline 0.005 -25"><span class='ocrx_word' id='word_1_849' title='bbox 179 5637 308 5708; x_wconf 84' lang='lat' dir='ltr'><strong>riosi,</strong></span> <span class='ocrx_word' id='word_1_850' title='bbox 331 5642 680 5692; x_wconf 88' lang='lat' dir='ltr'><strong>crediderunt</strong></span> <span class='ocrx_word' id='word_1_851' title='bbox 709 5643 815 5693; x_wconf 79' lang='lat' dir='ltr'><strong>sihi</strong></span> <span class='ocrx_word' id='word_1_852' title='bbox 843 5643 1011 5694; x_wconf 90' lang='lat' dir='ltr'><strong>licere</strong></span> <span class='ocrx_word' id='word_1_853' title='bbox 1045 5644 1123 5692; x_wconf 89' lang='lat' dir='ltr'><strong>uti</strong></span> <span class='ocrx_word' id='word_1_854' title='bbox 1162 5643 1436 5694; x_wconf 83' lang='lat' dir='ltr'><strong>vocabulo</strong></span> <span class='ocrx_word' id='word_1_855' title='bbox 1466 5656 1577 5708; x_wconf 90' lang='lat' dir='ltr'><strong>quo</strong></span> <span class='ocrx_word' id='word_1_856' title='bbox 1611 5643 1777 5692; x_wconf 90' lang='lat' dir='ltr'><strong>unico</strong></span> 
     </span>
    </p>
   </div>
   <div class='ocr_carea' id='block_1_106' title="bbox 179 5707 1779 5778">
    <p class='ocr_par' dir='ltr' id='par_1_106' title="bbox 179 5707 1779 5778">
     <span class='ocr_line' id='line_1_106' title="bbox 179 5707 1779 5778; baseline 0.001 -19"><span class='ocrx_word' id='word_1_857' title='bbox 179 5707 526 5770; x_wconf 78' lang='lat' dir='ltr'><strong>signiﬁcarent</strong></span> <span class='ocrx_word' id='word_1_858' title='bbox 567 5714 807 5764; x_wconf 87' lang='lat' dir='ltr'><strong>reditum</strong></span> <span class='ocrx_word' id='word_1_859' title='bbox 856 5713 1062 5766; x_wconf 87' lang='lat' dir='ltr'><strong>Christi</strong></span> <span class='ocrx_word' id='word_1_860' title='bbox 1108 5715 1179 5765; x_wconf 89' lang='lat' dir='ltr'><strong>ad</strong></span> <span class='ocrx_word' id='word_1_861' title='bbox 1226 5717 1418 5766; x_wconf 84' lang='lat' dir='ltr'><strong>vitam.</strong></span> <span class='ocrx_word' id='word_1_862' title='bbox 1456 5715 1648 5778; x_wconf 82' lang='lat' dir='ltr'><strong>Itaque</strong></span> <span class='ocrx_word' id='word_1_863' title='bbox 1688 5712 1779 5762; x_wconf 84' lang='lat' dir='ltr'><strong>di-</strong></span> 
     </span>
    </p>
   </div>
   <div class='ocr_carea' id='block_1_107' title="bbox 183 5784 1777 5854">
    <p class='ocr_par' dir='ltr' id='par_1_107' title="bbox 183 5784 1777 5854">
     <span class='ocr_line' id='line_1_107' title="bbox 183 5784 1777 5854; baseline 0.004 -27"><span class='ocrx_word' id='word_1_864' title='bbox 183 5788 358 5832; x_wconf 80' lang='lat' dir='ltr'><strong>xerunt</strong></span> <span class='ocrx_word' id='word_1_865' title='bbox 396 5788 840 5838; x_wconf 80' lang='lat' dir='ltr'><strong>resurrectionem.</strong></span> <span class='ocrx_word' id='word_1_866' title='bbox 881 5786 1029 5837; x_wconf 84' lang='lat' dir='ltr'><strong>Nihil</strong></span> <span class='ocrx_word' id='word_1_867' title='bbox 1078 5787 1358 5854; x_wconf 86' lang='lat' dir='ltr'><strong>vulgatius</strong></span> <span class='ocrx_word' id='word_1_868' title='bbox 1392 5787 1449 5836; x_wconf 90' lang='lat' dir='ltr'><strong>in</strong></span> <span class='ocrx_word' id='word_1_869' title='bbox 1492 5784 1646 5835; x_wconf 87' lang='lat' dir='ltr'><strong>libris</strong></span> <span class='ocrx_word' id='word_1_870' title='bbox 1677 5796 1777 5834; x_wconf 87' lang='lat' dir='ltr'><strong>ve-</strong></span> 
     </span>
    </p>
   </div>
   <div class='ocr_carea' id='block_1_108' title="bbox 1937 5140 3503 5209">
    <p class='ocr_par' dir='ltr' id='par_1_108' title="bbox 1937 5140 3503 5209">
     <span class='ocr_line' id='line_1_108' title="bbox 1937 5140 3503 5209; baseline 0.003 -17"><span class='ocrx_word' id='word_1_871' title='bbox 1937 5142 2032 5204; x_wconf 78' lang='lat'><strong>(29)</strong></span> <span class='ocrx_word' id='word_1_872' title='bbox 2054 5143 2411 5206; x_wconf 71' lang='lat' dir='ltr'><strong>Expellantur.</strong></span> <span class='ocrx_word' id='word_1_873' title='bbox 2433 5141 2621 5193; x_wconf 87' lang='lat' dir='ltr'><strong>Codex</strong></span> <span class='ocrx_word' id='word_1_874' title='bbox 2639 5140 3187 5207; x_wconf 83' lang='lat' dir='ltr'><strong>GratianOpolitanus</strong></span> <span class='ocrx_word' id='word_1_875' title='bbox 3209 5145 3503 5209; x_wconf 77' lang='lat' dir='ltr'><strong>ejicientur.</strong></span> 
     </span>
    </p>
   </div>
   <div class='ocr_carea' id='block_1_109' title="bbox 1873 5214 2587 5277">
    <p class='ocr_par' dir='ltr' id='par_1_109' title="bbox 1873 5214 2587 5277">
     <span class='ocr_line' id='line_1_109' title="bbox 1873 5214 2587 5277; baseline -0.003 -13"><span class='ocrx_word' id='word_1_876' title='bbox 1873 5214 2270 5277; x_wconf 84' lang='lat' dir='ltr'><strong>Lamonianus,</strong></span> <span class='ocrx_word' id='word_1_877' title='bbox 2301 5216 2587 5264; x_wconf 84' lang='lat' dir='ltr'><strong>mittentur.</strong></span> 
     </span>
    </p>
   </div>
   <div class='ocr_carea' id='block_1_110' title="bbox 1932 5281 3507 5350">
    <p class='ocr_par' dir='ltr' id='par_1_110' title="bbox 1932 5281 3507 5350">
     <span class='ocr_line' id='line_1_110' title="bbox 1932 5281 3507 5350; baseline 0.003 -17"><span class='ocrx_word' id='word_1_878' title='bbox 1932 5286 2030 5344; x_wconf 87' lang='lat'><strong>(30)</strong></span> <span class='ocrx_word' id='word_1_879' title='bbox 2076 5285 2334 5335; x_wconf 82' lang='lat' dir='ltr'><strong>Addimus</strong></span> <span class='ocrx_word' id='word_1_880' title='bbox 2372 5298 2594 5350; x_wconf 86' lang='lat' dir='ltr'><strong>quoque.</strong></span> <span class='ocrx_word' id='word_1_881' title='bbox 2644 5284 2792 5336; x_wconf 88' lang='lat' dir='ltr'><strong>Citat</strong></span> <span class='ocrx_word' id='word_1_882' title='bbox 2845 5281 3006 5337; x_wconf 17' lang='lat' dir='ltr'><strong>hunc.</strong></span> <span class='ocrx_word' id='word_1_883' title='bbox 3037 5287 3225 5337; x_wconf 90' lang='lat' dir='ltr'><strong>locum</strong></span> <span class='ocrx_word' id='word_1_884' title='bbox 3277 5292 3507 5340; x_wconf 87' lang='lat' dir='ltr'><strong>sanctus</strong></span> 
     </span>
    </p>
   </div>
   <div class='ocr_carea' id='block_1_111' title="bbox 1875 5355 3506 5424">
    <p class='ocr_par' dir='ltr' id='par_1_111' title="bbox 1875 5355 3506 5424">
     <span class='ocr_line' id='line_1_111' title="bbox 1875 5355 3506 5424; baseline 0.002 -17"><span class='ocrx_word' id='word_1_885' title='bbox 1875 5356 2226 5420; x_wconf 87' lang='lat' dir='ltr'><strong>Augustinus</strong></span> <span class='ocrx_word' id='word_1_886' title='bbox 2266 5355 2361 5405; x_wconf 88' lang='lat' dir='ltr'><strong>lib.</strong></span> <span class='ocrx_word' id='word_1_887' title='bbox 2403 5369 2458 5407; x_wconf 83' lang='lat' dir='ltr'><strong>IV</strong></span> <span class='ocrx_word' id='word_1_888' title='bbox 2488 5361 2674 5406; x_wconf 83' lang='lat' dir='ltr'><strong>contra</strong></span> <span class='ocrx_word' id='word_1_889' title='bbox 2713 5356 2849 5406; x_wconf 87' lang='lat' dir='ltr'><strong>duas</strong></span> <span class='ocrx_word' id='word_1_890' title='bbox 2884 5357 3145 5421; x_wconf 85' lang='lat' dir='ltr'><strong>Epistolas</strong></span> <span class='ocrx_word' id='word_1_891' title='bbox 3187 5358 3506 5424; x_wconf 82' lang='lat' dir='ltr'><strong>Pelagiano-</strong></span> 
     </span>
    </p>
   </div>
   <div class='ocr_carea' id='block_1_112' title="bbox 1875 5432 2239 5492">
    <p class='ocr_par' dir='ltr' id='par_1_112' title="bbox 1875 5432 2239 5492">
     <span class='ocr_line' id='line_1_112' title="bbox 1875 5432 2239 5492; baseline 0 -13"><span class='ocrx_word' id='word_1_892' title='bbox 1875 5444 2013 5490; x_wconf 82' lang='lat' dir='ltr'><strong>rum,</strong></span> <span class='ocrx_word' id='word_1_893' title='bbox 2041 5442 2161 5492; x_wconf 83' lang='lat' dir='ltr'><strong>cap.</strong></span> <span class='ocrx_word' id='word_1_894' title='bbox 2193 5432 2239 5479; x_wconf 91' lang='lat'><strong>9.</strong></span> 
     </span>
    </p>
   </div>
   <div class='ocr_carea' id='block_1_113' title="bbox 1940 5501 3330 5566">
    <p class='ocr_par' dir='ltr' id='par_1_113' title="bbox 1940 5501 3330 5566">
     <span class='ocr_line' id='line_1_113' title="bbox 1940 5501 3330 5566; baseline 0.001 -16"><span class='ocrx_word' id='word_1_895' title='bbox 1940 5502 2034 5564; x_wconf 75' lang='lat' dir='ltr'><strong>(3i)</strong></span> <span class='ocrx_word' id='word_1_896' title='bbox 2065 5502 2122 5550; x_wconf 90' lang='lat' dir='ltr'><strong>In</strong></span> <span class='ocrx_word' id='word_1_897' title='bbox 2148 5502 2450 5566; x_wconf 62' lang='lat' dir='ltr'><strong>quastione.</strong></span> <span class='ocrx_word' id='word_1_898' title='bbox 2482 5502 2624 5551; x_wconf 86' lang='lat' dir='ltr'><strong>Vide</strong></span> <span class='ocrx_word' id='word_1_899' title='bbox 2650 5505 2809 5551; x_wconf 85' lang='lat' dir='ltr'><strong>notes</strong></span> <span class='ocrx_word' id='word_1_900' title='bbox 2837 5501 2907 5551; x_wconf 87' lang='lat' dir='ltr'><strong>ad</strong></span> <span class='ocrx_word' id='word_1_901' title='bbox 2932 5502 3222 5565; x_wconf 87' lang='lat' dir='ltr'><strong>epistolam</strong></span> <span class='ocrx_word' id='word_1_902' title='bbox 3251 5503 3330 5552; x_wconf 69' lang='lat' dir='ltr'><strong>2t.</strong></span> 
     </span>
    </p>
   </div>
   <div class='ocr_carea' id='block_1_114' title="bbox 1942 5572 3506 5636">
    <p class='ocr_par' dir='ltr' id='par_1_114' title="bbox 1942 5572 3506 5636">
     <span class='ocr_line' id='line_1_114' title="bbox 1942 5572 3506 5636; baseline 0 -13"><span class='ocrx_word' id='word_1_903' title='bbox 1942 5573 2037 5635; x_wconf 70' lang='lat'><strong>(32)</strong></span> <span class='ocrx_word' id='word_1_904' title='bbox 2072 5573 2218 5622; x_wconf 83' lang='lat' dir='ltr'><strong>Fieri</strong></span> <span class='ocrx_word' id='word_1_905' title='bbox 2246 5577 2421 5623; x_wconf 85' lang='lat' dir='ltr'><strong>autem</strong></span> <span class='ocrx_word' id='word_1_906' title='bbox 2445 5573 2683 5636; x_wconf 85' lang='lat' dir='ltr'><strong>petimus.</strong></span> <span class='ocrx_word' id='word_1_907' title='bbox 2710 5572 2858 5623; x_wconf 88' lang='lat' dir='ltr'><strong>Citat</strong></span> <span class='ocrx_word' id='word_1_908' title='bbox 2884 5573 3037 5625; x_wconf 88' lang='lat' dir='ltr'><strong>hunc</strong></span> <span class='ocrx_word' id='word_1_909' title='bbox 3062 5574 3248 5625; x_wconf 90' lang='lat' dir='ltr'><strong>locum</strong></span> <span class='ocrx_word' id='word_1_910' title='bbox 3280 5577 3506 5624; x_wconf 88' lang='lat' dir='ltr'><strong>sanctus</strong></span> 
     </span>
    </p>
   </div>
   <div class='ocr_carea' id='block_1_115' title="bbox 1880 5641 3506 5707">
    <p class='ocr_par' dir='ltr' id='par_1_115' title="bbox 1880 5641 3506 5707">
     <span class='ocr_line' id='line_1_115' title="bbox 1880 5641 3506 5707; baseline 0.001 -12"><span class='ocrx_word' id='word_1_911' title='bbox 1880 5645 2230 5707; x_wconf 81' lang='lat' dir='ltr'><strong>Augustinus</strong></span> <span class='ocrx_word' id='word_1_912' title='bbox 2276 5644 2331 5692; x_wconf 85' lang='lat' dir='ltr'><strong>in</strong></span> <span class='ocrx_word' id='word_1_913' title='bbox 2367 5641 2509 5692; x_wconf 90' lang='lat' dir='ltr'><strong>libro</strong></span> <span class='ocrx_word' id='word_1_914' title='bbox 2558 5655 2689 5692; x_wconf 86' lang='lat' dir='ltr'><strong>mox</strong></span> <span class='ocrx_word' id='word_1_915' title='bbox 2735 5644 2965 5696; x_wconf 89' lang='lat' dir='ltr'><strong>laudato</strong></span> <span class='ocrx_word' id='word_1_916' title='bbox 3005 5650 3063 5695; x_wconf 90' lang='lat' dir='ltr'><strong>et</strong></span> <span class='ocrx_word' id='word_1_917' title='bbox 3090 5645 3185 5695; x_wconf 87' lang='lat' dir='ltr'><strong>lib.</strong></span> <span class='ocrx_word' id='word_1_918' title='bbox 3232 5659 3265 5694; x_wconf 84' lang='grc' dir='ltr'>ιι</span> <span class='ocrx_word' id='word_1_919' title='bbox 3319 5650 3506 5696; x_wconf 86' lang='lat' dir='ltr'><strong>contra</strong></span> 
     </span>
    </p>
   </div>
   <div class='ocr_carea' id='block_1_116' title="bbox 1877 5714 2782 5781">
    <p class='ocr_par' dir='ltr' id='par_1_116' title="bbox 1877 5714 2782 5781">
     <span class='ocr_line' id='line_1_116' title="bbox 1877 5714 2782 5781; baseline 0.006 -19"><span class='ocrx_word' id='word_1_920' title='bbox 1877 5715 2160 5765; x_wconf 77' lang='lat' dir='ltr'><strong>lulianum</strong></span> <span class='ocrx_word' id='word_1_921' title='bbox 2193 5714 2558 5779; x_wconf 81' lang='lat' dir='ltr'><strong>Pelagianum,</strong></span> <span class='ocrx_word' id='word_1_922' title='bbox 2585 5728 2703 5781; x_wconf 88' lang='lat' dir='ltr'><strong>cap.</strong></span> <span class='ocrx_word' id='word_1_923' title='bbox 2734 5715 2782 5767; x_wconf 86' lang='lat'><strong>3.</strong></span> 
     </span>
    </p>
   </div>
  </div>
