3978 6194
470 266 570 323 347

1386 255 1439 312 S.
1484 252 1793 311 CYPBIANI
1835 255 2108 310 ()PERUM
2149 255 2319 309 PARS
2361 255 2426 309 ll.
2456 284 2523 292 -—
2552 248 2923 310 OPUSCULA.
3166 322 3169 325 ν
3683 262 3773 314 548

470 392 732 465 spiritum
784 385 1136 455 colluctatio,
1192 388 1249 441 et
1302 381 1760 439 discordantibus
1818 380 2086 436 adverSus
2108 380 2452 465 Ainimicos
2501 379 2741 450 diligere
2777 384 2832 434 et
2878 395 2983 450 pro
3030 378 3097 432 iis
3138 394 3361 450 quoque
3403 381 3495 451 qui
3536 397 3631 436 nos
3676 385 3773 452 (35)

469 503 528 540 se
586 484 833 538 invicem
877 480 1209 552 quotidiana
1265 477 1623 547 congressio,
1680 480 1744 530 ut
1796 493 1906 529 non
1963 492 2090 545 quae

474 576 663 652 530
695 576 954 631 volumus
994 575 1111 645 ipsa
1143 574 1435 640 faciamus,
1469 573 1605 627 dum
1651 571 1878 642 spiritus
1906 572 2093 625 cmles-

472 675 550 726 tia
609 674 666 725 et
712 670 901 725 divina
946 668 1171 739 quaerit,
1231 684 1363 722 caro
1424 670 1654 721 terrena
1700 672 1751 718 et
1803 664 2092 717 saecularia

471 764 835 835 concupiscit.
876 764 941 817 Et
969 761 1096 815 ideo
1122 760 1374 832 petimus
1409 760 1665 831 impense
1713 760 1755 793 “
1802 758 1908 827 (33)
1942 757 2094 811 inter

473 859 587 914 duo
613 859 722 913 ista
750 873 855 928 ope
880 861 936 911 et
956 854 1167 909 auxilio
1188 854 1287 908 Dei
1315 853 1678 909 concordiam
1700 851 1844 919 fieri,
1866 854 1927 904 ut
1951 851 2088 904 dum

472 955 529 1007 et
556 953 614 1006 in
646 950 849 1022 spiritu
878 954 933 1004 et
962 949 1020 1002 in
1065 964 1235 1003 carne
1263 949 1520 1001 voluntas
1559 946 1656 999 Dei
1693 944 1930 1015 geritur,
1964 959 2091 1014 quas

470 1063 576 1118 per
617 1061 747 1099 eum
790 1046 983 1097 renata
1024 1048 1108 1096 est
1149 1040 1338 1095 anima
1384 1044 1665 1094 servetur.
1698 1038 1854 1102 Quod
1897 1041 2093 1108 aperte

480 1146 648 1211 atque
707 1136 1013 1191 manifeste
1063 1134 1111 1169 ⁸³
1175 1133 1464 1206 apostolus
1529 1131 1732 1186 Paulus
1794 1146 1896 1184 sua
1960 1146 2091 1184 voce

475 1231 726 1288 declarat
764 1247 777 1284 :
820 1229 977 1290 Caro,
1021 1228 1227 1298 inquit,
1263 1226 1589 1296 concupiscit
1628 1224 1887 1279 adversus
1922 1225 2087 1293 spiri-

472 1332 608 1392 tum,
636 1329 686 1379 et
711 1325 935 1393 spiritus
978 1321 1234 1375 adversus
1275 1334 1505 1374 carnem.
1537 1321 1661 1373 Haec
1696 1319 1837 1372 enim
1868 1318 2091 1371 invicem

472 1420 834 1474 adversantur
874 1415 997 1477 sibi,
1048 1420 1109 1469 ut
1159 1429 1265 1468 non
1306 1428 1428 1482 quae
1469 1412 1635 1466 vultis
1677 1414 1800 1481 ipsa
1844 1412 2088 1478 faciatis.

472 1514 766 1578 Manifesta
823 1513 1000 1563 autem
1052 1511 1177 1561 sunt
1228 1521 1392 1577 opera
1439 1506 1486 1539 ⁸³
1537 1506 1714 1559 carnis
1738 1545 1751 1571 ,
1802 1519 1924 1573 qua
1965 1511 2091 1558 sunt

472 1606 746 1659 adulteria
766 1646 779 1670 ,
843 1603 1228 1669 fornicationes
1253 1642 1265 1665 ,
1327 1598 1682 1653 immunditia
1704 1640 1718 1663 ,
1776 1597 2052 1667 spurcitiae
2074 1640 2088 1667 ,

470 1700 808 1763 idololatria,
849 1697 1120 1764 veneﬁcia,
1165 1693 1474 1755 homicidia,
1511 1693 1832 1753 inimicitia,
1873 1698 2087 1747 conten-

2191 477 2611 551 persequuntur
2649 489 2834 539 orare,
2869 478 3124 543 petamus
3169 479 3227 527 et
3270 490 3372 544 pro
3417 474 3523 527 illis
3563 476 3655 546 qui
3688 477 3774 531 ad-

2192 568 2299 622 huc
2337 575 2488 622 terra
2535 573 2667 622 sunt
2694 568 2741 601 ιδ
2779 573 2835 622 et
2881 568 3122 622 necdum
3167 568 3420 623 ctelestes
3459 585 3575 624 esse
3613 586 3776 634 coepe-

2192 664 2345 729 runt,
2406 665 2467 714 ut
2516 667 2571 716 et
2621 663 2768 716 circa
2822 663 2947 716 illos
3006 660 3262 715 voluntas
3310 662 3401 716 Dei
3454 662 3571 723 ﬁat,
3627 680 3779 734 quam

2189 754 2443 810 Christus
2494 754 2790 810 hominem
2829 754 3220 810 conservando
3275 757 3331 807 et
3368 753 3779 825 redintegrando

2192 848 2446 918 perfecit.
2490 849 2651 916 Nam,
2680 865 2810 903 cum
2843 847 3103 918 discipuli
3141 848 3211 902 ab
3252 863 3319 903 eo
3362 864 3473 902 non
3508 848 3620 919 jam
3655 856 3782 905 terra

2192 942 2567 1012 appellentur,
2601 942 2699 996 sed
2742 943 2826 997 sal
2868 948 3025 997 terra?
3068 942 3310 1012 (Matth.,
3340 957 3392 1009 v,
3426 942 3530 1009 l3),
3563 945 3619 996 et
3655 947 3780 1014 Apo-

2193 1036 2366 1089 stolus
2392 1036 2644 1107 primum
2680 1036 2978 1091 hominem
3025 1041 3186 1090 vocet
3230 1035 3301 1089 de
3341 1041 3506 1091 terra;
3534 1036 3681 1102 limo,
3706 1053 3782 1091 se-

2191 1128 2444 1183 cundum
2496 1145 2630 1184 vero
2687 1128 2756 1183 de
2805 1130 2966 1196 ccelo,
3016 1129 3218 1183 merito
3271 1132 3331 1183 et
3383 1144 3503 1196 nos,
3546 1129 3648 1200 qui
3680 1146 3785 1185 esse

2191 1222 2466 1277 debemus
2512 1222 2655 1293 patri
2707 1224 2817 1277 Deo
2864 1222 3101 1292 similes,
3150 1222 3248 1293 qui
3290 1223 3451 1277 solem
3486 1238 3634 1277 suum
3675 1226 3791 1279 oriri

2190 1318 2328 1383 facit
2372 1332 2534 1386 super
2576 1317 2732 1371 bonos
2756 1324 2807 1371 et
2854 1318 3022 1371 malos
3066 1323 3118 1370 et
3161 1317 3313 1386 pluit
3365 1331 3523 1386 super
3559 1318 3717 1385 justas
3743 1324 3788 1372 et

2192 1411 2422 1478 injustas
2481 1411 2723 1479 (Malm,
2784 1427 2836 1475 v,
2890 1410 3003 1478 45),
3072 1411 3185 1478 sic,
3244 1410 3468 1466 Christo
3519 1416 3783 1475 monente,

2193 1519 2423 1558 oramus
2455 1508 2509 1557 et
2550 1504 2796 1574 petimus
2825 1508 2889 1557 ut
2918 1519 3147 1574 precem
3190 1520 3292 1574 pro
3332 1505 3591 1558 omnium
3629 1504 3783 1559 salute

2189 1597 2503 1663 faciamus;
2551 1600 2630 1663 ut,
2667 1596 2959 1667 quomodo
3006 1597 3061 1651 in
3100 1598 3259 1665 caelo,
3293 1597 3352 1651 id
3399 1602 3500 1663 est,
3528 1598 3584 1651 in
3621 1597 3783 1665 nobis,

2193 1707 2294 1762 per
2338 1691 2509 1745 fidem
2555 1693 2809 1745 nostram
2844 1692 3099 1745 voluntas
3130 1691 3227 1744 Dei
3254 1690 3404 1744 facta
3446 1695 3529 1745 est
3564 1694 3623 1745 ut
3654 1706 3785 1745 esse-

474 1794 662 1854 tiones,
742 1790 1125 1849 aemulationes,
1211 1788 1597 1847 animositates,
1670 1758 2321 1854 provocationes,Bmus
2360 1802 2390 1838 e
2434 1784 2591 1849 coelo,
2617 1783 2696 1839 ita
2742 1787 2800 1838 et
2838 1785 2899 1838 in
2943 1787 3117 1850 terra,
3163 1786 3270 1839 hoc
3316 1789 3404 1838 est
3444 1785 3501 1838 in
3540 1783 3642 1838 illis
3686 1801 3785 1838 non

470 1886 791 1951 simultates,
839 1884 1215 1944 dissensiones,
1244 1883 1484 1941 hareses,
1513 1879 1752 1941 invidiae,
1791 1880 2089 1944 ebrietates,

470 1981 868 2034 comessationes
892 2018 904 2038 ,
960 1983 1010 2031 et
1059 1977 1139 2030 his
1190 1975 1426 2036 similia,
1487 1988 1608 2041 quae
1653 1973 1888 2042 praedico
1943 1976 2092 2029 vobis

468 2075 609 2128 sicut
628 2072 890 2141 praedixi,
921 2073 1178 2140 quoniam
1204 2071 1301 2139 qui
1340 2068 1479 2123 talia
1517 2072 1693 2137 agunt
1730 2082 1958 2135 regnum
1997 2071 2094 2123 Dei

469 2181 577 2220 non
609 2165 979 2236 possidebunt.
1023 2166 1255 2219 Fructus
1295 2172 1475 2221 autem
1516 2168 1744 2237 spiritus
1791 2169 1867 2220 est
1912 2167 2089 2220 chari-

470 2265 555 2314 tas
582 2260 651 2329 “,
694 2259 974 2328 gaudium,
1013 2274 1150 2329 pate,
1195 2262 1641 2329 magnanimitas,
1682 2260 1908 2323 bonitas,
1937 2260 2088 2329 fides,

465 2353 847 2421 mansuetudo,
879 2354 1230 2414 continentia,
1273 2357 1496 2410 castitas
1535 2355 1762 2423 (Galat.,
1793 2370 1846 2416 v,
1880 2353 2088 2424 17-22).

469 2446 537 2501 Et
562 2445 774 2500 idcirco
803 2445 1170 2516 quotidianis,
1198 2446 1376 2501 immo
1415 2447 1702 2502 continuis
1741 2447 2092 2502 orationibus

460 2540 579 2594 hoc
621 2555 943 2610 precamur,
972 2545 1031 2593 et
1074 2540 1130 2593 in
1178 2540 1316 2594 ccelo
1349 2544 1406 2595 et
1444 2540 1501 2594 in
1543 2544 1698 2595 terra
1742 2540 2090 2597 voluntatem

404 2624 407 2631 ’
468 2632 617 2687 circa
660 2648 763 2687 nos
802 2632 901 2687 Dei
947 2632 1093 2701 ﬁeri,
1126 2634 1262 2704 quia
1293 2634 1414 2688 haec
1462 2640 1545 2688 est
1581 2634 1843 2689 voluntas
1882 2634 1997 2703 Dei,
2031 2642 2091 2690 ut

465 2729 694 2781 terrena
755 2725 1075 2781 ccelestibus
1139 2726 1380 2795 cedant,
1444 2726 1716 2798 spiritalia
1779 2730 1835 2783 et
1897 2728 2090 2784 divina

359 2833 368 2841 ·
467 2820 830 2890 praevaleant.

535 2913 691 2968 XVII.
723 2915 911 2969 Potest
936 2916 994 2969 et
1030 2914 1107 2968 sic
1148 2914 1393 2986 intelligi
1426 2916 1562 2987 (34),
1591 2916 1798 2972 fratres
1834 2916 2084 2972 dilectis-

466 3003 618 3074 simi,
645 3008 1016 3079 ut,queniam
1048 3009 1281 3063 mandat
1308 3013 1361 3063 et
1395 3013 1592 3065 monet
1615 3010 1882 3065 Dominus
1915 3012 2086 3066 etiam

2194 1878 2558 1933 credentibus
2589 1880 2637 1911 ⁴⁸
2670 1878 2799 1947 (36),
2830 1878 2931 1932 ﬁat
2958 1879 3222 1933 voluntas
3247 1879 3365 1943 Dei,
3398 1881 3459 1932 ut
3495 1879 3589 1949 qui
3623 1878 3787 1932 adhuc

2194 1978 2324 2026 sunt
2351 1972 2534 2043 prima
2561 1971 2852 2026 nativitate
2885 1973 3119 2038 terreni,
3154 1970 3338 2044 531
3393 1971 3658 2042 incipiant
3681 1987 3787 2025 esse

2193 2068 2441 2121 caelestes
2466 2082 2532 2121 ex
2557 2082 2701 2137 aqua
2729 2069 2787 2120 et
2812 2065 3016 2137 spiritu
3046 2067 3186 2120 nati.

2263 2166 2445 2221 XVlIl.
2496 2165 2847 2219 Procedente
2894 2166 3152 2219 oratione
3195 2165 3549 2235 postulamus
3584 2169 3636 2219 et
3666 2163 3787 2217 dici-

2192 2277 2321 2315 mus
2366 2277 2377 2313 :
2432 2261 2619 2313 PANEM
2664 2274 2912 2314 noenum
2959 2275 3331 2320 ouonnmnuu
3383 2259 3490 2329 (37)
3543 2276 3607 2313 ns
3650 2273 3787 2312 NOBIS

2192 2370 2373 2409 BODIE.
2401 2353 2559 2418 Quod
2600 2355 2782 2423 potest
2810 2357 2866 2408 et
2904 2353 3239 2425 spiritaliter
3279 2358 3339 2408 et
3364 2353 3688 2425 simpliciter
3709 2352 3786 2406 in-

2190 2447 2391 2518 telligi,
2419 2444 2552 2517 quia
2600 2452 2655 2500 et
2700 2449 2939 2517 uterque
2992 2446 3315 2501 intellectus
3358 2446 3597 2501 utilitate
3622 2445 3787 2500 divina

2190 2540 2415 2611 proﬁcit
2441 2542 2510 2595 ad
2549 2540 2805 2595 salutem.
2845 2542 2988 2595 Nam
3028 2541 3190 2612 panis
3227 2541 3362 2595 vitae
3404 2540 3647 2595 Christus
3682 2544 3784 2606 est;

2192 2641 2248 2690 et
2291 2635 2453 2706 panis
2497 2634 2588 2688 hic
2628 2634 2887 2689 omnium
2928 2650 3045 2689 non
3094 2639 3197 2703 est,
3227 2634 3328 2689 sed
3374 2639 3568 2688 noster
3608 2640 3703 2687 est.
3732 2634 3788 2687 Et

2189 2728 2472 2801 quomodo
2502 2727 2740 2783 dicimus
2770 2731 2931 2783 Pater
2958 2732 3157 2791 noster,
3190 2729 3323 2799 quia
3359 2727 3787 2798 intelligentiam

2191 2827 2246 2879 et
2275 2822 2628 2878 credentium
2652 2827 2819 2894 pater
2848 2828 2954 2891 est,
2997 2823 3074 2877 sic
3115 2828 3171 2877 et
3209 2838 3409 2893 panem
3444 2826 3678 2877 nostrum
3702 2836 3788 2874 vo-

2190 2933 2404 2984 camus,
2436 2916 2571 2988 quia
2618 2916 2875 2971 Christus
2921 2932 3118 2971 eorum
3146 2918 3255 2987 (38)
3301 2916 3403 2988 qui
3445 2932 3643 2987 corpus
3685 2914 3788 2984 ejus

2191 3012 2532 3082 contingunt
2558 3012 2602 3045 ‘7
2648 3012 2809 3081 panis
2854 3017 2953 3065 est.
3008 3013 3166 3066 Hunc
3211 3017 3405 3067 autem
3449 3026 3647 3083 panem
3692 3006 3784 3077 (39)

1846 3158 2053 3224 Variae
2105 3162 2440 3225 lectiones.

525 3294 568 3327 ⁴¹
593 3292 848 3356 Impense
870 3292 1044 3356 rejicit
1074 3293 1204 3354 Lips.
1274 3294 1318 3324 ⁴²
1344 3294 1545 3356 Aperte
1576 3293 1782 3344 Paulus
1812 3296 1976 3345 Paris.
2006 3298 2127 3347 Bod.
2161 3299 2209 3358 i,
2235 3298 2282 3355 2,
2313 3297 2363 3359 3,
2393 3297 2440 3346 4.
2472 3298 2669 3346 Manut.
2737 3298 2779 3329 ⁴³
2808 3295 2973 3346 Facta
3010 3297 3116 3345 Lin.
3148 3295 3256 3346 ΝΟ.
3299 3296 3347 3345 2.
3390 3297 3554 3345 Paris.
3590 3293 3707 3345 Bod.
3745 3293 3785 3353 l,

462 3366 512 3426 3,
537 3365 583 3413 4.
612 3365 808 3414 Manut.
876 3365 919 3395 ⁴⁴
947 3366 1223 3425 Agapes...
1250 3365 1513 3422 suavitas,
1540 3363 1852 3427 benignitas
1883 3366 1991 3414 Ver.
2022 3368 2155 3415 Man.
2224 3370 2266 3399 ‘5
2295 3367 2519 3418 Terreni
2563 3370 2692 3415 sunt
2718 3368 2810 3416 Ar.
2838 3366 2921 3414 od.
2954 3368 2999 3425 l,
3035 3366 3080 3415 2.
3129 3366 3247 3415 Thu.
3281 3366 3419 3415 Foss.
3452 3365 3678 3416 Terrena
3706 3376 3784 3413 sa—

461 3436 623 3499 piunt
650 3436 778 3483 Vict.
847 3434 891 3466 4⁸
918 3433 977 3482 In
1007 3433 1117 3482 illis
1142 3433 1498 3484 credentibus
1522 3434 1647 3484 Bod.
1673 3437 1719 3497 1,
1752 3435 1802 3498 2,
1829 3436 1877 3497 3,
1900 3438 1945 3486 4.
1979 3438 2101 3487 Tha.
2138 3440 2276 3488 Foss.
2321 3439 2446 3487 Vict.
2477 3439 2611 3487 Man.
2680 3436 2721 3469 ‘7
2759 3437 2952 3488 Noster
2981 3438 3100 3501 (qui
3129 3450 3334 3500 corpus
3375 3438 3496 3500 ejus
3536 3434 3784 3499 contingi-

462 3507 611 3567 mus)
640 3506 796 3554 Oxon.

1757 3597 1980 3680 Steph.
2030 3598 2270 3663 Baluzii
2316 3605 2513 3663 notae.

527 3744 628 3809 (33)
668 3741 914 3832 Irin-pense.
964 3738 1309 3832 Adverliium
1364 3741 1471 3826 hoc
1519 3742 1772 3832 deest‘in
1806 3746 2001 3832 viginti
2029 3747 2334 3832 'etCm‘alo
2392 3746 2726 3832 medicinam
2792 3747 2973 3796 attulit
3025 3747 3070 3795 is
3111 3747 3253 3832 ‘qu‘i‘
3289 3760 3439 3832 anno
3495 3744 3640 3832 3677“
3662 3755 3784 3792 nova

461 3829 575 3866 uno
625 3814 914 3865 codicibus
963 3817 1205 3879 antiquis
1260 3820 1313 3865 et
1362 3820 1418 3864 in
1477 3818 1754 3880 excerptis
1808 3816 1974 3865 Flori.
2027 3814 2434 3869 Inueditione
2486 3818 2710 3868 donavit
2766 3822 3056 3868 tractatum
3111 3817 3416 3868 Maldonati
3480 3816 3540 3866 de
3606 3814 3785 3864 Sacra-

462 3887 705 3937 editione
749 3899 874 3951 quae
902 3886 1101 3935 dicitur
1146 3886 1333 3936 Gravii
1374 3888 1640 3951 scriptum
1679 3890 1761 3935 est
1804 3888 2089 3936 minutiori

464 3959 821 4019 charactere,
878 3961 938 4005 ut
988 3956 1211 4005 daretur
1264 3958 1495 4022 intelligi
1541 3958 1775 4007 dubium
1839 3972 1962 4009 esse
2019 3973 2087 4008 an

463 4030 689 4079 retineri
718 4027 959 4078 deberet.
998 4028 1116 4091 Ego
1156 4029 1359 4078 retinui
1403 4030 1535 4092 quia
1571 4033 1751 4079 exstat
1795 4030 1852 4079 in
1897 4029 2089 4081 codice

464 4099 844 4164 Seguieriano.
1476 4135 1479 4137 .

527 4171 626 4234 (34)
694 4170 865 4220 Potest
940 4173 987 4217 et
1050 4171 1124 4219 sic
1197 4168 1433 4233 intelligi.
1504 4170 1572 4222 Et
1646 4172 1796 4223 hunc
1864 4185 2088 4237 quoque

462 4244 648 4293 locum
709 4241 844 4292 citat
904 4243 1132 4292 sanctus
1192 4242 1535 4305 Augustinus
1603 4243 1659 4292 in
1717 4242 1965 4307 Epistola
2016 4247 2088 4296 ad

472 4312 818 4363 Valentinum.

528 4384 623 4447 (35)
654 4383 754 4432 Pro
780 4382 847 4433 iis
887 4383 984 4446 qui
1020 4395 1129 4432 nos.
1164 4383 1225 4432 Id
1270 4386 1353 4433 est
1381 4402 1407 4429 «
1457 4385 1559 4434 Pro
1602 4385 1843 4436 inimicis
1886 4388 2088 4438 nostris

462 4456 558 4521 qui
586 4453 834 4504 nondum
872 4454 930 4503 in
962 4453 1247 4505 Christum
1288 4455 1660 4516 crediderunt,
1693 4476 1715 4501 ι
1753 4469 1811 4507 ut
1850 4458 2091 4522 explicat

465 4526 809 4591 Augustinus
836 4526 892 4575 in
922 4525 1119 4576 eodem
1153 4525 1295 4577 libro
1329 4540 1387 4577 IV
1419 4533 1603 4577 contra
1646 4528 1782 4579 duas
1820 4530 2089 4593 Epistolas

463 4596 870 4659 Pelagianorum
919 4610 1040 4660 cap.
1066 4596 1143 4647 10.

524 4668 626 4729 (36)
687 4668 748 4716 In
800 4666 908 4717 illis
962 4681 1070 4717 non
1119 4669 1463 4720 credentibus.
1531 4671 1760 4735 Negatio
1824 4672 1979 4723 deest
2033 4674 2085 4723 in

461 4737 719 4787 omnibus
760 4737 873 4787 fere
926 4737 1080 4788 libris
1132 4742 1334 4790 nostris
1381 4744 1434 4789 et
1484 4742 1537 4790 in
1593 4742 1938 4805 Anglicanis,
1972 4748 2087 4793 tum

462 4808 629 4859 etiam
675 4808 731 4856 in
776 4809 1019 4873 antiquis
1062 4810 1417 4861 editionibus.
1462 4811 1652 4862 Exstat
1698 4817 1883 4864 autem
1922 4814 1977 4862 in
2024 4828 2088 4865 ea

463 4894 589 4943 quae
629 4879 831 4930 dicitur
860 4879 1047 4930 Gravii
1080 4884 1134 4930 et
1174 4882 1230 4930 in
1276 4882 1611 4932 Morelliana.
1645 4882 1783 4931 Eam
1826 4883 2088 4936 habuisse

460 4952 712 5001 codicem
770 4964 881 5014 quo
948 4955 1173 5001 sanctus
1230 4954 1580 5016 Augustinus
1630 4954 1890 5004 utebatur
1940 4955 2087 5005 clare

460 5024 646 5088 colligi
674 5035 832 5087 posse
882 5024 1103 5074 videtur
1141 5036 1209 5072 ex
1256 5024 1396 5074 libro
1444 5029 1563 5087 ejus
1616 5026 1678 5074 de
1734 5027 2087 5077 Praedestina—

461 5097 598 5144 tione
651 5100 973 5149 sanctorum,
1030 5109 1147 5157 cap.
1197 5096 1244 5143 8.
1295 5121 1353 5131 —
1398 5116 1425 5139 «
1478 5097 1658 5160 Vulgo
1718 5099 1773 5146 in
1826 5096 1932 5147 illis
1983 5112 2084 5145 non

460 5165 803 5221 credentibus,
853 5166 948 5214 sed
1000 5166 1407 5228 refragantibus
1443 5168 1564 5217 cdd.
1615 5183 1783 5231 prope
1827 5171 2086 5219 omnibus

460 5241 511 5287 et
556 5240 681 5286 vett.
729 5236 889 5285 codd.
942 5237 1131 5300 Neque
1166 5241 1380 5300 oportet
1423 5240 1561 5288 illud
1606 5241 1803 5304 legisse
1848 5243 2080 5305 August.

457 5309 520 5356 de
599 5306 840 5356 Praedesl.
929 5309 1107 5358 Sanct.
1187 5322 1306 5372 cap.
1387 5312 1465 5359 85.
1549 5313 1756 5362 Nostras
1833 5313 2085 5364 lectionis

453 5390 652 5428 sensus
702 5379 995 5441 expeditus
1044 5395 1055 5426 :
1100 5396 1129 5425 «
1181 5381 1405 5431 Terrem
1463 5382 1609 5432 enim
1663 5383 1841 5433 sicubi
1899 5387 1953 5433 in
2010 5387 2088 5437 eis

457 5450 715 5501 voluntas
740 5450 842 5500 Dei
873 5449 953 5513 ﬁt,
985 5452 1263 5513 cmlestes,
1296 5453 1330 5501 i.
1364 5466 1410 5503 e.
1443 5454 1731 5505 credentes
1766 5456 2028 5506 evadunt.
2058 5477 2086 5503 »

456 5520 781 5573 GOLDHORN

521 5591 617 5653 (37)
674 5593 865 5642 Panem
919 5598 1155 5644 nostrum
1231 5594 1622 5657 quotidianum.
1674 5596 1816 5647 Vide
1880 5597 2085 5648 Hiero-

455 5676 689 5727 nymum
717 5664 772 5714 in
804 5676 922 5728 cap.
956 5677 996 5715 ιι
1035 5664 1302 5729 Εριειοιω
1350 5667 1421 5716 ad
1459 5667 1645 5728 Titum,
1687 5672 1741 5718 et
1786 5668 2083 5719 Maldonati

454 5734 927 5786 Commentarium
970 5737 1029 5787 in
1074 5742 1242 5801 caput
1281 5750 1319 5789 v
1365 5738 1607 5789 Matthaai
1656 5740 1711 5789 in
1757 5741 1932 5803 prima
1968 5741 2082 5791 edi-

455 5807 624 5861 tione.
657 5809 793 5859 Nam
827 5809 1164 5874 posteriores
1189 5822 1300 5860 non
1326 5815 1460 5861 sunt
1489 5816 1901 5864 consentaneas.
1934 5814 2082 5865 Huic

2187 3892 2394 3939 mentis.
2435 3891 2623 3940 Posuit
2657 3890 2806 3940 enim
2856 3892 2910 3939 in
2965 3890 3287 3953 praefatione
3337 3902 3439 3938 sua
3478 3886 3639 3938 verba
3682 3886 3783 3948 ejus

2187 3960 2373 4024 qualia
2394 3961 2669 4011 habentur
2702 3962 2757 4010 in
2785 3961 2959 4023 prima
2990 3960 3234 4010 editione
3271 3957 3782 4010 Commentariorum

2186 4032 2246 4081 in
2274 4030 2577 4096 Evangelia.

2247 4102 2344 4165 (38)
2420 4101 2661 4153 Christus
2736 4114 2936 4152 eorum.
3014 4102 3095 4151 Ita
3163 4101 3587 4152 emendavimus
3651 4098 3783 4147 hunc

2186 4173 2373 4223 locum
2422 4186 2489 4222 ex
2538 4173 2645 4223 ﬁde
2688 4172 2998 4224 octodecim
3058 4171 3329 4222 librorum
3377 4176 3695 4228 nostrorum,
3733 4166 3781 4215 in

2188 4243 2391 4307 quibus
2438 4249 2518 4295 est
2567 4244 2975 4308 Seguierianus,
3019 4247 3074 4293 et
3121 4242 3318 4294 decem
3358 4242 3781 4305 Anglicanorum,

2187 4315 2245 4364 in
2314 4315 2519 4378 quibus
2584 4316 2751 4366 etiam
2818 4316 3018 4380 legitur
3087 4315 3410 4378 contingunt.
3469 4309 3783 4380 Conﬁrmant

2188 4385 2335 4436 hanc
2380 4385 2826 4437 emendationem
2878 4378 3002 4436 haec
3056 4385 3223 4435 verba
3281 4397 3408 4448 quin
3466 4382 3627 4448 paulo
3677 4378 3782 4443 post

2188 4461 2499 4521 sequuntur
2526 4474 2537 4506 :
2567 4474 2595 4505 α
2627 4457 2980 4508 Manifestum
3006 4460 3089 4507 est
3121 4468 3216 4506 eos
3246 4456 3438 4506 vivere
3476 4454 3569 4518 qui
3608 4460 3782 4513 corpus

2188 4529 2307 4590 ejus
2336 4528 2685 4592 contingunt.
2718 4546 2746 4573 »
2790 4554 2850 4565 -—
2893 4528 3012 4577 Non
3053 4527 3225 4591 potui,
3264 4527 3401 4591 quin
3440 4525 3531 4575 hic
3569 4521 3780 4592 Babse-

2188 4589 2403 4662 querar.
2456 4589 2678 4662 Reliqui
2724 4599 2793 4649 ad
2854 4612 3026 4648 unum
3056 4589 3341 4648 'omnes‘:
3392 4615 3420 4643 α
3480 4595 3616 4658 Quia
3670 4589 3779 4643 Chr.

2188 4676 2392 4731 noster,
2437 4672 2532 4734 qui
2580 4682 2781 4734 corpus
2830 4672 2952 4733 ejus
2993 4669 3445 4733 contingimus.»
3497 4665 3782 4734 Waikerus,

2188 4742 2347 4791 misc.
2375 4733 2492 4791 obs.
2532 4756 2581 4805 p.
2630 4742 2709 4801 53,
2757 4741 2908 4791 hunc
2954 4742 3139 4791 locum
3178 4754 3277 4804 per
3320 4753 3479 4789 mms.
3526 4739 3604 4788 sic
3647 4733 3781 4785 resti-

2187 4813 2265 4862 tui
2322 4818 2550 4862 monet:
2584 4830 2609 4859 α
2644 4812 2936 4874 Quomodo
2979 4812 3221 4862 dicimus
3269 4812 3487 4861 Patrem
3538 4812 3779 4883 nostrum,

2188 4885 2319 4947 quia
2374 4910 2433 4920 —
2485 4898 2748 4933 vocamus
2798 4883 3103 4943 Christum,
3149 4884 3277 4947 quia
3332 4885 3379 4932 is
3436 4894 3648 4937 eorum,
3699 4887 3781 4939 qui

2186 4968 2388 5018 corpus
2434 4957 2555 5018 ejus
2590 4957 2979 5019 contingimus.
3028 4972 3056 5001 »
3102 4954 3475 5005 Prastulissem
3516 4951 3779 5002 lectionem

2189 5030 2315 5076 ante
2350 5026 2466 5075 Bal.
2494 5026 2797 5087 vulgarem,
2830 5031 3044 5076 mutato
3073 5026 3255 5075 solum
3286 5025 3520 5074 Christus
3548 5027 3777 5073 nostrum,

2188 5098 2291 5146 nisi
2352 5098 2616 5146 solemnis
2666 5096 2944 5147 veteribus
3002 5099 3195 5148 fuisset
3269 5098 3527 5147 allocutio
3575 5110 3584 5141 :
3648 5092 3780 5139 Pater

2188 5126 2291 5146 ιιιδι
2352 5126 2616 5146 ουιῠιιιιιιδ
2672 5126 2729 5146 νῦ

2107 5126 2164 5198 D
2185 5173 2380 5218 noster.
2414 5168 2736 5219 GOLDHORN

2249 5241 2347 5303 (39)
2400 5242 2550 5289 Hunc
2609 5246 2783 5289 autem
2838 5254 3043 5302 panem.
3116 5240 3329 5291 Citatur
3399 5240 3489 5289 hic
3558 5238 3701 5286 locus
3752 5242 3779 5277 a

2188 5317 2380 5361 sancto
2425 5313 2738 5373 Augustino
2786 5312 2878 5360 lib.
2933 5326 2989 5362 ιν
3029 5317 3213 5361 contra
3255 5313 3389 5361 duas
3422 5306 3671 5371 Epistolas
3700 5303 3777 5351 Pe-

2191 5384 2548 5446 lagianorum,
2606 5396 2729 5444 cap.
2778 5384 2829 5443 9,
2882 5388 2935 5432 et
2991 5384 3046 5432 in
3100 5383 3337 5433 concilio
3398 5381 3656 5431 Toletano
3712 5386 3777 5433 iv,

2188 5469 2308 5505 can.
2363 5455 2440 5514 10,
2498 5458 2553 5502 et
2602 5453 2671 5502 ab
2722 5455 3032 5505 Adrevaldo
3082 5456 3137 5504 in
3190 5455 3327 5504 libro
3383 5452 3448 5501 de
3494 5451 3708 5512 Corpore
3740 5447 3784 5492 et

2187 5526 2453 5589 Sanguine
2503 5524 2743 5587 Domini,
2797 5527 2853 5576 in
2911 5531 3059 5577 tomo
3115 5526 3217 5575 XII
3272 5522 3533 5586 Spieilegii
3585 5516 3776 5570 Dache-

2184 5597 2344 5659 riani,
2373 5612 2493 5661 pag.
2526 5598 2604 5649 38.
2658 5626 2707 5635 -η
2758 5599 2905 5651 Satis
2952 5599 3085 5648 hinc
3128 5598 3477 5662 perspicuum
3519 5596 3613 5652 est,
3645 5599 3779 5662 _ql_IO-‘

2185 5658 2543 5724 tidieadhuc
2591 5679 2755 5725 aetate
2804 5670 3065 5735 Cypriani
3112 5658 3548 5720 communicasse
3589 5658 3775 5735 ﬁdeles.

2183 5742 2333 5806 quod
2369 5746 2483 5806 jam
2526 5746 2655 5797 inde
2697 5746 2767 5796 ab
2813 5730 3092 5810 Apostolis
3135 5745 3399 5794 usitatum
3442 5737 3622 5811 fuisse.
3650 5730 3777 5811 Ρεῑὲξ

2183 5803 2250 5864 ex
2291 5803 2411 5865 Act.
2450 5816 2840 5881 Apostolorum
2864 5803 2996 5867 'non
3038 5828 3155 5866 uno
3198 5816 3254 5865 in
3302 5814 3441 5864 loco.
3484 5803 3775 5861 Perduravit
