3978 6194
187 236 265 288 349
1270 228 1463 286 LIBER
1506 232 1589 287 DE
1627 232 1961 287 DRAI‘IONE
2004 230 2348 287 DOMINICA.

3382 239 3483 291 550

180 356 275 409 dari
310 352 462 407 nobis
506 352 747 423 quotidie
788 352 1151 423 postulamus,
1201 369 1271 407 ne
1320 354 1503 423 quiin
1531 355 1833 440 ChristoA
1928 355 2052 409 XIX.
2097 356 2280 407 Potest
2324 369 2455 406 vero
2487 359 2541 407 et
2587 355 2661 406 sic
2710 355 2971 426 intelligi,
3019 359 3079 409 ut
3130 359 3227 427 qui
3271 360 3476 412 saeculo

182 464 343 501 sumus
385 451 439 499 et
490 447 895 500 Eucharistiam
952 446 1205 517 quotidie
1250 448 1317 501 ad
1347 448 1530 501 cibum
1559 448 1752 501 salutis

180 540 471 611 accipimus,
524 538 906 594 intercedente
960 540 1149 609 aliquo
1198 540 1458 609 graviore
1511 542 1747 608 delicto,

176 635 283 687 dum
311 632 541 686 abstenti
587 632 692 701 (40)
733 639 788 685 et
818 649 929 686 non
962 634 1447 688 communicantes
1476 650 1508 687 a
1540 634 1751 688 cmlesti

176 744 293 797 pane
330 726 710 796 prohibemur,
752 743 783 778 a
832 726 1035 779 Christi
1092 743 1329 795 corpore
1378 743 1747 796 separemur,

173 822 266 888 ipso
309 819 643 888 praedicante
693 824 749 873 et
795 821 1133 873 monente"8
1183 838 1197 873 :
1244 822 1356 887 Ego
1418 836 1533 873 sum
1588 823 1751 889 panis

171 916 271 967 rite
320 914 411 979 qui
462 912 525 965 de
568 914 693 966 calo
734 913 1003 967 descendi.
1060 915 1119 969 Si
1157 916 1277 981 quis
1318 914 1485 967 ederit
1527 914 1593 966 de
1640 929 1751 966 meo

168 1017 300 1071 pune,
338 1004 472 1056 vivet
511 1004 569 1055 in
614 1008 892 1056 aeternum.
936 1004 1103 1056 Panis
1151 1002 1264 1071 (41)
1306 1007 1483 1056 autem
1528 1018 1683 1071 quem
1703 1003 1749 1037 ‘9

166 1116 238 1166 ego
276 1099 459 1153 dedero
502 1115 624 1153 caro
671 1116 786 1153 mea
826 1105 906 1153 est
942 1115 1043 1168 pro
1092 1100 1341 1153 sweuli"0
1389 1103 1505 1153 vita
1547 1102 1747 1168 (Joan.,

169 1209 223 1259 γι,
246 1194 343 1261 51).
371 1192 603 1255 Quando
631 1208 767 1263 ergo
793 1192 929 1247 dicit
958 1192 1014 1245 in
1036 1190 1228 1264 532
1251 1198 1532 1247 internum
1560 1192 1750 1247 vivere

166 1285 199 1339 si
222 1286 330 1355 quis
359 1285 538 1339 ederit
566 1286 632 1339 de
670 1286 790 1355 ejus
836 1302 1000 1355 pane,
1052 1289 1112 1339 ut
1153 1286 1517 1340 manifestum
1545 1292 1628 1340 est
1653 1303 1750 1340 eos

165 1380 317 1432 vivere
359 1379 452 1448 qui
497 1395 700 1449 corpus
747 1380 869 1448 ejus
922 1379 1210 1449 attingunt
1253 1383 1306 1433 et
1338 1379 1749 1434 Eucharistiam

157 1474 261 1541 jure
285 1472 800 1526 communicationis
833 1472 1143 1542 accipiunt,
1192 1473 1270 1526 ita
1318 1477 1512 1527 contra
1539 1473 1746 1526 timen-

164 1567 270 1618 dum
314 1571 392 1618 est
438 1569 495 1618 et
524 1565 801 1618 orandum
845 1566 954 1633 (42)
1008 1582 1099 1631 ne,
1133 1565 1270 1619 dum
1299 1566 1427 1635 quis
1455 1565 1747 1619 abstentus

162 1662 419 1728 separatur
448 1675 475 1709 a
523 1658 726 1713 Christi
779 1674 1032 1727 corpore,
1082 1658 1277 1727 procul
1322 1665 1609 1713 remaneat
1640 1660 1743 1725 (43)

160 1769 183 1802 a
231 1753 425 1818 salute,
506 1754 893 1805 comminante
959 1750 1081 1821 ipso
1154 1758 1206 1805 et
1276 1752 1499 1806 dicente

161 1842 341 1895 ala‘itis
386 1857 601 1895 carnem
662 1842 789 1896 Filii
838 1842 1067 1895 hominis
1120 1849 1169 1896 et
1228 1843 1469 1897 biberitis
1526 1846 1744 1911 sangui-

157 1951 248 1988 nem
287 1936 411 2003 ejus,
454 1951 564 1990 non
612 1936 873 1989 habebitis
920 1939 1090 1989 vitam
1142 1939 1197 1989 in
1240 1938 1387 1991 vobis
1436 1937 1639 2005 (Joan.,
1666 1954 1742 2001 v1,

157 2034 245 2101 53).
270 2035 328 2088 Et
354 2033 477 2088 ideo
530 2050 735 2103 panem
774 2038 1050 2101 nostrum,
1084 2034 1140 2088 id
1182 2038 1266 2089 est
1295 2034 1580 2090 Christum
1608 2036 1741 2105 (44),

157 2126 249 2179 dari
291 2127 443 2181 nobis
484 2128 742 2198 quotidie
787 2128 1054 2197 petimus,
1111 2133 1212 2195 ut,
1258 2128 1354 2199 qui
1402 2128 1459 2182 in
1516 2129 1742 2185 Christo

157 2237 415 2275 manemus
442 2226 501 2274 et
532 2221 790 2287 vivimus,
829 2238 860 2273 a
900 2221 1346 2276 sanctiﬁcatione
1379 2222 1501 2293 ejus
1529 2227 1587 2276 et
1616 2239 1739 2277 cor-

157 2330 264 2383 pore
295 2332 396 2368 non
432 2315 633 2383 receda
644 2331 787 2367 mus.

1856 448 2334 514 renuntiavimus,
2387 452 2440 500 et
2492 447 2711 500 divitias
2763 449 2883 516 ejus
2955 454 3009 503 et
3064 467 3303 521 pompas
3362 452 3475 505 tide

1856 541 2054 611 gratim
2096 540 2359 610 spiritalis
2407 539 2751 610 abjecimus,
2806 542 2993 596 cibum
3037 544 3203 597 nobis
3250 549 3472 600 tantum

1854 640 2109 705 petamus
2152 637 2206 687 et
2249 634 2485 699 victum,
2533 635 2756 703 quando
2811 635 3055 690 instruat
3105 638 3370 692 Dominus
3418 642 3475 692 et

1854 727 2043 781 dicat:
2094 729 2200 794 Qui
2244 743 2349 780 non
2393 729 2670 780 renuntiat
2715 730 2956 782 omnibus
3008 747 3126 798 qua:
3167 738 3293 786 sunt
3334 734 3469 800 ejus,

1851 837 1958 874 non
2000 827 2175 889 potest
2216 836 2359 874 meus
2395 821 2693 889 discipulus
2739 836 2843 875 esse
2884 824 3054 892 (Luc.,
3088 840 3195 891 XIV,
3226 828 3331 893 33).
3372 827 3477 888 Qui

1851 923 2039 971 autem
2082 918 2287 974 Christi
2353 918 2522 988 cmpit
2583 934 2701 972 esse
2764 918 3109 989 discipulus,
3173 924 3483 977 secundum

1853 1011 2115 1081 magistri
2160 1011 2245 1063 sui
2290 1027 2482 1065 vocem
2528 1012 2863 1065 renuntians
2890 1013 3179 1082 omnibus,
3211 1015 3479 1070 diurnum

1854 1104 2021 1158 debet
2046 1104 2233 1157 cibum
2269 1111 2460 1175 petere
2489 1120 2591 1158 nec
2616 1104 2671 1158 in
2703 1104 2893 1177 533
2930 1106 3164 1176 longum
3194 1107 3479 1162 desideria

1854 1196 2141 1266 petitionis
2185 1198 2506 1264 extendere,
2552 1198 2672 1267 ipso
2716 1199 2921 1252 iterum
2946 1200 3179 1254 Domino
3218 1202 3473 1270 prmscri-

1851 1289 2021 1344 bente
2069 1293 2124 1343 et
2183 1292 2403 1345 dicente
2461 1309 2472 1343 :
2530 1293 2706 1347 Nolite
2748 1295 2803 1346 in
2856 1296 3150 1347 crastinum
3204 1297 3473 1360 cogitare;

1850 1386 2119 1437 crastinus
2172 1388 2311 1437 enim.
2358 1388 2472 1453 ipse
2520 1386 2780 1454 cogitabit
2843 1387 2947 1439 sibi
2982 1405 2996 1450 ;
3044 1388 3313 1454 sufficit5i
3370 1389 3479 1443 diei

1849 1478 2064 1530 malitia
2109 1493 2209 1531 sua
2254 1478 2488 1539 (Matth,
2539 1495 2609 1538 v1,
2669 1480 2778 1545 54).
2837 1479 3032 1533 Merito
3083 1495 3217 1549 ergo
3269 1481 3475 1535 Christi

1850 1570 2159 1639 discipulus
2198 1570 2402 1624 victum
2470 1571 2573 1624 sibi
2624 1572 2677 1624 in
2728 1571 2877 1625 diem
2927 1574 3211 1641 postulat,
3263 1575 3359 1643 qui
3405 1575 3474 1629 de

1851 1663 2093 1715 crastino
2139 1662 2391 1731 cogitare
2438 1664 2547 1730 (45)
2601 1663 2973 1733 prohibetur;
3002 1665 3136 1735 quia
3164 1671 3219 1719 et
3248 1670 3471 1721 contra-

1558 1772 1569 1806 :
1629 1755 1748 1807 Nisi
1774 1737 1823 1806 Β
1848 1754 1996 1807 rium
2043 1755 2146 1808 sibi
2178 1756 2240 1809 fit
2270 1762 2323 1808 et
2373 1772 2700 1826 repugnans
2734 1762 2792 1809 ut.
2822 1773 3145 1827 quaeramus
3176 1758 3231 1811 in
3266 1761 3471 1814 saeculo

1847 1848 1941 1901 diu
1977 1848 2185 1913 vivere,
2236 1849 2333 1919 qui
2384 1850 2633 1919 petimus
2678 1865 2920 1920 regnum
2952 1851 3049 1905 Dei
3082 1851 3346 1906 velociter
3373 1854 3471 1907 ad-

1845 1942 2059 1995 venire.
2110 1942 2201 1996 Sic
2248 1946 2303 1996 et
2351 1942 2548 1997 beatus
2592 1943 2896 2013 Apostolus
2941 1951 3171 2011 monet,
3221 1945 3473 2000 formans

1846 2041 1899 2088 et
1943 2036 2319 2090 corroborans
2358 2036 2479 2106 spei
2523 2042 2733 2090 nostra:
2779 2054 2842 2091 ac
2886 2036 3018 2091 ﬁdei
3067 2037 3406 2093 ﬁrmitatem
3462 2056 3475 2094 :

1844 2130 2016 2197 Nihil,
2060 2129 2266 2199 inquit,
2312 2131 2601 2185 intulimus
2642 2132 2698 2184 in
2757 2132 2894 2185 hunc
2947 2132 3233 2195 mundum,
3288 2150 3475 2187 verum

1844 2237 1935 2275 nec
1992 2224 2208 2289 auferre
2260 2239 2556 2292 possumus.
2610 2225 2878 2278 Habentes
2943 2228 3129 2294 itaque
3187 2226 3471 2281 exhibitio-

1846 2331 1965 2369 nem
2020 2316 2130 2386 (46)
2178 2323 2227 2371 et
2282 2321 2661 2385 tegumentum,
2719 2318 2798 2372 his
2845 2322 3077 2373 contenti
3129 2323 3319 2374 simus.
3378 2322 3482 2387 Qui

1503 2462 1711 2527 Variae
1754 2463 2089 2529 lectiones.

216 2600 250 2631 ⁴³
272 2600 497 2650 Dicente
535 2599 655 2649 Bod.
687 2600 729 2649 1.
758 2600 803 2648 4.
838 2599 1004 2648 Paris.
1047 2599 1173 2646 Vict.
1206 2600 1335 2660 Aug.
1363 2599 1562 2661 saepius.
1629 2598 1673 2630 ‘9
1700 2598 1905 2649 Panem
1937 2605 2121 2652 autem
2150 2603 2309 2665 Lips.,
2334 2604 2426 2666 qui
2465 2602 2656 2653 addit:
2684 2606 2763 2654 Ita
2794 2605 3042 2654 editiones
3079 2608 3200 2655 vett.
3238 2605 3484 2668 probante

172 2671 387 2719 Gronovio
414 2670 531 2719 Obs.
558 2669 769 2727 monob.,
794 2685 844 2732 p.
873 2671 953 2719 41.
1024 2672 1061 2702 ⁵”
1086 2669 1276 2719 Mundi
1321 2670 1452 2719 Voss.
1482 2670 1529 2719 3.

1600 2673 1640 2701 5'
1671 2668 1894 2721 Sufﬁcit
1917 2672 2067 2721 enim
2094 2672 2183 2720 Ar.
2215 2672 2337 2721 Bod.
2361 2672 2407 2721 2.

1406 2804 1632 2886 Steph.
1680 2804 1925 2868 Baluzii
1972 2810 2161 2869 notae.

162 2956 212 2991 ea
235 2942 568 2992 consuetudo
602 2955 780 3006 usque
811 2942 878 2992 ad
924 2943 987 2992 D.
1019 2942 1247 2992 Hieron.
1276 2945 1487 2993 (etatem
1531 2942 1748 3000 Romae;

157 3014 282 3063 etin
330 3014 614 3077 Hispanis,
642 3014 729 3062 vel
784 3015 902 3077 ipso
954 3019 1096 3064 teste
1150 3015 1381 3077 epistola
1434 3013 1501 3062 ad
1547 3014 1751 3063 Lucam

158 3086 367 3134 Beticum
411 3089 462 3135 et
521 3085 790 3148 apologet.
818 3085 884 3135 ad
935 3084 1191 3135 Pamach.
1227 3098 1323 3148 pro
1371 3083 1525 3133 libris
1566 3088 1828 3178 contraC

164 3156 282 3178 τηε-
328 3172 336 3178 .
382 3157 681 3178 ιι..,]ε,.ι.....;
731 3156 792 3178 ..,.
843 3157 889 3178 η
962 3156 1185 3178 Δ...ι....,ι-
1248 3170 1428 3178 ---κη
1479 3155 1712 3178 πλη-..

156 3156 338 3213 Jovin.;
382 3157 685 3207 Mediolani
729 3156 796 3205 ad
843 3157 910 3206 D.
950 3156 1205 3206 Ambros.
1248 3170 1448 3219 usque,
1476 3155 1751 3220 quemad—

159 3227 348 3277 modum
395 3229 662 3291 colligere
711 3232 793 3277 est
845 3242 913 3277 ex
941 3229 1038 3278 ult.
1080 3241 1199 3291 cap.
1248 3228 1347 3277 lib.
1406 3222 1564 3277 iv'ct
1612 3241 1649 3277 v
1692 3227 1753 3276 de

158 3298 491 3359 Sacrament;
554 3304 609 3349 et
658 3301 713 3348 in
765 3300 949 3349 Africa
989 3312 1170 3362 usque
1220 3298 1286 3347 ad
1341 3299 1406 3348 D.
1453 3298 1751 3361 Augustini

158 3373 355 3430 aetatem,
400 3376 459 3421 ut
495 3374 645 3433 patet
685 3384 752 3420 ex
794 3370 1026 3433 epistola
1072 3371 1177 3419 118.
1216 3372 1385 3434 Atqui
1428 3370 1482 3419 in
1527 3370 1751 3420 Oriente

153 3441 433 3499 jamdudum
475 3441 711 3492 desierat
769 3455 834 3492 ea
885 3440 1249 3501 consuetudo,
1292 3442 1372 3490 uti
1417 3445 1583 3504 patet,
1632 3444 1750 3489 tum

159 3522 209 3558 ex
235 3511 366 3561 dicto
408 3513 509 3562 lib.
551 3526 589 3563 v
630 3512 908 3561 Ambrosii
956 3512 1021 3561 de
1070 3512 1416 3571 Sacrament.,
1450 3516 1503 3561 et
1555 3512 1679 3561 libr.
1716 3524 1750 3559 n

160 3580 205 3627 de
256 3583 489 3632 Sermone
554 3583 766 3631 Domini
824 3584 887 3632 D.
969 3584 1303 3645 Augustin;
1376 3587 1493 3631 tum
1553 3596 1621 3631 ex
1681 3582 1747 3631 D.

160 3652 402 3715 (Ihrysost.
458 3655 611 3702 hom.
659 3656 713 3702 6t
765 3654 835 3702 ad
865 3667 983 3716 pop.
1030 3653 1396 3713 Antioch.,1u,
1441 3655 1493 3701 in
1540 3654 1750 3715 Episto-

159 3721 245 3770 lam
285 3725 347 3772 ad
390 3726 621 3788 Ephes,
655 3729 707 3774 et
734 3738 857 3773 xxn
890 3725 957 3774 ad
1004 3724 1291 3783 Hebraeos,
1322 3724 1418 3772 ubi
1464 3724 1641 3773 varias
1677 3724 1752 3771 af-

157 3794 238 3843 fert
274 3796 703 3851 observationes,
741 3798 857 3844 tum
908 3808 1096 3844 eorum
1146 3796 1239 3857 qui
1286 3796 1341 3843 in
1380 3794 1750 3843 solemnitati-

157 3865 240 3914 hus
273 3867 758 3917 communicabant
802 3868 855 3915 in
904 3866 1160 3915 Adventu
1205 3870 1259 3914 et
1298 3865 1749 3928 Quadragesima,

158 3940 248 3985 tum
293 3952 481 3988 eorum
535 3940 629 4002 qui
686 3940 735 3986 in
789 3938 996 3987 Pascha
1050 3937 1354 3997 dumtaxat,
1396 3941 1491 3985 aut
1526 3937 1610 3985 bis
1658 3941 1751 3985 aut

156 4011 222 4057 ter
261 4012 311 4058 in
368 4022 535 4072 anno,
590 4014 705 4059 tum
766 4010 1118 4059 eremitarum
1168 4009 1262 4071 qui
1315 4022 1384 4057 ex
1439 4008 1752 4057 humilitate

156 4081 360 4140 quadam
410 4081 589 4131 semel
659 4080 957 4143 quotannis
1033 4083 1128 4127 aut
1202 4079 1435 4141 singulis
1493 4079 1747 4129 bienniis.

158 4148 310 4210 Quare
347 4166 453 4201 non
504 4156 618 4201 tam
662 4154 861 4214 urgent
905 4152 968 4199 D.
1010 4151 1075 4200 D.
1125 4150 1411 4213 Chrysost.
1455 4155 1505 4201 et
1554 4151 1750 4200 Hiero-

156 4233 328 4282 nymus
380 4222 831 4273 communionem
879 4221 1279 4285 quotidianam,
1319 4234 1484 4284 quam
1531 4221 1751 4283 dignam

157 4289 485 4344 Eucharistiae
516 4294 909 4356 sumptionem.
943 4293 1258 4343 pAMBLIUS.

206 4364 288 4424 (l0)
364 4364 613 4415 Abstenti.
703 4362 891 4414 Codex
969 4363 1513 4425 Gratianopolitanus
1584 4362 1750 4413 habet

158 4431 449 4485 abstinentes.
511 4435 915 4495 Lamonianus,
975 4433 1227 4483 absentes.
1286 4433 1355 4481 Et
1409 4434 1572 4496 paulo
1630 4437 1752 4497 post

158 4502 201 4549 in
243 4505 740 4570 Gratianopolitano
794 4505 1058 4568 scriptum
1110 4508 1208 4561 est,
1261 4505 1352 4566 qui
1396 4504 1622 4553 abstinet
1672 4518 1748 4554 sa-

156 4582 360 4635 paretar.
392 4578 471 4627 Ex
520 4591 632 4640 quo
685 4577 929 4625 fortassis
974 4576 1157 4639 colligi
1218 4579 1400 4638 posset
1454 4574 1747 4637 legendum

158 4656 254 4695 esse
280 4649 430 4710 Apud
463 4648 839 4711 Augustinum
871 4648 924 4694 in
963 4647 1089 4696 loco
1126 4660 1255 4695 mox
1291 4648 1458 4696 citato
1499 4652 1551 4695 et
1588 4647 1680 4695 lib.
1716 4662 1750 4696 ιι

158 4714 207 4759 de
248 4717 379 4766 Dono
424 4719 844 4781 perseverantiae,
898 4731 1011 4779 cap.
1071 4719 1117 4776 4,
1180 4718 1482 4766 abstinentes
1536 4732 1633 4779 pro
1686 4731 1749 4767 eo

159 4786 280 4846 quod
310 4795 517 4839 veteres
547 4790 821 4838 editiones
848 4788 1125 4837 habebant
1162 4788 1411 4836 absentes.
1455 4789 1659 4836 Verum
1695 4790 1745 4836 in

162 4868 277 4903 nova
319 4873 539 4922 operum
587 4861 760 4908 sancti
804 4860 1093 4922 Augustini
1140 4860 1383 4907 editione
1424 4864 1745 4907 annotatum

159 4930 223 4973 est
263 4929 471 4977 obstenti
527 4944 746 4993 semper
799 4932 1067 4993 scriptum
1111 4941 1229 4978 esse
1270 4931 1321 4977 in
1358 4930 1748 4990 manuscriptis

159 4996 423 5049 Gallicanis
448 5007 499 5050 et
522 5002 824 5051 Vaticanis.

209 5070 292 5123 (tl)
336 5072 490 5118 Panis
525 5076 697 5119 autem
738 5085 907 5135 quem.
948 5071 1085 5120 Vide
1120 5071 1481 5127 Gronovium,
1526 5083 1644 5132 cap.
1697 5072 1751 5118 14

162 5138 584 5191 Observationum
614 5144 666 5190 in
703 5143 1060 5205 scriptoribus
1085 5142 1498 5191 ecclesiasticis.

209 5212 293 5263 (12)
335 5215 393 5260 Et
445 5214 721 5263 orandum.
780 5215 914 5263 Hec
966 5213 1167 5262 desunt
1234 5213 1288 5260 in
1342 5210 1560 5260 duobus
1614 5213 1750 5260 anti-

162 5283 262 5340 quis
300 5285 715 5349 exemplaribus.
773 5286 842 5334 Et
886 5286 1140 5348 quamvis
1193 5286 1407 5332 exstent
1459 5284 1511 5330 in
1562 5284 1751 5331 multis

161 5349 259 5399 aliis
305 5360 353 5402 et
408 5357 462 5404 in
518 5356 871 5415 editionibus,
931 5359 1065 5418 puto
1113 5367 1235 5403 esse
1286 5353 1580 5417 superflua.
1632 5354 1750 5401 Non

162 5434 261 5471 sum
289 5432 461 5476 tamen
485 5441 653 5477 ausus
684 5426 869 5477 delere
890 5431 1077 5477 contra
1105 5430 1183 5475 tot
1210 5430 1457 5475 veterum
1486 5424 1749 5473 librorum

163 5495 471 5557 scripturam.

212 5566 294 5625 (43)
360 5568 542 5617 Procul
604 5574 893 5619 remaneat.
967 5568 1107 5618 Cum
1178 5580 1370 5617 vocem
1445 5564 1631 5629 procul
1694 5566 1749 5613 in

164 5635 294 5683 nullo
326 5644 563 5689 veterum
610 5640 874 5690 librorum
912 5643 1222 5689 nostrorum
1256 5640 1551 5701 repererim
1582 5650 1749 5700 quam

166 5701 209 5750 in
252 5708 484 5767 Thuano,
510 5712 619 5760 huc
653 5710 813 5759 valde
865 5708 1202 5759 inclinabam
1230 5712 1289 5755 ut
1319 5708 1578 5757 delerem.
1617 5708 1752 5757 Sen-

170 5786 248 5826 sus
269 5782 405 5831 enim
458 5784 665 5848 integer
692 5786 772 5831 est
808 5780 1021 5845 absque
1072 5779 1166 5829 illo
1213 5778 1504 5828 vocabulo.
1560 5776 1751 5829 Codex

1855 2941 2251 3005 Seguierianus
2314 2956 2410 3005 pro
2483 2942 2669 3005 procul
2740 2943 2907 2993 habet
2973 2948 3268 3003 extraneus,
3332 2960 3480 2998 unus

1853 3027 2012 3064 meus
2055 3018 2106 3064 et
2159 3014 2299 3063 alius
2348 3018 2504 3063 vetus
2561 3019 2843 3077 separatus
2894 3019 3129 3075 maneat,
3179 3020 3303 3065 octo
3354 3014 3481 3065 libri

1855 3086 2024 3134 nostri
2084 3090 2135 3134 et
2188 3088 2427 3147 quatuor
2489 3086 2781 3147 Anglicani
2834 3085 3058 3135 alienus.
3121 3085 3258 3147 Qum
3314 3085 3478 3136 varia:

1853 3156 2122 3206 lectiones
2164 3154 2492 3205 introductae
2529 3155 2787 3204 videnlur
2819 3155 2888 3204 ab
2922 3156 2988 3204 iis
3029 3157 3125 3219 qui
3155 3156 3479 3207 nesciebant

1852 3239 2044 3275 vocem
2096 3231 2367 3275 remaneat
2419 3226 2591 3275 solam
2650 3227 2985 3277 constituere
3033 3228 3300 3290 optimum
3350 3240 3479 3277 sen-

1852 3312 1994 3355 sum,
2026 3302 2081 3345 ut
2128 3298 2180 3345 in
2219 3297 2385 3345 simili
2431 3302 2758 3359 argumento
2793 3297 2905 3346 dixi
2946 3297 3077 3346 olim
3114 3298 3168 3346 in
3203 3299 3381 3361 capite
3419 3300 3478 3347 37

1854 3370 2188 3431 prmiationis
2230 3382 2367 3417 mete
2416 3369 2472 3415 in
2508 3368 2809 3417 concilium
2852 3368 3325 3419 Chalcedonense.
3360 3370 3481 3420 Ru-

1852 3438 2018 3499 finus,
2064 3439 2157 3487 lib.
2204 3452 2319 3499 vni,
2368 3452 2487 3501 cap.
2529 3439 2560 3487 9
2613 3454 2623 3485 :
2666 3453 2694 3486 ‹‹
2739 3438 2849 3489 Sed
2891 3438 2999 3487 hoc
3045 3440 3224 3489 solum
3274 3440 3482 3504 singuli

1852 3508 2227 3572 pavescebant
2288 3522 2358 3558 ne
2412 3509 2549 3557 forte
2609 3508 2744 3557 dum
2800 3522 3090 3572 properam
3146 3512 3228 3560 sol
3278 3524 3481 3575 urgens

1853 3581 2135 3630 clauderet
2190 3580 2368 3641 diem,
2420 3585 2705 3642 separatus
2761 3594 2792 3629 a
2836 3583 3117 3632 consortio
3175 3588 3479 3647 martyrum

1855 3656 2177 3700 remaneret.
2216 3666 2243 3696 »
2293 3650 2531 3700 Sanctus
2569 3652 2913 3712 Ambrosius,
2960 3654 3055 3702 lib.
3095 3668 3109 3703 ι
3159 3655 3479 3717 Ofﬁciorum,

1852 3734 1899 3769 c.
1945 3723 2024 3779 4t,
2057 3735 2225 3783 agens
2270 3721 2338 3771 de
2387 3727 2578 3771 sancto
2628 3722 2923 3771 Laurentio
2960 3740 2970 3771 :
3022 3740 3049 3770 «
3088 3723 3231 3774 Cum
3269 3726 3479 3775 videret

1854 3791 2073 3839 Xistum
2118 3793 2441 3854 episcopum
2486 3805 2649 3840 suum
2693 3794 2758 3840 ad
2797 3796 3119 3856 martyrium
3163 3795 3309 3855 duci,
3352 3796 3483 3847 flere

1852 3864 2039 3925 cmpit,
2088 3876 2197 3911 non
2245 3864 2558 3925 passionem
2609 3864 2779 3921 illius,
2828 3864 2923 3913 sed
2973 3879 3131 3913 suam
3174 3870 3483 3916 remansio-

1851 3948 1995 3983 nem.
2027 3952 2051 3978 n
2084 3934 2177 3983 Sic
2221 3934 2448 3982 l‘onlius
2480 3934 2751 3983 diaconus
2791 3936 2844 3982 in
2880 3936 3019 3983 libro
3059 3950 3225 3999 quem
3264 3939 3483 4001 scripsit

1851 4006 1913 4054 de
1973 4006 2085 4053 Vita
2140 4006 2306 4053 sancti
2370 4006 2629 4067 Cypriani
2690 4008 2762 4055 ait
2823 4022 2833 4053 :
2894 4026 2919 4050 «
2980 4007 3126 4069 Quid
3186 4009 3292 4058 hoc
3362 4010 3483 4059 loco

1853 4075 2049 4124 faciam
2096 4075 2238 4125 inter
2283 4074 2547 4137 gaudium
2589 4078 2860 4139 passionis
2908 4083 2963 4126 et
3012 4079 3333 4128 remanendi
3376 4080 3483 4128 do-

1854 4145 2025 4194 lorem
2048 4146 2074 4192 ‘t
2102 4160 2130 4191 »

1911 4216 2008 4277 (44)
2043 4216 2231 4264 Panem
2274 4223 2523 4278 nostrum,
2561 4217 2615 4267 id
2665 4223 2736 4268 est
2791 4219 3075 4269 Christum.
3123 4220 3341 4271 Citatur
3384 4221 3476 4272 hic

1854 4286 2012 4335 locus
2042 4287 2098 4334 in
2121 4299 2335 4337 canone
2366 4288 2424 4337 10
2450 4290 2672 4339 concilii
2700 4289 2951 4339 Toletani
2983 4302 3057 4340 1v.

1916 4358 2013 4417 (45)
2068 4357 2321 4420 Cogitare.
2378 4360 2568 4410 Postea
2622 4360 2961 4423 sequebatur
3012 4362 3069 4409 in
3141 4360 3359 4411 duobus
3414 4364 3481 4412 1i-

1855 4428 1965 4477 bris
1996 4429 2199 4477 nostris
2235 4434 2287 4479 et
2315 4430 2368 4478 in
2406 4430 2581 4479 tribus
2624 4432 2947 4494 Anglicanis
2973 4431 3105 4494 quid
3152 4434 3483 4483 manducetis

1853 4505 1944 4548 aut
1974 4501 2101 4561 quid
2149 4498 2337 4548 bibitis.
2383 4500 2521 4561 Qum
2564 4502 2727 4551 lectio
2773 4502 3089 4551 conﬁrmari
3128 4517 3289 4565 posse
3329 4504 3480 4553 vide-

1851 4574 1937 4618 tur
1979 4583 2046 4619 ex
2082 4570 2169 4618 his
2217 4570 2397 4619 verbis
2446 4571 2710 4631 Matthaei,
2744 4587 2816 4629 vr,
2863 4573 2916 4621 31
2965 4588 2974 4618 :
3038 4574 3204 4621 Nolite
3254 4576 3484 4636 cogitare

1850 4641 2077 4689 dicentes
2109 4656 2124 4687 :
2162 4642 2295 4702 Quid
2326 4642 2529 4690 edemus
2560 4642 2639 4689 vel
2673 4642 2801 4705 quid
2833 4640 3109 4692 bibemus?
3136 4644 3273 4704 Quae
3316 4644 3481 4694 verba

1851 4713 2161 4760 referuntur
2205 4714 2257 4759 in
2301 4714 2555 4775 sequenti
2604 4714 2817 4776 pagina.
2876 4711 3106 4773 Seneca,
3155 4716 3295 4777 epist
3358 4716 3417 4765 l2
3471 4730 3481 4761 ε

1852 4802 1876 4826 (ι
1911 4784 2006 4832 Ille
2036 4784 2384 4832 beatissimus
2420 4787 2499 4831 est
2529 4788 2579 4831 et
2622 4796 2851 4833 securus
2888 4785 2982 4847 qui
3014 4786 3316 4834 crastinum
3359 4786 3480 4835 sine

1851 4854 2225 4903 sollicitudine
2252 4858 2548 4914 eXSpectat.
2582 4876 2604 4895 υ

1914 4928 2007 4983 (16)
2068 4925 2471 4979 Ea‘hibilionem.
2530 4926 2605 4972 Ita
2659 4927 2820 4975 etiam
2892 4926 3034 4975 infra
3098 4927 3153 4975 in
3221 4928 3359 4977 libro
3419 4928 3482 4978 de

1854 4997 2016 5057 Opere
2077 5001 2122 5041 rt
2181 4995 2548 5057 Eteemosynis.
2606 5009 2728 5059 pag.
2782 4996 2890 5045 240.
2952 4996 3097 5046 Libri
3165 5003 3374 5049 veteres
3426 5004 3479 5049 et

1852 5067 2104 5129 quaedam
2162 5071 2370 5115 veteres
2415 5067 2685 5117 editiones
2736 5068 3037 5130 prieferunt
3087 5072 3294 5117 victum.
3354 5070 3481 5119 Ter-

1854 5138 2118 5185 tullianus
2148 5137 2200 5184 in
2240 5137 2379 5185 libro
2419 5139 2479 5186 de
2510 5138 2820 5188 Idololatriu
2851 5154 2865 5184 :
2897 5157 2925 5183 «
2968 5138 3025 5187 Si
3068 5140 3142 5188 ita
3184 5143 3481 5190 necessitas

1852 5208 2210 5257 exhibitionis
2232 5208 2564 5258 obtenditur.
2605 5228 2631 5255 »
2664 5210 2729 5259 Et
2762 5211 2901 5259 intra
2936 5226 2945 5257 :
2980 5228 3006 5255 «
3039 5210 3177 5261 Male
3216 5212 3377 5261 nobis
3411 5213 3480 5261 de

1851 5279 2274 5329 necessitatibus
2318 5279 2579 5330 humanae
2621 5281 2978 5331 exhibitionis
3017 5282 3421 5345 applaudimus.
3453 5302 3479 5327 »

1852 5351 2023 5409 Idem,
2074 5351 2128 5398 in
2175 5350 2315 5399 libro
2363 5350 2430 5400 de
2470 5354 2837 5415 Monogamia:
2893 5372 2919 5395 «
2960 5352 3106 5413 Quid
3149 5355 3194 5401 si
3241 5356 3481 5418 inopiam

1852 5422 1979 5485 quis
2032 5426 2307 5480 causctur,
2353 5426 2415 5469 ut
2466 5436 2689 5471 carnem
2730 5428 2915 5485 aperte
2956 5426 3301 5486 prostitutam
3356 5439 3480 5489 pro-

1852 5493 2094 5551 ﬁteatur,
2151 5492 2510 5541 exhibitionis
2562 5506 2729 5541 causa
2787 5494 3112 5553 nubentem,
3156 5497 3361 5545 oblitus
3407 5497 3475 5546 de

1852 5565 2002 5612 victu
2028 5566 2079 5611 et
2108 5563 2309 5611 vestitu
2340 5576 2450 5611 non
2495 5577 2617 5613 esse
2655 5565 3015 5627 cogitandum
3036 5568 3062 5613 ?
3090 5584 3117 5612 »
3156 5566 3475 5628 Cassianus,

1852 5634 1944 5683 lib.
1996 5647 2031 5694 ι,
2064 5647 2182 5695 cap.
2229 5634 2277 5689 3,
2327 5634 2466 5682 dixit
2510 5634 2771 5685 alimenta
2814 5641 2869 5684 et
2919 5638 3274 5699 operimenta,
3330 5638 3479 5687 dam-

1852 5718 1991 5754 nans
2016 5706 2341 5767 interpretes
2380 5705 2475 5767 qui
2513 5708 2836 5755 vestimenta
2874 5713 3179 5769 posuerunt
3213 5721 3309 5771 pro
3346 5720 3475 5771 ope-

1854 5776 2117 5828 rimentis.
