3978 6194
495 246 589 299 551

1392 242 1444 293 S.
1487 234 1805 295 CYI’RIANI
1846 238 2119 293 UPERUM
2166 234 2334 293 PARS
2374 234 2416 291 11
2482 266 2549 277 -η
2587 235 2949 293 OPUSCULA.

3711 242 3798 295 552

491 374 670 421 autem
703 368 894 421 volunt
921 365 1113 419 divites
1149 367 1284 433 ﬁeri,
1314 365 1559 417 incidunt
1584 366 1640 416 in
1675 365 2023 417 tentationem
2067 369 2115 415 et
2139 375 2196 445 Α
2220 368 2303 416 tes
2357 368 2412 415 et
2451 365 2750 432 parcentes
2773 362 2818 395 5‘
2862 360 3031 414 homo
3071 358 3165 412 Dei
3220 358 3460 428 pascitur
3503 360 3671 429 (Dum,
3699 379 3798 432 31v,

494 461 847 530 muscipulam
902 464 952 512 et
1004 458 1271 513 desideria
1337 458 1510 511 multa
1569 462 1617 510 et
1670 458 1938 519 nocentia,
1997 471 2117 523 qua:

494 559 747 623 mergunt
790 554 1053 607 hominem
1113 555 1170 605 in
1226 552 1578 621 perditionem
1618 557 1668 604 et
1706 552 1764 604 in
1814 552 2115 604 interitum.

492 647 677 702 Radix
714 649 856 701 enim
893 648 1131 700 omnium
1173 646 1435 699 malorum
1484 649 1561 698 cst
1599 644 1907 713 cupiditas;
1953 658 2119 712 quam

491 742 716 810 quidam
742 745 1071 811 appetentes,
1100 741 1578 809 naufragaverunt
1602 754 1637 793 a
1673 738 1777 807 ﬁde
1802 742 1852 792 et
1873 739 2116 791 inserue-

489 839 618 889 runt
644 849 698 889 se
723 834 998 888 doloribus
1020 834 1208 888 multis
1238 833 1278 903 (Ι
1324 834 1480 898 Tim,
1516 848 1588 895 vr,
1616 830 1796 901 7-10).

564 928 667 983 XX.
712 928 887 983 Docet
943 943 1059 980 non
1103 930 1331 981 tantum
1390 924 1856 991 contemnendas,
1912 924 2013 978 sed
2064 929 2120 978 et

496 1020 837 1091 periculosas
866 1037 994 1076 esse
1042 1020 1287 1083 divitias.
1334 1019 1448 1076 illic
1494 1035 1615 1074 esse
1654 1018 1905 1073 radicem
1943 1017 2115 1072 malo-

492 1130 621 1169 rum
660 1114 1075 1170 blandientium
1122 1116 1189 1182 ⁵³,
1230 1112 1545 1168 caecitatem
1601 1112 1810 1166 mentis
1846 1112 2117 1167 humanae

497 1209 715 1263 occulta
736 1209 1065 1280 deceptione
1092 1207 1439 1262 fallentium.
1472 1207 1627 1261 Unde
1649 1212 1707 1261 et
1722 1205 1954 1261 divitem
1980 1208 2115 1260 stul-

494 1308 616 1357 tum
634 1303 933 1356 smculares
949 1303 1142 1372 copias
1161 1301 1503 1371 cogitantem
1524 1304 1577 1355 et
1594 1317 1652 1354 se
1677 1299 2116 1354 exuberantium

496 1397 782 1449 fructuum
804 1395 1065 1466 largitate
1078 1396 1384 1465 jactantem
1410 1394 1701 1465 redarguit
1722 1394 1864 1448 Deus
1885 1394 2077 1448 dicens
2101 1410 2113 1446 :

491 1490 680 1550 Stulte,
715 1489 814 1543 hac
855 1496 1004 1543 nocte
1046 1490 1431 1558 empostulutur
1471 1490 1658 1542 anima
1688 1492 1803 1542 tua.
1836 1488 1966 1553 Quae
1995 1502 2118 1556 ergo

493 1583 706 1650 parasti
729 1582 880 1650 cujus
901 1587 1060 1636 erunt
1085 1581 1260 1652 (Luc.,
1287 1599 1380 1647 χιι,
1404 1582 1541 1653 20)?
1566 1581 1887 1636 Lcetabatur
1917 1581 2119 1635 stultus

494 1674 550 1727 in
579 1673 857 1729 fructibus
886 1675 1007 1746 ipsa
1036 1679 1199 1730 nocte
1241 1675 1589 1743 moriturus;
1637 1680 1691 1729 et
1720 1675 1811 1728 cui
1855 1676 1967 1728 vita
1989 1676 2116 1745 jam

2216 458 2326 523 30).
2366 454 2451 512 Sic
2482 457 2651 510 alitur
2678 454 2857 510 Helias
2895 454 2952 507 in
2975 452 3149 523 fuga;
3184 454 3241 506 et
3270 453 3328 505 in
3359 453 3647 509 solitudine
3694 472 3799 511 cor-

2214 550 2296 604 vis
2327 548 2799 615 ministrantibus,
2833 552 2889 602 et
2917 545 3234 601 volucribus
3258 545 3441 601 cibum
3468 547 3567 602 sibi
3616 565 3800 621 appor-

2218 644 2486 709 tantibus,
2517 643 2576 696 in
2606 640 3003 711 persecutione
3033 639 3281 694 nutritur
3306 640 3399 710 (III
3421 642 3564 709 Περ..
3592 658 3706 710 xvn,
3735 644 3800 711 6).

2220 741 2424 808 Atque,
2467 754 2500 791 ο
2551 736 2818 790 humanae
2860 733 3089 788 malitiae
3128 732 3454 788 detestanda
3500 735 3800 791 crudelitas!

2218 830 2351 886 ferre
2379 834 2637 901 parcunt,
2677 844 2805 884 aves
2837 830 3097 900 pascunt,
3127 832 3185 882 et
3212 827 3473 883 homines
3499 826 3804 886 insidiantur

2220 929 2275 978 et
2303 923 2562 978 saeviunt.

2289 1017 2444 1071 XXII.
2494 1018 2623 1071 Post
2669 1015 2811 1082 haec,
2863 1017 2920 1069 et
2962 1030 3062 1085 pro
3109 1014 3352 1084 peccatis
3394 1013 3592 1068 nostris
3632 1014 3803 1086 depre-

2218 1127 2413 1166 camur
2442 1110 2729 1165 dicentes:
2763 1110 2835 1163 Er
2864 1123 3089 1163 nauli-ra
3111 1108 3158 1141 ⁸⁵
3186 1121 3343 1162 NOBIS
3380 1106 3490 1177 (48)
3510 1123 3688 1163 Deam
3710 1108 3803 1179 (49)

2219 1221 2423 1259 NOSTRA
2454 1220 2603 1258 SICUT
2631 1218 2691 1258 ET
2731 1218 2832 1257 N05
2862 1216 3190 1258 REIITTIMUS
3228 1216 3571 1257 DEBITORIBUS
3594 1218 3802 1258 NOS‘I‘RIS.

2218 1301 2350 1354 Post
2378 1297 2696 1352 subsidium
2724 1296 2832 1351 cibi
2874 1295 3090 1368 petitur
3133 1301 3189 1351 et
3228 1295 3397 1349 venia
3421 1294 3619 1363 delicti,
3646 1302 3702 1351 ut
3723 1296 3808 1367 qui

2220 1410 2253 1446 a
2281 1394 2395 1447 Deo
2425 1391 2676 1463 pascitur
2712 1390 2771 1444 in
2799 1391 2916 1444 Deo
2955 1388 3121 1456 vivat,
3168 1405 3275 1443 nec
3314 1392 3534 1443 tantum
3577 1390 3807 1459 presenti

2220 1492 2278 1541 et
2326 1484 2630 1555 temporali
2674 1483 2803 1539 vitae
2847 1483 2945 1537 sed
2985 1486 3043 1537 et
3086 1487 3316 1537 teternm
3362 1482 3706 1550 consulatur;
3748 1481 3807 1536 ad

2221 1594 2396 1650 quam
2424 1578 2605 1632 veniri
2633 1580 2835 1648 potest,
2882 1576 2930 1630 si
2957 1580 3190 1647 peccata
3215 1575 3501 1630 donentur
3530 1593 3541 1628 :
3580 1591 3697 1645 quae
3720 1574 3806 1629 de-

2219 1672 2333 1726 bita
2365 1672 2635 1727 Dominus
2659 1668 2924 1741 appellat,
2946 1669 3092 1723 sicut
3117 1668 3176 1722 in
3208 1667 3513 1738 Evangelio
3540 1683 3633 1722 suo
3660 1666 3807 1723 dicit:

494 1768 711 1835 deerat,
754 1738 931 1823 victus
977 1769 1389 1823 abundantiam
1424 1738 1727 1841 cogitabat.
1761 1769 1970 1823 Contra
1990 1738 2115 1822 vau-
2142 1738 2195 1810 Β
2218 1768 2413 1821 Dimisi
2453 1766 2555 1820 tibi
2588 1738 2751 1819 omne
2787 1763 3050 1826 debitum,
3099 1764 3233 1831 quia
3266 1778 3350 1817 me
3377 1763 3809 1832 rogasti(Matth.,

496 1865 613 1917 tem
660 1862 936 1917 Dominus
980 1864 1297 1934 perfectum
1350 1868 1408 1918 et
1453 1867 1912 1918 consummatum
1956 1863 2120 1918 docet

494 1954 615 2009 ﬁeri
663 1956 781 2026 qui,
832 1956 1097 2010 omnibus
1150 1958 1267 2010 suis
1324 1957 1567 2011 venditis
1610 1960 1777 2029 atque
1832 1956 1891 2010 in
1949 1971 2116 2010 usum

492 2064 810 2119 pauperum
862 2049 1195 2118 distributis,
1250 2051 1581 2106 thesaurum
1632 2051 1736 2105 sibi
1792 2050 2007 2105 condat
2060 2050 2117 2104 in

494 2143 655 2197 coelo.
701 2145 843 2197 Eum
896 2143 1029 2198 dicit
1059 2160 1222 2215 posse
1261 2161 1318 2200 se
1362 2145 1524 2215 sequi
1566 2150 1618 2200 et
1652 2144 1893 2216 gloriam
1927 2144 2116 2198 Domi-

495 2237 636 2291 nicaa
666 2237 940 2308 passionis
969 2238 1182 2292 imitari
1208 2238 1326 2309 qui,
1358 2238 1658 2309 expeditus
1690 2244 1743 2292 et
1775 2238 2116 2306 succinctus,

492 2331 664 2384 nullis
692 2330 910 2401 laqueis
956 2332 1036 2387 rei
1068 2331 1363 2386 familiaris
1391 2332 1732 2399 involvitur;
1767 2332 1865 2387 sed
1909 2332 2120 2386 solutus

495 2441 558 2479 ac
587 2424 731 2479 liber
760 2425 1048 2479 facultates
1091 2442 1215 2479 suas
1257 2426 1330 2480 ad
1376 2426 1557 2481 Deum
1615 2429 1745 2480 ante
1797 2425 2119 2497 prmmissas

492 2517 612 2588 ipse
656 2534 883 2589 quoque
933 2519 1234 2574 comitatur
1281 2520 1528 2589 (Matth,
1559 2537 1669 2584 XIX,
1714 2520 1823 2591 21).
1856 2519 1935 2575 Ad
1963 2520 2115 2590 quod

497 2612 558 2663 ut
600 2608 773 2679 possit
804 2610 1191 2679 unusquisque
1239 2613 1495 2663 nostrum
1550 2625 1753 2679 parare
1795 2626 1874 2675 se,
1911 2609 1986 2663 sic
2031 2610 2114 2662 di-

494 2702 612 2751 scat
661 2713 825 2751 orare
871 2699 927 2750 et
957 2696 1027 2751 de
1072 2697 1346 2752 orationis
1390 2698 1517 2767 lege
1544 2698 1727 2769 qualis
1770 2713 1889 2752 esse
1917 2698 2119 2786 debeat

495 2806 730 2845 noscere
741 2833 752 2845 .

562 2884 692 2939 XXI.
722 2886 916 2956 Neque
945 2885 1095 2939 enim
1125 2884 1319 2940 deesse
1351 2886 1716 2957 quotidianus
1744 2886 1901 2941 cibus
1930 2889 2116 2957 potest

495 2975 691 3051 534
719 2979 895 3049 justo,
936 2995 1065 3033 cum
1104 2980 1373 3051 scriptum
1403 2980 1473 3033 sit
1506 2997 1517 3034 :
1562 2982 1685 3036 Non
1710 2982 1910 3036 occidet
1941 2984 2116 3036 Domi-

2219 1876 2370 1926 xvin,
2405 1858 2511 1929 52).
2543 1861 2725 1922 Quam
2756 1856 3065 1912 necessarie
3094 1855 3206 1927 (50)
3237 1858 3462 1925 autem,
3494 1870 3657 1926 quam
3697 1870 3808 1925 pro-

2219 1954 2480 2010 videnter
2505 1958 2560 2007 et
2590 1951 2915 2006 salutariter
2941 1950 3320 2005 admonemur
3346 1947 3501 2020 quod
3526 1951 3812 2020 peccatores

2219 2064 2437 2116 sumus,
2473 2046 2573 2118 qui
2618 2061 2720 2116 pro
2759 2044 3001 2116 peccatis
3041 2059 3246 2114 rogare
3291 2042 3713 2114 compellimur!
3740 2046 3809 2109 ut,

2220 2141 2357 2195 dum
2398 2139 2755 2210 indulgentia
2791 2137 2861 2193 de
2902 2140 3018 2194 Deo
3061 2138 3295 2208 petitur,
3339 2136 3687 2191 conscientia:
3709 2149 3811 2189 sua:

2221 2235 2448 2289 animus
2494 2232 2846 2288 recordetur.
2895 2233 2973 2287 Ne
3031 2232 3156 2303 quis
3208 2229 3316 2285 sibi
3369 2229 3527 2301 quasi
3572 2229 3811 2283 innocens

2220 2328 2441 2398 placeat
2486 2327 2593 2395 (51)
2639 2329 2696 2381 et
2740 2342 2799 2380 se
2829 2324 3152 2381 extollendo
3191 2324 3320 2395 plus
3361 2326 3570 2395 pereat,
3613 2321 3814 2376 instrui-

2220 2427 2314 2476 tur
2343 2425 2400 2476 et
2441 2421 2678 2475 docetur
2702 2435 2939 2490 peccare
2987 2435 3046 2472 se
3097 2417 3372 2490 quotidie,
3404 2400 3543 2471 dum
3589 2414 3811 2486 quotidie

2219 2531 2322 2587 pro
2363 2515 2608 2585 peccatis
2632 2514 2870 2584 jubetur
2897 2528 3078 2567 orare.
3119 2512 3204 2567 Sic
3245 2511 3492 2582 denique
3522 2513 3576 2565 et
3601 2512 3812 2565 Joannes

2217 2609 2277 2663 in
2316 2609 2571 2678 Epistola
2617 2624 2717 2661 sua
2758 2610 2949 2661 monet
2995 2605 3192 2661 dicens
3231 2622 3243 2659 :
3280 2607 3340 2662 Si
3376 2606 3661 2659 dixerimus
3704 2603 3813 2672 quia

2214 2707 2493 2772 peccatum
2537 2718 2641 2756 non
2687 2703 2960 2764 habemus,
3004 2716 3098 2755 nos
3140 2703 3283 2771 ipsos
3309 2699 3597 2770 decipimus
3627 2698 3668 2731 ενδ
3698 2694 3811 2765 (52),

2220 2803 2270 2850 et
2300 2799 2500 2850 vei-itas
2521 2798 2579 2849 in
2608 2796 2756 2850 nobis
2783 2811 2890 2849 non
2922 2799 3017 2849 est.
3040 2795 3101 2851 Si
3128 2797 3307 2849 autem
3337 2794 3564 2859 confessi
3580 2792 3813 2858 fuerimus

2213 2894 2434 2960 peccata
2465 2887 2657 2961 535
2686 2895 2894 2950 nostra,
2918 2888 3091 2957 ﬁdelis
3108 2893 3158 2941 et
3182 2887 3362 2954 justus
3389 2893 3465 2941 est
3483 2887 3720 2941 Dominus
3733 2884 3816 2954 qui

2217 2984 2366 3038 nobis
2388 2988 2609 3052 peccata
2651 2983 2895 3037 dimittat
2928 2983 2966 3051 (I
3000 2983 3180 3042 Joan.,
3217 2997 3255 3050 ι,
3286 2981 3339 3049 8)
3383 2981 3447 3034 In
3470 2979 3705 3051 Epistola
3729 2992 3812 3030 sua

494 3089 598 3128 nus
624 3075 770 3139 fame
800 3075 1037 3128 animam
1056 3073 1267 3141 justam
1294 3074 1494 3143 (PTO‘U.,
1523 3091 1581 3137 x,
1608 3074 1735 3144 93);
1765 3078 1820 3129 et
1847 3075 2053 3129 iterum
2101 3096 2110 3130 :
2137 3110 2190 3183 Ο
2221 3082 2525 3148 utrumque
2558 3077 2883 3147 complexus
2927 3082 3029 3143 est,
3081 3074 3233 3146 quod
3263 3077 3322 3128 et
3352 3090 3554 3145 rogare
3580 3089 3674 3144 pro
3696 3088 3809 3143 pec-

491 3168 687 3223 Junior
705 3168 752 3201 ⁵³
797 3169 905 3233 fui,
950 3172 1000 3221 et
1026 3170 1211 3231 senui;
1254 3174 1304 3220 et
1357 3183 1463 3221 non
1489 3168 1606 3222 vidi
1624 3170 1845 3235 justum
1891 3171 2113 3226 derelic-

496 3267 632 3324 tum,
661 3275 829 3331 neque
849 3276 1022 3315 semen
1062 3261 1172 3329 ejus
1219 3276 1461 3330 quaerens
1484 3276 1683 3330 panem
1732 3264 1897 3332 (Psul.
1933 3280 2117 3333 xxxw,

492 3355 616 3423 25);
660 3355 798 3408 item
840 3353 1109 3407 Dominus
1156 3354 1452 3424 promittat
1491 3358 1547 3408 et
1584 3353 1731 3407 dicat
1766 3374 1776 3408 :
1807 3357 1986 3410 Nolite
2027 3374 2116 3412 co-

494 3449 670 3515 gitare
716 3448 946 3501 dicentes
994 3465 1010 3499 :
1059 3448 1201 3513 Quid
1250 3448 1481 3509 edemus,
1540 3453 1634 3502 aut
1681 3450 1813 3517 quid
1860 3451 2115 3514 bibemus,

495 3545 593 3595 aut
628 3540 763 3610 quid
804 3543 1137 3595 vesticmur?
1191 3543 1309 3596 Hac
1356 3544 1497 3595 enim
1547 3543 1791 3597 nationes
1840 3550 2115 3612 quierunt.

490 3634 603 3691 Scit
628 3641 805 3688 autem
834 3635 996 3689 Pater
1016 3640 1185 3690 vester
1210 3637 1342 3704 quia
1372 3636 1561 3690 horum
1583 3639 1819 3690 omnium
1839 3638 2113 3707 indigetis.

494 3730 725 3795 Quaerite
770 3731 1008 3798 primum
1049 3745 1275 3798 regnum
1328 3731 1426 3783 Dei
1479 3736 1528 3783 et
1566 3731 1841 3798 justitiam
1892 3732 2023 3800 ejus,
2068 3737 2120 3787 et

493 3820 602 3877 hac
628 3823 810 3876 omnia
853 3829 1196 3891 apponentur
1226 3823 1369 3877 vobis
1399 3824 1639 3893 (Matth.,
1684 3841 1755 3891 VI,
1810 3825 1920 3881 31).
1954 3829 2113 3889 Qum-

491 3915 748 3970 rentibus
792 3931 1031 3986 regnum
1081 3917 1184 3986 («17)
1227 3919 1284 3969 et
1317 3917 1603 3987 justitiam
1634 3918 1730 3972 Dei
1758 3921 1953 3973 omnia
1984 3936 2112 3990 pro-

493 4009 668 4064 mittit
708 4010 936 4080 apponi.
989 4010 1126 4062 Nam
1157 4026 1283 4063 cum
1340 4010 1439 4064 Dei
1470 4011 1585 4065 sint
1637 4012 1851 4079 omnia,
1881 4013 2113 4068 habenti

494 4104 669 4158 Deum
701 4103 843 4157 nihil
886 4103 1085 4173 deerit,
1134 4105 1181 4157 si
1229 4104 1340 4158 Deo
1385 4104 1505 4175 ipse
1535 4122 1650 4160 non
1680 4106 1845 4160 desit.
1892 4107 1981 4161 Sic
2009 4107 2112 4161 Da-

489 4197 646 4265 nieli,
693 4198 754 4251 in
798 4197 1025 4252 leonum
1072 4197 1198 4251 lacu
1242 4197 1404 4267 jussu
1451 4198 1604 4269 regis
1654 4199 1894 4267 incluso,
1949 4216 2117 4271 pran-

491 4290 650 4345 dium
681 4290 947 4346 divinitus
994 4296 1355 4361 procuratur,
1403 4294 1459 4346 et
1490 4291 1641 4345 inter
1680 4293 1828 4347 feras
1858 4293 2113 4349 esurien-

2220 3172 2354 3226 catis
2386 3171 2712 3237 debeamus,
2741 3174 2798 3224 et
2838 3171 3212 3241 impetremus
3258 3152 3676 3239 indulgentiam
3701 3180 3811 3220 cum

2223 3282 2510 3337 rogamus.
2540 3264 2670 3318 Ideo
2699 3268 2756 3318 et
2784 3264 3009 3318 ﬁdelem
3039 3262 3183 3317 dixit
3211 3262 3520 3317 Dominum
3548 3261 3614 3315 ad
3642 3259 3810 3315 dimit-

2220 3359 2391 3414 tenda
2432 3363 2681 3429 peccata,
2721 3357 2893 3411 ﬁdem
2942 3356 3367 3427 pollicitationis
3397 3372 3511 3410 suae
3550 3369 3810 3409 reservan-

2218 3459 2335 3508 tem
2359 3471 2375 3521 ;
2405 3453 2537 3523 quia
2565 3451 2661 3522 qui
2696 3467 2855 3506 orare
2884 3468 2987 3505 nos
3015 3466 3119 3521 pro
3146 3450 3354 3505 debitis
3379 3456 3436 3506 et
3464 3448 3694 3521 peccatis
3718 3445 3809 3501 do-

2218 3548 2355 3616 cuit,
2413 3548 2709 3617 paternam
2739 3545 3180 3599 misericordiam
3232 3544 3499 3615 promisit
3527 3550 3580 3598 et
3614 3540 3809 3596 veniam

2218 3646 2536 3696 secuturam
2549 3683 2561 3694 .

2288 3735 2464 3789 XXIII.
2496 3733 2767 3804 Adjuuxit
2792 3734 2960 3804 plane
2989 3736 3047 3787 et
3071 3732 3298 3787 addidit
3321 3732 3532 3804 legem,
3560 3733 3701 3784 certa
3722 3741 3807 3780 nos

2218 3828 2538 3882 conditione
2580 3830 2637 3880 et
2665 3827 2964 3897 sponsione
2992 3827 3414 3896 constringens,
3472 3831 3531 3879 ut
3573 3823 3644 3877 sic
3666 3818 3807 3876 nobis

2219 3920 2427 3975 dimitti
2480 3919 2672 3974 debita
2725 3920 3074 3991 postulamus
3102 3920 3417 3974 secundum
3446 3917 3591 3990 quod
3616 3919 3691 3999 ’et
3716 3910 3807 3984 ipsi

2217 4014 2563 4069 debitoribus
2604 4014 2806 4068 nostris
2846 4013 3202 4079 dimittimus,
3252 4013 3495 4067 scientes
3545 4004 3806 4081 impetrari

2217 4124 2332 4162 non
2361 4124 2527 4179 posse
2582 4108 2729 4178 quod
2761 4123 2867 4179 pro
2913 4107 3155 4178 peccatis
3199 4107 3467 4177 petimus,
3498 4104 3598 4159 nisi
3641 4105 3693 4156 et
3718 4097 3809 4169 ipsi

2196 4188 2365 4256 circa
2407 4201 2689 4256 debitores
2741 4202 2848 4273 (53)
2895 4206 3119 4256 nostros
3173 4200 3336 4271 paria
3380 4199 3688 4255 fecerimus.
3731 4190 3807 4246 Id-

2216 4296 2362 4350 circo
2391 4300 2447 4349 et
2489 4295 2599 4350 alio
2644 4295 2702 4349 in
2745 4295 2864 4350 loco
2907 4295 3088 4350 dicit:
3133 4298 3195 4351 In
3243 4311 3357 4365 qua
3400 4286 3809 4350 mensuramensi

1867 4444 2078 4509 Variae
2122 4445 2457 4510 lectiones.

556 4589 595 4621 δ’
620 4584 883 4639 Radicem
911 4588 1159 4638 omnium
1189 4588 1323 4638 Pam.
1356 4589 1489 4638 Voss.
1516 4589 1561 4639 2.
1591 4589 1713 4639 Bod.
1740 4591 1786 4639 4.

1858 4592 1897 4622 ⁵³
1922 4591 2189 4641 Juvenior
2212 4591 2378 4640 Paris.
2406 4590 2529 4641 Bod.
2565 4592 2610 4652 I,
2630 4591 2679 4652 2,
2698 4592 2746 4642 3.
2783 4591 2905 4641 Tha.
2937 4592 3073 4642 Foss.

3145 4593 3183 4624 ⁵⁴
3207 4592 3531 4642 Esurientes
3552 4593 3605 4640 et
3621 4586 3809 4652 rugien-

493 4661 575 4707 tes
605 4659 738 4708 Pam.
777 4659 907 4707 Voss.
934 4659 981 4709 2.
1010 4658 1133 4708 Bod.
1162 4658 1209 4718 1,
1242 4661 1289 4709 4.
1359 4663 1399 4692 5‘
1437 4659 1659 4709 Dimitte
1687 4660 1805 4709 Bod.
1841 4664 1889 4721 1,
1912 4661 1960 4722 2,
1988 4662 2034 4721 3,
2063 4664 2107 4711 4.

2225 4678 2274 4726 g.
2306 4663 2414 4711 Ver.
2486 4661 2524 4695 ⁵⁸
2551 4661 2886 4713 Seducimus
2920 4664 3050 4712 Voss.
3084 4665 3127 4712 1.

1788 4804 2015 4887 Steph.
2062 4805 2307 4871 Baluzii
2353 4812 2547 4869 notae.

551 4941 651 5007 (47)
702 4940 1059 5004 Quaerentibus
1102 4954 1338 5005 regnum.
1395 4939 1457 4992 In
1509 4942 2119 5007 codice.Gratianopo-—

490 5013 663 5063 lltano
690 5014 772 5063 Sic
808 5013 1081 5063 habetur:
1112 5028 1140 5061 α
1170 5011 1310 5074 Qum
1330 5014 1356 5061 εἲ
1385 5026 1614 5078 regnum
1642 5014 1735 5066 Dei
1771 5019 1825 5065 et
1850 5015 2119 5078 justitiam

491 5086 625 5146 ejus.
664 5100 690 5128 ››

553 5156 650 5215 (48)
677 5154 737 5204 Et
784 5155 987 5205 remitte
1015 5154 1185 5205 nobis.
1219 5155 1361 5206 Vide
1405 5157 1699 5207 Erasmum
1736 5156 1804 5207 ad
1846 5158 1997 5209 hunc
2040 5158 2122 5207 Io-

491 5238 619 5276 cum
654 5225 898 5275 Matthmi
922 5230 979 5276 et
1002 5225 1070 5276 ad
1094 5230 1259 5290 caput
1282 5239 1343 5277 x1
1367 5227 1549 5278 Lucas.

556 5298 652 5357 (49:.
697 5296 894 5345 Debita.
928 5296 1066 5359 Quae
1114 5302 1299 5361 postea
1343 5303 1502 5349 vocat
1533 5303 1777 5362 peccata.
1824 5300 1894 5349 Et
1934 5304 2119 5350 tamen

490 5370 622 5417 sunt
647 5367 873 5431 quidam
904 5368 1001 5431 qui
1039 5372 1237 5431 putant
1271 5382 1392 5419 esse
1422 5369 1720 5420 discrimen
1762 5372 1902 5420 inter
1933 5370 2120 5421 debita

491 5444 547 5489 et
591 5442 835 5501 peccata,
885 5439 1028 5489 inter
1070 5438 1269 5489 delicta
1321 5444 1376 5491 et
1421 5446 1665 5504 peccata.
1705 5441 1845 5491 Vide
1889 5441 2117 5491 adnota-

489 5511 668 5560 tiones
691 5509 907 5560 Erasmi
934 5510 989 5559 in
1020 5509 1171 5561 hunc
1199 5511 1384 5562 locum
1417 5513 1599 5562 Luem.
1634 5511 1775 5562 Vide
1806 5512 1973 5575 paulo
2001 5516 2122 5576 post

490 5582 631 5631 circa
650 5580 917 5631 debitores.

554 5650 647 5714 (50)
700 5652 869 5712 Quam
919 5652 1223 5703 necessarie.
1276 5652 1424 5704 Citat
1467 5652 1618 5704 hunc
1665 5654 1851 5704 locum
1897 5656 2123 5704 sanctus

488 5724 837 5787 Augustinus
876 5722 971 5774 lib.
1003 5735 1063 5775 iv
1094 5729 1281 5775 contra
1328 5724 1465 5774 duas
1496 5723 1760 5788 Epistolas
1808 5725 2121 5789 Pelagiano-

490 5807 629 5854 rum,
666 5808 785 5860 cap.
810 5796 857 5845 9.

2285 4943 2379 5003 151)
2435 4945 2688 4995 lnnocens
2738 4943 2957 5008 placeat.
3016 4944 3146 4993 Post
3196 4942 3318 4993 hinc
3377 4939 3643 4991 Pamelius
3683 4932 3806 4998 adje-

2220 5015 2299 5065 cit
2325 5028 2391 5064 ex
2421 5015 2612 5065 codice
2654 5015 3105 5073 Camberonensi,
3135 5029 3166 5063 (ι
3199 5013 3341 5065 Cum
3374 5013 3635 5062 innocens
3667 5016 3805 5057 nemo

2220 5087 2307 5136 sit.
2337 5101 2366 5134 ιν
2411 5084 2519 5136 Sed
2565 5086 2671 5136 hoc
2715 5086 3155 5137 additamentum
3190 5099 3304 5136 non
3336 5083 3570 5133 habetur
3608 5082 3659 5129 in
3689 5075 3808 5127 anti-

2220 5158 2346 5221 quis
2388 5157 2744 5218 editionibus,
2775 5172 2959 5222 neque
3004 5159 3060 5208 in
3104 5157 3262 5207 libris
3302 5154 3504 5206 nostris
3540 5148 3805 5222 veteribuf,

2219 5214 2334 5277 uno
2365 5228 2653 5279 Pithuaano
2682 5214 2941 5293 eicepto,
2973 5241 3078 5278 nec
3100 5228 3157 5277 in
3182 5227 3379 5277 decem
3407 5221 3728 5293 Anglicenjs.
3750 5214 3806 5266 Et

2220 5303 2404 5349 tamen
2436 5301 2595 5365 Angli
2623 5300 2759 5349 illud
2781 5291 3128 5350 retinuerunt
3154 5300 3211 5348 in
3236 5296 3476 5348 editione
3510 5291 3803 5365 suaslﬁepe-

2220 5370 2341 5419 titio
2379 5371 2459 5419 est
2507 5356 2796 5433 cvujusdam
2843 5371 3077 5421 studiosi
3123 5383 3191 5421 ex
3240 5369 3392 5419 initio
3432 5367 3586 5416 istius
3622 5356 3807 5412 libiiae

2222 5441 2466 5490 Oratione
2490 5442 2785 5490 Dominica.

2281 5512 2382 5573 (52)
2408 5513 2513 5562 Nos
2550 5514 2688 5574 ipsos
2712 5512 3015 5577 decipimus.
3049 5511 3241 5564 Codex
3281 5504 3803 5570 GratianOpolitanus,

2219 5584 2528 5634 seducimus.

2284 5654 2382 5717 (53)
2446 5654 2607 5705 Circa
2666 5654 2938 5706 debitores.
2997 5656 3132 5706 Tres
3187 5653 3307 5705 libri
3366 5655 3575 5704 veteres
3623 5641 3805 5697 habent

2219 5729 2535 5789 peccatores.
