3978 6194
212 240 285 293 553
1275 234 1475 292 LIBER
1520 236 1604 291 ne
1644 235 1989 292 ()RATIONE
2026 236 2366 293 DOMINICA.
2404 301 2410 307 ,
3410 242 3510 295 554

205 361 398 427 fueritis,
426 360 481 412 in
521 373 581 413 ea
626 348 936 413 remetietur
975 359 1121 414 vobis
1156 359 1399 429 (Matth.,
1445 376 1537 426 vn,
1585 360 1659 431 2).
1714 363 1779 416 Et
1802 361 2033 450 Acium
2064 363 2176 415 Deo
2222 362 2402 415 factus
2445 366 2548 427 est,
2597 365 2657 415 ut
2704 362 3041 432 martyrium
3083 362 3300 433 primus
3330 370 3511 419 osten-

206 452 280 525 qui
301 468 469 506 servus
493 459 616 523 post
658 451 956 506 dimissum
989 452 1091 506 sibi
1145 470 1177 507 a
1220 453 1451 508 domino
1482 471 1649 509 omne
1680 453 1775 509 dc-
1883 456 2023 510 dens
2052 456 2308 509 initiaret
2334 455 2632 525 sanguinis
2658 454 2744 509 sui
2773 455 2956 526 gloria
2990 456 3338 511 Dominicam
3380 474 3507 527 pas-

203 549 346 603 bitum
389 561 647 601 conservo
685 561 789 599 suo
830 545 1011 599 noluit
1045 546 1166 617 ipse
1213 547 1505 602 dimittere
1532 548 1778 618 (Matth.,
1882 549 2101 603 sionem
2129 549 2227 620 qui
2250 554 2306 603 et
2328 548 2612 618 justitiam
2643 549 2864 603 Domini
2897 550 3176 604 habuerat
3206 557 3260 604 ct
3290 567 3507 620 pacem.

203 655 321 710 mu,
347 640 442 710 54),
487 639 545 693 in
588 656 875 694 carcerem
916 640 1191 710 religatur
1220 642 1364 712 (354);
1417 642 1548 712 quia
1594 641 1780 696 indul-
1881 643 2039 696 Tales
2067 642 2311 713 denique
2354 658 2387 694 a
2444 642 2684 696 Domino
2725 647 3095 709 coronantur,
3143 644 3281 697 tales
3318 644 3376 697 in
3422 644 3514 698 die

204 750 310 805 gere
345 749 598 787 conservo
629 750 730 787 suo
763 734 966 800 noluit,
1009 734 1161 803 quod
1190 735 1295 788 sibi
1334 752 1367 788 a
1417 735 1664 790 Domino
1691 735 1780 789 in-
1875 735 2077 806 judicii
2133 752 2262 790 cum
2311 735 2549 789 Domino
2589 735 2936 805 judicabant
2965 736 3010 769 ⁵⁷
3071 740 3202 806 (56).
3234 739 3517 792 Caeterum

204 827 390 882 dultum
426 826 603 881 fuerat
639 827 852 882 amisit.
899 826 1037 891 Quae
1067 827 1256 881 adhuc
1291 828 1500 882 fortius
1530 828 1784 883 Christus
1885 830 2227 885 discordans
2267 834 2323 883 et
2367 829 2648 884 dissidens
2701 835 2754 882 et
2803 845 3002 899 pacem
3060 845 3188 883 cum
3245 831 3513 884 fratribus

202 922 246 975 in
272 921 541 991 praeceptis
565 920 683 975 suis
714 921 931 991 majore
960 937 1214 976 censurae
1254 938 1371 975 sua:
1420 923 1615 993 vigore
1649 910 1787 993 pro;
1886 940 2000 977 non
2030 924 2262 990 habens,
2313 923 2631 978 secundum
2676 922 2829 994 quod
2878 923 3075 978 beatus
3126 925 3421 994 Apostolus
3462 925 3518 977 et

201 1015 331 1086 ponit
361 1031 373 1068 :
402 1014 527 1070 Cum
551 1016 826 1082 steteritis,
856 1014 1064 1085 inquit,
1113 1016 1187 1069 ad
1228 1019 1549 1079 orationem,
1595 1018 1783 1070 remit-
1885 1017 2169 1087 Scriptura
2199 1020 2397 1071 sancta
2428 1022 2687 1085 testatur,
2718 1033 2821 1070 nec
2852 1017 2899 1070 si
2926 1032 3029 1087 pro
3061 1016 3289 1070 nomine
3334 1016 3520 1071 Chris-

199 1109 481 1178 titesiquid
505 1108 713 1163 habetis
743 1108 1005 1163 adversus
1024 1109 1280 1178 aliquem,
1308 1116 1370 1164 ut
1398 1114 1448 1164 et
1469 1113 1632 1165 Pater
1678 1124 1787 1165 ves-
1889 1112 1929 1165 ti
1993 1111 2210 1165 occisus
2270 1111 2460 1174 fuerit,
2513 1112 2730 1165 crimen
2810 1110 3182 1165 dissensionis
3256 1111 3523 1164 frater-nm

203 1210 263 1256 ter
298 1204 386 1271 qui
424 1204 481 1255 in
528 1202 669 1256 caelis
720 1207 796 1256 est
842 1204 1085 1258 remittat
1135 1207 1354 1272 peccata
1391 1208 1572 1259 vestra
1620 1204 1784 1258 vobis.
1886 1205 2097 1275 poterit
2141 1205 2400 1267 evadere,
2439 1204 2595 1274 quia,
2626 1204 2773 1258 sicut
2817 1204 3088 1275 scriptum
3134 1210 3237 1271 est,
3262 1205 3369 1271 Qui
3407 1206 3525 1271 fra-

196 1298 243 1352 Si
260 1301 422 1350 autem
445 1310 536 1350 vos
556 1311 663 1349 non
689 1297 1022 1357 remiseritis,
1046 1311 1214 1366 neque
1237 1298 1396 1351 Pater
1416 1303 1588 1352 vester
1613 1299 1708 1367 qui
1730 1312 1789 1351 in
1891 1304 2024 1353 trem
2050 1314 2205 1353 suum
2232 1298 2369 1361 odit,
2396 1298 2665 1351 homicida
2704 1303 2798 1360 est,
2848 1313 2943 1352 nec
2990 1298 3065 1351 ad
3118 1313 3341 1366 regnum
3369 1298 3523 1352 ϐαδιο-

199 1391 313 1443 catis
337 1394 409 1444 est
429 1392 661 1445 remittet
685 1390 832 1444 vobis
860 1395 1089 1459 peccata
1112 1397 1292 1445 vestra
1320 1392 1537 1461 (Mora,
1558 1407 1641 1454 ιι,
1676 1391 1787 1461 25).
1889 1408 2011 1446 rum
2035 1394 2281 1461 pervenit
2337 1398 2434 1446 aut
2476 1408 2595 1446 cum
2643 1395 2745 1447 Deo
2786 1393 2918 1445 vivit
2965 1392 3233 1445 homicida
3265 1392 3305 1457 (Ι
3336 1393 3523 1456 Joan.,

202 1482 455 1537 Excusatio
496 1483 599 1537 tibi
650 1484 802 1537 nulla
844 1484 903 1537 in
947 1483 1037 1539 die
1073 1483 1272 1554 judicii
1325 1490 1599 1555 superest,
1662 1500 1792 1539 cum
1891 1488 2096 1555 111,15),
2130 1501 2244 1540 non
2276 1489 2461 1555 potest
2498 1501 2619 1539 esse
2667 1500 2796 1538 cum
2847 1484 3073 1539 Christo
3119 1484 3220 1555 qui
3269 1484 3529 1538 imitator

202 1576 477 1631 secundum
538 1580 692 1631 tuam
767 1577 1110 1632 sententiam
1178 1578 1471 1649 judiceris,
1533 1581 1593 1632 et
1642 1578 1789 1649 quod
1890 1578 2049 1633 Iudae
2096 1578 2299 1633 maluit
2347 1595 2466 1633 esse
2519 1595 2692 1649 quam
2737 1577 2965 1633 Christi.
3025 1577 3199 1641 Quale
3256 1577 3528 1633 delictum

198 1671 365 1724 feceris
389 1671 494 1725 hoc
528 1677 586 1725 et
630 1671 748 1740 ipse
784 1671 1032 1741 patiaris.
1076 1671 1340 1726 Paciﬁcas
1379 1673 1530 1727 enim
1578 1675 1635 1727 et
1663 1688 1795 1727 con-
1894 1677 1979 1727 est
2028 1672 2177 1743 quod
2236 1688 2340 1725 nec
2396 1671 2676 1741 Baptismo
2729 1671 3019 1741 sanguinis
3068 1675 3254 1742 potest
3320 1671 3529 1725 ablui?

199 1764 362 1818 cordes
411 1768 583 1835 atque
637 1766 931 1819 unanimes
981 1782 1105 1819 esse
1158 1765 1215 1818 in
1268 1765 1436 1820 domo
1500 1783 1601 1820 sua
1653 1760 2064 1836 Deuquuale
2117 1766 2333 1820 crimen
2381 1772 2464 1818 cst
2507 1765 2655 1835 quod
2704 1764 2975 1834 martyrio
3033 1780 3149 1818 non
3198 1770 3381 1834 potest
3439 1780 3530 1818 ex-

198 1856 438 1928 prtecipit,
491 1864 549 1913 et
599 1858 795 1929 quales
849 1875 951 1913 nos
996 1860 1133 1913 fecit
1189 1860 1439 1914 secunda
1476 1861 1793 1926 nativitate,
1902 1858 2104 1930 piari?

200 1951 314 2005 tales
336 1952 446 2005 vult
474 1957 709 2006 renatos
733 1967 1132 2021 perseverare;
1162 1955 1225 2006 ut
1260 1952 1359 2024 qui
1405 1951 1503 2006 lilii
1544 1953 1644 2006 Dei
1674 1969 1797 2007 esse
1870 1996 1873 1999 λ
1968 1954 2117 2008 XXV.
2144 1953 2285 2007 Illud
2315 1968 2540 2024 quoque
2571 1952 2889 2006 necessarie
2935 1952 3212 2008 admonet
3256 1952 3522 2007 Dom'nus

196 2043 453 2115 coepimus,
483 2045 541 2099 in
576 2045 673 2099 Dei
704 2061 839 2115 pace
878 2061 1241 2112 maneamus,
1287 2052 1346 2100 et
1382 2047 1590 2117 quibus
1633 2046 1796 2117 spirio
1902 2054 1962 2101 ut
1988 2047 2045 2101 in
2092 2047 2344 2101 oratione
2398 2045 2656 2100 dicamus
2686 2063 2698 2099 :
2731 2048 2804 2101 ΕΤ
2831 2062 2901 2099 ne
2933 2062 3034 2099 nos
3074 2062 3312 2100 PATIARIS
3353 2061 3533 2100 INDUCI

198 2143 269 2191 tus
288 2155 424 2192 unus
452 2142 560 2204 est,
593 2154 736 2192 unus
767 2138 839 2194 sit
865 2145 921 2193 et
950 2138 1176 2193 animus
1206 2144 1261 2193 et
1302 2156 1522 2194 sensus.
1563 2140 1649 2195 Sic
1694 2157 1799 2194 nec
1904 2157 1956 2197 1N
1982 2157 2373 2196 TENTA‘I‘IONEI.
2402 2140 2523 2204 Qua
2573 2139 2632 2193 in
2677 2144 2834 2211 parte
2881 2140 3201 2195 ostenditur
3241 2139 3383 2194 nihil
3409 2156 3535 2193 con-

196 2230 494 2285 sacriﬁcium
544 2233 690 2286 Deus
751 2232 950 2303 recipit
1001 2232 1346 2301 dissidentis,
1394 2236 1449 2286 et
1504 2233 1575 2287 ab
1633 2234 1802 2288 altari
1905 2239 1992 2289 tra
2037 2252 2138 2288 nos
2183 2234 2562 2288 adversarium
2607 2251 2790 2304 posse,
2822 2234 2931 2288 nisi
2978 2234 3122 2288 Deus
3151 2240 3285 2288 ante
3318 2232 3533 2305 permi-

198 2329 543 2380 revertentem
602 2326 758 2397 prius
804 2324 995 2398 536
1040 2325 1203 2381 fratri
1246 2326 1599 2381 reconciliari
1637 2327 1804 2397 jubet
1902 2329 2070 2395 serit;
2115 2334 2175 2383 ut
2228 2327 2414 2382 omnis
2455 2327 2629 2382 timor
2673 2331 2898 2395 uoster,
2963 2330 3021 2381 et
3066 2327 3287 2382 devotio
3367 2332 3538 2398 atque

198 2418 406 2488 {Hatth.,
440 2436 493 2489 γ,
527 2419 640 2490 24),
670 2425 732 2474 ut
761 2420 1008 2491 paciﬁcis
1034 2420 1296 2491 precibus
1341 2423 1398 2474 et
1445 2421 1593 2475 Deus
1624 2420 1807 2491 possit
1903 2422 2216 2476 observatio
2250 2421 2323 2475 ad
2353 2423 2528 2475 Deum
2572 2423 2952 2489 convertatur,
2992 2420 3223 2492 quando
3267 2420 3327 2473 in
3362 2422 3538 2475 tenta-

197 2528 295 2566 esse
318 2517 571 2584 pacatus.
602 2513 949 2569 Sacrificium
992 2514 1106 2569 Deo
1135 2514 1318 2584 majus
1350 2519 1435 2568 est
1472 2531 1578 2584 pax
1610 2519 1805 2569 nostra
1906 2514 2163 2569 tionibus
2194 2514 2395 2568 nostris
2421 2514 2563 2568 nihil
2597 2515 2744 2568 malo
2788 2514 2970 2580 liceat,
3013 2513 3123 2568 nisi
3169 2518 3424 2585 potestas
3454 2514 3539 2568 in-

196 2611 238 2660 et
265 2606 508 2662 fraterna
538 2607 861 2676 concordia,
894 2614 947 2662 et
981 2607 1050 2663 de
1077 2607 1298 2662 unitate
1344 2609 1541 2676 Patris,
1571 2611 1628 2663 et
1658 2608 1804 2676 Filii,
1907 2609 1974 2663 de
2001 2608 2303 2662 tribuatur.
2362 2607 2571 2662 Probat
2618 2605 2803 2679 537
2849 2607 3139 2678 Scriptura
3181 2607 3373 2662 divina
3412 2623 3541 2678 qua:

198 2704 242 2753 et
266 2701 490 2771 Spiritus
520 2702 722 2770 sancti,
747 2700 904 2772 plebs
935 2701 1198 2755 adunata.
1908 2701 2040 2756 dicit
2095 2718 2106 2755 :
2163 2703 2321 2756 Venit
2374 2700 2869 2758 Nabuchodonosor
2936 2715 3034 2754 rea:
3100 2701 3413 2769 Babylonia
3480 2701 3543 2753 in

248 2795 403 2851 XXIV.
470 2797 674 2866 Neque
731 2794 885 2849 enim
938 2794 995 2848 in
1050 2794 1333 2849 sacriﬁciis
1383 2812 1511 2867 qua:
1560 2796 1696 2850 Abel
1752 2801 1807 2849 et
1910 2796 2267 2860 Hierusalem,
2296 2800 2345 2848 et
2376 2794 2720 2865 expugnabat
2762 2810 2899 2859 eam,
2932 2798 2981 2848 et
3009 2794 3161 2848 dedit
3214 2810 3331 2849 eam
3372 2795 3545 2848 Domi-

194 2887 305 2943 Cain
358 2889 534 2960 primi
587 2888 922 2943 obtulerunt
969 2904 1209 2943 munera
1258 2905 1455 2944 eorum
1521 2891 1664 2943 Deus
1712 2889 1808 2943 sed
1912 2904 2014 2944 nus
2045 2891 2104 2943 in
2142 2904 2308 2942 manu
2346 2888 2458 2957 ejus
2494 2886 2582 2958 (lV
2613 2889 2962 2956 Reg.,xx1v).
2990 2889 3163 2941 Datur
3203 2893 3395 2942 autem
3440 2904 3542 2959 po-

196 2982 336 3037 corda
373 2983 730 3049 intuebatur,
776 2990 838 3037 ut
877 2983 970 3037 ille
1023 2982 1275 3053 placeret
1320 2982 1378 3036 in
1432 2999 1669 3037 munere
1715 2982 1812 3053 qui
1912 2988 2081 3037 testas
2105 2982 2371 3035 adversus
2401 2998 2504 3035 nos
2532 2981 2682 3035 malo
2711 2980 3024 3035 secundum
3058 2983 3256 3036 nostra
3284 2987 3539 3051 peccata,

196 3075 423 3144 placebat
458 3077 520 3131 in
572 3076 739 3131 corde
782 3076 958 3147 (Gen.,
996 3092 1069 3142 ιι,
1122 3077 1194 3146 5).
1242 3076 1381 3131 Abel
1435 3078 1700 3147 pacificus
1756 3093 1819 3143 et
1847 3130 1893 3147 η
1922 3076 2063 3130 sicut
2090 3076 2360 3147 scriptum
2389 3078 2472 3129 est
2500 3092 2513 3128 ε
2543 3074 2668 3141 Quis
2696 3075 2844 3129 dedit
2892 3077 2952 3129 in
2995 3074 3344 3145 direptionem
3383 3075 3548 3131 Jacob

191 3170 368 3238 justus,
397 3171 541 3225 dum
595 3171 707 3224 Deo
750 3170 1030 3224 sacriﬁcat
1076 3170 1416 3225 innocenter
1457 3168 1587 3240 (5'5).
1621 3170 1809 3225 docuit
1842 3167 1897 3204 υ
1922 3176 1972 3224 et
2002 3170 2170 3224 Israel
2209 3170 2285 3222 eis
2333 3171 2431 3237 qui
2458 3167 2784 3237 prwdantur
2823 3168 3024 3223 illum?
3061 3183 3236 3223 nonne
3272 3172 3405 3224 Deus
3459 3169 3551 3224 cui

196 3266 243 3316 et
270 3268 517 3332 ceteros,
552 3264 778 3335 quando
820 3263 892 3317 ad
933 3264 1109 3317 altare
1149 3279 1358 3318 munus
1405 3263 1678 3330 offerunt,
1732 3264 1807 3319 sic
1905 3264 2305 3334 peccaverunt?
2333 3268 2383 3316 et
2415 3262 2669 3316 nolebant
2710 3264 2766 3316 in
2813 3264 2915 3316 viis
2960 3262 3076 3331 ejus
3121 3263 3402 3317 ambulare
3445 3278 3541 3318 ne-

197 3357 363 3411 venire
390 3375 525 3412 cum
576 3357 677 3412 Dei
725 3357 950 3426 timore,
996 3373 1127 3411 cum
1171 3356 1412 3429 simplici
1452 3358 1640 3425 corde,
1676 3374 1807 3412 cum
1908 3373 2012 3427 que
2065 3358 2259 3411 audire
2313 3356 2476 3424 legem
2529 3355 2658 3424 ejus,
2724 3360 2775 3410 et
2839 3356 3165 3425 superduan't
3243 3371 3406 3426 super
3460 3371 3545 3412 eos

195 3450 569 3522 legejustitite,
603 3468 730 3506 cum
758 3451 1075 3506 concordiae
1114 3466 1272 3521 pace.
1320 3452 1518 3507 Merito
1548 3452 1643 3505 ille
1671 3453 1806 3506 dum
1906 3454 2047 3506 iram
2099 3450 2453 3505 animationis
2496 3464 2607 3503 suae
2648 3449 2798 3519 (Isa.,
2844 3465 2974 3517 XLII,
3024 3452 3131 3517 24).
3190 3451 3256 3504 Et
3310 3450 3543 3518 iterum,

195 3544 241 3597 in
260 3547 526 3603 sacriﬁcio
558 3545 660 3600 Dei
704 3545 834 3600 talis
874 3550 978 3612 est,
1019 3544 1138 3616 ipse
1184 3546 1543 3616 postmodum
1595 3546 1803 3600 sacriﬁ-
1909 3545 2211 3599 Salomone
2246 3547 2511 3614 peccante
2545 3546 2603 3598 et
2640 3560 2669 3596 a
2716 3543 3016 3615 praeceptis
3046 3549 3215 3614 atque
3252 3560 3283 3596 a
3311 3544 3412 3598 viis
3436 3544 3547 3597 Do-

1560 3668 1765 3731 Varize
1824 3668 2160 3732 lectiones.

248 3783 285 3818 57
316 3785 772 3837 Vindicabuntur
801 3786 956 3836 Oxon.
993 3787 1126 3849 Lips.
1159 3786 1316 3850 lmpr.
1348 3801 1515 3835 omnes
1535 3791 1727 3849 praeter
1762 3786 1963 3835 More/1.
1991 3788 2039 3834 et
2071 3785 2249 3833 Baluz.

1472 3885 1721 3987 Steplu
1744 3904 1990 3968 Baluzii
2034 3910 2233 3967 notae.

244 4014 331 4076 (5t)
378 4014 666 4078 Rettgatur.
725 4014 805 4064 Ita
844 4027 1036 4065 omnes
1074 4016 1188 4066 fere
1238 4015 1364 4065 libri
1406 4018 1635 4065 veteres.
1674 4016 1811 4065 Nam
1915 4014 2248 4077 Cyprianus,
2287 4012 2340 4060 in
2395 4011 2627 4075 epistola
2672 4013 2754 4072 81,
2802 4023 2925 4074 pag.
2970 4009 3079 4070 164,
3119 4009 3190 4058 ad
3222 4007 3550 4070 Confessam:

193 4084 324 4145 quod
354 4086 408 4134 in
450 4085 846 4149 Moyssiacensi
889 4090 941 4135 et
996 4087 1050 4135 in
1097 4086 1612 4148 GratianOpolitauo
1641 4088 1813 4151 scrip—
1915 4088 1991 4137 ait
2047 4087 2173 4137 illos
2223 4086 2572 4149 judicaturos
2615 4087 2869 4135 nationes
2921 4088 2977 4133 et
3030 4088 3357 4146 regnaturos
3419 4096 3548 4133 cum

191 4158 293 4204 tum
336 4162 415 4206 est
462 4158 752 4221 relegatur,
797 4156 945 4206 istud
991 4158 1301 4220 profectum
1357 4162 1438 4207 est
1486 4172 1553 4207 ex
1592 4171 1815 4221 permu-
1918 4157 2155 4208 Christo.
2182 4157 2522 4217 Lactantius,
2555 4169 2674 4219 cap.
2723 4155 2782 4203 57
2826 4153 3111 4215 Epitomes
3154 4166 3217 4199 :«
3248 4152 3357 4201 Nos
3391 4152 3551 4215 judi-

194 4229 380 4276 tatione
452 4229 780 4279 litterarum.
858 4227 966 4290 Qui
1032 4242 1162 4279 vero
1221 4232 1413 4292 postea
1469 4231 1820 4279 retinuerunt
1918 4229 2069 4278 cium
2100 4229 2199 4277 Dei
2241 4232 2563 4291 exspectare
2612 4226 2898 4285 debemus,
2951 4228 3013 4273 ut
3059 4237 3153 4273 eos
3196 4224 3551 4286 postmodum

193 4295 324 4348 banc
372 4300 693 4358 lectionem,
747 4298 802 4349 id
850 4303 933 4349 est
984 4299 1269 4350 Manutius
1314 4304 1367 4351 et
1413 4301 1525 4361 alii,
1554 4305 1819 4363 putarunt
1919 4300 2015 4363 qui
2055 4298 2122 4349 de
2164 4300 2325 4348 nobis
2356 4299 2729 4364 judicaverint
2772 4297 3109 4361 judicemus.
3142 4313 3170 4341 »
3198 4297 3276 4345 lta
3311 4297 3552 4361 vulgatus

195 4382 369 4419 vocem
419 4370 696 4434 relegatur
742 4370 944 4420 melius
995 4372 1255 4435 conjungi
1311 4384 1441 4421 cum
1499 4374 1820 4422 accusativo
1921 4372 2213 4431 editiones,
2244 4372 2446 4421 melius
2476 4371 2720 4433 profecto
2756 4382 2923 4432 quam
2972 4370 3027 4416 in
3070 4368 3313 4418 editione
3354 4367 3550 4429 Pfafﬂi,

194 4454 343 4501 quam
378 4442 668 4506 religatur,
704 4455 816 4491 non
860 4441 1369 4492 animadvertentes
1412 4442 1890 4507 Tertullianum“
1919 4445 1972 4492 in
2005 4457 2113 4507 qua
2139 4446 2408 4506 scriptum
2444 4446 2546 4502 est,
2587 4443 2678 4504 qui
2718 4442 2781 4489 dc
2808 4439 2957 4489 nobis
2987 4439 3261 4500 judicant.
3300 4439 3465 4487 Porro
3494 4438 3554 4487 in

195 4489 237 4559 et
263 4489 604 4576 Cypriarium
630 4489 779 4576 saepe
805 4512 1095 4576 scripsisse
1130 4513 1187 4560 in
1223 4526 1501 4574 carcerem,
1533 4518 1595 4563 ut
1618 4489 1895 4576 legiturD
1918 4489 2040 4564 unci
2056 4529 2124 4565 ex
2152 4489 2268 4563 111181
2289 4520 2496 4577 septem
2531 4489 2822 4563 codicibus
2857 4489 3101 4572 antiquis
3136 4522 3276 4572 quos
3305 4521 3552 4558 comme-

194 4583 242 4630 in
269 4585 510 4648 antiquis
535 4582 823 4634 codicibus
848 4597 949 4647 pro
974 4585 1031 4633 in
1054 4597 1277 4634 carcere.
1919 4587 2260 4635 moravimus
2289 4591 2344 4636 et
2368 4587 2425 4634 in
2458 4584 2687 4635 Metensi
2731 4582 2921 4633 Sancti
2971 4580 3247 4643 Arnulphi
3283 4581 3554 4643 scriptum

249 4655 340 4714 (55)
371 4658 701 4705 lnnoeentcr.
763 4654 954 4705 Codex
1000 4655 1274 4706 Fuxensis
1348 4655 1515 4706 habet
1567 4670 1664 4720 pro
1712 4655 1820 4704 hac
1920 4662 2002 4709 est
2022 4656 2438 4721 judi'cabuntur.
2469 4656 2550 4704 Ex
2595 4668 2704 4719 quo
2749 4655 2839 4703 alii
2889 4652 3040 4702 haud
3088 4651 3255 4701 dubie
3303 4651 3555 4701 fecerunt

194 4737 314 4776 voce
338 4732 598 4785 mutones,
638 4726 692 4775 id
727 4731 813 4777 est
853 4740 1129 4778 verveces.
1167 4726 1327 4788 Quod
1372 4727 1590 4778 videtur
1618 4728 1819 4778 melius
1918 4726 2357 4786 vindicabuntur,
2398 4729 2459 4774 ut
2518 4727 2572 4774 in
2628 4724 2967 4775 Carnolensi.
3033 4723 3197 4773 Error
3273 4722 3419 4769 enim
3470 4721 3556 4769 est

194 4800 482 4848 convenire
513 4811 641 4848 cum
671 4798 916 4847 historia.
1922 4802 2199 4850 constans.
2229 4797 2435 4847 Eodem
2477 4809 2658 4846 errore
2690 4797 2959 4858 scriptum
2997 4798 3082 4843 est
3125 4794 3180 4842 in
3228 4789 3555 4855 Apulogetico

248 4869 336 4929 t36)
374 4868 723 4919 Judicabunt.
764 4868 1032 4931 Quamvis
1073 4870 1248 4920 sciam
1287 4882 1482 4921 omnes
1531 4870 1817 4931 editiones,
1922 4869 2248 4921 Tertulliani
2306 4872 2358 4916 in
2415 4866 2747 4931 quibusdam
2794 4865 3074 4917 veteribus
3128 4863 3282 4913 libris
3324 4868 3376 4914 et
3433 4860 3558 4910 edi-

192 4943 373 5000 praster
400 4939 805 5001 Morellianam,
837 4943 891 4989 et
916 4940 1338 5003 quatuordecim
1378 4943 1605 5005 antiqua
1633 4955 1820 4992 exem-
1923 4942 2166 4991 tionibus
2235 4937 2574 5000 zEsculupius
2649 4936 2869 4998 fulmine
2931 4936 3233 4996 judz’catur,
3292 4947 3418 4983 cum
3497 4932 3559 4980 in

190 5009 344 5071 plaria
379 5010 589 5061 habere
622 5009 1054 5072 vindicabuntur,
1100 5025 1202 5074 ego
1244 5012 1477 5075 praefero
1522 5013 1821 5063 lectionem
1922 5012 2163 5063 editione
2229 5009 2456 5059 Pamelii
2514 5013 2663 5057 recte
2712 5010 2953 5070 positum
3008 5007 3080 5055 sit
3130 5006 3456 5065 vindicatur,
3491 5005 3556 5075 ut

192 5080 441 5131 editionis
493 5081 852 5143 Morellianse,
900 5096 1068 5146 quam
1120 5072 1413 5133 adstruunt
1467 5088 1679 5145 septem
1726 5096 1821 5131 ve-
1922 5085 2173 5134 dicemus
2220 5081 2369 5132 alibi.
2403 5080 2543 5129 Vide
2572 5078 2959 5128 adnotationes
2999 5078 3223 5128 Henrici
3257 5076 3463 5127 Valesii
3488 5072 3559 5124 ad

193 5154 295 5201 tera
316 5153 679 5217 exemplaria,
724 5153 855 5217 quia
899 5154 955 5202 in
1010 5154 1313 5218 Evangelio
1352 5154 1659 5204 secundum
1689 5154 1824 5205 Mat-
1926 5155 2254 5213 Eusebium,
2283 5153 2378 5201 lib.
2409 5165 2485 5213 vr,
2522 5165 2570 5201 c.
2599 5150 2676 5200 42.
2724 5177 2785 5186 --
2822 5149 3062 5200 Restitui
3092 5149 3383 5198 lectionem
3411 5158 3561 5218 qum,

194 5221 389 5274 threum
428 5239 555 5289 cap.
602 5237 727 5281 xxx,
781 5230 837 5275 et
879 5217 1188 5275 secundum
1236 5226 1442 5276 Lucam
1500 5240 1619 5289 cap.
1675 5237 1820 5284 XXII,
1926 5229 2158 5289 excepto
2192 5224 2457 5286 Morellio,
2482 5222 2742 5272 omnibus
2770 5226 2898 5271 ante
2930 5221 3045 5271 Bal.
3095 5220 3410 5270 communis
3437 5217 3559 5267 fuit.

194 5291 437 5346 Christus
472 5297 548 5345 ait
585 5297 889 5361 discipulos
931 5310 1063 5346 suos
1104 5298 1158 5346 in
1199 5299 1641 5361 regeneratione,
1693 5310 1824 5346 cum
1925 5298 2033 5348 Hic
2084 5311 2114 5348 e
2163 5300 2374 5360 septem
2416 5294 2541 5346 edd.
2584 5294 2770 5358 posuit
2811 5307 2823 5340 :
2856 5291 3200 5354 judicabant,
3251 5290 3396 5354 quod
3430 5299 3566 5361 sane

194 5367 392 5415 venerit
422 5366 598 5417 Filius
636 5358 881 5417 hominis
919 5368 974 5416 in
1020 5367 1150 5418 sede
1198 5358 1501 5431 maiestatis
1529 5381 1665 5429 suae,
1693 5380 1825 5418 cum
1925 5369 2144 5430 melius,
2199 5358 2343 5431 quia
2400 5366 2559 5415 istius
2629 5365 2731 5414 aevi
2816 5362 3172 5426 Opinionibus
3250 5358 3563 5423 respondet.

197 5434 303 5498 ipso
348 5438 697 5501 judicaturos
738 5438 1038 5489 duodecim
1086 5438 1262 5489 tribus
1304 5439 1491 5490 Israel.
1540 5459 1566 5485 «
1620 5440 1683 5488 In
1713 5452 1825 5503 quo
1927 5441 2037 5491 Ct‘r.
2069 5440 2284 5504 epist.6
2327 5439 2457 5501 (Bal.
2494 5439 2594 5499 8t),
2631 5437 2693 5486 ll.
2746 5437 2937 5499 Neque
2984 5447 3111 5487 vero
3155 5435 3381 5484 meliora
3419 5446 3569 5486 sem-

196 5520 417 5560 numero
462 5508 849 5572 judicantium,
899 5529 927 5555 »
972 5511 1152 5574 inquit
1200 5516 1427 5561 sanctus
1472 5510 1827 5576 Augustinus
1926 5527 2023 5578 per
2051 5512 2293 5576 genuina
2327 5525 2339 5559 :
2369 5511 2484 5560 imo
2510 5507 2882 5573 probabilius,
2927 5505 3339 5578 emendatorem
3370 5517 3564 5578 quem-

198 5578 250 5626 in
276 5593 438 5629 serm.
472 5579 584 5642 351,
633 5579 698 5630 dc
754 5582 1087 5642 Paenitentia,
1135 5596 1385 5633 «omnes
1441 5575 1829 5646 intelliguntur
1927 5575 2293 5645 dam’vulgari
2321 5581 2550 5631 lectioni
2584 5578 2981 5637 Moreltiauam,
3024 5590 3192 5639 quam
3238 5577 3369 5624 huic
3416 5575 3568 5646 illam

202 5650 289 5712 qui
330 5655 555 5714 propter
606 5651 971 5715 Evangelium
1029 5653 1214 5703 omnia
1261 5667 1362 5703 sua
1414 5643 1746 5704 dimiserunt
1775 5656 1829 5702 et
1929 5643 2311 5705 substituisse.
2336 5651 2444 5703 Sed
2470 5652 2537 5700 ad
2583 5648 2859 5714 liquidum
2886 5662 2997 5697 non
3041 5647 3201 5719 facile
3231 5660 3345 5719 rem
3371 5643 3573 5719 perdu-

200 5721 372 5769 secuti
418 5724 551 5770 sunt
598 5722 918 5773 Dominum.
947 5739 974 5765 »
1021 5721 1161 5773 Vide
1213 5722 1565 5788 Cresollium,
1620 5724 1829 5776 decede
1952 5729 2025 5786 at,
2057 5725 2168 5774 nisi
2193 5726 2289 5788 qui
2319 5724 2513 5787 quales
2562 5723 2673 5771 sint
2717 5720 2865 5782 edd.,
2902 5720 2957 5768 in
2999 5718 3205 5780 quibus
3243 5717 3580 5769 alterutrum.

202 5791 375 5853 prima
423 5791 750 5857 Anthologz‘ae
808 5806 1008 5854 sacrae,
1068 5806 1185 5859 cap.
1250 5796 1295 5859 l,
1345 5801 1480 5848 sect.
1526 5798 1573 5849 9.
1636 5798 1831 5864 Itaque
1930 5800 2131 5864 egitur,
2171 5809 2236 5848 ac
2260 5800 2448 5847 curate
2477 5795 2712 5846 noverit.
2740 5793 3079 5845 GOLDHORN.

535 5878 800 5950 PATROL.
854 5880 955 5946 IV.
3186 5881 3261 5944 18
