3990 6202
1448 226 1504 282 s.
1548 223 1863 283 CYPRIAM
1902 200 2174 281 t‘it’tltttitt
2218 223 2387 281 mas
2432 224 2492 278 ιι.
2537 254 2600 264 -
2642 222 3013 280 (muscum.
3786 232 3873 287 336

549 356 691 411 mini
722 355 1041 421 recedente,
1085 352 1328 422 positum
1357 357 1481 406 est:
1519 354 1583 406 Et
1627 353 1883 406 excitavit
1925 348 2647 436 DominusApra‘dictum,
2708 365 2863 424 cum,
2928 348 3127 417 plenus
3160 348 3396 420 Spiritu
3437 356 3621 405 sancto
3679 352 3743 406 tte
3794 358 3875 410 Dei

545 453 813 506 Satanam
832 450 940 519 ipsi
959 448 1241 538 Salomoni
1259 448 1347 516 (lll
1378 450 1508 515 Reg.
1522 489 1534 513 ,
1566 446 1683 517 xu).

617 568 791 620 XXVI.
848 566 1100 619 Potestas
1153 579 1286 617 vero
1346 561 1650 632 dupliciter
1732 563 2005 615 adversus
2083 578 2187 615 nos

546 661 731 726 datur,
765 658 849 713 vel
879 658 948 712 ad
983 673 1205 728 [mnam
1234 672 1361 710 cum
1404 655 1810 726 delinquimus,
1841 658 1923 709 vel
1956 656 2023 709 ad
2054 656 2175 725 glo-

549 753 689 807 riam
720 768 850 807 cum
881 751 1224 822 probamur;
1252 750 1414 803 sicuti
1439 749 1511 803 de
1536 750 1636 803 Job
1658 750 1867 803 factum
1898 750 2180 815 videmus,

548 846 946 901 manifestaute
979 846 1093 898 Deo
1130 847 1187 897 et
1215 844 1444 898 dicente
1476 861 1488 896 :
1518 847 1649 899 Ecce
1688 845 1869 896 omnia
1915 857 2181 911 quaecum-

548 956 651 1009 que
678 941 832 995 habet
882 940 942 992 in
993 953 1193 992 manus
1250 945 1372 991 tuas
1417 938 1532 1001 do;
1596 937 1691 991 sed
1740 938 1917 1006 ipsum
1954 952 2078 989 cttve
2120 952 2186 990 ne

554 1041 750 1101 tangas
789 1031 899 1103 (57)
936 1032 1073 1103 (Job,
1112 1048 1150 1099 ι,
1186 1032 1313 1102 12)?
1352 1032 1419 1084 Et
1457 1030 1727 1084 Dominus
1770 1030 1827 1083 in
1878 1028 2184 1100 Evangelia

552 1143 656 1181 suo
712 1126 964 1197 loquitur
1004 1132 1263 1196 tempore
1310 1124 1589 1194 passionis
1614 1122 1722 1194 (58)
1758 1139 1770 1176 :
1810 1124 2033 1179 Nullum
2085 1124 2182 1177 ha-

559 1222 706 1275 beres
735 1220 1022 1274 adversum
1060 1235 1141 1273 me
1181 1224 1528 1288 potestatem,
1563 1219 1671 1272 nisi
1705 1218 1894 1271 datum
1920 1222 2056 1271 esset
2087 1217 2188 1270 tibi

552 1314 783 1383 desuper
840 1312 1044 1382 (Joan.,
1098 1327 1216 1377 xix,
1269 1313 1372 1378 ll).
1447 1310 1689 1373 Quando
1753 1314 1941 1363 autem
2021 1324 2182 1380 roga-

554 1421 685 1460 mus
708 1406 820 1477 (59)
851 1420 923 1458 ne
959 1404 1015 1458 in
1048 1403 1419 1459 tentationem
1461 1403 1771 1469 veniamus,
1804 1401 2187 1457 admonemur

554 1497 906 1553 inﬁrmitatis
944 1502 1001 1550 et
1045 1497 1449 1552 imbecillitatis
1490 1503 1696 1551 nostras
1744 1496 1879 1550 dum
1910 1497 1986 1550 sic
2017 1512 2183 1566 roga-

568 1607 719 1657 mus,
753 1606 824 1645 ne
874 1589 1001 1660 quis
1048 1608 1104 1645 se
1148 1590 1459 1644 insolenter
1510 1590 1760 1657 extollat,
1806 1607 1876 1644 ne
1922 1591 2048 1661 quis
2081 1589 2184 1643 sibi

560 1684 802 1755 superbe
829 1690 1001 1755 atque
1028 1688 1362 1755 arroganter
1403 1683 1618 1754 aliquid
1658 1688 1924 1750 assumat,
1956 1701 2027 1737 ne
2061 1684 2185 1754 quis

2292 442 2588 511 majestate
2625 458 2689 495 ac
2730 442 2933 512 pietate
2979 444 3352 511 loqueretur:
3396 446 3618 499 Verbum
3660 462 3876 501 consum-

2285 552 2457 596 matis,
2489 534 2695 605 inquit,
2726 542 2776 588 et
2821 537 3070 589 brevians
3111 538 3167 588 in
3204 536 3447 603 justitia,
3496 540 3737 607 quoniam
3785 556 3880 594 scr-

2283 644 2490 684 mo:.cm
2538 630 2834 682 breviatum
2881 631 3053 695 faciet
3087 631 3231 683 Deus
3292 632 3348 683 in
3413 636 3520 684 toto
3571 632 3688 686 orbe
3750 640 3883 688 terrae

2289 723 2442 791 (lsa.,
2480 740 2528 788 χ,
2555 725 2663 791 22).
2696 722 2857 789 Nam,
2899 738 3029 775 eum
3073 723 3169 776 Dei
3212 723 3442 791 Sermo,
3470 725 3733 779 Dominus
3764 743 3880 782 nos-

2288 819 2373 869 tt-r
2414 817 2576 869 Iesus
2620 815 2896 883 Christus,
2955 816 3218 869 omnibus
3264 818 3497 885 venerit,
3536 822 3609 882 et,
3641 820 3883 890 colligens

2286 909 2480 963 doctos
2514 908 2723 979 pariter
2758 916 2811 962 et
2847 908 3119 975 indoctos,
3154 910 3311 964 omni
3356 911 3515 964 sexui
3556 916 3717 983 atque
3755 913 3885 967 aitati

2288 1006 2569 1073 praecepta
2623 1003 2819 1056 salutis
2867 1002 3130 1070 ediderit,
3202 1008 3613 1074 praeceptorum
3680 1023 3885 1062 suorum

2286 1096 2418 1150 fecit
2451 1095 2666 1166 grande
2710 1096 3140 1167 compendium,
3175 1103 3233 1151 ut
3282 1097 3337 1151 in
3388 1098 3673 1169 disciplina
3697 1101 3881 1155 caelesti

2286 1188 2623 1243 discentium
2658 1190 2932 1244 memoria
2963 1207 3077 1244 non
3106 1190 3414 1258 laboraret,
3448 1192 3544 1245 sed
3575 1192 3713 1263 quod
3754 1201 3883 1247 esset

2284 1281 2525 1352 simplici
2584 1282 2716 1336 lidei
2760 1283 3141 1337 necessarium
3215 1284 3484 1338 velociter
3561 1284 3783 1339 disceret
3823 1287 3880 1339 ⁵ο.

2285 1374 2393 1441 Sic,
2421 1391 2551 1429 cum
2588 1375 2817 1430 doceret
2859 1376 2997 1447 quid
3036 1378 3106 1430 sit
3143 1377 3254 1431 vita
3298 1383 3535 1444 interna,
3587 1396 3877 1436 sacramen-

2287 1475 2409 1523 tum
2439 1469 2565 1523 ritec
2599 1487 2807 1541 magna
2848 1474 2905 1524 et
2946 1470 3135 1525 divina
3172 1471 3447 1526 brevitate
3481 1474 3786 1544 complexus
3814 1481 3886 1531 est

2288 1562 2527 1616 dicens:
2563 1567 2685 1619 Haec
2724 1571 2799 1618 est
2844 1571 3025 1619 autem
3069 1568 3183 1618 vita
3237 1571 3441 1620 mterna
3501 1573 3560 1621 ut
3602 1578 3886 1634 cognoscant

2289 1661 2337 1711 te
2365 1659 2537 1712 solum
2590 1663 2639 1711 et
2681 1674 2868 1712 verum
2894 1660 2937 1692 δι
2982 1662 3167 1721 Deum,
3206 1666 3254 1715 et
3299 1676 3459 1729 quem
3515 1663 3700 1716 misisti
3735 1665 3886 1717 Jesum

560 1729 801 1755 ""l’""’"
830 1729 1001 1755 ""1""
1028 1729 1353 1755 “"VO'u'y-
1403 1729 1618 1754 ““““’“1“’“““
1659 1729 1924 1750 “”’“’“⁵“”“⁴““’⁷
1956 1729 2027 1737 ”“¹’
2063 1729 2183 1754 Ί“’“’
2406 1754 2416 1763 ,

554 1776 660 1832 sibi
701 1779 799 1831 aut.
844 1776 1215 1832 confessionis
1257 1782 1354 1831 aut
1405 1777 1679 1847 passionis
1729 1777 1967 1847 gloriam
2020 1794 2181 1831 suam
2207 1729 2261 1799 Β
2288 1753 2557 1847 Cﬁmjwm
2587 1754 2791 1821 (λθυηη
2827 1768 2959 1820 xv”:
2990 1752 3062 1823 8)·
3100 1754 3421 1820 “amicum
3446 1754 3513 1808 de
3543 1755 3677 1826 Lege
3703 1757 3882 1810 θίρτο·

558 1871 745 1937 ducat,
799 1886 929 1924 cum
992 1871 1262 1924 Dominus
1324 1872 1443 1940 ipse
1511 1870 1890 1925 humilitatem
1975 1871 2185 1926 docens

556 1963 761 2017 dixerit
796 1979 809 2017 :
843 1964 1083 2032 Vigilate
1128 1968 1179 2016 et
1218 1969 1388 2030 orate,
1439 1979 1504 2017 ne
1544 1965 1777 2017 veniatis
1822 1968 1879 2018 in
1928 1968 2181 2019 tentatio-

556 2073 693 2111 nem.
744 2056 985 2127 Spiritus
1039 2057 1255 2125 quidem
1306 2063 1589 2127 promptus
1649 2063 1746 2117 est.
1830 2074 1953 2112 caro
2003 2064 2185 2113 mitem

552 2151 768 2220 inﬁrma
797 2151 1012 2221 (Marc,
1046 2165 1155 2215 xiv,
1178 2152 1301 2217 38);
1335 2156 1416 2214 ut,
1447 2150 1585 2204 dum
1634 2151 1905 2220 prmcedit
1957 2151 2185 2205 humilis

553 2248 611 2297 et
642 2244 939 2298 summissa
985 2243 1264 2298 confessio
1315 2247 1371 2296 et
1418 2244 1585 2298 datur
1622 2248 1806 2298 totum
1853 2247 1983 2311 Deo,
2017 2245 2181 2316 quid-

554 2337 689 2408 quid
718 2337 1046 2408 suppliciter
1075 2354 1206 2391 cum
1250 2338 1453 2392 timore
1498 2343 1553 2391 et
1590 2338 1808 2392 honore
1845 2339 1943 2393 Dei
1977 2339 2187 2409 petitur

554 2429 727 2500 ipsius
754 2430 964 2501 pietate
995 2434 1309 2501 prtestetur.

625 2559 826 2614 XXVII.
868 2560 998 2613 Post
1040 2558 1141 2612 ista
1183 2561 1376 2614 omnia
1414 2559 1471 2614 in
1502 2560 2002 2615 consummatione
2056 2579 2182 2617 ora-

554 2652 725 2708 tionis
777 2652 932 2707 venit
982 2652 1230 2707 clausula
1274 2654 1386 2723 (60)
1434 2653 1724 2708 universas
1776 2655 2077 2725 petitiones
2130 2659 2188 2710 et

553 2761 748 2818 preces
799 2748 1015 2800 nostras
1062 2747 1289 2800 collecta
1343 2746 1622 2801 brevntatc
1689 2748 2052 2804 concludens.
2124 2751 2186 2804 In

551 2839 856 2894 novissimo
906 2839 1059 2894 enim
1114 2840 1406 2912 ponimus,
1456 2856 1552 2897 san
1611 2858 1799 2896 unum
1858 2859 1957 2896 uos
2004 2860 2034 2897 Α
2090 2860 2186 2899 ΜΑ-

553 2947 620 2987 L0
648 2933 773 3004 (6t),
806 2933 1357 3004 comprehendentes
1387 2934 1621 2989 adversa
1647 2941 1844 2989 cuncta
1884 2953 2011 3007 quae
2057 2953 2188 2991 con-

552 3029 640 3080 tra
666 3042 771 3080 nos
800 3026 858 3080 in
887 3026 997 3081 hoc
1030 3025 1247 3082 mundo
1290 3026 1521 3081 molitur
1565 3028 1867 3097 inimicus;
1910 3046 1940 3082 a
1980 3030 2186 3102 quibus

551 3119 809 3190 potest"
864 3135 983 3174 esse
1039 3119 1149 3173 fida
1200 3126 1255 3174 et
1304 3121 1467 3174 firma
1528 3121 1724 3189 tutela,
1787 3094 2260 3179 si-nos-DeusC

552 3210 774 3281 liberet,
816 3212 858 3265 si
894 3212 1328 3283 deprecantibus
1356 3217 1525 3285 atque
1546 3201 1982 3285 implorantibus
2011 3235 2181 3289 opem

556 3321 715 3359 suam
771 3306 1088 3376 praestet“.
1136 3305 1372 3370 Quando
1424 3313 1616 3363 autem
1676 3308 1939 3377 dicimus,
1995 3327 2180 3366 unum

555 3413 659 3453 nos
696 3414 730 3452 Α
765 3414 926 3467 uno,
954 3399 1094 3452 nihil
1127 3403 1387 3454 remanet
1411 3400 1565 3472 quod
1601 3401 1742 3456 ultra
1770 3402 1957 3458 adhuc
1984 3405 2184 3461 debeat

557 3490 847 3563 postulari,
891 3491 1122 3562 quando
1167 3492 1341 3546 semel
1384 3494 1798 3563 protectiouem
1847 3496 1941 3550 Dei
1981 3499 2181 3553 adver-

558 3601 652 3639 sus
679 3585 891 3639 malum
925 3588 1218 3655 petamus;
1249 3585 1383 3657 quia
1410 3586 1735 3657 impetrata,
1768 3593 1960 3643 contra
1991 3592 2187 3647 omnia

561 3693 689 3749 qum
717 3677 981 3733 diabolus
1024 3684 1081 3733 et
1118 3679 1371 3734 mundus
1412 3685 1724 3750 operantur
1764 3683 1942 3737 securi
1974 3690 2187 3741 stamus

559 3776 612 3828 et
642 3770 766 3827 tuti.
799 3770 933 3835 Quis
978 3771 1129 3826 enim
1180 3773 1232 3826 ei
1277 3773 1348 3828 de
1398 3774 1601 3829 saeculo
1654 3782 1839 3830 metus
1880 3786 1965 3832 est
2002 3779 2091 3833 cui
2127 3780 2187 3836 iu

559 3866 764 3920 saeculo
789 3866 934 3919 Deus
960 3867 1113 3919 tutor
1151 3869 1233 3920 est
1256 3867 1285 3919 ‘t

633 3993 825 4068 538
854 3995 1078 4051 XXVIII.
1109 3994 1255 4060 Quid
1286 3996 1517 4065 mirum,
1564 3999 1768 4055 fratres
1813 4001 2184 4073 dilectissimi,

559 4089 605 4143 si
632 4089 812 4144 oratio
839 4088 967 4144 talis
994 4094 1078 4144 est
1102 4106 1275 4160 quam
1306 4090 1452 4145 Deus
1480 4091 1690 4157 docuit,
1722 4095 1818 4166 qui
1860 4097 2187 4168 magisterio

558 4198 659 4239 suo
689 4198 921 4237 omnem
955 4198 1183 4253 precem
1213 4185 1469 4238 nostram
1497 4186 1727 4241 salutari
1766 4204 2037 4245 sermone
2063 4192 2187 4249 bre-

562 4271 776 4326 viavit?
808 4273 920 4327 Hoc
940 4272 1062 4342 jam
1093 4288 1198 4343 per
1225 4272 1424 4327 Isaiam
1471 4275 1805 4345 prophetam
1838 4278 2020 4335 fuerat
2051 4289 2185 4339 ante

2286 1844 2472 1914 phetis
2499 1851 2777 1915 prmccpta
2807 1847 2992 1915 prima
3022 1849 3078 1900 et
3105 1846 3318 1916 majora
3348 1847 3679 1918 decerperet
3703 1868 3713 1903 :
3733 1851 3878 1917 Audi,

2285 1937 2492 2008 inquit.
2528 1939 2716 2003 Israel,
2761 1941 3014 1993 Dominus
3042 1942 3181 1994 Deus
3216 1947 3343 1996 tuus
3371 1944 3513 1996 Deus
3552 1959 3684 1997 unus
3708 1950 3794 1998 est.
3830 1946 3885 1997 Et

2286 2031 2476 2100 diliges
2527 2034 2812 2086 Dominum
2850 2035 3015 2088 Deum
3048 2039 3198 2088 tuum
3241 2035 3307 2088 de
3362 2040 3474 2090 toto
3521 2038 3671 2091 corde
3721 2043 3819 2100 tito,
3845 2044 3885 2091 et

2285 2126 2352 2180 de
2374 2130 2485 2179 tota
2514 2128 2702 2179 anima
2738 2133 2854 2188 tua,
2889 2132 2939 2181 et
2981 2128 3046 2181 de
3074 2133 3184 2183 tota
3228 2131 3440 2183 virtute
3488 2137 3584 2185 tua
3610 2132 3793 2199 (Deut,
3824 2148 3883 2197 Vl,

2285 2221 2339 2284 4,
2400 2222 2473 2287 5).
2530 2222 2634 2275 Hoc
2697 2228 2772 2274 est
2820 2223 3059 2290 primum
3107 2223 3454 2278 mandatum.
3520 2227 3587 2279 Et
3634 2225 3885 2279 secundum

2286 2313 2457 2367 simile
2488 2318 2567 2367 est
2607 2315 2732 2369 huic
2774 2331 2787 2368 ε
2838 2316 3042 2384 Diliges
3081 2318 3389 2385 proximum
3433 2318 3536 2371 tibi
3581 2324 3816 2387 tanquam
3847 2326 3885 2373 te

2285 2406 2521 2476 ipsum“
2548 2407 2765 2478 (Μαι-6.,
2796 2425 2890 2476 xu,
2919 2411 3128 2479 29-31).
3158 2412 3223 2465 In
3262 2412 3346 2465 his
3398 2411 3607 2466 duobus
3640 2416 3886 2481 praceptis

2287 2506 2400 2555 tota
2428 2502 2539 2555 Leu:
2585 2503 2783 2571 pendet
2825 2507 2875 2556 et
2914 2504 3197 2573 Pmphetw
3239 2506 3488 2575 (Matth,
3527 2523 3653 2573 xxu,
3697 2506 3795 2575 40).
3830 2507 3885 2559 Et

2287 2594 2492 2647 iterum
2557 2611 2569 2648 :
2625 2597 2978 2666 Quacumque
3045 2598 3321 2652 volueritis
3377 2604 3440 2653 ut
3502 2601 3708 2665 faciant
3762 2599 3885 2652 vobis

2287 2688 2527 2743 homines
2575 2689 2733 2757 bona,
2774 2692 2859 2744 ita
2896 2697 2945 2745 et
2990 2707 3080 2745 ros
3118 2693 3289 2757 facile
3326 2693 3463 2747 illis.
3506 2697 3625 2749 Haec
3665 2701 3735 2749 est
3769 2695 3886 2748 enim

2288 2783 2398 2836 Leu:
2422 2789 2471 2836 et
2500 2783 2781 2853 Propheta?
2812 2784 2968 2852 (Ibid.
2988 2828 3001 2851 ,
3031 2802 3127 2852 vn,
3164 2789 3270 2856 12).

2358 2876 2525 2929 XXIX.
2560 2876 2671 2929 Nec
2710 2877 2896 2932 verbis
2934 2884 3174 2947 tantum,
3222 2879 3320 2935 sed
3371 2885 3430 2935 et
3468 2882 3624 2937 factis
3650 2879 3884 2935 Dominus

2288 2986 2454 3022 orare
2480 2986 2584 3024 nos
2621 2970 2829 3040 docuit,
2861 2972 2979 3043 ipse
3014 2988 3182 3027 orans
3232 2973 3567 3046 frequenter
3608 2981 3661 3029 et
3709 2973 3881 3043 depre-

2288 3078 2442 3128 cans,
2474 3068 2530 3118 et
2552 3064 2692 3135 quid
2714 3064 2898 3120 facere
2919 3082 3026 3122 nos
3046 3073 3335 3139 operteret
3361 3068 3451 3123 sui
3477 3068 3713 3141 exempli
3729 3073 3885 3123 conte-

2283 3156 2523 3212 statione
2543 3157 2965 3227 demonstrans,
2985 3160 3128 3216 sicut
3156 3162 3428 3233 scriptum
3460 3168 3545 3218 est
3567 3180 3579 3217 :
3599 3165 3709 3234 Ipse
3734 3166 3881 3216 autem

2279 3255 2393 3320 fuit
2412 3255 2659 3311 secedens
2676 3259 2735 3311 in
2759 3259 3111 3314 solitudinem
3133 3266 3183 3315 et
3210 3261 3454 3316 adorans
3477 3262 3525 3296 ⁸³
3546 3261 3711 3332 (Luc.,
3727 3258 3875 3328 v,16).

2282 3349 2347 3402 Et
2374 3348 2619 3404 iterum:
2653 3353 2835 3406 Exivit
2874 3355 2933 3406 in
2962 3359 3136 3409 monte
3179 3370 3355 3416 orare,
3389 3361 3440 3410 et
3457 3358 3574 3424 fuit
3589 3358 3878 3426 pet-noctuas

2282 3444 2338 3496 in
2364 3446 2612 3498 oratione
2646 3447 2738 3499 Dei
2764 3446 2932 3515 (Luc,
2962 3463 3038 3516 γι,
3073 3448 3181 3519 t2).
3212 3448 3379 3512 Quod
3408 3449 3451 3502 si
3481 3450 3573 3505 ille
3598 3448 3777 3503 orabat
3804 3456 3883 3516 qui

2288 3536 2412 3590 sine
2502 3543 2731 3608 peccato
2805 3546 2957 3607 erat,
3039 3546 3250 3612 quanto
3329 3543 3517 3614 magis
3597 3543 3881 3613 peccatores

2288 3634 2512 3699 oportet
2534 3648 2699 3686 orare
2726 3632 2754 3686 ‘l
2787 3635 2851 3687 Et
2879 3634 2925 3688 si
2970 3635 3063 3688 ille
3096 3652 3198 3706 per
3232 3640 3415 3691 totam
3444 3640 3663 3692 noctem
3692 3634 3880 3705 jugiter

2288 3727 2522 3797 vigilans
2579 3731 2860 3784 continui;
2910 3733 3173 3803 precibus
3247 3735 3471 3803 orabat,
3526 3739 3727 3806 quanto
3792 3745 3875 3783 nos

2290 3821 2468 3891 magis
2498 3822 2551 3876 in
2581 3823 3005 3895 frequentanda
3022 3826 3275 3883 oratione
3295 3827 3575 3885 debemus
3595 3831 3742 3883 nocte
3757 3822 3875 3894 vigi-

2288 3914 2405 3968 lare
2430 3916 2456 3969 ’ἶ

2357 4011 2498 4064 ΧΧΧ.
2549 4011 2756 4066 Orabat
2798 4019 2993 4069 autem
3044 4014 3312 4069 Dominus
3375 4020 3435 4070 et
3487 4015 3731 4088 rogabat,
3781 4026 3873 4067 non

2290 4118 2392 4174 pro
2424 4119 2501 4169 se,
2528 4105 2663 4175 quid
2696 4107 2849 4161 enim
2880 4124 2981 4178 pro
3013 4125 3069 4162 se
3098 4108 3367 4163 innocens
3410 4115 3727 4181 precaretur
3750 4107 3774 4161 Ῥ
3795 4102 3873 4159 sed

2292 4212 2390 4266 pro
2462 4197 2678 4252 delictis
2725 4200 2952 4266 nostris,
2995 4200 3141 4255 sicut
3204 4206 3259 4255 et
3298 4203 3423 4273 ipse
3474 4203 3725 4263 declarat.
3768 4211 3875 4252 cum

2289 4289 2426 4344 dicit
2471 4292 2539 4345 ad
2594 4292 2821 4348 Petrum
2858 4311 2870 4348 :
2907 4296 3037 4350 Ecce
3079 4297 3317 4352 Satanas
3373 4295 3741 4366 postulavit“
3788 4290 3875 4361 (62)

1925 4415 2132 4481 Variae
2190 4420 2531 4487 lectiones.

624 4530 666 4565 ⁵⁸
692 4532 739 4581 Α
775 4528 984 4595 quibus
1012 4544 1125 4582 non
1157 4534 1341 4597 potest
1377 4547 1570 4585 correx.
1610 4538 1767 4587 Oxon.
1805 4542 1951 4590 nullo
1993 4545 2102 4593 cod.
2141 4547 2326 4597 allato.

2431 4551 2472 4582 ‘9
2508 4552 2681 4602 Nisi...
2720 4558 2939 4616 praestet
2976 4557 3201 4605 correxit
3244 4556 3427 4612 Οτοη..
3456 4570 3544 4607 nec
3589 4555 3743 4604 ullum
3783 4548 3871 4598 cod-

557 4602 824 4676 excitavit.
873 4601 1223 4676 A‘°_Ecclesia
1258 4603 1502 4655 disceret
1537 4606 1670 4655 Pem.
1733 4608 1779 4641 ⁸¹
1823 4609 1900 4659 Te
1939 4613 2119 4663 solum
2166 4629 2361 4667 verum
2409 4622 2560 4670 Ρανίς
2646 4625 2687 4655 ε’
3785 4619 3871 4670 ιιιι.

557 4674 695 4722 Lam.
728 4670 835 4722 ΝΟ.
866 4673 910 4722 ι.
939 4672 1229 4737 Tanquam
1259 4678 1314 4726 te
1341 4676 1507 4727 Paris.
1576 4677 1619 4711 σι
1655 4678 1832 4730 Orans
1862 4683 1998 4731 Lam.
2032 4683 2179 4737 Eber.
2210 4691 2297 4739 Ar.
2328 4692 2453 4741 Berl.
2485 4693 2534 4746 ε.
2561 4694 2608 4744 3.
2673 4670 3450 4759 «resistataufugit}:
3479 4670 3625 4759 ιτηὶῇὲὶ.

1848 4810 2071 4894 Steph.
2122 4815 2370 4882 Baluzii
2425 4827 2619 4886 notae.

619 4925 816 4987 (37)No
901 4930 1110 4991 tangas.
1157 4930 1286 4980 Post
1330 4932 1432 4981 ista
1480 4931 1731 4985 additum
1796 4942 1883 4987 est
1930 4940 1985 4990 in
2045 4942 2184 4993 libro

557 4994 799 5047 Fuxensi
843 5012 854 5046 :
900 5016 929 5038 α
966 4999 1036 5048 Et
1085 5000 1193 5050 alio
1238 5001 1361 5052 loco
1410 5003 1543 5053 dicit
1592 5020 1605 5053 :
1665 5007 1787 5057 Ecce
1832 5011 1987 5060 trado
2031 5013 2184 5065 illum

2204 4966 2263 5038 D

2350 4950 2453 5012 (60)
2491 4952 2636 5001 Venit
2680 4952 2940 5004 clausula.
2985 4953 3363 5005 Tertullianus
3407 4956 3461 5004 in
3501 4953 3637 5004 libro
3678 4949 3735 4999 de
3769 4948 3869 4996 Ora-

2286 5021 2427 5070 tione
2454 5037 2471 5069 :
2496 5041 2522 5068 «
2548 5023 2619 5072 Et
2648 5025 2945 5087 respondet
2986 5025 3236 5076 clausula
3262 5028 3621 5090 interpretans
3645 5018 3762 5087 quid
3786 5017 3860 5075 δίε,

556 5067 668 5149 tibi.
704 5069 926 5149 Tanta-ni
954 5071 1364 5149 ultimamillius
1398 5074 1613 5124 custodi.
1641 5094 1668 5123 »ι
1700 5078 1863 5140 Quod
1900 5090 2187 5147 sumptum

557 5142 642 5209 est
668 5141 940 5209 exicapite
970 5154 1005 5191 ιι
1031 5141 1155 5191 libri
1184 5143 1307 5203 Job,
1354 5149 1412 5194 ut
1455 5148 1657 5197 citatur
1681 5164 1709 5198 ιι
1762 5141 2105 5207 Tertulliano
2129 5160 2185 5209 in

557 5204 699 5256 libro
724 5208 787 5256 de
801 5210 949 5272 Fuga
984 5213 1041 5259 in
1062 5214 1436 5275 persecutione.

622 5276 1028 5357 (58)hTen_ipora
1074 5283 1371 5357 passionis.
1402 5286 1679 5357 Pametius
1726 5292 1929 5357 adjecit
1971 5311 2041 5348 ex
2094 5313 2187 5351 co-

557 5344 681 5431 dice
732 5344 1180 5431 Cumberonenst
1228 5354 1300 5404 ad
1351 5356 1599 5431 Pilatum.
1674 5344 1812 5413 Sed.
1862 5344 2188 5431 egoiwistdd

555 5429 669 5493 non
719 5423 895 5493 reperi
954 5425 1009 5472 in
1056 5424 1213 5474 libris
1284 5428 1503 5490 nostris,
1568 5436 1621 5481 et
1696 5423 2054 5493 manifestum
2105 5449 2188 5493 est

555 5486 745 5609 deesse
793 5492 846 5540 in
901 5493 1242 5546 editionibus
1285 5511 1411 5563 quas
1460 5486 1833 5558 Pamelianam
1879 5486 2189 5566 ὲιὶιίἔᾶδεέἑί

557 5571 660 5609 run
693 5599 703 5609 .

557 5571 703 5609 runt.

621 5632 714 5692 (59)
778 5635 999 5695 Quando
1041 5642 1216 5686 autem
1265 5650 1523 5706 rogamus.
1581 5646 1727 5697 Citat
1789 5650 1941 5703 hunc
2000 5654 2184 5707 locum

552 5707 775 5778 sanctus
801 5706 1142 5786 Augustinus
1170 5709 1264 5761 lib.
1291 5726 1366 5777 ιν,
1395 5720 1576 5767 contra
1604 5719 1739 5769 duas
1765 5724 2025 5786 [ip-“stolas
2047 5706 2187 5776 Ρειςλιξ

547 5786 847 5847 θιιιηονιιηι,
880 5790 998 5845 cap.
1022 5781 1068 5830 9.

2350 5163 2445 5227 ιϐι)
2506 5165 2606 5215 Sed
2655 5166 2824 5216 libera
2874 5181 2970 5217 nos
3016 5182 3050 5217 η
3115 5167 3269 5217 malo.
3336 5166 3472 5217 Vide
3526 5162 3858 5216 adnotatioues

2290 5233 2504 5284 Erasmi
2532 5238 2585 5285 in
2616 5242 2782 5301 caput
2812 5252 2869 5288 ιιι
2900 5239 3085 5289 Lucae.

2350 5306 2449 5365 (62)
2506 5298 2813 5358 Postulavit.
2868 5308 3119 5374 Vulgatee
3167 5310 3455 5367 editiones,
3530 5304 3773 5374 Hilarius
3817 5298 3861 5345 in

2286 5375 2427 5427 libro
2476 5391 2514 5427 ιι
2564 5378 2625 5427 de
2678 5381 2946 5441 Trinitate,
2982 5369 3043 5431 vc.
3097 5381 3178 5443 38,
3217 5385 3271 5431 et
3323 5380 3678 5442 Hieronymus
3726 5369 3864 5443 lib._u

2289 5447 2544 5500 adversus
2595 5450 2864 5513 Pelagium
2909 5439 3117 5502 habent
3167 5439 3440 5516 expetivit,
3489 5439 3564 5499 uti
3612 5446 3792 5509 legitur
3814 5439 3859 5488 in

2288 5522 2469 5583 capite
2506 5535 2543 5571 ιι
2580 5523 2867 5587 Evangelii
2910 5525 3220 5575 secundum
3251 5526 3465 5575 Lucam.
3509 5517 3682 5573 δι’δι’ἱὶ
3709 5520 3860 5562 tamen

2289 5603 2416 5654 quoe
2481 5594 2683 5643 dicitur
2732 5594 2902 5644 editio
2957 5596 3178 5658 praefert
3237 5594 3529 5657 postulavit.
3581 5588 3708 5640 Cum
3752 5590 3857 5641 ergo

2289 5661 2586 5711 lectionem
2619 5665 2768 5713 illam
2808 5678 2911 5727 ego
2959 5666 3263 5716 invenerim
3313 5667 3365 5715 in
3409 5674 3565 5715 xxvu
3610 5657 3859 5727 libi-ianos-

2289 5734 2387 5779 tris
2427 5736 2479 5781 et
2526 5734 2579 5782 in
2626 5721 3211 5799 novem‘Anglicauis,
3282 5742 3395 5786 tum
3444 5735 3597 5785 etiam
3655 5729 3703 5776 in
3746 5721 3855 5799 Πιπο

2292 5803 2617 5855 Tertulliani
2671 5807 2734 5856 tle
2764 5808 2907 5874 Fuga
2963 5798 3017 5857 in
3048 5810 3419 5875 persecutione,
3462 5802 3596 5875 apud
3642 5798 3851 5851 sanctum
