3990 6202
250 316 361 368 557

1408 316 1603 372 LIBER
1650 317 1737 373 Illi
1772 318 2110 374 UllATIONE
2150 317 2488 375 DOMINlCA.

3533 332 3631 384 558

244 444 307 491 ut
332 454 443 494 vos
472 445 693 494 vemret
725 440 773 473 ⁸⁵
806 440 912 510 (63)
950 435 1142 511 539
1179 440 1443 509 quomodo
1492 442 1753 495 triticum.
1787 443 1898 511 Ego
1922 456 1977 526 Α
2000 441 2233 512 vigilare
2260 443 2438 498 oculis
2464 448 2520 497 et
2546 445 2714 499 corde
2742 446 3014 515 dormire,
3048 465 3179 519 cum
3209 450 3416 505 debeat
3440 453 3631 508 Chris-

238 539 446 587 autcm
481 537 671 602 rogavi
691 550 793 604 pro
818 540 885 593 te.
916 551 979 590 ne
1005 536 1218 602 deﬁciat
1253 534 1384 601 ﬁdes
1414 541 1511 589 tua
1555 534 1726 602 (Luc.,
1766 552 1896 597 χιιι,

235 630 335 693 3t,
370 628 496 697 32).
538 629 603 681 Et
631 629 1000 699 postmodum
1061 646 1166 700 pro
1216 628 1484 683 omnibus
1526 630 1750 683 Patrem
1794 630 1892 683 de-

234 728 537 791 precatur
586 722 782 776 dicens
834 740 849 777 :
892 725 1013 778 Non
1059 739 1159 792 pro
1202 722 1284 776 his
1330 729 1507 777 autem
1555 738 1681 790 rogo
1748 725 1895 789 solis,

224 816 335 869 sed
370 823 435 870 et
464 832 565 886 pro
610 818 723 871 illis
760 820 857 886 qui
901 817 1164 872 credituri
1192 822 1322 872 sunt
1353 832 1450 887 per
1498 818 1718 871 uerbum
1760 820 1895 887 ipso-

220 926 359 963 rum
393 913 469 964 in
496 926 594 972 me,
621 917 682 964 ut
721 925 900 965 omnes
944 927 1114 965 unum
1157 915 1290 973 sint,
1330 914 1467 965 sicut
1507 916 1584 979 tu,
1612 913 1794 973 Pater,
1836 913 1895 965 in

214 1019 308 1057 me
339 1010 407 1057 et
446 1020 542 1073 ego
566 1006 623 1057 in
653 1011 723 1065 te,
751 1009 811 1058 ut
841 1011 893 1058 et
920 1007 1101 1074 ipsiin
1129 1005 1282 1059 nobis
1312 1020 1487 1059 unum
1527 1006 1640 1059 sint
1691 1006 1893 1074 (10am,

222 1114 385 1163 xvn,
416 1100 534 1167 20).
576 1098 771 1168 Magna
818 1098 1038 1152 Domini
1084 1104 1316 1169 propter
1356 1100 1593 1153 salutem
1643 1102 1893 1153 nostram

212 1187 586 1257 benignitas
613 1186 822 1257 pariter
848 1192 904 1242 et
932 1187 1131 1258 pietas,
1169 1190 1230 1242 ut
1274 1204 1388 1242 non
1417 1192 1714 1242 contentus
1740 1186 1889 1257 quod

212 1295 339 1333 nos
378 1280 671 1350 sanguine
720 1297 820 1335 suo
859 1281 1192 1347 redimeret,
1224 1281 1413 1335 adhuc
1442 1298 1545 1351 pro
1573 1280 1737 1335 nobis
1767 1297 1889 1334 ain-

208 1373 393 1443 plius
438 1377 497 1427 et
526 1381 762 1445 rogaret.
798 1375 1070 1445 Rogantis
1100 1378 1290 1429 autem
1321 1374 1672 1428 desiderium
1708 1374 1891 1429 videte

210 1467 399 1538 quod
472 1468 655 1524 fuerit.
714 1474 796 1533 ut,
838 1468 1130 1539 quomodo
1181 1485 1356 1523 unum
1417 1476 1548 1522 sunt
1605 1472 1764 1539 pater
1835 1472 1893 1522 et

208 1562 422 1629 ﬁlius,
488 1562 564 1615 sic
613 1570 665 1617 ct
713 1580 814 1616 nos
851 1563 909 1617 in
961 1563 1082 1633 ipsa
1127 1563 1351 1617 unitate
1411 1579 1761 1617 maneamus.
1823 1563 1892 1617 Ut

208 1656 377 1709 hinc
418 1672 652 1726 quoque
681 1658 861 1726 possit
882 1657 1127 1727 intelligi
1166 1663 1447 1727 quantum
1476 1657 1773 1727 delinquat
1792 1656 1891 1727 qui

205 1750 537 1804 unitatem
565 1750 767 1804 scindit
795 1756 853 1805 et.
881 1767 1098 1821 pacem,
1132 1768 1260 1805 cum
1291 1767 1394 1822 pro
1427 1752 1530 1806 hoc
1558 1758 1615 1806 et
1639 1767 1874 1821 rogave~

208 1844 290 1898 iit
320 1843 640 1910 Dominus,
665 1844 851 1899 volens
877 1844 1090 1899 scilicet
1119 1845 1195 1898 sic
1224 1845 1443 1915 plebem
1472 1861 1638 1899 suam
1660 1846 1872 1899 salvam
1900 1828 1952 1900 Β
1975 1848 2111 1920 quia
2173 1852 2327 1905 nulla
2387 1857 2471 1906 est
2537 1855 2864 1924 Operatione
2930 1856 3242 1911 t'meundns.

206 1938 349 1992 ﬁeri
393 1943 468 1991 et
492 1938 551 1992 in
582 1954 715 2008 pace
745 1939 930 1993 vivere
954 1941 1022 2006 ⁵⁵,
1057 1955 1186 1993 cum
1217 1938 1379 1994 sciret
1408 1939 1478 1994 ad
1511 1955 1754 2009 regnum
1778 1938 1879 1994 Dei

206 2031 591 2086 discordiam
621 2049 733 2087 non
766 2032 980 2087 venire.

283 2126 495 2181 XXXI.
529 2125 764 2190 Quando
802 2133 994 2182 autem
1040 2130 1257 2182 stamus
1295 2128 1364 2182 ad
1402 2126 1739 2193 orationem,
1768 2126 1879 2181 fra-

210 2226 343 2274 tres
390 2220 774 2285 dilectissimi,
817 2220 1048 2291 vigilare
1089 2226 1147 2276 et
1194 2222 1524 2275 incumbere
1562 2220 1635 2275 ad
1687 2237 1882 2290 preces

206 2321 351 2369 toto
423 2312 602 2368 corde
642 2314 935 2369 debemus.
990 2315 1269 2386 Cogitatio
1316 2315 1504 2370 omnis
1541 2315 1781 2370 carnalis
1826 2321 1881 2369 et

208 2407 539 2463 saecularis
577 2406 860 2470 abscedat,
906 2425 1012 2463 nec
1068 2409 1371 2480 quicquam
1446 2416 1583 2464 tunc
1654 2408 1882 2463 animus

207 2517 415 2573 quam
454 2502 510 2555 in
544 2501 720 2556 solum
743 2502 952 2572 cogitet
977 2503 1133 2574 quod
1163 2506 1446 2574 precatur.
1475 2503 1604 2558 Ideo
1626 2506 1682 2559 et
1701 2520 1884 2558 sacer-

206 2597 346 2663 dos,
410 2599 558 2649 ante
607 2595 923 2651 orationem
966 2596 1297 2667 praefatione
1355 2599 1672 2668 praemissa,
1724 2600 1885 2667 parat

210 2693 492 2745 fratrum
527 2695 747 2745 mentes
794 2690 1072 2746 dicendo:
1120 2693 1349 2748 Sursum
1389 2693 1555 2746 corda
1611 2693 1758 2762 (6t);
1800 2696 1883 2760 ut,

209 2785 371 2840 dum
449 2783 751 2855 respondet
790 2785 970 2855 plebs,
1024 2786 1289 2840 Habemus
1331 2786 1405 2840 ad
1438 2788 1747 2852 Dominum,
1779 2785 1879 2839 ad-

209 2880 552 2934 moneatur
592 2878 732 2932 nihil
763 2879 916 2932 aliud
961 2896 1022 2933 se
1063 2894 1238 2950 quam
1282 2879 1588 2934 Dominum
1631 2881 1882 2949 cogitare

207 2973 475 3027 debere.
527 2972 833 3027 Claudatur
880 2976 1076 3027 contra
1134 2972 1519 3027 adversarium
1564 2976 1779 3044 pectus,
1830 2977 1885 3027 et

210 3067 325 3121 soli
382 3066 510 3121 Deo
561 3071 772 3136 pateat,
813 3083 919 3121 nec
975 3067 1043 3121 ad
1094 3084 1152 3121 se
1206 3067 1423 3122 hostem
1480 3068 1574 3122 Dei
1630 3073 1883 3139 tempore

211 3161 523 3216 orationis
559 3159 717 3215 adire
762 3161 1033 3231 patiatur.
1074 3161 1309 3233 Obrepit
1347 3162 1503 3217 enim
1548 3162 1879 3233 frequenter
1899 3199 1950 3233 ,π

211 3261 273 3310 et
326 3256 629 3326 penetrat,
675 3259 731 3310 et
774 3255 1057 3309 subtiliter
1105 3255 1306 3310 fallens
1350 3272 1544 3327 preces
1593 3262 1811 3310 nostras
1842 3273 1875 3309 a

219 3350 344 3403 Deo
398 3352 621 3413 avocat,
657 3351 719 3402 ut
765 3349 914 3402 aliud
949 3349 1265 3403 habeamus
1304 3350 1364 3404 in
1404 3349 1598 3418 corde,
1633 3349 1785 3404 aliud
1817 3351 1871 3403 in

218 3459 391 3510 voce,
429 3441 665 3512 quando
692 3442 1012 3498 intentione
1043 3443 1265 3498 sincera
1298 3443 1600 3499 Dominum
1643 3443 1870 3511 debeat,

212 3553 345 3591 non
412 3535 566 3590 vocis
618 3551 814 3602 sonus,
869 3535 968 3591 sed
1019 3537 1245 3592 animus
1288 3542 1345 3593 et
1399 3553 1616 3604 sensus,
1680 3554 1868 3593 orare.

215 3630 370 3693 Quae
416 3633 607 3683 autem
643 3629 883 3700 segnitia
934 3636 1019 3684 est
1057 3630 1289 3686 alienari
1335 3634 1394 3685 et
1436 3633 1557 3701 rapi
1577 3632 1622 3666 ⁸⁷
1665 3631 1871 3702 ineptis

214 3723 687 3794 cognitionibus
713 3726 772 3777 et
799 3724 1042 3794 profanis
1068 3741 1196 3778 cum
1241 3725 1547 3779 Dominum
1590 3725 1865 3796 depreca-

215 3819 326 3881 ris,
383 3817 549 3887 quasi
602 3818 675 3870 sit
714 3817 868 3870 aliud
919 3819 1065 3888 quod
1116 3819 1299 3890 magis
1351 3817 1559 3873 debeas
1610 3820 1867 3889 cogitare

216 3928 411 3982 quam
445 3911 591 3981 quod
634 3927 764 3965 cum
794 3912 906 3965 Deo
932 3911 1178 3983 loqueris
1202 3912 1229 3966 ?
1269 3911 1573 3976 Quomodo
1608 3918 1659 3966 te
1682 3913 1864 3967 audiri

212 4025 257 4058 ει
287 4007 409 4059 Deo
437 4005 709 4076 postulas,
739 4021 867 4059 cum
918 4011 971 4060 te
1014 4006 1135 4077 ipse
1180 4023 1291 4060 non
1335 4006 1532 4060 audias
1559 4007 1586 4061 ‘l
1626 4006 1715 4061 Vis
1743 4024 1863 4062 esse

212 4102 415 4156 Deum
456 4116 764 4155 memorem
813 4099 893 4153 tui
948 4116 1075 4155 cum
1124 4115 1310 4171 rogas,
1364 4102 1591 4172 quando
1640 4107 1697 4155 tu
1743 4102 1861 4172 ipse

218 4210 465 4249 memor
498 4195 579 4248 tui
624 4211 733 4248 non
779 4193 895 4248 sis?
945 4195 1056 4249 Hoc
1109 4198 1195 4248 est
1245 4194 1316 4248 ab
1358 4194 1520 4249 hoste
1565 4195 1623 4249 in
1676 4202 1859 4252 totum

215 4309 339 4346 non
373 4306 575 4345 cavere
604 4306 617 4343 :
649 4290 757 4344 hoc
783 4294 886 4355 est,
917 4289 1147 4360 quando
1178 4305 1302 4342 oras
1350 4289 1550 4348 Deum.
1587 4292 1857 4360 majesta~

217 4392 341 4441 tem
406 4385 502 4440 Dei
558 4383 906 4454 negligentia
948 4382 1218 4439 orationis
1266 4382 1555 4439 offendere
1587 4401 1601 4440 :
1631 4384 1738 4440 hoc
1774 4390 1860 4440 est

2002 536 2187 589 tiaaus
2232 542 2287 591 et
2330 555 2459 592 cum
2505 538 2714 593 dormit
2766 541 2942 595 oculis
2980 543 3147 597 corde
3197 545 3445 616 vigilare,
3488 548 3634 603 sicut

2003 628 2197 702 540
2228 630 2503 702 scriptum
2544 636 2629 687 est
2666 650 2730 687 ex
2767 652 3009 704 persona
3043 638 3304 692 Ecclesiae
3352 640 3631 711 loquentis

1999 722 2054 776 in
2121 725 2353 778 Cantica
2423 727 2780 782 Canticorum
2842 745 2854 781 :
2912 732 3020 798 Ego
3075 733 3281 787 dormio
3308 733 3378 794 δε,
3435 742 3485 789 et
3544 750 3634 790 cor

1998 833 2168 871 meum
2208 820 2402 887 vigilat
2445 820 2653 891 (Cant.,
2692 838 2745 888 v,
2790 822 2864 891 2).
2914 824 3267 895 Quapropter
3311 828 3544 883 sollicite
3574 831 3631 884 et.

1996 918 2157 965 caute
2206 914 2504 981 Apostolus
2548 915 2821 970 admonet
2861 916 3055 971 dicens
3098 920 3343 973 :Iaslate
3370 924 3628 991 orationi,

1993 1006 2285 1073 vigilantes
2327 1010 2383 1061 in
2422 1024 2483 1062 eu
2528 1009 2769 1079 (001033.,
2821 1026 2889 1075 iv,
2940 1011 3018 1079 2),
3069 1011 3275 1065 docens
3332 1015 3542 1069 scilicet
3574 1020 3632 1071 et

1994 1100 2299 1153 ostendens
2343 1118 2440 1155 eos
2478 1103 2785 1173 impetrare
2843 1104 2998 1175 quod
3048 1106 3340 1175 postulant
3393 1108 3461 1162 de
3515 1111 3629 1163 Deo

1997 1209 2180 1263 posse,
2215 1209 2358 1264 quos
2390 1197 2538 1250 Deus
2567 1198 2819 1252 videatin
2853 1202 3110 1255 oratione
3142 1200 3392 1271 vigilare.

2064 1287 2263 1343 XXXII.
2324 1288 2566 1344 Orantes
2608 1295 2803 1346 autem
2882 1310 2999 1349 non
3078 1293 3445 1349 infructuosis
3527 1312 3633 1350 nec

1996 1380 2165 1434 nudis
2192 1382 2450 1452 precibus
2487 1385 2560 1439 ad
2602 1386 2778 1440 Deum
2829 1387 3077 1442 veniant.
3128 1388 3392 1443 Inefticax
3434 1390 3633 1460 petitio

1992 1481 2078 1528 est
2106 1490 2233 1529 cum
2263 1483 2523 1546 precatur
2568 1480 2745 1534 Deum
2792 1481 2998 1535 sterilis
3046 1482 3244 1536 oratio.
3292 1485 3451 1551 Nam,
3494 1500 3626 1539 cum

1992 1570 2164 1622 omnis
2219 1570 2382 1623 arbor
2434 1587 2543 1625 non
2589 1575 2797 1639 faciens
2840 1577 3089 1640 fructum
3141 1577 3427 1631 excidatur
3469 1584 3520 1631 et
3572 1581 3631 1632 in

1990 1664 2165 1729 ignem
2208 1665 2471 1718 mittatur
2530 1668 2769 1732 (Malth.,
2816 1684 2907 1734 vn,
2962 1672 3068 1739 19),
3119 1671 3312 1741 utique
3361 1675 3417 1725 et
3443 1687 3630 1726 sermo

1990 1771 2107 1809 non
2142 1756 2367 1811 habens
2401 1758 2646 1813 fructum
2699 1763 3015 1830 promereri
3046 1763 3222 1818 Deum
3269 1781 3381 1818 non
3424 1771 3630 1855 potest,

3356 1861 3421 1914 Et
3500 1860 3630 1916 ideo

1980 1943 2275 2014 Scriptura
2317 1946 2508 2001 divina
2558 1947 2808 2003 instruit
2853 1951 3046 2005 dicens
3096 1968 3108 2006 :
3144 1955 3288 2007 Bona
3330 1960 3405 2008 est
3454 1958 3629 2011 oratio

1979 2053 2104 2091 cum
2121 2038 2330 2107 jejunio
2355 2045 2406 2095 et
2432 2042 2766 2112 clcemosyna
2804 2046 2979 2114 (Tob.,
3014 2061 3105 2113 xu,
3136 2046 3215 2113 9).
3262 2048 3404 2101 Nam
3443 2048 3541 2118 qui
3571 2048 3629 2103 in

1989 2130 2085 2185 die
2112 2131 2314 2200 judicii
2346 2134 2648 2205 praemium
2686 2154 2791 2207 pro
2838 2138 3101 2207 operibus
3146 2142 3205 2192 et
3253 2140 3629 2212 eleemosynis

1982 2223 2318 2280 redditurus
2359 2234 2469 2295 est,
2516 2228 2687 2283 hodie
2728 2247 2953 2301 quoque
3002 2232 3075 2285 ad
3121 2234 3439 2289 orationem
3491 2251 3627 2289 cum

1984 2320 2327 2389 operatione
2357 2321 2405 2355 ‘9
2455 2322 2703 2377 venienti
2753 2323 3034 2393 benignus
3086 2326 3317 2382 auditor
3381 2331 3484 2383 est.
3535 2329 3630 2384 Sic

1984 2411 2239 2486 denique
2288 2415 2581 2470 Cornelius
2642 2418 2899 2472 centurio
2957 2436 3085 2474 cum
3136 2425 3348 2489 oraret,
3421 2423 3631 2478 meruit

1982 2505 2182 2560 audiri.
2236 2508 2361 2562 Fuit
2412 2510 2564 2563 enim
2609 2510 2824 2565 faciens
2865 2514 3071 2567 multas
3122 2516 3517 2586 eleemosyuas
3563 2516 3627 2574 in

1986 2600 2208 2669 plebem
2240 2607 2295 2655 et
2322 2619 2548 2673 semper
2584 2620 2751 2658 orans
2800 2607 2999 2660 Deum.
3051 2609 3186 2662 Huic
3231 2609 3379 2663 circa
3419 2610 3621 2665 horam

1984 2711 2197 2749 nouam
2226 2699 2405 2750 oranti
2429 2697 2647 2752 adstitit
2678 2701 2933 2769 Angelus
2973 2702 3359 2757 testimonium
3376 2704 3621 2758 reddens

1985 2789 2102 2842 suis
2129 2790 2319 2860 operis
2352 2791 2399 2823 7°
2428 2796 2483 2845 ct
2520 2791 2715 2846 dicens
2758 2810 2770 2847 :
2822 2795 3057 2857 Corneli,
3103 2800 3376 2851 orationes
3428 2802 3532 2852 tuas
3572 2802 3625 2852 et

1986 2883 2331 2952 elemosyna:
2359 2891 2464 2939 tua:
2490 2887 2847 2941 ascenderunt
2871 2889 2946 2942 ad
2967 2892 3277 2944 memoriam
3303 2906 3483 2946 coram
3516 2894 3619 2948 Deo

1988 2976 2154 3045 (Act.,
2184 2993 2236 3045 x,
2269 2979 2340 3047 4).

2056 3159 2279 3214 XXXIII.
2312 3159 2434 3215 Cito
2461 3161 2741 3216 orationes
2784 3162 2855 3218 ad
2898 3164 3074 3219 Deum
3115 3164 3427 3223 ascendunt
3473 3184 3614 3241 quas

1977 3252 2047 3306 ad
2100 3255 2275 3307 Deum
2329 3254 2534 3308 merita
2586 3256 2760 3310 nostri
2815 3258 3003 3328 operis
3052 3258 3373 3330 imponunt.
3420 3262 3504 3317 Sic
3552 3269 3610 3322 et

1977 3347 2227 3417 Raphael
2277 3349 2517 3419 angelus
2567 3349 2756 3404 Tobias
2802 3352 2987 3406 oranti
3024 3369 3252 3425 semper
3290 3359 3347 3409 et
3375 3372 3606 3429 semper

1977 3441 2238 3512 operanti
2286 3442 2447 3496 testis
2492 3442 2599 3498 fuit
2642 3443 2834 3498 dicens
2884 3464 2902 3500 :
2945 3447 3121 3517 Opera
3165 3450 3261 3503 Dei
3288 3452 3528 3506 revelare
3556 3457 3609 3508 et

1972 3537 2211 3603 conﬁteri
2238 3535 2586 3606 honoriﬁcum
2627 3544 2723 3593 est.
2770 3541 2930 3607 Nam,
2974 3542 3193 3610 quando
3238 3545 3432 3599 arabas
3467 3550 3525 3599 tu
3551 3552 3604 3602 et

1969 3628 2163 3695 Sarra,
2209 3645 2303 3698 ego
2345 3631 2518 3686 obtuli
2562 3635 2873 3687 memoriam
2946 3637 3210 3690 orationis
3277 3645 3470 3693 vestrae
3538 3642 3599 3695 in

1969 3730 2245 3792 conspectu
2273 3725 2548 3780 claritatis
2588 3728 2698 3780 Dei.
2732 3728 2801 3781 Et
2829 3743 2951 3782 cum
2986 3730 3234 3800 sepelires
3280 3737 3340 3786 tu
3367 3740 3601 3791 mutuos

1966 3818 2305 3887 simpliciter,
2334 3824 2383 3873 et
2412 3822 2541 3889 quia
2572 3837 2679 3875 non
2704 3836 2757 3876 es
2782 3828 3073 3877 cunctatus
3099 3839 3386 3894 exsurgere
3425 3834 3474 3882 et
3502 3829 3599 3883 de-

1965 3912 2263 3982 relinquere
2304 3914 2600 3982 prandium
2650 3920 2822 3981 tuum,
2867 3916 2960 3970 sed
3010 3916 3175 3972 abisti
3213 3924 3261 3973 et
3298 3921 3597 3978 condidisti

1964 4012 2258 4068 mortuum,
2296 4008 2491 4061 missus
2526 4022 2644 4062 sum
2678 4012 2884 4063 tentare
2924 4016 3012 4074 te;
3055 4017 3107 4064 et
3153 4014 3346 4067 iterum
3378 4031 3459 4070 me
3487 4019 3590 4071 mi-

1960 4101 2032 4154 sit
2056 4101 2196 4154 Deus
2224 4115 2420 4155 curare
2457 4105 2504 4155 te
2524 4106 2571 4156 et
2600 4103 2825 4158 Sarram
2867 4119 3067 4158 nurum
3098 4111 3266 4159 tuam.
3311 4110 3421 4176 Ego
3447 4113 3589 4165 enim

1961 4210 2077 4249 sum
2106 4194 2365 4263 Raphael,
2396 4210 2535 4249 unus
2577 4212 2643 4250 ea:
2680 4203 2875 4267 septem
2920 4200 3128 4267 angelis
3162 4200 3325 4269 justis
3356 4204 3459 4271 (65)
3490 4207 3592 4274 qui

1961 4290 2260 4343 assistimus
2305 4295 2354 4344 et
2386 4305 2765 4345 conrersamur
2795 4296 2921 4346 ante
2947 4293 3251 4349 claritatem
3282 4297 3380 4350 Dei
3406 4299 3582 4368 (Tob.,

1958 4399 2055 4450 ιιι,
2086 4384 2299 4451 11-15).
2336 4385 2443 4438 Per
2484 4384 2679 4439 Isaiam
2725 4401 2947 4456 quoque
2990 4386 3270 4443 Dominus
3311 4390 3585 4449 admonet

1603 4523 1812 4587 Variae
1868 4523 2203 4586 lectiones.

279 4655 324 4686 ‘4
354 4651 639 4703 Cribraret
685 4650 803 4700 Voss
857 4650 903 4699 3.
972 4649 1017 4681 ⁸⁸
1048 4650 1134 4699 Sic
1165 4649 1316 4713 vulgo
1359 4653 1410 4699 in
1442 4653 1566 4700 velt.
1600 4651 1749 4700 codd.
1790 4651 2014 4703 Plebem
2046 4663 2205 4702 suam
2244 4651 2426 4711 unice,
2462 4649 2598 4715 quod
2628 4646 2865 4712 probavit
2915 4650 3180 4700 Walkeru:
3211 4652 3424 4702 Misch
3468 4652 3579 4703 Obs.

212 4743 265 4790 p.
293 4728 379 4776 δι.
446 4723 489 4757 ⁵⁷
520 4724 766 4774 Alienari
800 4727 855 4773 et
883 4723 1006 4786 capi
1036 4724 1201 4772 Paris.
1227 4721 1351 4771 Bod.
1381 4723 1427 4783 l,
1454 4721 1503 4783 2,
1530 4724 1577 4782 3,
1612 4724 1638 4772 t
1685 4724 1790 4772 HR.
1820 4724 2019 4772 Manut.
2084 4721 2128 4756 ⁸⁸
2151 4723 2396 4783 Dormio,
2426 4722 2603 4785 inquit
2636 4725 2725 4769 Ar.
2760 4720 2895 4768 Lam.
2928 4721 3036 4770 ΝΟ.
3071 4722 3114 4771 l.
3180 4721 3224 4754 ⁵⁸³
3248 4720 3390 4772 Cum
3434 4724 3582 4774 elee-

215 4808 455 4859 mosyna
486 4795 578 4845 Ar.
609 4795 747 4844 Lam.
777 4793 884 4843 ΝΟ.
916 4795 959 4843 I.
1027 4792 1069 4826 ⁷ο
1101 4792 1231 4843 Suis
1258 4792 1521 4857 Operibus
1552 4794 1660 4843 Ver.
1690 4793 1841 4844 Ebor.
1874 4794 2010 4843 Pem.
2040 4793 2166 4844 Bod.
2198 4796 2244 4844 4.

1519 4919 1744 5002 Steph.
1796 4919 1951 4984 Balu

218 5050 620 5111 Augustinum,
651 5047 1012 5097 Enarratione
1028 5048 1084 5096 in
1106 5047 1380 5111 psalmum
1401 5052 1524 5106 c,et
1540 5048 1595 5097 in
1612 5047 1856 5099 editione

221 5119 546 5169 Morelliana
575 5132 687 5168 non
717 5117 964 5168 dubitavi
1011 5119 1146 5183 quin
1176 5120 1246 5168 ita
1276 5118 1656 5184 reponendum
1691 5123 1853 5181 esset,

219 5192 387 5241 etiam
412 5190 542 5253 quia
569 5190 647 5239 ita
670 5189 935 5253 scriptum
960 5196 1044 5241 est
1072 5203 1237 5253 supra
1264 5191 1319 5239 in
1345 5191 1579 5255 epistola
1617 5192 1694 5241 79.

284 5262 381 5325 ξω)
422 5262 668 5311 Vexat-ct.
704 5261 764 5309 1n
792 5261 1095 5326 Evangelia
1124 5262 1290 5312 Luca:
1324 5266 1374 5313 et
1424 5265 1478 5311 in
1519 5276 1633 5311 uno
1661 5261 1854 5313 codice

223 5331 513 5391 Vaticano,
567 5336 685 5381 tum
728 5332 990 5382 etiamin
1036 5333 1178 5383 libro
1235 5347 1270 5384 ιι
1326 5335 1506 5385 sancti
1561 5335 1856 5398 Augustini

220 5405 476 5453 Maerens
534 5402 824 5466 Pchgium,
870 5403 1075 5467 legitur
1121 5406 1399 5456 cribraret.
1454 5408 1524 5454 At
1574 5410 1684 5457 tres
1731 5405 1856 5455 libri

222 5475 393 5524 nostri
418 5474 631 5524 habent
660 5474 954 5523 ventitaret.
1000 5474 1128 5537 Quo
1172 5477 1338 5526 etiam
1391 5489 1483 5525 mo
1509 5478 1557 5526 ὀ
1588 5477 1856 5541 scriptum

222 5547 420 5595 essein
466 5546 705 5595 vetustis
743 5546 1157 5610 exemplaribus
1204 5547 1329 5597 libri
1370 5560 1408 5597 Χ
1446 5548 1624 5599 sancti
1662 5547 1857 5597 Hilarii

220 5613 281 5664 de
312 5615 571 5666 Trinitate
613 5613 942 5664 adnotatum
989 5620 1074 5665 est
1114 5617 1170 5666 in
1218 5616 1461 5667 editione
1518 5617 1619 5666 viri
1663 5617 1859 5681 optimi

222 5690 276 5735 et
304 5685 611 5737 doctissimi
646 5686 792 5736 Petri
820 5685 1109 5750 Constant,
1150 5690 1240 5740 cui
1277 5687 1549 5739 debemus
1578 5689 1859 5755 egregiam

222 5756 520 5810 editionem
547 5771 782 5823 operum
811 5758 961 5809 illius
987 5762 1180 5811 sancti.
1214 5762 1594 5814 Tertullianus
1620 5763 1675 5813 in
1717 5762 1859 5813 libro

222 5829 283 5879 de
336 5831 485 5896 Fuga
538 5831 592 5881 in
640 5832 1001 5894 persecutione
1051 5837 1108 5883 et
1147 5832 1393 5884 Hilarius
1435 5834 1492 5884 in
1538 5834 1679 5886 libro
1730 5846 1860 5884 mox

221 5897 438 5954 laudato
461 5902 674 5957 habent
703 5911 953 5957 cerneret.

1874 5065 2016 5169 D76

1959 4920 2040 4983 zii
2083 4925 2280 4983 notae.

2023 5046 2122 5108 (64)
2174 5048 2396 5096 Sursum
2456 5044 2640 5095 corda.
2707 5041 3145 5094 Commodianus
3216 5042 3583 5095 Instructione

2070 5134 2081 5166 :
2145 5117 2399 5167 Sacerdos
2453 5115 2663 5165 Domini
2713 5129 2825 5163 cum
2866 5128 3047 5165 susum
3107 5114 3271 5163 corda
3322 5115 3580 5179 praecipit.

1957 5190 2185 5253 Antiqui
2244 5189 2390 5238 enim
2436 5200 2584 5251 saepe
2618 5184 2937 5237 scribebant
2981 5198 3163 5235 susum
3202 5197 3300 5246 pro
3354 5199 3582 5249 sursum,

1955 5263 2034 5311 uti
2067 5261 2311 5309 diximus
2337 5258 2405 5307 ad
2431 5263 2599 5320 caput
2640 5259 2698 5309 l9
2740 5257 2864 5306 libri
2905 5257 3176 5307 Lactantii
3227 5256 3289 5305 de
3322 5257 3583 5307 Mortibus

1955 5335 2358 5396 porsecutorum.
2418 5328 2576 5379 Addo
2620 5342 2772 5379 nunc
2821 5327 3155 5389 Vitruvium,
3200 5329 3348 5391 apud
3396 5341 3582 5392 quem,

1957 5403 2049 5454 lib.
2081 5416 2139 5461 x,
2169 5416 2286 5466 cap.
2315 5404 2362 5459 8,
2400 5401 2599 5465 legitur
2626 5400 2693 5451 ab
2723 5401 2828 5450 imo
2857 5413 3037 5450 susum
3087 5401 3139 5449 in
3174 5400 3343 5450 veteri
3391 5401 3584 5452 codice

1957 5489 2085 5537 ms.~
2118 5474 2260 5524 Petri
2314 5473 2526 5524 Pithmi.
2562 5471 2700 5522 Vide
2751 5471 3119 5522 Onomasticon
3172 5470 3464 5536 Rosweydl
3514 5471 3587 5521 ad

1969 5548 2108 5597 Vitas
2145 5547 2362 5595 Patrum
2406 5547 2456 5595 et
2486 5545 2801 5595 notationes
2842 5545 2963 5608 ejus
3019 5543 3090 5592 ad
3141 5542 3586 5607 Ma~tyrologium

1956 5618 2384 5751 Aciggisuiigelis
2421 5687 2595 5751 fustis.
2642 5685 2898 5750 Plerique
2940 5684 3064 5735 libri
3109 5689 3323 5735 veteres
3377 5683 3584 5737 habent

1958 5761 2176 5820 sanctis,
2208 5763 2270 5809 ut
2297 5758 2353 5807 in
2387 5757 2526 5808 libro
2557 5757 2620 5807 de
2647 5756 2969 5807 Mortalitutc
2996 5770 3118 5822 pag.
3151 5756 3263 5818 233,
3307 5754 3403 5805 ubi
3435 5753 3584 5805 idem

1959 5831 2118 5883 locus
2149 5832 2394 5881 refertur.
