3978 6194
566 246 665 297 559

1490 236 1546 291 S.
1588 237 1896 293 CYPRIANI
1938 237 2210 293 ()PISRUM
2253 238 2425 293 PARS
2456 237 2518 290 ll.
2550 266 2617 277 —
2653 236 3026 294 OPUSCULA.
3801 246 3889 298 560

562 373 618 423 et
666 367 828 422 docet
869 363 1056 419 simila
1102 365 1469 417 contestans:
1500 362 1674 430 Solve,
1724 361 1931 432 inquit,
1984 365 2417 446 omnemAaute
2446 361 2753 417 dubitaret.
2788 364 2854 416 Et
2901 346 3173 417 Dominus
3222 362 3359 417 liora
3410 367 3566 441 sexta
3594 366 3887 436 cruciﬁxus,

565 462 763 516 nodum
821 459 1126 527 "vastities,
1205 457 1406 512 resolve
1481 457 1857 525 suﬂ'ocationes
1934 457 2189 525 impoten-

567 557 698 608 tium
739 554 1189 607 commerciorum.
1240 552 1460 605 Dimitte
1511 554 1797 619 quassatos
1847 552 1905 603 in
1957 551 2194 618 requiem

564 652 615 702 et
639 661 847 702 omnem
885 646 1342 714 consignationem
1397 643 1659 712 injustam
1710 643 1938 712 dissipa.
1985 645 2195 710 Frange

562 741 818 797 esurienti
855 754 1053 811 panem
1096 745 1264 806 tuum,
1311 744 1361 791 et
1401 752 1589 806 egenos
1641 738 1753 790 sine
1821 743 1955 791 tecto
2024 736 2192 790 induc

565 832 747 907 541
784 836 846 888 in
874 833 1092 887 domum
1132 838 1301 887 tuam.
1342 833 1403 888 Si
1435 832 1633 885 videris
1664 831 1893 891 nudum,
1932 832 2105 894 vesti;
2144 834 2193 883 et

566 929 877 984 domesticos
900 928 1120 981 seminis
1166 927 1250 979 tui
1285 940 1392 979 non
1432 925 1707 994 despicies.
1759 925 1907 978 Tunc
1952 928 2193 993 erumpet

567 1030 962 1092 temporaneum
1023 1022 1201 1075 lumen
1257 1025 1410 1073 tuum
1457 1024 1506 1072 et
1574 1020 1890 1073 vestimenta
1941 1022 2037 1071 tua
2088 1019 2192 1071 cito

564 1120 828 1179 orientur,
867 1122 919 1169 et
963 1114 1184 1184 praiibit
1213 1117 1337 1167 ante
1382 1119 1431 1166 te
1461 1113 1703 1181 justitia,
1750 1118 1802 1166 et
1848 1112 2072 1166 claritas
2096 1113 2194 1165 Dei

564 1209 921 1266 circumdabit
962 1213 1031 1263 te.
1069 1209 1216 1261 Tunc
1254 1205 1597 1273 exclamabis,
1641 1209 1690 1260 et
1732 1207 1873 1260 Deus
1936 1205 2192 1260 exaudiet

565 1312 635 1369 te,
678 1310 730 1360 et
776 1304 907 1359 dum
944 1302 1121 1357 adhuc
1158 1301 1392 1369 loqueris
1426 1299 1566 1354 dicet
1600 1318 1613 1353 :
1643 1301 1774 1354 Ecce
1816 1299 2008 1354 adsum
2036 1298 2191 1369 (Isa.,

565 1415 715 1462 mu,
744 1396 884 1468 6-9).
915 1395 1120 1450 Adesse
1158 1409 1217 1448 se
1254 1392 1602 1464 repromittit
1633 1396 1692 1447 et
1734 1392 1933 1448 audire
1964 1409 2029 1447 ac
2061 1409 2187 1464 pro-

565 1498 759 1565 tegere
805 1507 864 1543 se
905 1504 1003 1544 eos
1043 1487 1176 1542 dicit
1210 1487 1330 1558 qui,
1364 1486 1657 1556 injustitiaa
1687 1486 1864 1541 nodos
1905 1486 1975 1541 de
2025 1486 2191 1542 corde

564 1588 838 1640 solventes
882 1586 939 1638 et
995 1583 1386 1651 eleemosynas
1439 1580 1583 1634 circa
1651 1580 1992 1635 domesticos
2070 1580 2188 1649 Dei,

562 1678 880 1735 secundum
927 1677 1049 1747 ejus
1094 1678 1395 1746 praecepta,
1430 1674 1723 1741 facientes,
1766 1676 1902 1728 dum
1951 1675 2191 1728 audiunt

564 1774 719 1846 quod
748 1774 891 1827 Deus
928 1742 1185 1841 praecipit
1226 1742 1371 1837 ﬁeri,
1402 1768 1508 1839 ipsi
1560 1784 1790 1839 quoque
1838 1786 1870 1822 a
1916 1770 2031 1822 Deo
2066 1742 2266 1822 me-B

564 1873 765 1923 rentur
789 1865 995 1920 audiri.
1057 1864 1258 1919 Beatus
1299 1863 1591 1933 apostolus
1634 1863 1863 1930 Paulus,
1894 1862 1952 1915 in
1995 1878 2186 1917 neces-

562 1963 726 2017 sitate
752 1974 1031 2031 pressurae
1060 1957 1284 2027 adjutus
1312 1973 1344 2010 a
1368 1955 1658 2025 fratribus,
1692 1972 1867 2027 opera
1887 1956 2042 2011 bona
2063 1972 2190 2027 quae

560 2056 769 2110 fiunt“
828 2050 1101 2108 sacriﬁcia
1155 2050 1258 2105 Dei
1310 2049 1453 2104 dixit
1496 2066 1668 2105 esse:
1713 2051 2007 2107 Suturatus
2051 2064 2188 2117 sum,

563 2150 770 2221 inquit,
814 2148 1078 2217 recipiens
1120 2145 1187 2198 ab
1237 2143 1613 2214 Epaphrodito
1662 2159 1725 2198 ea
1765 2160 1888 2213 qua:
1951 2160 1987 2197 a
2042 2143 2192 2198 vobis

562 2246 729 2300 missa
751 2248 901 2309 sunt,
944 2240 1159 2295 odorem
1204 2240 1520 2300 suavitatis,
1558 2239 1883 2307 sacriﬁcium
1915 2244 2192 2308 acceptum

575 2344 625 2393 et
648 2338 913 2407 placitum
945 2337 1054 2388 Deo
1082 2332 1371 2403 (Ρήἰίτιιρη
1400 2347 1472 2397 iv,
1507 2331 1613 2399 18).
1643 2331 2043 2402 Nam,quando
2067 2330 2195 2402 quis

564 2432 870 2487 miseretur
898 2425 1180 2499 pauperis,
1210 2426 1388 2480 Deum
1416 2425 1663 2480 insuerat
1686 2441 1700 2501 ξ
1725 2430 1783 2479 et
1804 2425 1902 2496 qui
1945 2425 2039 2479 dat
2081 2425 2188 2479 mi-

565 2527 757 2594 nimis,
784 2526 897 2580 Dco
928 2522 1124 2589 donat,
1142 2519 1469 2591 spiritaliter
1502 2519 1611 2573 Deo
1638 2518 1928 2573 suavitatis
1952 2518 2189 2575 odorem

898 2712 961 2766 In
1000 2707 1354 2764 orationibus
1388 2721 1521 2763 vero
1568 2705 1920 2762 celebrandis
1966 2707 2186 2762 inveni-

2293 457 2360 511 ad
2389 473 2599 512 nonam
2649 460 2877 528 peccata
2929 460 3120 512 nostra
3169 457 3449 527 sanguine
3489 473 3588 512 suo
3636 458 3820 527 abluit,
3845 466 3895 515 et

2293 557 2357 605 ut
2406 552 2683 606 redimere
2733 555 2790 605 et
2837 551 3119 605 viviﬁcare
3165 567 3266 605 nos
3312 554 3521 621 posset,
3572 557 3702 607 tunc
3737 554 3891 610 victo-

2291 645 2440 699 riam
2468 661 2630 699 suam
2657 644 2914 716 passione
2952 645 3209 716 perfecit.

2364 739 2555 793 XXXV.
2615 737 2729 793 Sed
2778 737 2962 806 nobis,
3020 738 3224 793 fratres
3274 738 3646 807 dilectissimi,
3711 745 3894 811 praeter

2252 832 2459 886 ’horas
2500 833 2818 902 antiquitus
2865 833 3189 887 observatas
3236 833 3372 901 (67).
3417 833 3617 887 orandi
3662 849 3800 888 nunc
3845 842 3896 889 et

2294 925 2471 995 spatia
2550 928 2608 978 et
2670 929 3023 980 sacramenta
3070 930 3389 979 creverunt.
3439 926 3576 980 Nam
3641 932 3693 981 et
3746 943 3893 984 mane

2293 1018 2576 1073 orandum
2601 1023 2706 1087 est,
2730 1017 2920 1091 542
2947 1024 3005 1073 ut
3030 1018 3368 1075 resurrectio
3391 1018 3614 1073 Domini
3642 1021 3894 1075 matutina

2292 1113 2546 1166 oratione
2598 1112 2937 1167 celebretur.
2988 1113 3148 1176 Quod
3195 1112 3328 1166 olim
3395 1110 3637 1182 Spiritus
3693 1120 3892 1169 sanctus

2291 1205 2628 1277 designabat
2665 1205 2723 1260 in
2771 1206 3005 1260 Psalmis
3059 1205 3251 1260 dicens
3304 1221 3317 1258 :
3358 1207 3473 1261 Rex
3507 1221 3650 1261 meus
3688 1213 3736 1261 et
3776 1210 3896 1263 Deus

2289 1314 2459 1360 meus,
2490 1301 2747 1370 quoniam
2777 1299 2851 1354 ad
2879 1305 2928 1353 te
2952 1301 3115 1354 orabo
3147 1300 3216 1361 ⁷⁸,
3264 1301 3508 1360 Domine,
3555 1314 3708 1353 mane
3746 1316 3891 1356 exau-

2291 1393 2404 1448 dies
2427 1408 2599 1448 vocem
2626 1409 2819 1459 meam,
2849 1409 3011 1448 mune
3060 1396 3310 1449 assistam
3331 1395 3381 1429 ⁷⁵
3424 1395 3534 1465 (68)
3578 1395 3688 1456 tibi,
3717 1399 3765 1449 et
3787 1411 3892 1449 con-

2293 1487 2590 1557 templabor
2618 1493 2666 1541 te
2693 1488 2862 1553 (Psal.
2897 1502 2950 1556 v,
2981 1491 3055 1557 2).
3090 1489 3153 1542 Et
3185 1488 3397 1543 iterum
3445 1504 3546 1559 per
3580 1487 3887 1559 Prophetam

2292 1581 2545 1651 loquitur
2576 1581 2845 1635 Dominus
2889 1599 2899 1633 :
2940 1582 3190 1635 Diluculo
3240 1583 3557 1651 vigilabant
3606 1583 3675 1635 ad
3716 1598 3789 1636 me
3809 1582 3886 1635 di-

2290 1682 2459 1729 centes
2495 1692 2507 1728 :
2556 1677 2756 1729 Eamus
2807 1682 2857 1729 et
2904 1682 3238 1730 revertamur
3288 1677 3364 1730 ad
3418 1677 3693 1730 Dominum
3744 1678 3886 1730 Deum

2291 1774 2535 1823 nostrum
2577 1769 2735 1839 (0se.,
2794 1785 2863 1838 v1,
2914 1770 2980 1840 t).
3023 1769 3341 1825 Hecedente
3388 1770 3526 1825 item
3574 1770 3683 1823 sole
3711 1786 3769 1823 ac
3809 1769 3883 1823 die

2290 1868 2543 1916 cessante
2603 1863 2923 1917 necessario
2967 1879 3163 1917 rursus
3201 1862 3490 1917 orandum
3555 1866 3639 1917 est
3685 1879 3698 1917 :
3751 1879 3883 1931 nam,

2292 1956 2421 2026 quia
2458 1956 2714 2011 Christus
2764 1956 2846 2011 sol
2884 1972 3052 2011 verus
3095 1962 3150 2011 et
3200 1957 3324 2012 dies
3376 1961 3463 2011 est
3504 1972 3683 2026 verus,
3709 1957 3810 2011 sole
3833 1972 3885 2009 ac

2290 2049 2379 2104 die
2408 2050 2597 2103 seaculi
2625 2049 2945 2116 recedente,
2974 2050 3206 2121 quando
3235 2066 3467 2105 oramus
3493 2057 3548 2106 et
3582 2050 3806 2123 petimus
3834 2054 3884 2105 ut

2291 2157 2465 2213 super
2489 2159 2591 2197 nos
2628 2143 2723 2197 lux
2770 2142 2960 2198 denuo
2997 2143 3205 2212 veniat,
3237 2144 3449 2199 Christi
3494 2160 3774 2215 precamur
3796 2144 3881 2198 ad-

2290 2241 2526 2291 ventum
2565 2236 2706 2291 lucis
2742 2241 2973 2291 aeternae
3016 2238 3261 2307 gratiam
3306 2237 3696 2308 praebiturum.
3721 2237 3880 2292 Chris-

2293 2336 2411 2385 tum
2453 2336 2647 2385 autem
2689 2329 2838 2384 diem
2884 2329 3099 2385 dictum
3129 2332 3385 2387 declarat
3421 2331 3479 2386 in
3525 2331 3745 2387 Psalmis
3784 2330 3879 2401 Spi-

2289 2424 2434 2478 ritus
2477 2427 2703 2479 sanctus
2747 2440 2760 2478 :
2802 2426 2997 2494 Lapis,
3040 2424 3256 2496 inquit,
3308 2441 3468 2496 quem
3503 2426 3877 2496 reprobaverunt

2289 2519 2634 2587 aediﬁcantes,
2665 2519 2750 2573 hic
2777 2522 2957 2586 factus
2981 2523 3058 2573 est
3097 2521 3153 2572 in
3180 2526 3351 2589 caput
3379 2520 3586 2588 anguli.
3613 2520 3660 2575 Α
3690 2521 3875 2572 Domino

2287 2616 2469 2680 factus
2495 2618 2571 2668 est
2598 2616 2700 2668 iste
2718 2614 2767 2647 ⁷⁵
2793 2619 2845 2667 et
2867 2618 2944 2668 est
2973 2613 3323 2668 admirabilis
3343 2615 3392 2648 ⁷⁷
3424 2617 3481 2668 in
3508 2614 3671 2668 oculis
3689 2613 3874 2667 nostris.

2289 2708 2393 2762 Iste
2419 2713 2497 2762 est
2523 2708 2639 2762 dies
2682 2722 2838 2777 quem
2880 2709 3013 2774 fecit
3063 2709 3339 2777 Dominus,
3383 2708 3704 2763 ambulemus
3722 2705 3815 2778 (69)
3836 2710 3875 2761 et

560 2825 690 2866 mus
741 2806 1066 2861 observasse
1105 2817 1237 2857 cum
1287 2799 1517 2856 Daniele
1563 2808 1677 2855 tres
1726 2816 1933 2872 pueros
1975 2801 2033 2855 in
2076 2800 2189 2857 ﬁde
2278 2801 2648 2870 jucundemur
2686 2803 2746 2855 in
2789 2817 2847 2857 eo
2895 2801 3058 2870 (Psal.
3090 2818 3253 2869 cxvu,
3292 2805 3384 2870 22,
3424 2800 3534 2873 23).
3565 2804 3718 2867 Item,
3747 2798 3874 2871 quod

558 2905 733 2960 fortes
766 2903 825 2956 et
868 2898 927 2953 in
975 2896 1295 2968 captivitate
1336 2894 1594 2962 victores,
1663 2895 1862 2949 horam
1936 2894 2186 2963 tertiam,

559 3002 802 3062 sextam,
860 3007 1093 3059 nonam,
1150 2988 1566 3045 sacramento"
1620 2988 1832 3044 scilicet
1879 2988 2186 3057 Trinitatis,

2288 2895 2370 2950 sol
2397 2895 2714 2966 appellatus
2759 2896 2833 2950 sit
2876 2896 3177 2951 Malachias
3201 2896 3250 2931 ⁷⁸
3297 2897 3411 2965 (70)
3443 2895 3711 2967 pmpheta
3732 2897 3869 2949 testa-

2286 2993 2384 3043 tur
2409 2988 2603 3044 dicens
2636 3005 2648 3042 :
2685 2990 2848 3046 Vobis
2875 2996 3057 3046 autem
3086 2993 3185 3061 qui
3225 2992 3424 3046 timetis
3464 3005 3647 3045 nomen
3672 2989 3867 3049 Domini.

558 3108 685 3164 quae
712 3090 771 3145 in
795 3086 1115 3144 novissimis
1142 3083 1496 3154 temporibus
1526 3082 1878 3137 manifestari
1916 3082 2183 3138 habebat.
2206 3113 2261 3187 C
2287 3085 2495 3139 orietur
2518 3083 2599 3138 sol
2614 3083 2868 3153 justitiw,
2911 3090 2961 3139 et
3008 3086 3069 3138 in
3115 3085 3221 3140 alis
3266 3084 3384 3154 eius
3433 3086 3636 3140 curatio
3662 3089 3731 3139 est
3756 3082 3867 3153 (Ma-

556 3188 697 3242 Nam
712 3190 770 3239 et
784 3182 965 3255 prima
986 3181 1126 3235 hora
1147 3178 1205 3232 in
1226 3176 1453 3233 tertiam
1470 3177 1708 3232 veniens
1724 3182 2184 3232 consummatum
2215 3176 2261 3187 ν
2288 3179 2450 3246 lach.,
2477 3193 2550 3245 iv,
2578 3178 2655 3247 2).
2690 3177 2853 3242 Quod
2874 3179 2919 3232 si
2949 3179 3007 3233 in
3040 3177 3353 3250 Scripturis
3384 3179 3587 3234 sanctis
3625 3178 3699 3231 sol
3734 3188 3867 3230 verus

558 3292 864 3336 numerum
908 3271 1177 3329 trinitatis
1219 3270 1515 3326 ostendit:
1550 3271 1804 3341 itemque
1858 3271 1929 3324 ad
1975 3276 2186 3325 sextam

557 3378 760 3445 quarta
807 3368 1119 3440 procedens
1166 3364 1415 3420 declarat
1449 3365 1687 3418 alteram
1743 3364 2094 3433 trinitatem;
2128 3368 2187 3419 et

556 3465 784 3539 quando
810 3479 843 3518 a
872 3461 1116 3532 septima
1138 3475 1288 3513 nona
1313 3458 1652 3528 completur,
1675 3473 1781 3530 per
1808 3464 1995 3512 ternas
2016 3458 2186 3513 horas

558 3559 780 3615 trinitas
824 3556 1077 3628 perfecta
1115 3554 1467 3608 numeratur.
1510 3552 1646 3615 Quae
1693 3552 1959 3606 horarum
2006 3551 2186 3623 spatia

553 3651 902 3726 jampridem
973 3646 1299 3719 spiritaliter
1360 3645 1805 3701 determinantes
1855 3646 2184 3701 adoratores

560 3748 654 3803 Dei
702 3743 926 3801 statutis
972 3748 1029 3797 et
1062 3740 1329 3812 legitimis
1402 3739 1472 3794 ad
1550 3755 1778 3811 precem
1828 3739 2185 3810 temporibus

558 3840 852 3897 servabant
878 3838 945 3892 ⁷³.
977 3838 1043 3892 Et
1080 3834 1441 3890 manifestata
1471 3834 1839 3905 postmodum
1869 3849 1960 3889 res
1989 3839 2073 3889 est
2091 3850 2185 3888 sa-

556 3938 847 3992 cramenta
891 3931 1030 3986 olim
1079 3929 1253 3984 fuisse
1305 3927 1454 4000 quod
1508 3933 1638 3984 ante
1674 3928 1753 3983 sic
1797 3928 1938 4000 justi
1987 3945 2180 4001 preca-

556 4030 787 4085 bantur.
820 4026 958 4080 Nam
984 4038 1158 4095 super
1201 4021 1505 4092 discipulos
1532 4022 1673 4076 hora
1701 4022 1867 4077 tertia
1895 4021 2183 4078 descendit

556 4121 798 4195 Spiritus
819 4121 1068 4187 sanctus,
1115 4117 1216 4188 qui
1250 4116 1494 4188 gratiam
1548 4116 1856 4171 Dominicis
1888 4117 2184 4189 repromis-

555 4217 728 4273 sionis
783 4211 1063 4285 implevit.
1117 4213 1257 4267 Item
1311 4212 1527 4279 Petrus,
1580 4211 1723 4266 hora
1757 4216 1911 4267 sexta
1960 4213 2070 4283 (66)
2123 4213 2181 4267 in

554 4318 773 4368 tectum
818 4306 1077 4379 superius
1115 4304 1442 4372 ascendens,
1485 4305 1648 4375 signo
1688 4306 1899 4377 pariter
1948 4311 2006 4362 et
2050 4323 2183 4363 voce

557 4405 662 4460 Dei
688 4401 971 4458 monentis
1010 4400 1317 4455 instructus
1359 4401 1444 4454 est
1486 4402 1551 4453 ut
1593 4415 1789 4454 omnes
1831 4400 1898 4455 ad
1939 4401 2182 4472 gratiam

2284 3275 2343 3326 et
2371 3271 2492 3326 dies
2519 3288 2687 3327 verus
2713 3278 2797 3327 est
2823 3272 3096 3340 Christus,
3128 3273 3269 3327 hora
3319 3274 3473 3328 nulla
3517 3289 3548 3327 a
3579 3267 3864 3329 Christianis

2286 3365 2567 3437 excipitur
2595 3366 2902 3438 quominus
2938 3368 3272 3438 frequenter
3298 3383 3366 3422 ac
3392 3382 3613 3439 semper
3636 3367 3765 3420 Deus
3786 3362 3861 3415 de-

2284 3458 2417 3514 beat
2445 3460 2703 3530 adorari;
2749 3466 2810 3515 ut
2854 3460 2951 3532 qui
2994 3462 3052 3516 in
3089 3462 3336 3530 Christo,
3370 3462 3475 3518 hoc
3505 3461 3664 3517 estin
3702 3458 3798 3512 sole
3819 3458 3864 3509 et

2285 3553 2343 3608 in
2386 3554 2481 3608 die
2530 3570 2688 3621 vero,
2746 3570 2959 3623 sumus,
3013 3555 3347 3611 insistamus
3390 3573 3493 3629 per
3536 3559 3704 3610 totum
3739 3549 3859 3605 diem

2285 3647 2546 3717 precibus
2573 3653 2630 3703 et
2656 3663 2908 3717 oremus,
2960 3654 3017 3703 et
3054 3650 3281 3721 quando
3337 3650 3531 3705 mundi
3557 3649 3671 3719 lege
3693 3645 3859 3700 decur-

2285 3757 2417 3795 rens
2443 3740 2656 3796 vicibus
2685 3741 2916 3797 alternis
2957 3759 3068 3798 nox
3112 3744 3369 3800 revoluta
3396 3743 3654 3809 succedit,
3679 3738 3859 3795 nullum

2285 3834 2357 3889 de
2384 3836 2678 3890 nocturnis
2706 3835 2957 3891 tenebris
2981 3839 3125 3891 'esse
3160 3838 3456 3893 orantibus
3500 3838 3748 3891 damnum
3774 3845 3857 3901 po-

2286 3931 2410 3995 test,
2437 3929 2568 4000 quia
2598 3928 2729 3983 tiliis
2766 3929 2906 3983 lucis
2925 3935 2982 3985 et
3012 3930 3070 3984 in
3103 3930 3366 3986 noctibus
3387 3930 3504 3987 dies
3533 3933 3629 3985 est.
3657 3922 3857 3991 Quando

2282 4022 2435 4077 enim
2466 4022 2589 4077 sine
2616 4023 2830 4078 lumine
2874 4027 2960 4078 est
3001 4025 3092 4079 cui
3131 4025 3326 4080 lumen
3368 4025 3425 4080 in
3455 4024 3614 4080 corde
3637 4017 3857 4077 estiaut

2282 4116 2507 4187 quando
2532 4117 2612 4170 sol
2645 4115 2698 4171 ei
2725 4119 2782 4171 et
2807 4117 2928 4172 dies
2958 4134 3072 4172 non
3102 4121 3188 4173 est
3206 4118 3302 4173 cui
3322 4120 3405 4175 sol
3428 4121 3486 4173 et
3504 4117 3615 4173 dies
3643 4111 3856 4170 Christus

2283 4215 2367 4267 est
2383 4211 2412 4265 Τ

2351 4304 2570 4360 XXXVI.
2600 4303 2705 4367 Qui
2732 4309 2927 4359 autem
2954 4304 3012 4359 in
3052 4306 3296 4376 Christo,
3329 4307 3438 4362 hoc
3475 4309 3556 4360 est
3580 4303 3635 4358 in
3657 4298 3851 4361 lumine,

2283 4414 2508 4470 semper
2527 4414 2741 4467 sumus,
2776 4414 2880 4453 nec
2913 4399 3168 4454 noctibus
3212 4399 3282 4454 ab
3314 4400 3566 4456 oratione
3597 4405 3849 4451 cessemus.

559 4498 751 4554 salutis
794 4496 1138 4564 admitteret,
1171 4509 1299 4548 cum
1343 4493 1413 4548 de
1449 4493 1830 4548 emundandis
1876 4482 2260 4566 gentilibusD
2284 4494 2373 4550 Sic
2413 4496 2577 4547 Anna
2614 4492 2780 4546 vidua
2823 4493 2945 4547 sine
2980 4493 3406 4550 intermissione
3445 4508 3636 4559 rogans
3663 4495 3852 4555 semper

1961 4656 2172 4721 Varia
2228 4657 2562 4721 lectiones.

618 4807 659 4842 ⁷¹
689 4806 869 4872 Opera
898 4818 1025 4870 quin
1060 4804 1204 4855 ﬁunt
1232 4804 1372 4854 Lam.
1410 4804 1558 4853 Ebor.
1596 4805 1708 4855 Lin.
1739 4805 1847 4856 ΝΟ.
1879 4807 1923 4855 t.
1991 4805 2032 4840 7’
2054 4806 2481 4859 Sacramentum
2530 4806 2643 4856 Ver.
2691 4805 3049 4859 Sacramenta
3097 4809 3210 4858 Vat.
3237 4808 3285 4859 2.
3350 4807 3394 4842 ⁷³
3421 4804 3642 4858 Domino
3668 4792 3845 4872 serviq-

553 4852 869 4930 ωηιὶῖιῖἆιῖ
882 4852 1021 4926 ἑοῖ
1043 4852 1097 4925 si
1111 4852 1322 4925 $130.7.
1355 4852 1705 4925 samum
1728 4852 2481 4941 essetimfﬁ'xdaas;
2512 4852 2642 4931 re};
2690 4852 3316 4930 WXs'tXIJJiaﬁCii-A.
3362 4852 3693 4929 Neu—feed.
3730 4864 3770 4923 ε,
3805 4852 3840 4902 3

551 4949 593 4985 ⁷⁸
623 4950 853 5000 Factum
880 4950 961 4997 est
986 4943 1135 4996 istud
1168 4946 1304 4995 Pem.
1336 4946 1498 4994 Paris.
1541 4945 1666 4994 Vict.
1735 4944 1776 4978 ⁷⁷
1800 4945 2065 4997 Mirabilis
2092 4948 2182 4998 Ar.
2213 4949 2329 5000 Ben.
2397 4951 2438 4985 ⁷⁸
2466 4949 2757 5003 Malachiel
2799 4950 2907 4999 Ver.
2950 4951 3079 4998 Vict.

1877 5101 2102 5184 Steph.
2134 5102 2383 5168 Baluzii
2414 5112 2610 5171 notae.

615 5251 712 5313 (68)
760 5251 943 5301 Petrus
999 5250 1136 5300 hora
1206 5254 1377 5300 sexta.
1447 5248 1589 5299 Vide
1647 5249 2055 5302 Tertullianum
2121 5254 2179 5303 in

550 5322 709 5372 initio
756 5322 879 5372 libri
908 5320 971 5371 de
1007 5320 1250 5385 Jejuniis,
1286 5320 1688 5384 Hieronymum
1726 5322 1782 5371 in
1822 5322 2075 5386 Epistula
2108 5324 2181 5373 ad

550 5392 898 5453 Eustochium,
952 5392 1023 5443 de
1069 5390 1334 5442 Custodia
1396 5392 1742 5457 virginitatis,
1798 5399 1854 5445 et
1932 5395 2179 5446 Danielis

549 5464 765 5515 Heinsii
817 5463 1208 5515 adnotationes
1255 5465 1313 5512 in
1367 5462 1676 5514 Clementem
1735 5463 2176 5527 Alexandrinum,

549 5549 672 5601 pag.
704 5536 782 5584 77.

609 5608 709 5669 (67)
741 5605 1076 5656 Observatus.
1094 5604 1366 5668 Quadam
1396 5609 1581 5657 vetera
1608 5608 1947 5672 exemplaria
1968 5608 2178 5660 habent

544 5678 919 5738 observandas,
938 5691 1114 5728 unum
1146 5690 1331 5729 meum
1352 5679 1675 5729 constitutae.

608 5750 708 5812 (68)
777 5751 937 5801 Mane
994 5750 1257 5800 assistam.
1300 5748 1492 5800 Codex
1547 5749 1965 5813 Seguierianus,
2016 5753 2175 5803 Mane

538 5822 767 5879 adstabo
792 5823 886 5874 tibi
910 5828 954 5872 et
982 5821 1163 5873 videbo
1195 5829 1257 5872 te.
1308 5822 1418 5873 Alii
1463 5826 1590 5885 tres,
1630 5825 1788 5872 Mune
1821 5823 2043 5875 adstubo
2080 5823 2177 5873 tibi

2282 5257 2333 5303 ct
2359 5254 2611 5305 exaudies
2645 5268 2741 5303 me.

2343 5302 2816 5388 (39iiermb'ulemus.
2851 5322 2989 5373 Tres
3035 5320 3161 5373 libri
3203 5324 3433 5379 veteres,
3480 5302 3838 5388 Επυιιειξξωξξ

2282 5377 2525 5447 latemur.
2562 5396 2669 5447 Alii
2700 5398 2939 5459 quatuor
2962 5398 3019 5445 et
3032 5392 3203 5445 editio
3233 5377 3555 5446 Morelltana,
3575 5377 3834 5459 resultantis

2278 5473 2325 5516 ct
2344 5450 3167 5530 jucundemurfSeguierianus,
3198 5463 3428 5515 laetemur
3451 5464 3493 5509 et
3529 5452 3763 5518 epulemur
3789 5450 3833 5489 ιη

2278 5552 2411 5587 eum.
3552 5594 3555 5595 ν
3628 5593 3634 5595 Α
3728 5586 3755 5595 υ

2338 5577 2757 5671 δὼΜαιασΜαε.
2785 5608 3017 5659 Veteres
3044 5605 3314 5657 editiones
3357 5607 3409 5654 et

2276 5656 2729 5729 vetei'lesihabent
2768 5656 3076 5739 Mdlacliim,
3113 5656 3381 5729 Fanensis
3421 5661 3664 5723 Matuclu'l,
3689 5656 3825 5737 Vere-

2274 5752 2462 5803 nensis
2492 5752 2797 5802 Mutuchicl.
