3978 6194
103 301 173 353 561
1292 299 1489 354 LIBER
1527 300 1613 354 AD
1652 299 2163 357 DEMETRIANUM.

3300 303 3403 383 562

100 425 141 478 et
156 419 369 491 vigilans
407 420 801 490 perseverabat
843 419 902 474 in
944 420 1325 491 promerendo
1362 422 1497 490 Deo,
1531 422 1676 477 sicut
1696 434 1754 508 Α
1775 422 1978 477 damus
2005 439 2234 493 semper
2260 422 2318 476 in
2348 422 2584 491 lumine,
2624 441 2739 478 non
2771 422 3154 496 impediamur
3177 441 3211 478 a
3236 428 3399 480 tene-

96 514 140 570 in
163 512 446 584 Evangelio
482 512 755 584 scriptum
795 517 921 568 est:
963 517 1083 572 Non
1122 515 1421 577 recedebat,
1465 516 1671 588 inquit,

94 610 144 662 de
179 608 372 676 templo,
410 607 640 676 jejuniis
678 612 728 662 et
769 609 1107 663 orationibus
1145 612 1377 664 seruiens
1418 615 1567 665 nocte
1610 601 1674 664 dc

94 702 159 756 die
181 700 340 771 (Luc.,
372 717 431 769 ιι,
453 700 564 770 37).
599 700 859 756 Viderint
885 702 971 755 vel
1000 701 1260 773 gentiles,
1292 702 1389 773 qui
1428 703 1671 757 necdum

94 794 352 849 illuminati
378 801 531 862 sunt,
558 795 650 849 vel
673 794 873 863 Judaei,
901 796 1022 867 qui,
1052 796 1277 851 deserto
1295 796 1509 852 lumine
1540 799 1670 868 (7t),

91 890 134 944 in
158 887 394 943 tenebris
435 895 854 944 remanserunt.
883 890 1016 958 Nos,
1050 890 1257 945 fratres
1293 890 1669 958 dilectissimi,

92 984 165 1054 qui
194 982 247 1036 in
272 982 501 1037 Domini
529 983 654 1037 luce
683 998 912 1054 semper
936 1000 1147 1047 sumus,
1181 984 1279 1056 qui
1304 983 1673 1039 meminimus

89 1082 129 1131 et
173 1079 418 1131 tenemus
462 1076 597 1148 quid
640 1093 758 1132 esse
802 1083 1033 1150 accepta
1081 1078 1261 1149 gratia
1310 1079 1668 1150 coeperimus,

88 1176 440 1242 computemus
485 1176 711 1227 noctem
758 1188 862 1243 pro
908 1172 1021 1227 die.
1050 1172 1357 1229 Ambulare
1402 1189 1507 1229 nos
1543 1189 1665 1227 cre-

1773 516 1890 570 bris
1917 533 2057 588 quas
2078 518 2384 572 evasimus.
2410 515 2602 591 543
2625 518 2785 572 Nulla
2804 519 2916 574 sint
2935 520 3089 573 horis
3110 519 3400 574 nocturnis

1774 625 2011 681 precum
2056 611 2289 680 damna,
2336 611 2486 665 nulla
2532 612 2854 666 orationum
2894 612 3060 683 pigra
3098 618 3153 667 et
3194 612 3400 683 ignava

1774 703 2091 775 dispendia.
2134 706 2240 759 Per
2280 705 2378 759 llei
2424 705 2840 774 indulgentiam
2884 706 3122 760 recreati
3170 707 3395 777 spirita-

1770 798 1901 853 liter
1930 803 1985 853 et
2028 799 2229 867 renati,
2260 798 2555 854 imitemur
2588 798 2739 869 quod
2774 798 2951 853 futuri
2980 816 3195 853 sumus.
3231 800 3396 854 Habi-

1769 892 1884 946 turi
1914 891 1971 946 in
2012 908 2194 963 regno
2237 892 2359 946 sine
2402 892 2725 948 interventu
2765 892 2942 946 noctis
2985 891 3175 964 544
3211 894 3395 949 solum

1772 985 1947 1052 diem,
1982 986 2059 1040 sic
2095 992 2259 1040 nocte
2288 987 2451 1058 quasi
2479 987 2537 1042 in
2577 985 2793 1042 lumine
2819 986 3137 1058 vigilemus.
3167 987 3394 1042 Oraturi

1769 1096 1993 1151 semper
2022 1083 2080 1134 et
2115 1080 2293 1134 acturi
2331 1082 2540 1151 gratias
2571 1083 2709 1149 Deo,
2742 1081 2833 1136 hic
2874 1098 3105 1153 quoque
3141 1098 3303 1137 orare
3337 1084 3396 1137 et

1769 1173 1983 1245 gratias
2012 1190 2185 1245 agere
2212 1190 2330 1230 non
2356 1174 2702 1230 desinamus.

1340 1325 1563 1408 Steph.
1606 1326 1847 1391 Baluzii
1888 1331 2082 1389 notae.

82 1467 210 1586 “fill
248 1466 715 1585 Ceselrto‘lumins.
754 1467 837 1518 Ita
882 1468 1057 1519 ferme
1092 1481 1288 1518 omnes
1334 1467 1458 1519 libri
1501 1471 1732 1521 veteres.
1774 1467 2025 1531 Quatuor
2066 1472 2249 1519 tamen
2294 1467 2501 1519 habent
2532 1468 2723 1520 deserti
2767 1482 2804 1518 a
2850 1468 3064 1518 lumina.
3101 1467 3211 1518 Alii
3262 1472 3387 1519 tres.

153 1543 272 1586 sict:
301 1551 331 1585 a
377 1551 551 1586 umne

153 1543 274 1587 sticti
301 1551 331 1585 a
359 1543 551 1587 lumine

79 1752 3379 1782 Ἥ

483 1956 1015 2082 LIBER
1113 1954 1342 2083 AD
1455 1954 2775 2086 DEMETRIANUM
2851 2021 2939 2111 (ι)

1264 2201 2145 2296 APOLOGETICUS.

77 2658 418 2715 lacunarum
467 2690 540 2701 -—
568 2663 930 2731 Demetriano,
959 2666 1164 2732 Africa
1185 2667 1513 2736 proconsuli,
1535 2665 1880 2721 contendenti
1904 2664 2228 2719 Christian-is
2256 2664 2523 2732 imputari
2548 2662 2735 2716 debere
2759 2662 2918 2725 bella,
2945 2664 3145 2729 famem
3173 2668 3225 2717 et
3262 2677 3381 2732 pes-

128 2752 209 2801 tem
232 2750 420 2818 quibus
449 2756 570 2805 tum
598 2752 741 2807 orbis
764 2754 1146 2817 divemiibatur,
1178 2755 1325 2825 quod
1352 2756 1420 2810 ab
1450 2759 1583 2827 ipsis
1614 2756 1698 2810 dii
1722 2772 1828 2810 non
1853 2755 2181 2818 colerentur;
2206 2753 2430 2822 pulchre
2467 2751 2745 2822 respondet
2777 2752 2895 2821 (ubi
2930 2751 3157 2806 deduxit
3196 2753 3387 2806 mundi

126 2840 241 2892 senio
267 2844 446 2896 omnia
484 2842 753 2896 deteriora
777 2843 911 2912 ﬁeri)
938 2846 1079 2913 ipsos
1103 2847 1286 2915 potius
1309 2846 1545 2901 ethnicos
1576 2851 1857 2900 tantarum
1882 2845 2118 2899 cladium
2140 2858 2357 2898 causam
2384 2857 2511 2905 esse,
2539 2842 2684 2912 quod
2708 2844 2875 2896 Deum
2917 2857 3025 2895 non
3066 2842 3295 2897 colerent
3336 2847 3386 2895 et

127 2926 429 2986 Christianos
446 2938 719 3002 praterea
746 2932 965 3001 iniustis
988 2936 1448 3003 persecutionibus
1477 2937 1774 3005 agitarent.
1803 2933 2028 2994 Deinde,
2058 2934 2155 2986 ubi
2180 2933 2269 2986 illi
2310 2932 2659 3000 ez-probrurit
2697 2937 3077 2985 tormentorum
3113 2934 3385 2985 inusitatu

127 3030 290 3081 genera
316 3020 521 3088 quibus
548 3018 884 3076 Christianos
907 3037 1024 3091 prae
1062 3024 1187 3078 aliis
1215 3025 1319 3077 reis
1348 3023 1653 3093 torquebat.
1682 3037 1791 3077 non
1821 3022 1895 3075 ad
1920 3021 2322 3086 confessionem,
2359 3019 2450 3073 sed
2476 3018 2550 3072 ad
2576 3020 2928 3086 negationem,
2962 3018 3181 3073 deorum
3213 3021 3383 3089 impo-

128 3108 319 3161 tentiam
343 3111 572 3178 arguit;
601 3114 713 3164 tum
739 3111 883 3180 quod
902 3114 1009 3180 ipsi
1036 3127 1089 3166 se
1115 3112 1405 3179 defendere
1434 3118 1729 3181 nequeant,
1757 3116 1918 3180 atque
1945 3109 2078 3163 adeo
2108 3109 2482 3162 Demetriunus
2508 3110 2607 3177 qui
2630 3108 2752 3161 illos
2776 3107 3111 3169 vindicabat,
3148 3108 3214 3162 ab
3252 3110 3386 3178 ipsis

126 3199 274 3260 potius
300 3197 402 3249 coli
423 3211 597 3266 quam
626 3198 738 3266 ipse
763 3212 849 3252 eos
877 3199 1044 3253 colere
1073 3199 1308 3269 deberet;
1342 3205 1453 3254 tum
1482 3200 1628 3269 quod
1658 3216 1689 3253 (ι
1716 3199 2042 3255 Christianis
2070 3198 2134 3251 de
2173 3197 2394 3250 obsessis
2430 3196 2743 3266 corporibus
2782 3196 2949 3263 eiecti,
2981 3197 3114 3265 quid
3140 3198 3251 3251 sint
3280 3197 3386 3267 ipsi

126 3286 468 3350 conﬁteantur.
506 3286 687 3357 Neque
733 3303 858 3342 vero
904 3292 1092 3345 ruinas
1131 3306 1333 3359 regum,
1361 3290 1613 3360 jacturus
1644 3304 1806 3360 opum
1851 3293 1900 3343 et
1936 3288 2140 3343 similia
2178 3287 2327 3341 mala
2370 3302 2489 3356 quae
2527 3287 2913 3355 persecutiones
2956 3285 3387 3342 Christianorum

127 3368 358 3426 divinitus
392 3375 458 3426 in
488 3374 784 3429 vindictam
812 3378 1235 3440 comitabantur,
1263 3379 1381 3433 ideo
1406 3378 1679 3433 vindictas
1699 3393 1807 3433 non
1833 3379 2055 3438 censeri,
2083 3375 2229 3445 quod
2256 3375 2367 3428 illis
2397 3375 2563 3428 etiam
2589 3388 2889 3428 communes
2917 3378 3110 3435 essent,
3138 3374 3381 3443 quando-

124 3460 306 3526 quidem
330 3461 603 3531 gaudium
639 3466 706 3519 iis
728 3469 907 3534 potius
936 3469 1048 3522 sint
1088 3470 1270 3523 omnia
1299 3469 1417 3532 illa,
1450 3484 1612 3537 quam
1635 3484 1814 3539 pana.
1842 3466 2092 3527 Proinde,
2123 3466 2255 3519 dum
2296 3470 2500 3534 tempus
2530 3470 2632 3525 est,
2668 3464 2744 3517 ad
2770 3469 3001 3518 mentem
3039 3464 3224 3519 redeat
3258 3466 3383 3518 hor-

127 3553 268 3613 tatur,
295 3553 378 3606 uel
398 3553 598 3607 saltem
640 3559 782 3609 metu
819 3554 1015 3622 iudicii
1039 3563 1089 3611 et
1127 3573 1332 3629 semper
1366 3558 1610 3612 ardentis
1653 3558 1904 3627 gehennae
1947 3558 2112 3624 ignis.
2143 3557 2403 3609 Imitatur
2440 3559 2622 3607 autem
2666 3555 2778 3623 ipse
2812 3555 3020 3622 partim
3060 3554 3386 3608 Tertulliani

124 3641 503 3711 Apologeticum
530 3648 578 3697 et
608 3644 803 3699 librum
832 3645 907 3700 ad
943 3645 1259 3717 Scapulam,
1288 3650 1495 3719 partim
1523 3649 1745 3702 Minutii
1773 3648 1961 3702 Felicis
1988 3645 2290 3700 Octavium.
2321 3646 2522 3700 PAMEL.

125 3777 155 3831 l.
195 3781 572 3839 Oblatrantem
615 3791 671 3840 te
714 3792 769 3843 et
810 3786 1081 3844 adversus
1126 3789 1326 3859 Deum,
1373 3789 1471 3861 qui
1508 3806 1657 3844 unus

76 3873 275 3930 etvetus
300 3880 399 3946 est,
431 3895 538 3933 ore
566 3880 840 3951 sacrilego
886 3885 944 3935 et
982 3882 1169 3936 verbis
1205 3882 1399 3954 impiis
1437 3883 1652 3939 obstre-

1759 3791 1990 3859 pentem
2042 3788 2393 3859 frequenter,
2459 3786 2841 3854 Demetriane,
2894 3790 3379 3858 contempseram,

1759 3881 2136 3937 verecundius
2161 3898 2223 3935 ac
2252 3880 2453 3935 melius
2491 3879 2823 3935 existimans
2865 3878 3108 3934 errantis
3146 3879 3378 3950 imperi-

1310 4031 1539 4115 Steph.
1587 4031 1834 4095 Baluzii
1880 4036 2076 4094 notae.

117 4168 169 4227 (ll
208 4171 344 4222 Nihil
384 4178 468 4226 est
511 4176 752 4238 facilius,
802 4178 941 4229 nihil
990 4179 1168 4242 magis
1213 4178 1441 4228 obvium
1484 4191 1652 4243 quam

74 4243 424 4315 reprehendere
452 4248 641 4297 studia
679 4249 933 4313 aliorum,
964 4264 1091 4301 cum
1131 4252 1352 4315 ingenia
1386 4250 1650 4309 humana,

76 4314 119 4356 ut
152 4312 229 4362 lib.
276 4330 348 4377 iv,
392 4318 556 4381 epist.
598 4319 677 4377 ἓξ,
718 4321 793 4371 ait
842 4312 1233 4384 Symmachus,
1282 4326 1535 4385 prompta
1582 4320 1650 4369 ad

73 4387 364 4457 arguentium
398 4403 523 4441 esse
565 4392 821 4442 omnibus
860 4392 1085 4456 liqueat.
1124 4391 1301 4457 Cujus
1336 4393 1412 4441 rei
1447 4405 1647 4443 exem-

73 4451 189 4510 i?le
238 4471 301 4508 ex
352 4463 667 4527 Augustino
715 4451 1010 4514 retulimus
1059 4465 1118 4512 in
1184 4451 1341 4513 initio
1392 4468 1649 4513 notarum

70 4527 328 4579 nostrarum
392 4533 462 4582 ad
530 4531 890 4596 Cyprianum.
959 4534 1314 4596 Lactantius,
1381 4534 1479 4584 lib.
1547 4549 1647 4595 iv,

72 4603 161 4670 οέρι
193 4600 235 4659 4,
270 4603 618 4666 reprehendit
654 4619 754 4655 seu
789 4607 993 4670 potius,
1022 4610 1085 4655 ut
1117 4605 1442 4669 Hieronymi
1480 4607 1648 4658 verbo

73 4668 411 4745 utafimordet
445 4668 968 4742 Cyprianuquuod
994 4677 1051 4726 in
1081 4677 1187 4727 hac
1220 4668 1490 4739 oratione,
1522 4692 1648 4741 quas

71 4743 231 4812 Stfﬂpla
292 4748 372 4793 est
434 4745 702 4796 adversus
764 4747 1052 4797 inimicum
1120 4746 1451 4798 Christianas
1521 4750 1648 4798 reli-

70 4810 230 4883 gionis,
269 4817 450 4864 utatur
504 4817 839 4866 testimoniis
889 4831 1060 4869 sacras
1114 4817 1435 4882 Scriptum.
1480 4832 1647 4883 quam

69 4873 141 4953 ille
186 4883 364 4944 utique
409 4900 628 4948 vanam,
684 4886 893 4944 fictam,
942 4873 1514 4953 commenti-ﬁamque-
1549 4903 1648 4953 pu-

72 4944 204 5027 tabat,
228 4964 345 5027 cum
376 4957 559 5018 potius
588 4944 929 5022 argumentis
966 4964 1021 5010 et
1059 4962 1268 5010 ratione
1309 4944 1647 5011 refellendus

72 5015 246 5095 fuisset,
286 5025 339 5074 id
376 5015 459 5077 est
496 5015 756 5079 buma'nis
798 5032 1145 5093 testimoniis,
1189 5030 1646 5095 philosophorum

74 5088 288 5165 videlicet
326 5101 378 5146 et
415 5097 826 5161 historicorum,
852 5106 912 5151 ut
955 5102 1072 5151 suis
1099 5088 1445 5165 potissimum
1493 5103 1648 5153 refu-

1754 4178 1812 4226 in
1856 4175 2101 4241 Epistola
2139 4174 2208 4224 ad
2247 4177 2498 4239 Magnum
2542 4160 2706 4226 reiert
2749 4173 2895 4224 istud
2935 4173 3209 4237 judicium
3236 4175 3382 4227 Lac-

1753 4248 1910 4299 tantii
1953 4247 2024 4297 de
2066 4246 2174 4296 hoc
2216 4259 2381 4310 opere
2425 4248 2600 4298 sancti
2653 4245 2915 4311 Cypriani
2957 4246 3223 4297 adversus
3264 4248 3383 4299 De-

1752 4319 2103 4369 metrianum.
2156 4317 2362 4368 Verum
2422 4319 2502 4369 illi
2545 4318 2925 4377 vehementer,
2982 4330 3108 4368 meo
3156 4319 3383 4383 quidem

1745 4390 1994 4455 judicio,
2043 4394 2383 4440 erraverunt.
2444 4391 2822 4453 Hieronymus
2867 4390 3016 4439 enim
3067 4403 3180 4439 non
3220 4392 3385 4442 refert

1750 4461 1887 4511 illud
1938 4461 2209 4511 Lactantii
2257 4460 2531 4525 judicium
2586 4464 2851 4524 tanquam
2902 4460 3230 4523 approbans,
3286 4463 3383 4512 sed

1749 4535 1810 4581 ut
1840 4532 2161 4582 ostenderet
2203 4530 2552 4581 Lactantium
2592 4536 2815 4595 putasse
2868 4531 3067 4580 melius
3104 4531 3381 4582 facturum

1751 4602 1922 4652 fuisse
1959 4601 2320 4666 Cyprianum,
2353 4603 2399 4650 si
2429 4602 2485 4650 in
2516 4600 2816 4651 refellendo
2853 4600 3205 4651 Demetriano
3244 4617 3382 4653 usus

1749 4678 1893 4724 esset
1924 4675 2258 4724 testimoniis
2287 4672 2745 4736 philosophorum
2784 4675 2840 4721 et
2872 4673 3178 4734 poetarum,
3210 4687 3377 4736 quam

1750 4759 1879 4795 cum
1904 4760 2042 4796 usus
2069 4751 2153 4795 est
2184 4745 2516 4795 testimoniis
2555 4756 2728 4794 sacra:
2772 4742 3073 4806 Scripturas
3115 4743 3379 4796 adversus

1748 4816 2033 4866 hominem
2084 4816 2393 4866 ethnicum.
2436 4813 2495 4863 1d
2553 4826 2683 4863 vero
2745 4813 3116 4876 Hieronymus
3177 4815 3251 4866 ita
3301 4817 3381 4866 fa-

1749 4886 1931 4936 ciebat
1983 4892 2044 4936 ut
2103 4888 2271 4937 etiam
2334 4887 2650 4936 testimonio
2720 4884 2993 4935 Lactantii
3062 4886 3381 4937 ostenderet

1748 4970 1911 5021 posse
1953 4958 2248 5021 scriptores
2295 4956 2703 5007 ecclesiasticos
2746 4957 2826 5006 uti
2881 4956 3215 5006 testimoniis
3263 4971 3377 5009 sae-

1747 5028 2021 5079 cularium
2067 5029 2373 5078 litterarum
2425 5029 2478 5076 in
2535 5025 3016 5077 lucubrationibus
3044 5028 3178 5077 suis.
3223 5028 3375 5080 Idem

1747 5101 1803 5149 ii
1831 5099 2077 5163 Epistola
2117 5100 2188 5149 ad
2222 5099 2605 5163 Ctesiphontem
2644 5099 2911 5150 adversus
2952 5098 3275 5162 Pelagianos
3303 5105 3379 5154 ait

75 5158 243 5245 aretur
285 5169 613 5245 auctoribus.
670 5158 909 5245 contra,
947 5158 1324 5245 Tertullianus
1379 5175 1436 5224 in
1490 5170 1722 5245 initioC
1749 5158 1911 5236 posse
1950 5186 2078 5223 cum
2115 5172 2310 5236 paucis
2352 5158 2701 5245 sententiolis
2739 5158 3150 5235 Scripturaruin
3192 5171 3380 5223 haere—

75 5224 172 5309 li‘bri
193 5234 249 5309 de
286 5237 590 5290 Testimonio
633 5244 828 5292 animai
864 5224 940 5294 ait
968 5260 978 5293 :
1009 5264 1036 5290 α
1081 5244 1279 5309 Magna
1331 5224 1647 5296 curiositate
1671 5224 1721 5245 υ
1749 5224 1984 5294 iicorum
2023 5247 2078 5293 et
2115 5224 2217 5306 per
2246 5257 2342 5293 eos
2372 5242 2830 5306 philosophorum
2863 5224 3198 5307 brgumenta
3240 5257 3378 5295 con-

75 5304 115 5378 9}
142 5308 320 5380 majore
363 5310 526 5375 longe
562 5315 830 5364 memoria
867 5328 1005 5380 Opus
1047 5320 1131 5366 est
1173 5304 1246 5366 ad
1288 5316 1645 5377 studendum,

74 5378 256 5451 stylis
286 5382 437 5451 ivelit
488 5397 554 5433 ex
608 5384 804 5435 litteris
854 5378 1279 5451 receptissimis,
1330 5388 1647 5451 quibusque

78 5439 476 5522 pbilosophorum
502 5455 591 5506 vel
629 5461 914 5519 poetarum
961 5439 1050 5508 vel
1092 5439 1468 5522 quorumlibet
1507 5439 1642 5509 doc-

78 5514 189 5595 trina
235 5523 501 5595 sapientiaa
552 5514 839 5577 saecularis
886 5514 1277 5595 magistrbmm
1329 5530 1646 5581 testimonia

77 5594 323 5665 {mersere
370 5594 693 5649 Christiana;
742 5594 1002 5660 veritatis,
1048 5604 1109 5650 ut
1152 5601 1341 5652 aemuli
1380 5614 1646 5665 persecu-

78 5656 295 5729 toresque
312 5667 427 5727 ejus
462 5668 529 5719 de
555 5683 655 5719 suo
689 5671 911 5734 preprio
941 5656 1309 5724 instrumento
1347 5656 1400 5723 ei
1448 5674 1645 5724 erroris

80 5734 256 5801 inseet
281 5734 570 5801 iniquitatis
614 5743 669 5793 in
713 5756 815 5793 nos
857 5743 935 5793 rei
976 5744 1351 5795 revincantur.
1382 5760 1413 5792 »
1452 5744 1647 5794 Exsti-

83 5798 171 5881 ξξτθ
329 5798 605 5863 crederent
654 5818 909 5865 sanctum
959 5829 1184 5881 quoque
1237 5815 1644 5879 Hieronymum

86 5876 126 5914 ιιι
157 5872 326 5927 eadem
368 5892 487 5934 cum
532 5884 818 5937 Lactantio
868 5872 1147 5940 sententia
1192 5887 1383 5951 fuisse,
1427 5872 1558 5953 quia
1600 5888 1645 5939 is

1747 5315 1916 5364 vinci.
1945 5313 2326 5364 Luciferianus
2349 5313 2497 5378 apud
2533 5313 2795 5365 eumdem
2821 5314 3224 5378 Hieronymum
3263 5317 3374 5366 ait:

1746 5404 1774 5437 α
1819 5388 1929 5439 Oro
1970 5391 2024 5439 te
2070 5392 2133 5438 ut
2177 5387 2637 5453 philosOphorum
2676 5389 3159 5452 argumentatione
3200 5389 3380 5453 depo-

1747 5462 1869 5524 sita,
1906 5462 2206 5512 christiana
2250 5476 2472 5513 mecum
2514 5463 2868 5527 simplicitate
2894 5463 3157 5528 loquaris.
3193 5484 3222 5511 »
3250 5463 3375 5516 Cm-

1747 5536 1926 5583 terum
1996 5533 2267 5583 Baronius
2345 5546 2491 5583 anno
2562 5533 2657 5585 256
2724 5534 2946 5597 optimis
3031 5537 3376 5597 arguments

1747 5602 1989 5655 ostendit
2039 5617 2333 5655 censuram
2384 5605 2658 5655 Lactantii
2710 5618 2822 5655 non
2878 5618 2998 5657 esse
3052 5605 3371 5670 legitimam.

1747 5675 1837 5733 (Cf.
1890 5675 1955 5724 D.
2019 5675 2095 5725 Le
2149 5675 2362 5738 Nourry
2426 5676 2851 5727 Dissertationem
2899 5676 2963 5726 de
3015 5677 3113 5727 hoc
3161 5678 3212 5726 S.
3272 5676 3376 5737 Cy-

1743 5747 1930 5810 priani
1966 5759 2140 5809 opere,
2172 5746 2322 5810 infra
2353 5748 2410 5796 in
2442 5747 2534 5798 hoc
2571 5754 2708 5799 tome
2747 5763 2810 5798 ea:
2854 5750 3058 5812 integro
3101 5749 3376 5807 recusam.)

1743 5844 1801 5853 —
1826 5818 1885 5866 In
1918 5818 2112 5868 codice
2157 5818 2481 5869 Corbeiensi
2516 5821 2597 5871 sic
2625 5821 2919 5884 inscriptus
2961 5824 3043 5870 est
3076 5819 3170 5869 hic
3196 5819 3373 5868 liber:

1743 5890 1936 5956 Incipit
1992 5888 2229 5956 Epistula
2284 5892 2460 5944 sancti
2534 5890 2793 5959 Cypriani
2851 5891 2924 5943 ad
2979 5890 3379 5944 Demstrianum
