3978 6194
480 230 580 288 563

1368 235 1423 292 S.
1464 236 1773 294 CYPRlANl
1812 238 2084 294 OPERUM
2126 238 2297 292 PARS
2340 239 2403 292 ll.
2448 268 2513 277 -
2551 239 2918 295 OPUSCULA.

3705 245 3794 301 564

469 357 608 411 tiam
653 355 881 413 silentio
933 374 1226 429 spernere,
1261 375 1429 430 quam
1476 360 1765 431 loquendo
1812 362 2096 416 dementis
2123 373 2175 445 Α
2200 365 2313 416 tem
2336 363 2601 433 patientia
2621 363 2724 416 vici
2750 363 2994 432 (5),eum
3020 379 3123 417 nec
3151 363 3353 419 docere
3374 364 3665 421 indocilem
3688 385 3798 438 pos-

469 450 748 505 insaniam
800 468 1126 522 provocare.
1175 454 1283 507 Nec
1342 455 1445 507 hoc
1484 455 1605 507 sine
1645 455 1964 525 magisterii
2012 456 2097 509 di-

468 548 584 602 vini
633 552 704 619 (2)
752 551 1085 605 auctoritate
1137 550 1433 618 faciebam,
1475 569 1602 606 cum
1656 554 1929 624 scriptum
1979 554 2094 607 sit:

469 645 533 697 In
590 659 748 698 aures
805 645 1164 714 imprudentis
1217 647 1333 699 noli
1385 649 1675 716 quicquam
1733 648 1945 715 dicere,
1997 663 2095 716 nc,

467 737 690 806 quando
746 738 1030 805 audierit,
1087 740 1316 793 irrideat
1372 747 1606 795 scnsatos
1659 756 1924 795 sermones
1983 748 2101 796 tuos

469 831 673 898 (Prom,
716 849 862 899 xxut,
919 833 993 903 9).
1039 834 1099 887 Et
1152 834 1406 888 iterum:
1464 836 1589 891 Noli
1623 836 1941 905 respondcre
1989 838 2095 890 im-

462 926 729 996 prudenti
774 928 849 981 ad
889 928 1313 997 imprudentiam
1359 928 1495 996 ejus,
1530 945 1596 983 nc
1634 929 1830 983 similis
1871 933 1969 999 ﬁas
2014 931 2101 984 illi

471 1020 675 1090 (Ρφουη
710 1037 856 1087 xxv-'1,
891 1022 964 1089 4).
994 1023 1059 1077 Et
1088 1027 1341 1076 sanctum
1370 1038 1593 1094 quoque
1614 1022 1925 1092 jubeamur
1952 1024 2099 1078 intra

470 1115 874 1168 conscientiam
933 1121 1180 1170 nostram
1238 1120 1430 1171 tenere
1463 1160 1474 1182 ,
1536 1133 1638 1172 nec
1692 1118 2097 1172 inculcandum

470 1207 654 1277 porcis
704 1212 760 1261 et
804 1208 1035 1262 canibus
1083 1226 1389 1279 exponere,
1440 1212 1704 1281 loquente
1761 1210 2002 1265 Domino
2048 1217 2101 1265 et

470 1302 731 1357 dicente:
776 1306 852 1359 Ne
907 1304 1164 1358 dederitis
1208 1311 1455 1358 sanctum
1503 1307 1748 1366 canibus,
1796 1322 1963 1375 neque
1997 1309 2098 1362 mi-

469 1399 648 1450 seritis
702 1396 890 1469 545
945 1402 1283 1467 margaritas
1337 1405 1543 1453 vestras
1588 1406 1716 1453 ante
1758 1416 1985 1470 porcos,
2038 1417 2102 1454 ne

469 1491 740 1545 inculcant
765 1490 841 1559 (3)
870 1507 960 1545 cas
984 1492 1274 1561 pedibus‘,
1307 1498 1357 1545 ct
1388 1496 1632 1547 conversi
1670 1494 1879 1547 (elidant
1910 1510 2000 1549 ros
2026 1492 2100 1565 (4)

470 1585 714 1654 (Matth.,
744 1600 835 1651 vn,
865 1588 936 1655 6).
974 1586 1131 1652 Nam,
1157 1602 1284 1639 cum
1319 1586 1388 1639 ad
1423 1603 1511 1639 me
1555 1603 1724 1657 SEch,
1759 1587 1942 1641 studio
1980 1604 2098 1641 ma-

470 1677 554 1747 gis
602 1678 1026 1732 contradicendi
1064 1692 1232 1750 quam
1280 1683 1412 1734 volo
1460 1679 1732 1747 discendi,
1763 1681 2004 1745 venires,
2047 1687 2103 1735 et

2198 473 2340 524 sem,
2369 472 2471 511 nec
2506 455 2745 528 impium
2784 457 3058 527 religione
3079 458 3476 528 comprimere,
3499 476 3597 513 nec
3626 461 3795 515 furen-

2198 553 2317 621 tem,
2336 550 2567 605 lenitate
2585 550 2870 605 cohibere.
2897 552 3004 606 Sed
3028 551 3207 619 enim,
3229 568 3356 605 cum
3380 552 3531 606 dicas
3553 554 3800 623 plurimos

2200 644 2469 715 conqueri
2495 644 2649 715 quod
2674 643 2816 698 bella
2860 644 3117 700 crebrius
3138 644 3215 717 (6)
3240 651 3493 717 surgant,
3516 648 3657 716 quod
3676 647 3799 714 lues,

2200 737 2351 808 quod
2383 737 2564 792 fames
2592 738 2849 807 stcviaut,
2881 738 3146 811 quodque
3174 737 3388 793 imbres
3421 743 3475 793 et
3508 739 3708 810 pluvias
3737 744 3800 811 (7)

2201 848 2407 886 serena
2435 833 2612 903 longa
2641 836 2712 904 (8)
2744 833 3090 904 suspendant
3122 832 3286 888 nobis
3323 832 3606 903 imputari,
3632 839 3801 889 tacere

2202 927 2345 980 ultra
2376 942 2485 981 non
2517 930 2774 998 oportet:
2812 944 2881 981 ne
2902 928 3025 997 jam
3068 943 3178 981 non
3219 926 3574 981 verecundia:
3613 930 3677 998 (9)
3718 929 3802 984 sed

2202 1020 2537 1075 difﬁdentia:
2568 1038 2689 1075 esse
2716 1020 2948 1092 incipiat
2978 1021 3126 1093 quod
3160 1027 3431 1089 tacemus,
3464 1025 3520 1075 et
3554 1021 3681 1076 dum
3709 1024 3801 1077 cri-

2201 1114 2542 1169 minationes
2578 1114 2751 1168 falsas
2785 1116 3210 1169 contemnimus
3248 1115 3514 1181 refutare,
3546 1116 3806 1170 videamur

2202 1208 2417 1263 crimen
2448 1225 2775 1281 agnoscere.
2818 1210 3158 1281 Hespendeo
3210 1211 3321 1277 (l0)
3372 1209 3546 1278 igitur
3598 1215 3647 1263 et
3700 1211 3805 1277 tibi,

2204 1302 2588 1369 Deluetriane,
2640 1303 2856 1373 pariter
2901 1307 2960 1356 et
3009 1302 3232 1356 cmteris
3280 1318 3428 1373 quos
3478 1308 3534 1358 tu
3597 1303 3803 1358 forsitan

2202 1396 2513 1464 concitasti,
2568 1403 2624 1451 et
2673 1397 2974 1451 adversum
3030 1413 3130 1450 nos
3183 1397 3313 1451 odia
3370 1396 3480 1451 tuis
3545 1398 3807 1451 maledicis

2203 1491 2425 1544 vocibus
2482 1491 2846 1557 seminando,
2915 1492 3146 1544 comites
3211 1491 3310 1544 tibi
3381 1491 3566 1561 plures
3625 1490 3806 1544 radicis

2200 1592 2369 1656 atque
2429 1585 2669 1655 originis
2725 1591 2834 1638 tum
2883 1584 3250 1655 pullulatione
3294 1583 3514 1651 fecisti;
3557 1601 3687 1654 quos
3730 1589 3803 1636 ta-

2207 1696 2337 1734 men
2355 1678 2634 1732 sermonis
2652 1679 2825 1733 nostri
2841 1678 3147 1732 admittere
3161 1678 3333 1731 credo
3348 1676 3805 1750 rationem

476 1772 739 1825 clamosis
767 1772 996 1826 vocibus
1024 1790 1356 1843 personatus,
1393 1775 1710 1828 mallestua
1736 1746 2180 1846 impudenterB
2210 1790 2338 1828 nam
2373 1773 2469 1843 qui
2516 1772 2587 1826 ad
2633 1772 2845 1826 malum
2892 1776 3075 1825 motus
3114 1780 3198 1826 est
3245 1771 3538 1826 mendacio
3581 1772 3803 1838 fallente,

476 1864 745 1934 ingerere
798 1883 970 1936 quam
1017 1870 1209 1921 nostra
1261 1868 1546 1938 patienter
1589 1868 1808 1936 audire,
1849 1868 2106 1940 ineptum

473 1959 782 2013 videbatur
808 1961 1081 2030 congredi
1125 1964 1336 2029 tecum,
1366 1963 1593 2034 quando
1624 1962 1846 2017 facilius
1882 1967 2027 2017 esset
2051 1966 2109 2016 et

475 2052 660 2108 levius
692 2054 1006 2109 turbulenti
1043 2055 1216 2108 maris
1252 2055 1496 2110 concitos
1530 2058 1736 2111 ﬂuctus
1775 2057 2109 2112 clamoribus

476 2147 790 2202 retundere
823 2164 990 2219 quam
1028 2152 1178 2202 tuam
1211 2150 1423 2213 rabiem
1468 2151 1796 2204 tractatibus
1825 2168 2102 2206 coercere.

472 2243 635 2297 Certe
690 2245 745 2294 ct
787 2242 949 2296 labor
1011 2242 1205 2297 irritus
1258 2248 1313 2296 et
1357 2244 1543 2298 nullus
1593 2244 1847 2313 effectus,
1898 2244 2101 2299 eﬂ‘erre

471 2336 672 2390 lumen
709 2352 875 2403 careo,
918 2352 1240 2390 sermonem
1272 2337 1468 2404 surdo,
1506 2338 1851 2411 sapientiam
1887 2339 2096 2403 bruto;

471 2446 599 2483 cum
645 2446 752 2483 nec
795 2430 999 2484 sentire
1042 2430 1241 2484 brutus
1288 2431 1483 2501 possit,
1534 2449 1637 2487 nec
1681 2449 1860 2487 caecus
1902 2433 2097 2488 lumen

468 2524 790 2590 admittere,
822 2540 924 2578 nec
952 2524 1156 2578 surdus
1180 2525 1393 2579 audire.

543 2619 603 2673 ll.
640 2618 762 2672 Hice
789 2617 1181 2687 considerans,
1216 2636 1368 2691 szepe
1399 2620 1668 2685 conticui,
1704 2622 1761 2673 et
1789 2620 2095 2691 impatien-

2209 1866 2389 1920 multo
2448 1866 2633 1937 magis
2682 1865 2751 1919 ad
2808 1866 3026 1920 bonum
3080 1864 3401 1920 movebitur
3450 1863 3674 1919 veritate
3723 1880 3803 1919 co-

2206 1966 2395 2031 gente.

2276 2057 2361 2110 lll.
2409 2055 2601 2110 Dixisti
2645 2072 2747 2126 per
2794 2072 2897 2110 nos
2943 2054 3062 2109 ﬁeri
3105 2059 3160 2108 et
3198 2053 3352 2125 quod
3390 2053 3554 2107 nobis
3594 2052 3806 2107 debeant

2208 2148 2474 2220 imputari
2509 2149 2700 2203 omnia
2728 2149 2831 2202 ista
2868 2148 3072 2219 quibus
3109 2165 3260 2203 nunc
3299 2149 3546 2202 mundus
3581 2148 3804 2218 quatitur

2203 2248 2259 2298 et
2291 2249 2546 2314 urgetur,
2579 2243 2730 2314 quod
2762 2243 2836 2297 dii
2879 2243 3045 2297 vestri
3090 2244 3131 2312 (l
3152 2242 3196 2312 l)
3230 2259 3261 2295 a
3302 2242 3467 2295 nobis
3492 2256 3602 2295 non
3632 2239 3800 2294 colan-

2202 2344 2313 2392 tur.
2346 2338 2467 2401 Qua
2494 2337 2547 2391 in
2581 2342 2763 2407 parte,
2790 2337 2925 2409 quia
2946 2337 2966 2370 ²
2998 2336 3232 2408 ignarus
3253 2335 3466 2390 divinaz
3494 2334 3802 2406 cognitionis

2200 2436 2258 2487 et
2305 2432 2560 2486 veritatis
2608 2431 2832 2485 alienus
2880 2448 2961 2498 es,
3002 2430 3135 2483 illud
3188 2431 3374 2500 primo
3422 2429 3476 2483 in
3525 2429 3643 2483 loco
3682 2427 3801 2481 scire

2202 2526 2390 2592 debes,
2448 2525 2699 2579 senuisse
2748 2526 2867 2595 jam
2920 2524 3230 2589 mundum,
3291 2539 3409 2577 non
3462 2523 3570 2577 illis
3615 2522 3800 2575 viribus

2200 2624 2344 2673 stare
2394 2619 2598 2691 quibus
2640 2618 2801 2690 prius
2844 2621 3093 2683 steterat,
3140 2633 3245 2671 nec
3289 2617 3487 2688 vigore
3533 2622 3586 2670 et
3626 2616 3799 2670 robore

1850 2778 2059 2839 Variae
2103 2772 2459 2841 lectiones.

530 2901 545 2928 ¹
578 2898 815 2949 Pedibus
848 2899 962 2949 suis
994 2899 1114 2949 Bod.
1148 2901 1192 2961 l,
1232 2900 1281 2964 2,
1312 2901 1359 2961 3,
1392 2902 1433 2951 4.
1475 2900 1618 2951 Suis.
1657 2900 1791 2950 Nam
1827 2914 1957 2951 cum
1999 2902 2088 2950 Ar.
2136 2900 2274 2949 Lam.
2323 2898 2478 2948 Ebur.
2526 2899 2655 2949 Voss.
2686 2897 2735 2948 2.
2804 2901 2822 2930 ¹
2852 2899 2962 2961 Qui
2999 2899 3222 2962 ignarus
3269 2897 3397 2947 Bod.
3447 2899 3489 2956 t,
3538 2896 3585 2957 3,
3615 2897 3660 2946 4.
3693 2896 3801 2945 Tha.

474 2968 606 3018 Vict.

1789 3052 2011 3133 Steph.
2061 3051 2304 3115 Baluzii
2350 3057 2549 3114 notae.

463 3192 1104 3273 paganumﬁepiswpu'm:
1175 3190 1569 3273 l’roconsulem
1626 3190 1848 3273 ..μ’ςὶοῳ
1920 3189 2091 3273 fuisse
2113 3200 2167 3273 Ο
2203 3258 2233 3273 η
2256 3186 2322 3248 (6)
2354 3187 2503 3273 Quod
2535 3186 2669 3237 bella
2697 3187 2949 3238 crebrius.
2983 3186 3337 3244 Prudentius,
3372 3186 3468 3237 lib.
3495 3199 3531 3236 ιι
3568 3184 3796 3235 adversus

467 3264 683 3313 censuit
727 3263 983 3312 Nicotaus
1030 3262 1347 3325 Vignierius
1384 3263 1439 3310 in
1482 3275 1581 3311 sua
1626 3261 1867 3310 Historia
1911 3260 2092 3310 eccle-

465 3336 701 3384 siastica.
764 3334 902 3395 Quis
959 3338 1144 3383 autem
1203 3332 1296 3382 ille
1348 3332 1507 3382 fuerit
1558 3340 1705 3383 recte
1753 3332 2095 3395 disputatum

467 3409 551 3454 est
598 3406 653 3453 in
702 3406 845 3454 notis
886 3404 1144 3455 editionis
1184 3403 1528 3469 Anglicanas,
1557 3404 1653 3454 ubi
1699 3405 1965 3467 scriptum
2005 3397 2095 3453 'est

468 3475 822 3525 verisimilius
882 3489 1005 3526 esse
1052 3475 1210 3525 illum
1258 3477 1427 3525 fuisse
1476 3475 1723 3538 judicem
1772 3476 1827 3524 in
1876 3475 2093 3525 civitate

466 3545 883 3609 Carthaginensi
912 3551 1007 3596 aut
1049 3547 1293 3611 aliquem
1318 3559 1386 3597 ex
1435 3547 1767 3597 consiliariis
1812 3548 1907 3610 qui
1957 3560 2093 3609 prm-

465 3617 569 3666 sidi
596 3618 851 3668 solebant
882 3620 935 3667 in
955 3618 1182 3682 judiciis
1203 3621 1475 3669 assistere.

528 3689 594 3750 (εξ)
635 3692 735 3740 Nec
783 3689 877 3739 hoc
922 3693 1034 3738 sine
1075 3691 1377 3753 magisterii
1409 3690 1605 3738 divini.
1648 3690 1775 3739 Post
1822 3689 1942 3739 haec
1990 3689 2091 3738 Pa-

464 3761 665 3810 melius
711 3761 908 3823 adjecit
956 3767 1002 3810 et
1045 3762 1293 3819 nominis,
1333 3761 1481 3825 quod
1512 3761 1944 3811 additamentum
1992 3774 2092 3824 ego

467 3832 643 3895 reperi
671 3832 725 3880 in
759 3831 933 3881 tribus
980 3834 1226 3897 antiquis
1273 3831 1577 3883 codicibus.
1616 3833 1782 3882 Deest
1819 3837 2004 3882 autem
2037 3833 2091 3879 in

467 3905 711 3967 antiquis
769 3905 1123 3963 cditionibus,
1182 3906 1237 3954 in
1281 3918 1387 3955 xx:
1436 3905 1592 3954 libris
1647 3905 1873 3963 nostris,
1927 3908 1982 3952 et
2035 3905 2089 3951 in

467 3980 705 4037 quatuor
745 3976 1082 4038 Anglicauis.
1117 3978 1177 4025 In
1213 3977 1333 4026 aliis
1377 3977 1597 4025 duobus
1632 3976 1835 4023 nostris
1872 3975 2089 4037 legitur,

468 4065 494 4091 «
545 4047 677 4096 Sine
722 4049 1035 4111 magisterio
1086 4048 1291 4097 divina:
1322 4048 1677 4097 auctoritatis.
1714 4066 1739 4090 »
1771 4047 1895 4109 Quo
1924 4048 2090 4097 etiam

466 4117 630 4168 modo
659 4120 926 4181 scriptum
959 4123 1039 4168 est
1071 4120 1125 4167 in
1167 4120 1414 4182 margine
1447 4118 1707 4168 editionis
1734 4131 1861 4181 quas
1888 4118 2093 4169 dicitur

467 4189 670 4239 Gravii.
720 4191 876 4240 Hanc
914 4204 1047 4240 vero
1087 4190 1384 4240 lectionem
1431 4190 1607 4253 magis
1652 4189 1847 4252 probat
1895 4190 2091 4252 Pame-

471 4260 595 4309 lius.
652 4261 921 4325 Rigaltius
972 4266 1028 4310 et
1077 4261 1243 4323 Angli
1303 4262 1653 4311 retinuerunt
1706 4262 1764 4309 in
1827 4265 2092 4311 contextu

470 4330 811 4380 additionem
860 4331 1106 4382 Pamelii.
1150 4332 1267 4396 Ego
1297 4331 1495 4392 delevi,
1527 4332 1658 4394 quia
1695 4331 1975 4395 superﬂua
2010 4338 2093 4382 est

470 4405 523 4451 et
591 4405 764 4466 major
832 4415 956 4465 pars
1017 4405 1266 4453 veterum
1333 4401 1732 4465 exemplarium
1794 4414 1915 4451 eam
1979 4415 2091 4451 non

469 4472 653 4522 habet

527 4545 595 4607 (3)
638 4543 917 4594 lnculceut.
966 4545 1200 4595 Przet’ero
1239 4546 1384 4595 hanc
1426 4544 1739 4604 lectionem,
1771 4545 1900 4608 quia
1942 4545 2091 4593 illam

464 4618 654 4667 inveni
696 4617 751 4665 in
791 4618 1036 4680 antiquis
1077 4617 1418 4667 editionibus
1469 4620 1523 4665 et
1582 4616 1639 4664 in
1695 4615 2093 4678 septemdecim

465 4687 753 4739 codicibus
808 4689 1216 4751 manuscriptis.
1257 4688 1395 4737 Eam
1451 4699 1675 4751 quoque
1730 4686 2093 4749 praetulerunt

468 4760 648 4823 Angli.
676 4760 756 4808 Eo
798 4759 1070 4809 vocabulo
1103 4761 1424 4824 frequenter
1456 4763 1691 4808 utuntur
1720 4757 2096 4808 Tertullianus

466 4835 521 4881 et
552 4831 877 4895 Cyprianus.
907 4830 1220 4880 Concilium
1253 4831 1579 4880 Arelatense
1608 4829 1847 4893 primum
1882 4843 2095 4880 canone

468 4904 522 4951 l7
546 4918 555 4949 :
578 4921 605 4951 ‹‹
623 4902 689 4952 Ut
706 4903 893 4951 nullus
916 4903 1209 4966 episcopus
1237 4903 1406 4952 alium
1432 4903 1754 4965 episcopum
1778 4902 2036 4952 inculcet.
2066 4918 2092 4948 ι)

465 4974 605 5023 Vide
633 4973 827 5023 Jacobi
858 4972 1178 5023 Gottiot‘redi
1204 4978 1364 5023 notas
1393 4971 1458 5022 ad
1485 4972 1690 5021 librum
1719 4973 1738 5020 Ι
1775 4972 2097 5022 Tertulliani

462 5045 533 5095 ad
560 5046 816 5095 Nationes
844 5057 961 5108 cap.
994 5045 1067 5095 10.

529 5119 592 5179 (ι)
647 5117 707 5165 Et
746 5128 978 5165 concors:
1024 5113 1226 5165 elidant
1278 5128 1379 5164 ros.
1415 5112 1685 5176 Quamvis
1723 5115 1825 5164 ista
1874 5120 2095 5167 exstent

466 5188 522 5236 in
576 5187 840 5237 omnibus
900 5185 1235 5237 eilitionibus
1296 5190 1352 5235 et
1422 5186 1478 5234 in
1539 5186 1789 5249 quinque
1852 5188 2094 5252 antiquis

466 5258 893 5322 exemplaribus,
928 5258 1087 5306 facile
1128 5256 1389 5315 de‘erem,
1426 5270 1554 5306 cum
1598 5255 1781 5306 desint
1820 5258 1874 5307 in
1924 5260 2094 5323 quin—

467 5330 646 5379 decim
698 5330 857 5379 libris
914 5331 1116 5378 nostris
1173 5333 1227 5378 et
1278 5332 1516 5392 quatuor
1565 5328 1920 5391 Anglicanis,
1973 5335 2093 5381 tum

466 5403 633 5450 etimn
660 5401 787 5465 quia
814 5401 1022 5449 nullius
1047 5404 1310 5450 momenti
1341 5404 1472 5449 sunt
1507 5399 1575 5449 ad
1614 5399 2008 5451 adstruendum
2034 5403 2091 5451 id

464 5472 614 5537 quod
644 5471 954 5536 Cyprianus
983 5472 1266 5522 insinuare
1296 5471 1530 5521 volebat.

528 5546 599 5605 (5)
654 5544 917 5593 Patientia
968 5544 1083 5591 rici.
1140 5542 1233 5592 Sic
1306 5543 1679 5605 Hieronymus
1741 5544 1796 5593 in
1845 5543 2092 5606 Epistola

465 5617 537 5666 ad
583 5615 973 5666 Pummuchium
1015 5614 1278 5665 adversus
1319 5616 1589 5666 Joannem
1631 5616 2093 5679 Hierosolymita-

464 5703 599 5737 num
634 5702 644 5735 :
674 5704 702 5734 «
728 5687 1019 5737 Noluimus
1054 5686 1152 5736 tibi
1181 5688 1531 5737 occasionem
1570 5687 1716 5738 dare.
1750 5686 2092 5736 Videbamus

465 5759 612 5809 enim
646 5757 950 5824 ‘strophum
994 5757 1306 5812 dilectionis
1347 5762 1473 5811 tuae.
1517 5759 1783 5823 Injuriam
1828 5759 2091 5825 patientia

462 5842 713 5880 vmmus.
742 5848 769 5877 »

2113 4571 2172 4642 D

2197 3258 2558 3321 Symmachum
2584 3276 2602 3309 :

2261 3364 2319 3415 Et
2347 3371 2468 3416 sunt
2500 3367 2590 3430 qui
2618 3367 2770 3417 nobis
2794 3367 2933 3416 bella
2961 3366 3280 3430 exprobrare
3314 3365 3519 3416 sinistra

2255 3441 2368 3490 Non
2398 3441 2657 3505 dubitant,
2701 3448 2970 3506 postquam
3012 3441 3328 3505 templorum
3364 3441 3645 3506 sprevimus
3680 3452 3793 3488 aras.

2260 3553 2323 3611 (7)
2380 3549 2575 3600 Imbros
2619 3555 2666 3599 et
2711 3548 2936 3612 pluvias.
2989 3550 3215 3599 Novella
3266 3549 3561 3599 Theodosii
3602 3547 3665 3597 de
3702 3546 3791 3595 Ju-

2194 3622 2329 3671 daeis
2359 3626 2413 3670 et
2442 3620 2805 3671 Samaritanis
2832 3637 2842 3669 :
2878 3640 2905 3666 ‹‹
2953 3623 3037 3670 An
3080 3621 3295 3673 diutius
3341 3621 3655 3684 perferimus
3687 3631 3791 3666 niu-

2194 3693 2297 3742 tari
2348 3697 2660 3756 temporum
2724 3693 2906 3752 vices,
2964 3692 3100 3741 irata
3153 3692 3281 3743 cmli
3343 3692 3632 3755 temperie,
3686 3701 3790 3750 quas

2193 3777 2533 3827 paganorum
2565 3763 2898 3814 exacerbata
2940 3763 3166 3827 perfidia
3202 3765 3387 3815 nescit
3413 3767 3619 3813 naturai
3650 3759 3791 3810 libra-

2193 3840 2380 3885 menta
2432 3836 2698 3884 servare?
2750 3834 2905 3885 Unde
2961 3836 3111 3885 enim
3170 3849 3264 3884 ver
3318 3835 3535 3884 solitam
3588 3832 3789 3896 gratiam

2192 3905 2504 3969 abjuravit,
2560 3904 2712 3954 unde
2752 3911 2943 3955 ‘testas
3003 3918 3183 3957 messe
3234 3908 3426 3970 jejuna
3486 3904 3787 3954 laboriosum

2193 3977 2489 4040 agricolam
2531 3978 2587 4025 in
2632 3989 2729 4039 Spe
2776 3978 3030 4027 destituit
3067 3980 3381 4034 aiistarum,
3412 3975 3557 4025 unde
3602 3972 3790 4036 hyemis

2194 4048 2557 4111 intemperata
2604 4047 2861 4097 ferocitas
2911 4048 3217 4098 ubertatem
3266 4054 3534 4099 terrarum
3576 4048 3789 4108 penetra-

2194 4117 2292 4166 bili
2337 4119 2535 4181 t'rigore
2584 4119 2884 4167 sterilitatis
2932 4119 3158 4168 laesione
3201 4118 3503 4179 damnavit,
3545 4117 3643 4165 nisi
3679 4114 3789 4177 quia

2193 4189 2262 4239 ad
2293 4189 2592 4252 impietatis
2622 4190 2923 4239 vindictam
2964 4191 3159 4239 transit
3187 4191 3309 4253 lege
3357 4202 3455 4239 sua
3485 4191 3681 4237 natura:
3707 4183 3790 4232 de-

2194 4264 2401 4310 cretum
2419 4263 2446 4309 ‘l
2479 4280 2505 4304 »

2260 4334 2322 4395 (8)
2388 4333 2585 4381 Sereno
2644 4331 2821 4394 longa.
2878 4332 3123 4382 Matthmi
3182 4345 3333 4383 XVI:
3401 4333 3637 4380 Serenum
3687 4327 3786 4382 erit,

2193 4402 2543 4451 rubicundum
2607 4408 2681 4450 est
2746 4402 2882 4451 enim
2948 4402 3150 4452 ca’lum.
3208 4404 3579 4467 Hieronymus
3630 4398 3710 4447 lib.
3758 4407 3787 4442 tt

2194 4476 2387 4521 contra
2434 4472 2775 4535 Pelagianos,
2812 4490 2838 4517 ‹‹
2891 4473 2948 4520 In
2998 4486 3194 4522 sereno
3235 4477 3476 4537 patimur
3525 4472 3786 4534 tempesta-

2196 4547 2324 4592 tem.
2385 4559 2413 4589 »
2462 4544 2815 4601 Prudentius,
2863 4543 2940 4593 l:b
2994 4558 3010 4593 I
3061 4546 3324 4595 adversus
3380 4542 3784 4608 Symmachum:

2197 4631 2227 4661 ‹‹
2253 4614 2535 4663 Turbidus
2565 4628 2658 4664 aer
2686 4614 2925 4677 ponebat
2953 4614 3223 4678 liquidum
3246 4630 3315 4667 ex
3341 4630 3468 4667 arca
3492 4626 3743 4667 serenum.
3763 4625 3785 4653 ss

2196 4683 2349 4734 Idem
2386 4685 2445 4734 in
2492 4684 2703 4748 hymno
2738 4688 3050 4736 matutino:
3084 4688 3200 4736 Haec
3244 4686 3341 4737 lux
3376 4699 3607 4736 serenum
3632 4684 3784 4741 ron/e-

2194 4762 2296 4804 rat.

2262 4827 2322 4889 (9)
2363 4828 2710 4877 Vcrccundiz.
2758 4828 3132 4891 Hieronymus
3159 4830 3213 4877 in
3258 4830 3500 4893 Epistola
3530 4827 3594 4876 ad
3623 4824 3783 4873 Theo.

2195 4898 2407 4961 philum
2448 4898 2883 4949 Alexandrinum
2919 4914 2930 4947 :
2969 4918 2995 4945 «
3028 4901 3202 4950 Macte
3226 4902 3447 4955 virtute,
3474 4902 3643 4948 macte
3685 4894 3783 4942 telo

2194 4970 2343 5020 ﬁdei.
2372 4970 2673 5021 Ostendiin
2708 4972 2855 5034 quod
2905 4971 3018 5021 huc
3059 4985 3239 5036 usque
3269 4971 3649 5022 taciturnitatis
3688 4966 3781 5014 dis-

2192 5044 2447 5105 pensatio
2487 5042 2608 5105 fuit,
2636 5056 2748 5093 non
2788 5056 3113 5093 consensus.
3158 5060 3187 5091 »
3230 5046 3399 5101 idem,
3439 5044 3512 5093 lib
3570 5056 3585 5091 1
3617 5040 3783 5090 adver—

2194 5126 2292 5162 sus
2353 5113 2665 5165 Ruﬁnum:
2715 5132 2744 5158 «
2800 5114 2867 5164 Et
2920 5116 3207 5165 ostendam
3267 5116 3417 5181 quod
3468 5116 3575 5164 huc
3626 5119 3781 5173 uscpxe

2193 5186 2475 5236 silentium
2506 5187 2791 5237 modestius
2816 5186 2998 5247 fuerit,
3026 5201 3138 5237 non
3179 5189 3341 5238 matre
3389 5184 3730 5237 conscientias.
3757 5196 3779 5221 υ

2195 5256 2435 5308 Sanctus
2462 5258 2807 5317 Ambrosius,
2832 5261 2886 5306 in
2924 5257 3170 5322 Epistula
3204 5259 3463 5308 adversus
3492 5256 3777 5305 relationem

2194 5328 2537 5392 Symmachi,
2556 5347 2585 5375 «
2612 5328 3111 5379 dissimulationem
3130 5341 3228 5393 pro
3251 5340 3521 5380 consensu
3538 5326 3780 5387 interpre-

2192 5402 2391 5449 tantes.
2423 5417 2449 5445 ››

2257 5472 2354 5534 (10)
2407 5471 2717 5534 Rospondoo.
2764 5472 2952 5523 Codex
2997 5472 3186 5524 Sancti
3231 5470 3500 5535 Arnulphi
3539 5473 3591 5520 et
3634 5463 3777 5518 editio

2193 5542 2508 5592 Morelliana
2534 5544 2934 5607 Respondemus.

2257 5615 2349 5677 (ll)
2398 5615 2541 5675 Quod
2584 5615 2662 5664 dii
2708 5616 2884 5665 vestri.
2934 5615 3256 5667 Lactantius
3310 5616 3402 5665 lib.
3448 5627 3503 5675 v,
3550 5625 3658 5686 cap.
3700 5609 3771 5686 But

2193 5704 2220 5732 ‹‹
2248 5687 2457 5736 Discite
2491 5687 2657 5751 igitur
2695 5687 2952 5740 homines
2995 5688 3122 5740 ideo
3164 5690 3341 5740 malos
3387 5699 3502 5738 esse
3550 5683 3670 5749 quia
3711 5677 3773 5726 dii

2192 5758 2466 5810 coluntur.
2499 5773 2529 5806 »
