3978 6194
111 296 186 351 565

1294 296 1492 353 LIBER
1538 299 1622 354 AD
1665 252 2170 354 [itinerum-ven.

3306 296 3406 352 566

109 429 158 467 eo
182 411 341 465 valere
377 427 486 484 quo
528 414 697 466 antea
741 413 1094 483 prmvalebat.
1131 416 1247 471 l‘loc
1291 416 1483 483 etiam,
1516 416 1681 471 nobis
1701 431 1759 503 Α
1773 415 1894 486 jam
1918 432 2105 483 cursu,
2142 414 2381 469 exoletis
2405 415 2670 470 cornibus
2696 415 2829 470 luna
2855 416 3141 482 tenuatur,
3166 418 3222 470 et
3245 414 3417 470 arbor

109 505 380 561 tacentibus
408 512 464 561 et
511 507 666 560 nulla
698 507 769 561 de
811 508 1114 579 Scripturis
1153 510 1360 563 sanctis
1404 510 1676 580 prtedica-

109 599 425 669 tionibusque
456 598 658 652 divinis
698 600 1037 655 documenta
1072 602 1490 672 prementibus,
1520 619 1686 657 mun-

106 692 186 745 dus
210 691 313 762 ipse
337 692 458 761 jam
484 692 741 764 loquitur
774 699 827 748 et
858 711 1113 749 occasum
1144 695 1227 750 sui
1270 712 1461 750 rerum
1495 697 1686 751 laben-

104 786 218 839 tium
265 785 595 856 probatione
645 790 903 842 testatur.
946 788 1072 843 Non
1114 790 1321 860 hyeme
1370 790 1690 845 nutriendis

104 878 375 933 seminibus
404 884 563 934 tanta
608 880 883 936 imbrium
930 882 1089 953 copia
1134 886 1240 950 est,
1268 900 1385 938 non
1432 883 1691 953 frugibus

101 976 256 1026 estate
296 972 580 1027 torrendis
629 975 763 1029 solis
808 978 964 1030 tanta
1006 976 1027 1010 ³
1078 976 1380 1048 ﬂagrantia
1434 980 1537 1045 est,
1588 993 1690 1031 nec

102 1067 160 1119 sic
200 1071 463 1120 vernante
510 1067 789 1138 temperie
846 1071 955 1140 (l2)
1009 1073 1131 1124 sata
1186 1070 1312 1124 laeta
1374 1078 1523 1136 sunt,
1586 1087 1689 1124 nec

100 1161 209 1213 adeo
239 1160 484 1215 arboreis
512 1161 739 1216 fastibus
758 1167 1035 1218 antemna
1054 1163 1317 1218 fmcunda
1340 1166 1490 1218 sunt.
1510 1164 1689 1218 Minus

100 1252 152 1306 de
175 1253 370 1306 effossis
398 1260 457 1309 et
497 1254 746 1325 fatigatis
784 1256 1073 1311 montibus
1110 1261 1393 1312 eruuntur
1437 1273 1685 1311 marmo-

100 1364 200 1400 rum
227 1353 445 1415 crustae,
480 1348 671 1402 minus
701 1351 918 1420 argenti
947 1356 1001 1405 et
1039 1350 1158 1404 auri
1201 1366 1336 1421 epes
1371 1357 1690 1421 suggerunt

97 1440 464 1510 exliaustajam
493 1443 744 1511 metalla,
774 1449 830 1498 ct
859 1458 1140 1515 pauperes
1169 1460 1331 1498 venas
1360 1443 1689 1498 breviantnr

95 1534 136 1586 in
159 1533 263 1587 dies
298 1535 552 1606 singulos
594 1539 645 1590 et
682 1536 1038 1605 decrescunt,
1072 1538 1261 1592 deficit
1291 1538 1350 1591 in
1390 1537 1538 1591 arvis
1574 1537 1684 1608 (t3)

93 1627 313 1696 agricola,
344 1628 400 1682 in
434 1630 577 1683 mari
619 1633 812 1698 nauta,
858 1632 1026 1686 miles
1066 1632 1122 1685 in
1172 1632 1385 1699 castris,
1417 1631 1686 1685 innocen-

95 1720 153 1773 tia
184 1720 232 1773 in
269 1722 410 1785 fore,
433 1722 657 1794 justitia
686 1724 741 1777 in
782 1724 1024 1794 judicio,
1056 1725 1113 1778 in
1156 1724 1420 1778 amicitiis
1449 1740 1681 1778 concor-

94 1812 178 1877 dia,
204 1814 254 1868 in
295 1816 513 1887 artibus
553 1818 774 1887 peritia,
821 1818 877 1871 in
922 1818 1171 1872 moribus
1218 1818 1537 1888 disciplina.
1573 1800 1755 1871 ειη-Β

92 1912 216 1961 tasne
265 1912 478 1963 tantum
541 1928 701 1981 posse
756 1911 1131 1967 substantiam
1194 1911 1277 1965 rei
1340 1914 1683 1966 senescentis

92 2000 314 2055 exsistere
361 2006 644 2074 quantum
699 2005 857 2076 prius
908 2006 1091 2077 potuit
1137 2005 1353 2060 novella
1408 2004 1596 2059 adhuc
1628 2010 1684 2059 et

93 2098 254 2164 vegeta
272 2097 507 2164 juventa
531 2098 639 2168 (14)
678 2098 925 2169 pollere?
946 2099 1223 2153 Miunatur
1241 2115 1470 2153 necesse
1490 2098 1677 2170 547

93 2191 154 2239 est
177 2188 435 2260 quicquid
467 2192 582 2244 tine
603 2192 722 2261 jam
758 2192 1017 2262 proximo
1046 2193 1102 2247 in
1142 2193 1377 2247 occidua
1405 2197 1462 2246 et
1489 2200 1679 2248 extre-

92 2295 160 2333 ma
184 2280 442 2353 devergit.
497 2284 591 2338 Sic
631 2285 711 2339 sol
756 2284 813 2338 in
862 2302 1064 2340 occasu
1114 2303 1217 2341 suo
1268 2287 1449 2341 radios
1492 2286 1683 2341 minus

92 2372 207 2427 clare
230 2379 281 2429 et
316 2376 489 2447 igneo
517 2377 822 2450 splendore
855 2378 1178 2449 jaculatur;
1208 2381 1308 2443 sic,
1357 2380 1680 2435 declinante

1792 525 1917 579 quas
1973 510 2158 563 fuerat
2209 514 2339 563 ante
2387 508 2575 563 viridis
2627 517 2681 563 et
2735 510 2957 575 fertilis,
3024 508 3415 564 arescentibus

1788 602 1961 656 ramis
2013 603 2072 655 fit
2129 602 2487 672 postmodum
2535 603 2709 655 sterili
2754 608 3045 656 senectute
3094 602 3411 669 deformis;

1790 699 1846 749 et
1894 696 2022 749 fons
2073 697 2200 766 qui,
2264 695 2680 749 exundantibus
2732 696 2890 767 prius
2945 696 3123 761 venis,
3185 698 3423 767 largiter

1788 788 2135 859 proﬂuebat,
2177 794 2468 843 senectute
2508 788 2794 855 deﬁciens,
2822 789 2911 843 vix
2951 789 3177 844 modico
3217 790 3422 844 sudore

1792 881 2048 939 distillat.
2102 883 2231 936 Haec
2276 881 2558 936 sententia
2604 881 2821 936 munde
2862 882 2985 934 data
3021 890 3125 948 est,
3158 883 3277 936 haec
3320 884 3419 938 Dei

1788 976 1877 1029 lex
1908 981 2012 1036 est,
2048 981 2108 1030 ut
2155 975 2343 1029 omnia
2384 982 2503 1030 orta
2546 975 2806 1030 occidant
2834 979 2891 1028 et
2916 981 3075 1030 aucta
3106 979 3421 1042 senescant,

1792 1072 1850 1123 et
1882 1069 2252 1123 inﬁrmentur
2280 1069 2469 1135 fortia,
2495 1073 2552 1122 et
2584 1085 2793 1137 magna
2828 1068 3179 1137 minuantur,
3208 1072 3266 1123 et
3288 1085 3419 1122 cum

1789 1162 2072 1216 inﬁrmata
2098 1168 2154 1216 et
2182 1162 2462 1216 diminuta
2495 1162 2724 1228 fuerint,
2756 1162 3050 1216 ﬁniantur.

1862 1257 1947 1309 IV.
2004 1255 2336 1312 Christianis
2390 1255 2638 1325 imputas
2705 1255 2857 1325 quod
2913 1256 3251 1309 minuantur
3306 1254 3418 1308 sin-

1791 1351 1919 1421 gula
1946 1349 2076 1418 (lii),
2109 1349 2323 1403 mundo
2356 1354 2705 1403 senescente.
2739 1349 2879 1413 Quid
2926 1348 2971 1402 si
3005 1354 3060 1403 et
3104 1365 3272 1403 senes
3306 1348 3416 1401 im-

1788 1448 1990 1513 putcnt
2019 1442 2351 1498 Christianis
2380 1442 2529 1513 quod
2561 1443 2751 1496 minus
2778 1442 3006 1496 valeant
3025 1442 3080 1496 in
3101 1445 3417 1506 senectute,

1787 1537 1939 1608 quod
1969 1553 2083 1591 non
2120 1537 2356 1607 perinde
2387 1541 2450 1589 ut
2482 1536 2636 1606 prius
2667 1536 2900 1606 vigeant
2939 1535 3137 1590 auditu
3167 1535 3415 1601 aurium,
3452 1566 3455 1567 ν

1786 1646 1950 1684 cursu
1987 1631 2214 1700 pedum,
2249 1630 2545 1683 oculorum
2588 1629 2726 1691 acie,
2760 1629 2965 1684 virium
3020 1630 3248 1697 robore,
3279 1646 3406 1682 suc-

1788 1739 1854 1777 co
1881 1724 2178 1793 viscerum,
2209 1725 2359 1778 mole
2390 1723 2814 1789 membrorum;
2863 1726 2921 1778 et
2949 1739 3076 1776 eum
3106 1723 3237 1776 olim
3270 1722 3415 1776 ultra

1783 1818 2146 1887 octingentos
2173 1820 2230 1870 et
2260 1819 2581 1886 nongentos
2607 1833 2787 1870 annos
2819 1815 2929 1870 vita
2958 1816 3255 1870 hominum
3288 1816 3412 1869 leti-

1785 1926 1941 1980 gaeva
1969 1909 2329 1981 procederet,
2360 1910 2450 1963 vix
2500 1926 2651 1963 nunc
2702 1909 2877 1979 possit
2912 1910 2979 1964 ad
3025 1908 3417 1963 centenarium

1783 2020 2089 2058 numerum
2150 2003 2488 2074 perveniri?
2536 2003 2718 2057 Canos
2773 2003 3035 2056 videmus
3084 2003 3141 2055 in
3198 2003 3413 2073 pueris,

1784 2097 1968 2167 capilli
2008 2097 2281 2150 deticinut
2328 2100 2638 2167 antequam
2681 2099 2975 2163 crescant;
3025 2111 3131 2150 nec
3172 2102 3309 2150 aetas
3358 2097 3415 2149 in

1783 2195 2074 2245 senectute
2117 2189 2346 2255 desinit,
2395 2190 2489 2244 sed
2546 2190 2745 2261 incipit
2788 2206 2818 2242 a
2869 2192 3158 2244 senectute
3197 2192 3323 2260 (t6).
3358 2190 3413 2245 Si

1781 2285 1840 2339 in
1911 2292 2036 2338 ortu
2105 2285 2290 2338 adhuc
2347 2301 2447 2337 suo
2514 2284 2583 2338 ad
2639 2284 2813 2337 finem
2879 2282 3143 2337 nativitas
3216 2300 3418 2355 prope-

1782 2384 1908 2446 rat;
1941 2379 2019 2433 sic
2046 2378 2450 2450 quodcumque
2495 2395 2646 2432 nunc
2698 2378 2970 2446 nascitur,
3006 2376 3205 2432 mundi
3244 2377 3417 2449 ipsius

1439 2496 1648 2560 Varia»
1693 2495 2030 2559 lectiones.

134 2587 326 2640 'Solita
350 2590 612 2655 ﬂagranti
630 2606 659 2642 ει
684 2592 810 2643 Bod.
850 2595 895 2657 l,
919 2592 972 2654 2,
993 2594 1043 2657 3,
1068 2596 1100 2644 4
1139 2596 1277 2645 Lam.
1307 2593 1454 2645 Ebor.
1485 2596 1604 2644 Tim.
1635 2596 1770 2644 Fou.

1355 2694 1578 2777 Steph.
1627 2693 1873 2757 Baluzii
1917 2698 2112 2757 notas.

134 2797 213 2859 (12)
267 2799 531 2850 Veniente
568 2801 823 2863 temperie.
865 2802 1045 2853 Antea
1089 2802 1372 2866 legebatur
1417 2816 1574 2852 verna
1618 2802 1680 2850 de

94 2870 292 2931 temperie
325 2885 425 2920 sua
471 2877 593 2922 sata
637 2873 751 2923 tanta
794 2879 931 2924 sunt.
966 2874 1167 2924 Veram
1197 2875 1493 2924 lectionem
1522 2874 1678 2923 inve-

94 2940 237 2989 nimus
281 2943 333 2991 in
370 2947 618 3006 quatuor
671 2946 917 3009 antiquis
970 2946 1397 3009 exemplaribus.
1447 2956 1681 3007 eamque

93 3022 135 3057 se
176 3010 227 3060 in
281 3015 513 3078 antiquo
578 3014 717 3065 libro
778 3016 1059 3066 invenisse
1132 3016 1325 3066 scribit
1381 3015 1680 3066 Morellius.

92 3078 233 3131 Etiam
270 3084 400 3134 falsa
449 3086 697 3135 ostendit
730 3088 892 3135 istum
940 3100 1064 3136 esse
1112 3100 1320 3138 veram.
1356 3088 1492 3137 Nam
1546 3099 1677 3135 cum

94 3149 252 3203 habeat
287 3169 448 3206 verna
504 3156 567 3205 de
612 3159 878 3219 tmpcrt'c,
919 3158 1273 3207 manifestum
1319 3161 1401 3207 est
1442 3170 1682 3207 errorem

1783 2815 1904 2850 rum
1930 2815 2044 2851 non
2083 2801 2414 2852 colerentur.
2450 2800 2614 2865 Apud
2652 2800 2919 2851 Rufinum
2957 2801 3052 2851 lib.
3079 2816 3156 2864 IV,
3182 2815 3300 2866 cap.
3335 2804 3413 2865 t3,

1779 2874 2012 2923 refertur
2064 2875 2392 2936 rescriptum
2447 2873 2712 2924 Antonini
2761 2873 2839 2923 Pii
2903 2873 2972 2922 ad
3022 2874 3257 2924 Asianos
3307 2889 3405 2937 pro

1783 2943 2133 3001 Christianis,
2192 2946 2248 2993 in
2308 2958 2420 3008 quo
2482 2945 2780 3008 imperator
2820 2944 2934 2992 ait:
2984 2964 3013 2988 «κ
3049 2945 3132 2995 De
3177 2944 3418 2995 motibus

1782 3018 1967 3065 autem
1999 3020 2155 3065 terras
2194 3016 2292 3079 qui
2319 3016 2411 3066 vel
2446 3017 2577 3065 facti
2621 3019 2751 3064 sunt
2786 3014 2872 3065 vel
2898 3015 3064 3065 etiam
3096 3029 3244 3068 nunc
3272 3017 3418 3066 ﬁunt

1782 3086 2085 3137 absurdum
2131 3102 2242 3137 non
2291 3088 2391 3136 erit
2434 3100 2725 3137 mmrerem
2777 3092 3020 3137 vestrum
3066 3089 3213 3151 justa
3262 3102 3417 3138 com-

1785 3159 2088 3207 monitione
2132 3160 2315 3217 solari,
2373 3160 2636 3223 quoniam
2691 3158 2915 3221 quidem
2965 3158 3205 3221 comperi
3260 3160 3410 3223 quod

94 3232 233 3278 ortum
260 3243 375 3281 esse
424 3244 498 3280 ex
551 3244 688 3281 voce
712 3206 1004 3290 'vcmante,
1056 3246 1221 3296 quam
1268 3232 1523 3283 librarius
1570 3244 1680 3280 non
1705 3206 1760 3278 Ο
1785 3232 1837 3279 in
1869 3230 2188 3293 hujusmodi
2227 3206 2405 3280 rebus]
2421 3230 2487 3279 ad
2527 3206 2744 3279 illorum
2787 3229 3053 3278 invidiam
3088 3206 3416 3280 commiines

92 3298 353 3364 intelligens
401 3303 590 3365 posuit
627 3302 863 3352 vernada
902 3306 1070 3352 unico
1110 3303 1385 3354 vocabulo
1422 3318 1518 3367 pro
1562 3317 1680 3352 ver—

93 3376 228 3419 παλαι.
253 3372 439 3436 Supra,
481 3373 653 3436 Epist.
686 3375 759 3434 lii,
786 3386 908 3436 pag.
928 3373 989 3422 25
1018 3390 1028 3420 :
1051 3374 1308 3423 Successit
1333 3375 1491 3424 Iu'cmi
1516 3388 1682 3423 verna

96 3444 333 3502 temperi“.

138 3514 212 3571 (t3)
250 3516 417 3566 Areis.
451 3515 773 3565 Tamenetsi
813 3517 985 3565 sciam
1029 3516 1325 3567 lectionem
1371 3516 1676 3580 vulgatam.

95 3595 190 3644 qua:
234 3583 391 3635 habet
440 3588 628 3649 agris,
681 3600 804 3637 esse
853 3589 1158 3651 optimam,
1210 3589 1367 3637 istam
1414 3588 1677 3650 prwtere,

94 3655 191 3715 quia
216 3656 352 3706 illam
384 3656 581 3706 inveni
617 3661 670 3706 in
719 3658 1043 3721 quindecim
1074 3658 1230 3708 libris
1260 3661 1482 3718 nostris,
1514 3659 1678 3708 etiam

93 3722 135 3770 in
190 3724 560 3790 Seguieriano,
632 3732 688 3776 et
758 3730 813 3777 in
887 3733 1125 3792 quatuor
1188 3729 1517 3778 Bodleianis.
1588 3728 1679 3779 Sic

93 3798 223 3912 illam
262 3798 504 3849 habebat
546 3799 903 3851 Veronensis.
954 3801 1031 3850 ita
1075 3801 1242 3851 etiam
1285 3801 1453 3851 editio
1484 3801 1678 3851 Merel-

124 3879 221 3912 ana.

124 3879 221 3917 ana.

139 3938 219 3996 (tt)
246 3939 480 3991 Iuventa.
535 3941 722 3992 Facite
750 3946 833 3992 est
870 3944 1128 4006 praeferre
1168 3942 1314 3993 hanc
1360 3942 1675 3999 lectionem,

95 4020 192 4058 cum
218 4011 354 4061 illam
385 4014 630 4063 habeant
669 4015 860 4077 viginti
893 4014 1016 4064 libri
1057 4015 1228 4063 nostri
1259 4018 1307 4063 et
1355 4027 1450 4062 sex
1487 4014 1675 4077 Angli-

94 4082 204 4139 cani,
242 4088 349 4132 tum
401 4086 571 4134 etiam
610 4098 805 4134 omnes
857 4085 1131 4135 editiones
1171 4083 1486 4135 Pameliana
1537 4084 1678 4133 anti-

90 4152 287 4212 quiores.
321 4155 595 4205 Pamelius
632 4159 815 4219 posuit
845 4157 1137 4220 juventuto,
1184 4157 1466 4218 professus
1506 4167 1563 4202 se
1606 4156 1678 4204 ita

93 4220 325 4276 invenisse
364 4229 418 4276 in
467 4230 708 4290 quatuor
745 4228 992 4291 antiquis
1039 4226 1346 4278 codicibus.
1398 4226 1677 4276 Memoria:

95 4299 241 4343 autem
278 4297 432 4361 lapsu
470 4299 681 4348 factum
711 4302 793 4348 est
834 4302 895 4348 ut
939 4300 1213 4349 monuerit
1253 4297 1567 4348 Morellium
1604 4298 1679 4346 ita

95 4376 278 4429 quoque
302 4371 565 4432 posuisse.
1480 4404 1483 4405 ν

141 4439 219 4497 (t5)
272 4440 411 4500 Quod
474 4441 793 4488 minuantur
839 4441 1073 4504 singula.
1128 4440 1197 4489 Et
1257 4443 1439 4488 tamen
1484 4437 1676 4486 eadem

95 4506 207 4555 male
227 4512 468 4561 evenisse
494 4513 549 4561 in
578 4512 807 4575 imperio
844 4512 1093 4563 Romano
1122 4516 1248 4561 ante
1285 4525 1450 4575 quam
1488 4510 1675 4559 Chris-

96 4578 209 4627 tana
244 4581 425 4645 religio
474 4586 529 4632 in
562 4597 626 4633 eo
655 4571 909 4633 vfundata
951 4589 1097 4633 esset
1134 4571 1344 4633 certum
1389 4585 1473 4631 est
1512 4585 1565 4631 et
1604 4571 1756 4642 fa—D

94 4646 177 4717 cile
208 4652 407 4711 probari
469 4659 672 4717 posset.
708 4656 840 4706 Utar
885 4659 1070 4705 tamen
1121 4655 1188 4703 ad
1229 4667 1350 4704 eam
1396 4666 1511 4702 rem
1553 4665 1675 4715 pro-

94 4712 291 4769 bandani
341 4712 654 4775 testimonio
711 4729 876 4775 unius
916 4725 1258 4785 Columellae,
1309 4724 1406 4788 qui
1459 4712 1679 4774 vicinus

94 4795 183 4859 erat
226 4798 528 4844 nostrorum
584 4801 914 4858 temporum.
966 4796 1014 4845 ls
1062 4810 1192 4859 ergo
1247 4796 1302 4844 in
1359 4795 1678 4857 prmfatione

97 4856 321 4912 librorum
374 4880 602 4916 suorum
664 4856 729 4916 de
784 4869 850 4917 Re
911 4856 1241 4917 rusticavait
1298 4856 1680 4928 saepenumero

97 4930 297 4983 civitatis
321 4936 581 4987 Romana:
604 4938 882 5001 principes
910 4939 1166 5001 culpasse
1201 4952 1299 4986 sua
1327 4941 1487 4986 (etate
1518 4934 1680 4985 modo

98 5012 310 5077 agrorum
357 5008 839 5059 infmcunditatem
873 5047 885 5068 ,
939 5010 1105 5058 modo
1169 5010 1293 5059 cmli
1354 5022 1449 5072 per
1505 5006 1680 5055 multa

93 5084 180 5143 iam
214 5080 442 5141 tempora
483 5084 704 5129 noxiam
758 5081 1009 5143 frugibus
1060 5081 1467 5143 intemperiem,
1513 5091 1682 5142 quos-

100 5142 198 5191 dam
248 5149 401 5198 etiam
463 5149 754 5214 prmdictas
815 5142 1191 5214 querimonias
1242 5142 1411 5201 velut
1473 5152 1682 5199 ratione

99 5218 228 5291 Certa
261 5220 543 5282 mitigasse,
577 5222 724 5284 quod
778 5225 1160 5271 existimarent
1209 5223 1464 5271 ubertate
1510 5221 1682 5270 nimia

101 5286 256 5342 Prioris
294 5293 392 5339 aavi
436 5292 796 5356 defatigatum
840 5297 895 5343 et
945 5293 1190 5345 ett‘mtum
1229 5294 1409 5342 solum
1454 5291 1684 5355 nequire

102 5357 287 5429 prstina
313 5361 644 5425 benignitate
671 5363 917 5426 praebere
948 5363 1275 5414 mortalibus
1319 5363 1641 5413 alimoniam
1668 5379 1682 5424 ;

103 5422 237 5498 idque
289 5430 421 5482 libro
455 5422 534 5493 tu,
592 5422 770 5498 capite
823 5436 870 5496 t,
927 5435 1005 5485 ait
1056 5449 1170 5485 non
1221 5449 1291 5485 ex
1361 5422 1684 5497 fatigatione

102 5495 263 5569 terras,
312 5495 779 5565 quemadmodum
833 5506 1058 5569 plurimi
1131 5495 1532 5568 crediderunt,
1586 5506 1686 5557 sed

102 5560 350 5641 hominum
403 5575 595 5624 inertia
654 5560 929 5627 evenisse.
987 5579 1054 5627 Et
1104 5578 1227 5627 base
1279 5560 1684 5641 quidem'ante

104 5633 346 5692 fundatam
391 5647 706 5709 religionem
747 5646 950 5698 Christi
984 5663 995 5696 :
1029 5661 1154 5712 quae
1198 5633 1325 5699 cum
1369 5650 1689 5700 introducta

104 5712 322 5790 essetmin
378 5718 794 5790 rempublicam,
854 5724 910 5769 et
953 5721 1137 5783 gravis
1196 5720 1498 5785 odiosaque
1545 5725 1690 5776 esset

107 5781 380 5855 gentilibus,
426 5788 500 5838 illi
547 5802 640 5840 eas
687 5781 1035 5841 calamitates
1088 5781 1436 5855 imputabant
1484 5794 1688 5842 nostris

106 5843 400 5920 hominibus,
427 5859 492 5911 ob
531 5874 654 5913 eam
700 5863 970 5915 rationem
1018 5843 1184 5932 quod.
1208 5862 1278 5915 ab
1314 5863 1423 5915 illis
1463 5863 1540 5917 dii
1586 5877 1688 5916 eo-

1781 3315 1945 3351 casus
1976 3302 2297 3351 transfertis.
2327 3321 2354 3347 »
2394 3301 2589 3350 Postea
2622 3314 2751 3350 cum
2781 3300 3039 3349 desiisset
3083 3300 3413 3361 idololatria,

1780 3378 2042 3436 suscepta
2072 3371 2219 3436 apud
2265 3386 2460 3422 omnes
2504 3372 2713 3435 ubique
2752 3375 2945 3434 gentes
2981 3371 3082 3420 Dei
3127 3371 3337 3436 religio,
3363 3377 3419 3421 et

1781 3448 1895 3493 tota
1922 3443 2236 3507 respublica
2268 3444 2410 3493 facta
2455 3447 2597 3492 esset
2634 3442 2965 3503 Christiana,
2993 3455 3122 3493 cum
3165 3456 3230 3492 ea
3269 3443 3414 3492 mala

1780 3514 2113 3564 eveniebant
2161 3527 2288 3578 quae
2343 3513 2505 3563 llnbiS
2552 3514 2785 3576 gentiles
2829 3513 3101 3577 imputare
3143 3512 3413 3575 solebant,

1781 3593 1842 3636 ut
1894 3591 1978 3637 est
2021 3585 2264 3635 humana
2312 3589 2504 3636 natura
2554 3591 2805 3647 prompta
2847 3585 2918 3634 ad
2968 3584 3312 3647 arguentium
3361 3590 3417 3633 et

1781 3656 2176 3717 accusandum,
2218 3655 2585 3719 sequentibus
2626 3656 2851 3704 sa'culis
2880 3668 2941 3705 ea
2985 3654 3247 3710 translata
3287 3659 3417 3704 sunt

1780 3729 1905 3789 alio,
1957 3733 2018 3777 ut
2064 3724 2192 3777 aavo’
2233 3727 2534 3776 Theodosii
2584 3727 2647 3776 A.
2711 3726 3130 3788 imputabantur
3179 3725 3412 3786 Judmis,

1781 3798 2083 3859 Samaritis,
2142 3804 2197 3848 et
2254 3798 2511 3860 Paganis.
2567 3801 2630 3845 ut
2690 3800 2837 3858 patet
2890 3808 2959 3846 ex
3019 3796 3244 3847 Novella
3298 3799 3416 3859 ejus

1779 3872 1960 3926 tertia,
2008 3873 2061 3919 et
2108 3881 2229 3918 aevo
2287 3867 2472 3917 Karoli
2542 3867 2611 3916 M.
2674 3867 3085 3929 Tempestariis,
3144 3866 3412 3916 adversus

1779 3954 1919 4004 quos
1943 3944 2118 3989 exstat
2149 3940 2289 3989 liber
2323 3937 2604 4001 Agobardi
2638 3938 3044 4001 archiepiscopi
3074 3937 3413 4001 Lugdunen-

1780 4013 1873 4059 sis.
1938 4013 2009 4059 At
2064 4009 2430 4074 sequentibus
2481 4009 2825 4072 temporibus
2881 4022 2945 4058 ea
3002 4008 3418 4073 imputabantur

1780 4081 1959 4144 culpis
2004 4080 2351 4131 sacerdotum
2410 4081 2463 4128 in
2517 4080 2711 4129 Dania.
2758 4079 2940 4142 Hujus
2996 4080 3075 4129 rei
3130 4080 3285 4129 testis
3332 4085 3417 4129 est

1780 4152 2077 4215 Gregorius
2133 4152 2278 4214 Papa
2330 4151 2432 4200 V11
2476 4151 2593 4213 qui,
2636 4150 2731 4199 lib.
2779 4162 2795 4198 ι
2835 4150 2989 4213 epist.
3040 4150 3120 4211 2|,
3167 4149 3420 4201 scribens

1779 4223 1848 4271 ad
1879 4235 2061 4285 regem
2091 4226 2144 4272 et
2171 4228 2392 4286 gentem
2439 4221 2724 4271 Danorum
2759 4222 2833 4270 ait
2867 4236 2878 4268 :
2923 4239 2949 4268 «
2996 4220 3143 4270 illud
3193 4223 3414 4271 interim

1779 4309 1888 4343 non
1936 4293 2399 4358 praetereundum,
2444 4293 2542 4342 sed
2586 4304 2919 4357 magnopere
2966 4292 3270 4355 apostolica
3322 4293 3416 4341 in-

1778 4364 2107 4414 terdictione
2169 4363 2576 4427 prohibendum
2637 4362 2854 4412 videtur
2912 4362 3063 4425 quod
3121 4362 3191 4413 de
3251 4368 3416 4426 gente

1779 4440 1956 4486 vestra
2017 4435 2179 4485 nobis
2244 4437 2520 4493 innotuit,
2583 4434 2796 4484 scilicet
2868 4448 2966 4483 vos
3031 4434 3414 4497 intemperiem

1778 4511 2109 4570 temporum,
2137 4508 2518 4569 corruptiones
2542 4506 2706 4562 aeris,
2730 4517 3098 4568 quascunque
3134 4506 3415 4555 molestias

1780 4591 2069 4640 corporum
2095 4576 2163 4626 all
2188 4576 2541 4626 sacerdotum
2575 4576 2768 4637 culpas
2801 4575 3113 4623 transferre.
3146 4590 3176 4621 »

1839 4650 1936 4710 (tu)
1985 4649 2137 4697 ditas
2188 4647 2376 4708 incipit
2422 4662 2456 4693 (ι
2507 4652 2774 4695 senectute.
2822 4644 3054 4703 Seneca,
3108 4646 3265 4708 epist.
3309 4645 3412 4696 t3:

1779 4739 1807 4767 α
1838 4719 1985 4781 Quid
2034 4726 2117 4769 est
2147 4724 2333 4767 autem
2374 4716 2591 4777 turpius
2620 4730 2788 4780 quam
2822 4729 2993 4765 senex
3040 4729 3223 4765 Vivere
3266 4716 3412 4766 inci—

1780 4792 1978 4853 piens?
2007 4810 2032 4835 ››
2063 4789 2211 4838 idem
2241 4790 2403 4851 epist.
2437 4786 2499 4836 23
2529 4802 2540 4834 :
2571 4804 2598 4834 «
2648 4786 2788 4836 Male
2834 4788 3025 4835 vivunt
3056 4789 3151 4849 qui
3195 4799 3415 4850 semper

1780 4864 1966 4911 vivere
1998 4861 2288 4923 incipiunt.
2318 4857 2559 4920 Quidam
2606 4860 2791 4907 vivere
2832 4857 3112 4920 incipiunt
3148 4871 3279 4907 cum
3311 4856 3414 4908 de-

1781 4932 2076 4982 sinendum
2116 4936 2217 4980 est.
2272 4948 2297 4975 υ
2345 4929 2495 4979 idem
2547 4942 2668 4992 cap.
2713 4929 2763 4989 5,
2805 4927 2873 4979 de
2917 4929 3187 4979 Brevitate
3232 4929 3359 4980 vitae
3402 4946 3412 4977 :

1781 5022 1812 5053 α
1859 5005 2036 5053 Audis
2086 5003 2381 5066 plerosque
2435 5002 2704 5061 dicentes,
2753 5015 2785 5050 a
2840 5001 3303 5065 quinquagesimo
3356 5001 3414 5049 in

1782 5077 1955 5125 otium
1982 5073 2299 5133 succedam,
2331 5073 2713 5136 sexagesimus
2742 5086 2925 5122 annus
2964 5071 3034 5121 ab
3078 5070 3279 5121 officiis
3326 5085 3417 5122 me

1783 5148 2038 5195 dimittet.
2091 5144 2271 5207 Quam
2324 5157 2510 5194 serum
2569 5149 2653 5194 est
2714 5147 2847 5193 tunc
2908 5145 3095 5193 vivere
3152 5143 3416 5207 incipere,

1784 5232 1914 5267 cum
1966 5217 2333 5267 desinendum
2383 5221 2482 5265 est.
2539 5236 2567 5261 »
2614 5214 2978 5275 Censorinus,
3032 5228 3151 5277 cap.
3208 5216 3285 5275 14,
3344 5216 3422 5264 ait

1785 5302 1931 5338 anno
1987 5301 2330 5352 sexagesimo
2384 5292 2518 5337 tunc
2567 5288 2805 5350 primum
2864 5297 3156 5337 senescere
3218 5299 3420 5349 corpus

1784 5361 2046 5422 incipere.
2079 5359 2149 5409 Et
2178 5357 2375 5409 Cicero
2414 5360 2467 5408 in
2498 5358 2761 5410 Oratione
2790 5371 2888 5421 pro
2927 5357 3125 5407 Roscio
3152 5358 3419 5408 Amerino

1786 5433 1862 5481 ait
1913 5447 1970 5479 :«
2019 5431 2195 5482 Senes
2239 5430 2589 5495 sexagenarii
2625 5441 2777 5479 more
2826 5430 3098 5492 majorum
3142 5428 3209 5478 de
3250 5433 3421 5492 ponte

1787 5505 1844 5553 in
1881 5502 2139 5566 Tyberim
2177 5501 2596 5564 dejiciebantur.
2634 5517 2663 5548 »
2699 5500 2926 5550 Tacitus
2965 5499 3042 5549 ait
3085 5500 3419 5562 Agricolam,

1787 5576 1883 5639 qui
1913 5587 2059 5623 anno
2089 5573 2549 5637 quinquagesimo
2572 5576 2727 5622 sexto
2760 5572 2937 5621 astatis
2956 5582 3073 5620 suae
3107 5571 3419 5620 exstinctus

1788 5651 1892 5706 est,
1925 5645 2108 5695 medio
2135 5647 2190 5694 in
2231 5646 2409 5708 spatio
2445 5645 2675 5707 integrae
2716 5645 2897 5693 (etatis
2938 5647 3190 5706 ereptum
3228 5641 3420 5689 fuisse.

1790 5717 1945 5768 Idem
1976 5717 2107 5766 alibi
2139 5718 2217 5765 ait
2241 5714 2561 5779 quindecim
2589 5728 2763 5768 annos
2790 5728 2913 5767 esse
2950 5712 3156 5781 grande
3176 5709 3423 5764 mortalis

1793 5791 1898 5839 asvi
1930 5791 2187 5854 Spatium.
