  <div class='ocr_page' id='page_1' title='image "/cluster/home/n/w/nwhite01/storage/ocr_20150623/4/hvd.32044073549446/289.png"; bbox 0 0 3978 6194; ppageno 0'>
   <div class='ocr_carea' id='block_1_1' title="bbox 418 230 518 283">
    <p class='ocr_par' dir='ltr' id='par_1_1' title="bbox 418 230 518 283">
     <span class='ocr_line' id='line_1_1' title="bbox 418 230 518 283; baseline 0 0"><span class='ocrx_word' id='word_1_1' title='bbox 418 230 518 283; x_wconf 79' lang='lat'>567</span> 
     </span>
    </p>
   </div>
   <div class='ocr_carea' id='block_1_2' title="bbox 1332 196 2875 283">
    <p class='ocr_par' dir='ltr' id='par_1_2' title="bbox 1332 196 2875 283">
     <span class='ocr_line' id='line_1_2' title="bbox 1332 196 2875 283; baseline -0.001 -3"><span class='ocrx_word' id='word_1_2' title='bbox 1332 224 1389 280; x_wconf 90' lang='lat' dir='ltr'>s.</span> <span class='ocrx_word' id='word_1_3' title='bbox 1431 223 1744 281; x_wconf 80' lang='lat' dir='ltr'>CYPRIANI</span> <span class='ocrx_word' id='word_1_4' title='bbox 1784 224 2056 280; x_wconf 77' lang='lat' dir='ltr'>OPERUM</span> <span class='ocrx_word' id='word_1_5' title='bbox 2098 224 2269 279; x_wconf 69' lang='lat' dir='ltr'>PARS</span> <span class='ocrx_word' id='word_1_6' title='bbox 2311 227 2377 280; x_wconf 81' lang='grc' dir='ltr'>ιι.</span> <span class='ocrx_word' id='word_1_7' title='bbox 2410 256 2475 265; x_wconf 84' lang='grc'><strong><em>-</em></strong></span> <span class='ocrx_word' id='word_1_8' title='bbox 2506 196 2875 283; x_wconf 67' lang='lat' dir='ltr'>crescam.</span> 
     </span>
    </p>
   </div>
   <div class='ocr_carea' id='block_1_3' title="bbox 3698 228 3795 280">
    <p class='ocr_par' dir='ltr' id='par_1_3' title="bbox 3698 228 3795 280">
     <span class='ocr_line' id='line_1_3' title="bbox 3698 228 3795 280; baseline 0.01 -1"><span class='ocrx_word' id='word_1_9' title='bbox 3698 228 3795 280; x_wconf 81' lang='lat'>568</span> 
     </span>
    </p>
   </div>
   <div class='ocr_carea' id='block_1_4' title="bbox 417 348 3798 432">
    <p class='ocr_par' dir='ltr' id='par_1_4' title="bbox 417 348 3798 432">
     <span class='ocr_line' id='line_1_4' title="bbox 417 348 3798 432; baseline -0.001 -25"><span class='ocrx_word' id='word_1_10' title='bbox 417 358 709 416; x_wconf 75' lang='lat' dir='ltr'>senectute</span> <span class='ocrx_word' id='word_1_11' title='bbox 741 350 1094 425; x_wconf 78' lang='lat' dir='ltr'>degenerat:</span> <span class='ocrx_word' id='word_1_12' title='bbox 1132 353 1192 404; x_wconf 92' lang='lat' dir='ltr'>ut</span> <span class='ocrx_word' id='word_1_13' title='bbox 1230 367 1401 405; x_wconf 90' lang='lat' dir='ltr'>nemo</span> <span class='ocrx_word' id='word_1_14' title='bbox 1446 350 1639 404; x_wconf 87' lang='lat' dir='ltr'>mirari</span> <span class='ocrx_word' id='word_1_15' title='bbox 1682 349 1887 403; x_wconf 86' lang='lat' dir='ltr'>debeat</span> <span class='ocrx_word' id='word_1_16' title='bbox 1933 348 2049 403; x_wconf 89' lang='lat' dir='ltr'>sin-</span> <span class='ocrx_word' id='word_1_17' title='bbox 2077 350 2363 432; x_wconf 73' lang='lat' dir='ltr'>Apluam.</span> <span class='ocrx_word' id='word_1_18' title='bbox 2412 353 2548 405; x_wconf 80' lang='lat' dir='ltr'>Pars</span> <span class='ocrx_word' id='word_1_19' title='bbox 2592 368 2703 405; x_wconf 88' lang='lat' dir='ltr'>una</span> <span class='ocrx_word' id='word_1_20' title='bbox 2749 352 3100 421; x_wconf 83' lang='lat' dir='ltr'>compluetur,</span> <span class='ocrx_word' id='word_1_21' title='bbox 3134 357 3186 404; x_wconf 86' lang='lat' dir='ltr'>et</span> <span class='ocrx_word' id='word_1_22' title='bbox 3236 365 3369 420; x_wconf 82' lang='lat' dir='ltr'>pars</span> <span class='ocrx_word' id='word_1_23' title='bbox 3422 364 3592 418; x_wconf 80' lang='lat' dir='ltr'>super</span> <span class='ocrx_word' id='word_1_24' title='bbox 3638 365 3798 419; x_wconf 88' lang='lat' dir='ltr'>quam</span> 
     </span>
    </p>
   </div>
   <div class='ocr_carea' id='block_1_5' title="bbox 422 442 2055 520">
    <p class='ocr_par' dir='ltr' id='par_1_5' title="bbox 422 442 2055 520">
     <span class='ocr_line' id='line_1_5' title="bbox 422 442 2055 520; baseline -0.004 -18"><span class='ocrx_word' id='word_1_25' title='bbox 422 448 550 520; x_wconf 86' lang='lat' dir='ltr'>gula</span> <span class='ocrx_word' id='word_1_26' title='bbox 583 449 637 501; x_wconf 90' lang='lat' dir='ltr'>in</span> <span class='ocrx_word' id='word_1_27' title='bbox 674 446 887 501; x_wconf 89' lang='lat' dir='ltr'>mundo</span> <span class='ocrx_word' id='word_1_28' title='bbox 915 446 1150 515; x_wconf 66' lang='lat' dir='ltr'>cmpisse</span> <span class='ocrx_word' id='word_1_29' title='bbox 1193 445 1455 505; x_wconf 82' lang='lat' dir='ltr'>deﬁcere.</span> <span class='ocrx_word' id='word_1_30' title='bbox 1487 442 1716 514; x_wconf 83' lang='lat' dir='ltr'>quando</span> <span class='ocrx_word' id='word_1_31' title='bbox 1753 446 1905 497; x_wconf 88' lang='lat' dir='ltr'>totus</span> <span class='ocrx_word' id='word_1_32' title='bbox 1935 442 2055 513; x_wconf 88' lang='lat' dir='ltr'>ipse</span> 
     </span>
    </p>
   </div>
   <div class='ocr_carea' id='block_1_6' title="bbox 415 537 1698 613">
    <p class='ocr_par' dir='ltr' id='par_1_6' title="bbox 415 537 1698 613">
     <span class='ocr_line' id='line_1_6' title="bbox 415 537 1698 613; baseline -0.005 -17"><span class='ocrx_word' id='word_1_33' title='bbox 415 544 537 613; x_wconf 88' lang='lat' dir='ltr'>jam</span> <span class='ocrx_word' id='word_1_34' title='bbox 570 540 820 595; x_wconf 90' lang='lat' dir='ltr'>mundus</span> <span class='ocrx_word' id='word_1_35' title='bbox 849 540 903 593; x_wconf 92' lang='lat' dir='ltr'>in</span> <span class='ocrx_word' id='word_1_36' title='bbox 931 538 1249 593; x_wconf 86' lang='lat' dir='ltr'>defectione</span> <span class='ocrx_word' id='word_1_37' title='bbox 1282 539 1352 590; x_wconf 91' lang='lat' dir='ltr'>sit</span> <span class='ocrx_word' id='word_1_38' title='bbox 1384 542 1441 591; x_wconf 87' lang='lat' dir='ltr'>et</span> <span class='ocrx_word' id='word_1_39' title='bbox 1473 537 1531 590; x_wconf 94' lang='lat' dir='ltr'>in</span> <span class='ocrx_word' id='word_1_40' title='bbox 1560 538 1698 590; x_wconf 80' lang='lat' dir='ltr'>line.</span> 
     </span>
    </p>
   </div>
   <div class='ocr_carea' id='block_1_7' title="bbox 490 629 2062 701">
    <p class='ocr_par' dir='ltr' id='par_1_7' title="bbox 490 629 2062 701">
     <span class='ocr_line' id='line_1_7' title="bbox 490 629 2062 701; baseline -0.005 -11"><span class='ocrx_word' id='word_1_41' title='bbox 490 636 548 690; x_wconf 91' lang='lat' dir='ltr'>V.</span> <span class='ocrx_word' id='word_1_42' title='bbox 570 635 729 699; x_wconf 83' lang='lat' dir='ltr'>Quod</span> <span class='ocrx_word' id='word_1_43' title='bbox 760 638 949 687; x_wconf 87' lang='lat' dir='ltr'>autem</span> <span class='ocrx_word' id='word_1_44' title='bbox 1007 631 1262 686; x_wconf 88' lang='lat' dir='ltr'>crebrius</span> <span class='ocrx_word' id='word_1_45' title='bbox 1307 631 1451 685; x_wconf 87' lang='lat' dir='ltr'>bella</span> <span class='ocrx_word' id='word_1_46' title='bbox 1504 630 1861 698; x_wconf 85' lang='lat' dir='ltr'>continuant,</span> <span class='ocrx_word' id='word_1_47' title='bbox 1908 629 2062 701; x_wconf 88' lang='lat' dir='ltr'>quod</span> 
     </span>
    </p>
   </div>
   <div class='ocr_carea' id='block_1_8' title="bbox 424 718 2060 789">
    <p class='ocr_par' dir='ltr' id='par_1_8' title="bbox 424 718 2060 789">
     <span class='ocr_line' id='line_1_8' title="bbox 424 718 2060 789; baseline -0.005 -10"><span class='ocrx_word' id='word_1_48' title='bbox 424 724 695 780; x_wconf 78' lang='lat' dir='ltr'>sterilitas</span> <span class='ocrx_word' id='word_1_49' title='bbox 744 729 800 776; x_wconf 89' lang='lat' dir='ltr'>et</span> <span class='ocrx_word' id='word_1_50' title='bbox 839 723 1019 777; x_wconf 83' lang='lat' dir='ltr'>fames</span> <span class='ocrx_word' id='word_1_51' title='bbox 1058 721 1498 775; x_wconf 77' lang='lat' dir='ltr'>sollicitudinem</span> <span class='ocrx_word' id='word_1_52' title='bbox 1538 719 1853 785; x_wconf 80' lang='lat' dir='ltr'>cumulant,</span> <span class='ocrx_word' id='word_1_53' title='bbox 1885 718 2060 789; x_wconf 87' lang='lat' dir='ltr'>quod,</span> 
     </span>
    </p>
   </div>
   <div class='ocr_carea' id='block_1_9' title="bbox 425 812 2063 884">
    <p class='ocr_par' dir='ltr' id='par_1_9' title="bbox 425 812 2063 884">
     <span class='ocr_line' id='line_1_9' title="bbox 425 812 2063 884; baseline -0.005 -11"><span class='ocrx_word' id='word_1_54' title='bbox 425 818 787 873; x_wconf 67' lang='lat' dir='ltr'>saevientibus</span> <span class='ocrx_word' id='word_1_55' title='bbox 862 815 1127 884; x_wconf 79' lang='lat' dir='ltr'>morbis,</span> <span class='ocrx_word' id='word_1_56' title='bbox 1193 814 1458 869; x_wconf 80' lang='lat' dir='ltr'>valetudo</span> <span class='ocrx_word' id='word_1_57' title='bbox 1521 813 1849 883; x_wconf 88' lang='lat' dir='ltr'>frangitur,</span> <span class='ocrx_word' id='word_1_58' title='bbox 1914 812 2063 882; x_wconf 89' lang='lat' dir='ltr'>quod</span> 
     </span>
    </p>
   </div>
   <div class='ocr_carea' id='block_1_10' title="bbox 428 906 2065 982">
    <p class='ocr_par' dir='ltr' id='par_1_10' title="bbox 428 906 2065 982">
     <span class='ocr_line' id='line_1_10' title="bbox 428 906 2065 982; baseline -0.005 -14"><span class='ocrx_word' id='word_1_59' title='bbox 428 913 754 968; x_wconf 89' lang='lat' dir='ltr'>humanum</span> <span class='ocrx_word' id='word_1_60' title='bbox 797 928 978 982; x_wconf 86' lang='lat' dir='ltr'>genus</span> <span class='ocrx_word' id='word_1_61' title='bbox 1006 910 1112 963; x_wconf 88' lang='lat' dir='ltr'>luis</span> <span class='ocrx_word' id='word_1_62' title='bbox 1146 908 1513 980; x_wconf 85' lang='lat' dir='ltr'>populatione</span> <span class='ocrx_word' id='word_1_63' title='bbox 1554 910 1828 972; x_wconf 88' lang='lat' dir='ltr'>vastatur,</span> <span class='ocrx_word' id='word_1_64' title='bbox 1860 911 1915 960; x_wconf 89' lang='lat' dir='ltr'>et</span> <span class='ocrx_word' id='word_1_65' title='bbox 1958 906 2065 960; x_wconf 86' lang='lat' dir='ltr'>hoc</span> 
     </span>
    </p>
   </div>
   <div class='ocr_carea' id='block_1_11' title="bbox 429 1000 2066 1075">
    <p class='ocr_par' dir='ltr' id='par_1_11' title="bbox 429 1000 2066 1075">
     <span class='ocr_line' id='line_1_11' title="bbox 429 1000 2066 1075; baseline -0.004 -15"><span class='ocrx_word' id='word_1_66' title='bbox 429 1006 571 1062; x_wconf 82' lang='lat' dir='ltr'>scias</span> <span class='ocrx_word' id='word_1_67' title='bbox 628 1022 752 1059; x_wconf 85' lang='lat' dir='ltr'>esse</span> <span class='ocrx_word' id='word_1_68' title='bbox 807 1004 1168 1075; x_wconf 76' lang='lat' dir='ltr'>praedictum,</span> <span class='ocrx_word' id='word_1_69' title='bbox 1221 1002 1280 1056; x_wconf 88' lang='lat' dir='ltr'>in</span> <span class='ocrx_word' id='word_1_70' title='bbox 1337 1001 1655 1057; x_wconf 83' lang='lat' dir='ltr'>novissimis</span> <span class='ocrx_word' id='word_1_71' title='bbox 1714 1000 2066 1071; x_wconf 79' lang='lat' dir='ltr'>temporibus</span> 
     </span>
    </p>
   </div>
   <div class='ocr_carea' id='block_1_12' title="bbox 426 1094 2062 1169">
    <p class='ocr_par' dir='ltr' id='par_1_12' title="bbox 426 1094 2062 1169">
     <span class='ocr_line' id='line_1_12' title="bbox 426 1094 2062 1169; baseline -0.004 -15"><span class='ocrx_word' id='word_1_72' title='bbox 426 1098 789 1169; x_wconf 83' lang='lat' dir='ltr'>multiplicari</span> <span class='ocrx_word' id='word_1_73' title='bbox 822 1099 966 1151; x_wconf 79' lang='lat' dir='ltr'>mala</span> <span class='ocrx_word' id='word_1_74' title='bbox 1015 1101 1071 1152; x_wconf 91' lang='lat' dir='ltr'>et</span> <span class='ocrx_word' id='word_1_75' title='bbox 1111 1094 1306 1168; x_wconf 82' lang='grc'>548</span> <span class='ocrx_word' id='word_1_76' title='bbox 1353 1095 1585 1149; x_wconf 86' lang='lat' dir='ltr'>adversa</span> <span class='ocrx_word' id='word_1_77' title='bbox 1619 1094 1846 1161; x_wconf 84' lang='lat' dir='ltr'>variari,</span> <span class='ocrx_word' id='word_1_78' title='bbox 1876 1099 1933 1148; x_wconf 86' lang='lat' dir='ltr'>et</span> <span class='ocrx_word' id='word_1_79' title='bbox 1963 1111 2062 1165; x_wconf 86' lang='lat' dir='ltr'>ap-</span> 
     </span>
    </p>
   </div>
   <div class='ocr_carea' id='block_1_13' title="bbox 428 1187 2065 1264">
    <p class='ocr_par' dir='ltr' id='par_1_13' title="bbox 428 1187 2065 1264">
     <span class='ocr_line' id='line_1_13' title="bbox 428 1187 2065 1264; baseline -0.004 -18"><span class='ocrx_word' id='word_1_80' title='bbox 428 1193 855 1264; x_wconf 85' lang='lat' dir='ltr'>prOpiuquante</span> <span class='ocrx_word' id='word_1_81' title='bbox 897 1192 1017 1262; x_wconf 88' lang='lat' dir='ltr'>jam</span> <span class='ocrx_word' id='word_1_82' title='bbox 1061 1190 1259 1260; x_wconf 89' lang='lat' dir='ltr'>judicii</span> <span class='ocrx_word' id='word_1_83' title='bbox 1306 1190 1398 1243; x_wconf 90' lang='lat' dir='ltr'>die</span> <span class='ocrx_word' id='word_1_84' title='bbox 1446 1188 1626 1258; x_wconf 83' lang='lat' dir='ltr'>magis</span> <span class='ocrx_word' id='word_1_85' title='bbox 1675 1204 1741 1240; x_wconf 88' lang='lat' dir='ltr'>ac</span> <span class='ocrx_word' id='word_1_86' title='bbox 1789 1188 1975 1257; x_wconf 79' lang='lat' dir='ltr'>magis</span> <span class='ocrx_word' id='word_1_87' title='bbox 2009 1187 2065 1241; x_wconf 90' lang='lat' dir='ltr'>in</span> 
     </span>
    </p>
   </div>
   <div class='ocr_carea' id='block_1_14' title="bbox 430 1281 2071 1357">
    <p class='ocr_par' dir='ltr' id='par_1_14' title="bbox 430 1281 2071 1357">
     <span class='ocr_line' id='line_1_14' title="bbox 430 1281 2071 1357; baseline -0.004 -18"><span class='ocrx_word' id='word_1_88' title='bbox 430 1288 625 1357; x_wconf 79' lang='lat' dir='ltr'>plagas</span> <span class='ocrx_word' id='word_1_89' title='bbox 679 1285 901 1355; x_wconf 78' lang='lat' dir='ltr'>generis</span> <span class='ocrx_word' id='word_1_90' title='bbox 949 1284 1187 1338; x_wconf 83' lang='lat' dir='ltr'>humani</span> <span class='ocrx_word' id='word_1_91' title='bbox 1239 1299 1532 1336; x_wconf 88' lang='lat' dir='ltr'>censuram</span> <span class='ocrx_word' id='word_1_92' title='bbox 1576 1282 1669 1335; x_wconf 95' lang='lat' dir='ltr'>Dei</span> <span class='ocrx_word' id='word_1_93' title='bbox 1723 1281 2071 1351; x_wconf 83' lang='lat' dir='ltr'>indignantis</span> 
     </span>
    </p>
   </div>
   <div class='ocr_carea' id='block_1_15' title="bbox 432 1374 2072 1446">
    <p class='ocr_par' dir='ltr' id='par_1_15' title="bbox 432 1374 2072 1446">
     <span class='ocr_line' id='line_1_15' title="bbox 432 1374 2072 1446; baseline -0.004 -11"><span class='ocrx_word' id='word_1_94' title='bbox 432 1381 681 1435; x_wconf 88' lang='lat' dir='ltr'>accendi.</span> <span class='ocrx_word' id='word_1_95' title='bbox 730 1381 852 1433; x_wconf 78' lang='lat' dir='ltr'>Non</span> <span class='ocrx_word' id='word_1_96' title='bbox 899 1378 1077 1445; x_wconf 92' lang='lat' dir='ltr'>enim,</span> <span class='ocrx_word' id='word_1_97' title='bbox 1109 1377 1249 1430; x_wconf 83' lang='lat' dir='ltr'>sicut</span> <span class='ocrx_word' id='word_1_98' title='bbox 1288 1382 1382 1430; x_wconf 84' lang='lat' dir='ltr'>tua</span> <span class='ocrx_word' id='word_1_99' title='bbox 1423 1376 1560 1429; x_wconf 79' lang='lat' dir='ltr'>falsa</span> <span class='ocrx_word' id='word_1_100' title='bbox 1606 1374 1965 1446; x_wconf 77' lang='lat' dir='ltr'>querimonia</span> <span class='ocrx_word' id='word_1_101' title='bbox 2014 1381 2072 1429; x_wconf 89' lang='lat' dir='ltr'>et</span> 
     </span>
    </p>
   </div>
   <div class='ocr_carea' id='block_1_16' title="bbox 434 1469 2070 1544">
    <p class='ocr_par' dir='ltr' id='par_1_16' title="bbox 434 1469 2070 1544">
     <span class='ocr_line' id='line_1_16' title="bbox 434 1469 2070 1544; baseline -0.004 -16"><span class='ocrx_word' id='word_1_102' title='bbox 434 1474 725 1544; x_wconf 73' lang='lat' dir='ltr'>imperitia</span> <span class='ocrx_word' id='word_1_103' title='bbox 776 1472 1031 1526; x_wconf 83' lang='lat' dir='ltr'>veritatis</span> <span class='ocrx_word' id='word_1_104' title='bbox 1080 1472 1286 1541; x_wconf 84' lang='lat' dir='ltr'>ignara</span> <span class='ocrx_word' id='word_1_105' title='bbox 1320 1470 1494 1539; x_wconf 84' lang='lat' dir='ltr'>jactat</span> <span class='ocrx_word' id='word_1_106' title='bbox 1545 1474 1602 1523; x_wconf 86' lang='lat' dir='ltr'>et</span> <span class='ocrx_word' id='word_1_107' title='bbox 1654 1469 1920 1535; x_wconf 82' lang='lat' dir='ltr'>clamitat,</span> <span class='ocrx_word' id='word_1_108' title='bbox 1967 1469 2070 1523; x_wconf 82' lang='lat' dir='ltr'>ista</span> 
     </span>
    </p>
   </div>
   <div class='ocr_carea' id='block_1_17' title="bbox 437 1562 2071 1635">
    <p class='ocr_par' dir='ltr' id='par_1_17' title="bbox 437 1562 2071 1635">
     <span class='ocr_line' id='line_1_17' title="bbox 437 1562 2071 1635; baseline -0.004 -14"><span class='ocrx_word' id='word_1_109' title='bbox 437 1567 705 1622; x_wconf 89' lang='lat' dir='ltr'>accidunt</span> <span class='ocrx_word' id='word_1_110' title='bbox 722 1582 835 1619; x_wconf 89' lang='lat' dir='ltr'>non</span> <span class='ocrx_word' id='word_1_111' title='bbox 857 1564 1010 1635; x_wconf 90' lang='lat' dir='ltr'>quod</span> <span class='ocrx_word' id='word_1_112' title='bbox 1040 1564 1118 1619; x_wconf 92' lang='lat' dir='ltr'>dii</span> <span class='ocrx_word' id='word_1_113' title='bbox 1136 1564 1301 1619; x_wconf 83' lang='lat' dir='ltr'>vestri</span> <span class='ocrx_word' id='word_1_114' title='bbox 1318 1580 1350 1616; x_wconf 88' lang='lat' dir='ltr'>a</span> <span class='ocrx_word' id='word_1_115' title='bbox 1364 1563 1525 1616; x_wconf 90' lang='lat' dir='ltr'>nobis</span> <span class='ocrx_word' id='word_1_116' title='bbox 1540 1580 1654 1616; x_wconf 90' lang='lat' dir='ltr'>non</span> <span class='ocrx_word' id='word_1_117' title='bbox 1670 1563 1945 1629; x_wconf 88' lang='lat' dir='ltr'>colantur,</span> <span class='ocrx_word' id='word_1_118' title='bbox 1969 1562 2071 1616; x_wconf 83' lang='lat' dir='ltr'>sed</span> 
     </span>
    </p>
   </div>
   <div class='ocr_carea' id='block_1_18' title="bbox 439 1656 2071 1731">
    <p class='ocr_par' dir='ltr' id='par_1_18' title="bbox 439 1656 2071 1731">
     <span class='ocr_line' id='line_1_18' title="bbox 439 1656 2071 1731; baseline -0.002 -18"><span class='ocrx_word' id='word_1_119' title='bbox 439 1660 589 1731; x_wconf 93' lang='lat' dir='ltr'>quod</span> <span class='ocrx_word' id='word_1_120' title='bbox 642 1678 672 1712; x_wconf 88' lang='lat' dir='ltr'>a</span> <span class='ocrx_word' id='word_1_121' title='bbox 720 1659 874 1712; x_wconf 85' lang='lat' dir='ltr'>vobis</span> <span class='ocrx_word' id='word_1_122' title='bbox 920 1675 1035 1712; x_wconf 89' lang='lat' dir='ltr'>non</span> <span class='ocrx_word' id='word_1_123' title='bbox 1091 1658 1312 1711; x_wconf 83' lang='lat' dir='ltr'>colatur</span> <span class='ocrx_word' id='word_1_124' title='bbox 1360 1658 1520 1710; x_wconf 84' lang='lat' dir='ltr'>Deus.</span> <span class='ocrx_word' id='word_1_125' title='bbox 1559 1657 1719 1723; x_wconf 82' lang='lat' dir='ltr'>Nam,</span> <span class='ocrx_word' id='word_1_126' title='bbox 1773 1672 1900 1709; x_wconf 89' lang='lat' dir='ltr'>cum</span> <span class='ocrx_word' id='word_1_127' title='bbox 1950 1656 2071 1725; x_wconf 88' lang='lat' dir='ltr'>ipse</span> 
     </span>
    </p>
   </div>
   <div class='ocr_carea' id='block_1_19' title="bbox 2162 444 3801 514">
    <p class='ocr_par' dir='ltr' id='par_1_19' title="bbox 2162 444 3801 514">
     <span class='ocr_line' id='line_1_19' title="bbox 2162 444 3801 514; baseline 0 -17"><span class='ocrx_word' id='word_1_128' title='bbox 2162 459 2266 498; x_wconf 87' lang='lat' dir='ltr'>non</span> <span class='ocrx_word' id='word_1_129' title='bbox 2314 444 2504 513; x_wconf 80' lang='lat' dir='ltr'>pluere</span> <span class='ocrx_word' id='word_1_130' title='bbox 2550 449 2753 514; x_wconf 82' lang='lat' dir='ltr'>areﬁet.</span> <span class='ocrx_word' id='word_1_131' title='bbox 2802 448 2871 500; x_wconf 83' lang='lat' dir='ltr'>Et</span> <span class='ocrx_word' id='word_1_132' title='bbox 2915 445 3393 513; x_wconf 76' lang='lat' dir='ltr'>congregabantur</span> <span class='ocrx_word' id='word_1_133' title='bbox 3433 446 3561 497; x_wconf 69' lang='lat' dir='ltr'>dua:</span> <span class='ocrx_word' id='word_1_134' title='bbox 3609 448 3659 496; x_wconf 88' lang='lat' dir='ltr'>et</span> <span class='ocrx_word' id='word_1_135' title='bbox 3702 449 3801 497; x_wconf 84' lang='lat' dir='ltr'>tres</span> 
     </span>
    </p>
   </div>
   <div class='ocr_carea' id='block_1_20' title="bbox 2162 538 3801 607">
    <p class='ocr_par' dir='ltr' id='par_1_20' title="bbox 2162 538 3801 607">
     <span class='ocr_line' id='line_1_20' title="bbox 2162 538 3801 607; baseline 0.001 -18"><span class='ocrx_word' id='word_1_136' title='bbox 2162 538 2407 591; x_wconf 75' lang='lat' dir='ltr'>civitates</span> <span class='ocrx_word' id='word_1_137' title='bbox 2433 540 2492 591; x_wconf 85' lang='lat' dir='ltr'>in</span> <span class='ocrx_word' id='word_1_138' title='bbox 2522 554 2686 592; x_wconf 88' lang='lat' dir='ltr'>unam</span> <span class='ocrx_word' id='word_1_139' title='bbox 2712 540 2985 592; x_wconf 83' lang='lat' dir='ltr'>civitatem</span> <span class='ocrx_word' id='word_1_140' title='bbox 3012 538 3267 607; x_wconf 64' lang='lat' dir='ltr'>potanda:</span> <span class='ocrx_word' id='word_1_141' title='bbox 3292 553 3461 607; x_wconf 61' lang='lat' dir='ltr'>aqua</span> <span class='ocrx_word' id='word_1_142' title='bbox 3497 552 3688 597; x_wconf 84' lang='lat' dir='ltr'>causa,</span> <span class='ocrx_word' id='word_1_143' title='bbox 3710 552 3801 591; x_wconf 89' lang='lat' dir='ltr'>nec</span> 
     </span>
    </p>
   </div>
   <div class='ocr_carea' id='block_1_21' title="bbox 2161 631 3801 693">
    <p class='ocr_par' dir='ltr' id='par_1_21' title="bbox 2161 631 3801 693">
     <span class='ocr_line' id='line_1_21' title="bbox 2161 631 3801 693; baseline -0.001 -9"><span class='ocrx_word' id='word_1_144' title='bbox 2161 632 2544 693; x_wconf 80' lang='lat' dir='ltr'>satiabuntur,-</span> <span class='ocrx_word' id='word_1_145' title='bbox 2589 638 2639 686; x_wconf 85' lang='lat' dir='ltr'>et</span> <span class='ocrx_word' id='word_1_146' title='bbox 2678 648 2783 686; x_wconf 88' lang='lat' dir='ltr'>non</span> <span class='ocrx_word' id='word_1_147' title='bbox 2827 633 3205 686; x_wconf 75' lang='lat' dir='ltr'>convertimini</span> <span class='ocrx_word' id='word_1_148' title='bbox 3247 632 3319 685; x_wconf 89' lang='lat' dir='ltr'>ad</span> <span class='ocrx_word' id='word_1_149' title='bbox 3364 647 3473 692; x_wconf 84' lang='lat' dir='ltr'>me,</span> <span class='ocrx_word' id='word_1_150' title='bbox 3516 631 3653 685; x_wconf 89' lang='lat' dir='ltr'>dicit</span> <span class='ocrx_word' id='word_1_151' title='bbox 3700 632 3801 684; x_wconf 91' lang='lat' dir='ltr'>Do-</span> 
     </span>
    </p>
   </div>
   <div class='ocr_carea' id='block_1_22' title="bbox 2163 725 2863 796">
    <p class='ocr_par' dir='ltr' id='par_1_22' title="bbox 2163 725 2863 796">
     <span class='ocr_line' id='line_1_22' title="bbox 2163 725 2863 796; baseline 0.003 -19"><span class='ocrx_word' id='word_1_152' title='bbox 2163 726 2343 778; x_wconf 84' lang='lat' dir='ltr'>minus</span> <span class='ocrx_word' id='word_1_153' title='bbox 2372 726 2566 791; x_wconf 84' lang='lat' dir='ltr'>(Amos,</span> <span class='ocrx_word' id='word_1_154' title='bbox 2600 742 2672 791; x_wconf 88' lang='lat' dir='ltr'>1v,</span> <span class='ocrx_word' id='word_1_155' title='bbox 2703 730 2754 792; x_wconf 85' lang='lat'>7,</span> <span class='ocrx_word' id='word_1_156' title='bbox 2789 725 2863 796; x_wconf 91' lang='lat'>8).</span> 
     </span>
    </p>
   </div>
   <div class='ocr_carea' id='block_1_23' title="bbox 2237 817 3804 888">
    <p class='ocr_par' dir='ltr' id='par_1_23' title="bbox 2237 817 3804 888">
     <span class='ocr_line' id='line_1_23' title="bbox 2237 817 3804 888; baseline 0 -17"><span class='ocrx_word' id='word_1_157' title='bbox 2237 819 2346 872; x_wconf 87' lang='lat' dir='ltr'>VII.</span> <span class='ocrx_word' id='word_1_158' title='bbox 2400 819 2734 888; x_wconf 84' lang='lat' dir='ltr'>Indignatur</span> <span class='ocrx_word' id='word_1_159' title='bbox 2781 835 2907 874; x_wconf 88' lang='lat' dir='ltr'>ecce</span> <span class='ocrx_word' id='word_1_160' title='bbox 2959 818 3233 874; x_wconf 85' lang='lat' dir='ltr'>Dominus</span> <span class='ocrx_word' id='word_1_161' title='bbox 3287 823 3346 872; x_wconf 89' lang='lat' dir='ltr'>et</span> <span class='ocrx_word' id='word_1_162' title='bbox 3407 817 3700 883; x_wconf 86' lang='lat' dir='ltr'>irascitur,</span> <span class='ocrx_word' id='word_1_163' title='bbox 3749 821 3804 871; x_wconf 84' lang='lat' dir='ltr'>et</span> 
     </span>
    </p>
   </div>
   <div class='ocr_carea' id='block_1_24' title="bbox 2166 911 3802 983">
    <p class='ocr_par' dir='ltr' id='par_1_24' title="bbox 2166 911 3802 983">
     <span class='ocr_line' id='line_1_24' title="bbox 2166 911 3802 983; baseline 0.001 -18"><span class='ocrx_word' id='word_1_164' title='bbox 2166 912 2314 983; x_wconf 88' lang='lat' dir='ltr'>quod</span> <span class='ocrx_word' id='word_1_165' title='bbox 2344 911 2412 966; x_wconf 88' lang='lat' dir='ltr'>ad</span> <span class='ocrx_word' id='word_1_166' title='bbox 2439 928 2567 966; x_wconf 89' lang='lat' dir='ltr'>eum</span> <span class='ocrx_word' id='word_1_167' title='bbox 2616 929 2726 966; x_wconf 91' lang='lat' dir='ltr'>non</span> <span class='ocrx_word' id='word_1_168' title='bbox 2756 911 3164 968; x_wconf 85' lang='lat' dir='ltr'>convertamini</span> <span class='ocrx_word' id='word_1_169' title='bbox 3202 911 3633 979; x_wconf 84' lang='lat' dir='ltr'>comminatur;</span> <span class='ocrx_word' id='word_1_170' title='bbox 3662 916 3717 965; x_wconf 90' lang='lat' dir='ltr'>et</span> <span class='ocrx_word' id='word_1_171' title='bbox 3747 915 3802 966; x_wconf 93' lang='lat' dir='ltr'>tu</span> 
     </span>
    </p>
   </div>
   <div class='ocr_carea' id='block_1_25' title="bbox 2169 1004 3801 1077">
    <p class='ocr_par' dir='ltr' id='par_1_25' title="bbox 2169 1004 3801 1077">
     <span class='ocr_line' id='line_1_25' title="bbox 2169 1004 3801 1077; baseline 0 -19"><span class='ocrx_word' id='word_1_172' title='bbox 2169 1005 2393 1059; x_wconf 89' lang='lat' dir='ltr'>miraris</span> <span class='ocrx_word' id='word_1_173' title='bbox 2438 1011 2537 1060; x_wconf 86' lang='lat' dir='ltr'>aut</span> <span class='ocrx_word' id='word_1_174' title='bbox 2582 1006 2857 1077; x_wconf 81' lang='lat' dir='ltr'>quereris,</span> <span class='ocrx_word' id='word_1_175' title='bbox 2890 1006 2945 1060; x_wconf 90' lang='lat' dir='ltr'>in</span> <span class='ocrx_word' id='word_1_176' title='bbox 2995 1007 3098 1060; x_wconf 86' lang='lat' dir='ltr'>hac</span> <span class='ocrx_word' id='word_1_177' title='bbox 3142 1004 3540 1059; x_wconf 79' lang='lat' dir='ltr'>obstinatione</span> <span class='ocrx_word' id='word_1_178' title='bbox 3585 1008 3642 1057; x_wconf 88' lang='lat' dir='ltr'>et</span> <span class='ocrx_word' id='word_1_179' title='bbox 3673 1021 3801 1059; x_wconf 88' lang='lat' dir='ltr'>eon-</span> 
     </span>
    </p>
   </div>
   <div class='ocr_carea' id='block_1_26' title="bbox 2166 1097 3801 1171">
    <p class='ocr_par' dir='ltr' id='par_1_26' title="bbox 2166 1097 3801 1171">
     <span class='ocr_line' id='line_1_26' title="bbox 2166 1097 3801 1171; baseline -0.001 -18"><span class='ocrx_word' id='word_1_180' title='bbox 2166 1104 2389 1170; x_wconf 88' lang='lat' dir='ltr'>temptu</span> <span class='ocrx_word' id='word_1_181' title='bbox 2431 1105 2639 1166; x_wconf 82' lang='lat' dir='ltr'>vestro,</span> <span class='ocrx_word' id='word_1_182' title='bbox 2679 1100 2723 1154; x_wconf 89' lang='lat' dir='ltr'>si</span> <span class='ocrx_word' id='word_1_183' title='bbox 2772 1117 2896 1154; x_wconf 84' lang='lat' dir='ltr'>rara</span> <span class='ocrx_word' id='word_1_184' title='bbox 2938 1100 3185 1171; x_wconf 87' lang='lat' dir='ltr'>desuper</span> <span class='ocrx_word' id='word_1_185' title='bbox 3232 1098 3427 1169; x_wconf 87' lang='lat' dir='ltr'>pluvia</span> <span class='ocrx_word' id='word_1_186' title='bbox 3476 1097 3801 1163; x_wconf 81' lang='lat' dir='ltr'>descendat,</span> 
     </span>
    </p>
   </div>
   <div class='ocr_carea' id='block_1_27' title="bbox 2168 1192 3805 1265">
    <p class='ocr_par' dir='ltr' id='par_1_27' title="bbox 2168 1192 3805 1265">
     <span class='ocr_line' id='line_1_27' title="bbox 2168 1192 3805 1265; baseline 0.001 -20"><span class='ocrx_word' id='word_1_187' title='bbox 2168 1193 2212 1246; x_wconf 88' lang='lat' dir='ltr'>si</span> <span class='ocrx_word' id='word_1_188' title='bbox 2267 1198 2416 1247; x_wconf 85' lang='lat' dir='ltr'>terra</span> <span class='ocrx_word' id='word_1_189' title='bbox 2466 1195 2575 1248; x_wconf 84' lang='lat' dir='ltr'>situ</span> <span class='ocrx_word' id='word_1_190' title='bbox 2629 1194 2875 1265; x_wconf 77' lang='lat' dir='ltr'>pulveris</span> <span class='ocrx_word' id='word_1_191' title='bbox 2923 1194 3195 1265; x_wconf 74' lang='lat' dir='ltr'>squalent,</span> <span class='ocrx_word' id='word_1_192' title='bbox 3239 1194 3281 1247; x_wconf 90' lang='lat' dir='ltr'>si</span> <span class='ocrx_word' id='word_1_193' title='bbox 3345 1193 3434 1246; x_wconf 84' lang='lat' dir='ltr'>vix</span> <span class='ocrx_word' id='word_1_194' title='bbox 3487 1192 3712 1262; x_wconf 89' lang='lat' dir='ltr'>jejunas</span> <span class='ocrx_word' id='word_1_195' title='bbox 3753 1197 3805 1246; x_wconf 90' lang='lat' dir='ltr'>et</span> 
     </span>
    </p>
   </div>
   <div class='ocr_carea' id='block_1_28' title="bbox 2169 1285 3798 1358">
    <p class='ocr_par' dir='ltr' id='par_1_28' title="bbox 2169 1285 3798 1358">
     <span class='ocr_line' id='line_1_28' title="bbox 2169 1285 3798 1358; baseline 0 -18"><span class='ocrx_word' id='word_1_196' title='bbox 2169 1286 2408 1357; x_wconf 88' lang='lat' dir='ltr'>pallidas</span> <span class='ocrx_word' id='word_1_197' title='bbox 2456 1287 2661 1341; x_wconf 81' lang='lat' dir='ltr'>herbas</span> <span class='ocrx_word' id='word_1_198' title='bbox 2700 1288 2901 1341; x_wconf 89' lang='lat' dir='ltr'>sterilis</span> <span class='ocrx_word' id='word_1_199' title='bbox 2949 1287 3115 1358; x_wconf 82' lang='lat' dir='ltr'>gleba</span> <span class='ocrx_word' id='word_1_200' title='bbox 3168 1288 3473 1357; x_wconf 82' lang='lat' dir='ltr'>producat,</span> <span class='ocrx_word' id='word_1_201' title='bbox 3509 1286 3552 1339; x_wconf 91' lang='lat' dir='ltr'>si</span> <span class='ocrx_word' id='word_1_202' title='bbox 3588 1285 3798 1341; x_wconf 88' lang='lat' dir='ltr'>vineam</span> 
     </span>
    </p>
   </div>
   <div class='ocr_carea' id='block_1_29' title="bbox 2170 1380 3803 1451">
    <p class='ocr_par' dir='ltr' id='par_1_29' title="bbox 2170 1380 3803 1451">
     <span class='ocr_line' id='line_1_29' title="bbox 2170 1380 3803 1451; baseline 0 -18"><span class='ocrx_word' id='word_1_203' title='bbox 2170 1380 2427 1434; x_wconf 78' lang='lat' dir='ltr'>debilitet</span> <span class='ocrx_word' id='word_1_204' title='bbox 2464 1381 2680 1451; x_wconf 80' lang='lat' dir='ltr'>grando</span> <span class='ocrx_word' id='word_1_205' title='bbox 2716 1381 2960 1450; x_wconf 63' lang='lat' dir='ltr'>candens,</span> <span class='ocrx_word' id='word_1_206' title='bbox 2988 1382 3031 1435; x_wconf 91' lang='lat' dir='ltr'>si</span> <span class='ocrx_word' id='word_1_207' title='bbox 3071 1381 3251 1435; x_wconf 85' lang='lat' dir='ltr'>oleam</span> <span class='ocrx_word' id='word_1_208' title='bbox 3295 1381 3611 1434; x_wconf 89' lang='lat' dir='ltr'>detruncet</span> <span class='ocrx_word' id='word_1_209' title='bbox 3646 1380 3803 1433; x_wconf 88' lang='lat' dir='ltr'>turbo</span> 
     </span>
    </p>
   </div>
   <div class='ocr_carea' id='block_1_30' title="bbox 2173 1473 3800 1544">
    <p class='ocr_par' dir='ltr' id='par_1_30' title="bbox 2173 1473 3800 1544">
     <span class='ocr_line' id='line_1_30' title="bbox 2173 1473 3800 1544; baseline -0.001 -17"><span class='ocrx_word' id='word_1_210' title='bbox 2173 1473 2520 1541; x_wconf 83' lang='lat' dir='ltr'>subvertens,</span> <span class='ocrx_word' id='word_1_211' title='bbox 2546 1475 2590 1528; x_wconf 87' lang='lat' dir='ltr'>si</span> <span class='ocrx_word' id='word_1_212' title='bbox 2634 1475 2849 1529; x_wconf 89' lang='lat' dir='ltr'>fontem</span> <span class='ocrx_word' id='word_1_213' title='bbox 2881 1476 3101 1529; x_wconf 87' lang='lat' dir='ltr'>siccitas</span> <span class='ocrx_word' id='word_1_214' title='bbox 3141 1481 3375 1542; x_wconf 85' lang='lat' dir='ltr'>statuat,</span> <span class='ocrx_word' id='word_1_215' title='bbox 3409 1490 3607 1527; x_wconf 87' lang='lat' dir='ltr'>aerem</span> <span class='ocrx_word' id='word_1_216' title='bbox 3639 1473 3800 1544; x_wconf 87' lang='lat' dir='ltr'>pesti-</span> 
     </span>
    </p>
   </div>
   <div class='ocr_carea' id='block_1_31' title="bbox 2173 1566 3805 1639">
    <p class='ocr_par' dir='ltr' id='par_1_31' title="bbox 2173 1566 3805 1639">
     <span class='ocr_line' id='line_1_31' title="bbox 2173 1566 3805 1639; baseline -0.001 -18"><span class='ocrx_word' id='word_1_217' title='bbox 2173 1568 2291 1621; x_wconf 87' lang='lat' dir='ltr'>lens</span> <span class='ocrx_word' id='word_1_218' title='bbox 2334 1584 2469 1621; x_wconf 87' lang='lat' dir='ltr'>aura</span> <span class='ocrx_word' id='word_1_219' title='bbox 2504 1574 2851 1639; x_wconf 82' lang='lat' dir='ltr'>corrumpat,</span> <span class='ocrx_word' id='word_1_220' title='bbox 2886 1570 3185 1624; x_wconf 87' lang='lat' dir='ltr'>hominem</span> <span class='ocrx_word' id='word_1_221' title='bbox 3234 1568 3503 1623; x_wconf 86' lang='lat' dir='ltr'>morbida</span> <span class='ocrx_word' id='word_1_222' title='bbox 3555 1566 3805 1620; x_wconf 74' lang='lat' dir='ltr'>valetudo</span> 
     </span>
    </p>
   </div>
   <div class='ocr_carea' id='block_1_32' title="bbox 2175 1660 3806 1733">
    <p class='ocr_par' dir='ltr' id='par_1_32' title="bbox 2175 1660 3806 1733">
     <span class='ocr_line' id='line_1_32' title="bbox 2175 1660 3806 1733; baseline -0.001 -19"><span class='ocrx_word' id='word_1_223' title='bbox 2175 1667 2493 1728; x_wconf 84' lang='lat' dir='ltr'>consumat,</span> <span class='ocrx_word' id='word_1_224' title='bbox 2527 1679 2655 1715; x_wconf 90' lang='lat' dir='ltr'>cum</span> <span class='ocrx_word' id='word_1_225' title='bbox 2697 1663 2894 1716; x_wconf 87' lang='lat' dir='ltr'>omnia</span> <span class='ocrx_word' id='word_1_226' title='bbox 2932 1663 3034 1716; x_wconf 86' lang='lat' dir='ltr'>ista</span> <span class='ocrx_word' id='word_1_227' title='bbox 3072 1662 3315 1733; x_wconf 82' lang='lat' dir='ltr'>peccatis</span> <span class='ocrx_word' id='word_1_228' title='bbox 3364 1660 3806 1731; x_wconf 83' lang='lat' dir='ltr'>provocantibus</span> 
     </span>
    </p>
   </div>
   <div class='ocr_carea' id='block_1_33' title="bbox 438 1727 3804 1826">
    <p class='ocr_par' dir='ltr' id='par_1_33' title="bbox 438 1727 3804 1826">
     <span class='ocr_line' id='line_1_33' title="bbox 438 1727 3804 1826; baseline 0 -20"><span class='ocrx_word' id='word_1_229' title='bbox 438 1755 509 1807; x_wconf 90' lang='lat' dir='ltr'>sit</span> <span class='ocrx_word' id='word_1_230' title='bbox 563 1753 765 1807; x_wconf 87' lang='lat' dir='ltr'>mundi</span> <span class='ocrx_word' id='word_1_231' title='bbox 820 1752 1085 1807; x_wconf 82' lang='lat' dir='ltr'>dominus</span> <span class='ocrx_word' id='word_1_232' title='bbox 1141 1756 1195 1805; x_wconf 89' lang='lat' dir='ltr'>et</span> <span class='ocrx_word' id='word_1_233' title='bbox 1242 1756 1442 1817; x_wconf 85' lang='lat' dir='ltr'>rector,</span> <span class='ocrx_word' id='word_1_234' title='bbox 1489 1756 1544 1804; x_wconf 89' lang='lat' dir='ltr'>et</span> <span class='ocrx_word' id='word_1_235' title='bbox 1587 1755 1789 1804; x_wconf 88' lang='lat' dir='ltr'>cuncta</span> <span class='ocrx_word' id='word_1_236' title='bbox 1837 1727 2150 1804; x_wconf 77' lang='lat' dir='ltr'>arbitrioB</span> <span class='ocrx_word' id='word_1_237' title='bbox 2181 1754 2431 1823; x_wconf 89' lang='lat' dir='ltr'>veniant,</span> <span class='ocrx_word' id='word_1_238' title='bbox 2472 1761 2529 1808; x_wconf 90' lang='lat' dir='ltr'>et</span> <span class='ocrx_word' id='word_1_239' title='bbox 2570 1756 2698 1825; x_wconf 85' lang='lat' dir='ltr'>plus</span> <span class='ocrx_word' id='word_1_240' title='bbox 2738 1756 3112 1811; x_wconf 81' lang='lat' dir='ltr'>exacerbetur</span> <span class='ocrx_word' id='word_1_241' title='bbox 3140 1756 3160 1791; x_wconf 81' lang='grc'>⁸</span> <span class='ocrx_word' id='word_1_242' title='bbox 3188 1756 3338 1809; x_wconf 90' lang='lat' dir='ltr'>Deus</span> <span class='ocrx_word' id='word_1_243' title='bbox 3364 1727 3627 1826; x_wconf 57' lang='lat' dir='ltr'>quando</span> <span class='ocrx_word' id='word_1_244' title='bbox 3673 1754 3804 1807; x_wconf 90' lang='lat' dir='ltr'>nihil</span> 
     </span>
    </p>
   </div>
   <div class='ocr_carea' id='block_1_34' title="bbox 440 1842 2081 1919">
    <p class='ocr_par' dir='ltr' id='par_1_34' title="bbox 440 1842 2081 1919">
     <span class='ocr_line' id='line_1_34' title="bbox 440 1842 2081 1919; baseline -0.005 -16"><span class='ocrx_word' id='word_1_245' title='bbox 440 1848 563 1919; x_wconf 84' lang='lat' dir='ltr'>ejus</span> <span class='ocrx_word' id='word_1_246' title='bbox 609 1851 667 1901; x_wconf 90' lang='lat' dir='ltr'>et</span> <span class='ocrx_word' id='word_1_247' title='bbox 714 1851 854 1900; x_wconf 85' lang='lat' dir='ltr'>nutu</span> <span class='ocrx_word' id='word_1_248' title='bbox 894 1848 1187 1917; x_wconf 85' lang='lat' dir='ltr'>gerantur,</span> <span class='ocrx_word' id='word_1_249' title='bbox 1231 1862 1333 1898; x_wconf 89' lang='lat' dir='ltr'>nec</span> <span class='ocrx_word' id='word_1_250' title='bbox 1379 1844 1684 1915; x_wconf 81' lang='lat' dir='ltr'>quicquam</span> <span class='ocrx_word' id='word_1_251' title='bbox 1736 1843 1855 1896; x_wconf 72' lang='lat' dir='ltr'>fieri</span> <span class='ocrx_word' id='word_1_252' title='bbox 1910 1842 2081 1913; x_wconf 86' lang='lat' dir='ltr'>possit</span> 
     </span>
    </p>
   </div>
   <div class='ocr_carea' id='block_1_35' title="bbox 446 1936 2077 2011">
    <p class='ocr_par' dir='ltr' id='par_1_35' title="bbox 446 1936 2077 2011">
     <span class='ocr_line' id='line_1_35' title="bbox 446 1936 2077 2011; baseline -0.004 -17"><span class='ocrx_word' id='word_1_253' title='bbox 446 1942 555 1995; x_wconf 83' lang='lat' dir='ltr'>nisi</span> <span class='ocrx_word' id='word_1_254' title='bbox 580 1941 732 2011; x_wconf 81' lang='lat' dir='ltr'>quod</span> <span class='ocrx_word' id='word_1_255' title='bbox 758 1945 854 1994; x_wconf 88' lang='lat' dir='ltr'>aut</span> <span class='ocrx_word' id='word_1_256' title='bbox 879 1939 1078 1993; x_wconf 84' lang='lat' dir='ltr'>fecerit</span> <span class='ocrx_word' id='word_1_257' title='bbox 1097 1944 1195 1992; x_wconf 87' lang='lat' dir='ltr'>aut</span> <span class='ocrx_word' id='word_1_258' title='bbox 1219 1938 1340 1991; x_wconf 80' lang='lat' dir='ltr'>fieri</span> <span class='ocrx_word' id='word_1_259' title='bbox 1362 1938 1477 2008; x_wconf 84' lang='lat' dir='ltr'>ipse.</span> <span class='ocrx_word' id='word_1_260' title='bbox 1506 1936 1859 2007; x_wconf 81' lang='lat' dir='ltr'>permiserit,</span> <span class='ocrx_word' id='word_1_261' title='bbox 1880 1937 2077 2006; x_wconf 83' lang='lat' dir='ltr'>utique</span> 
     </span>
    </p>
   </div>
   <div class='ocr_carea' id='block_1_36' title="bbox 448 2029 2075 2105">
    <p class='ocr_par' dir='ltr' id='par_1_36' title="bbox 448 2029 2075 2105">
     <span class='ocr_line' id='line_1_36' title="bbox 448 2029 2075 2105; baseline -0.002 -19"><span class='ocrx_word' id='word_1_262' title='bbox 448 2035 677 2105; x_wconf 83' lang='lat' dir='ltr'>quando</span> <span class='ocrx_word' id='word_1_263' title='bbox 692 2050 760 2088; x_wconf 86' lang='lat' dir='ltr'>ea</span> <span class='ocrx_word' id='word_1_264' title='bbox 776 2034 922 2087; x_wconf 79' lang='lat' dir='ltr'>ﬁunt</span> <span class='ocrx_word' id='word_1_265' title='bbox 935 2032 1218 2103; x_wconf 66' lang='lat' dir='ltr'>qumiram</span> <span class='ocrx_word' id='word_1_266' title='bbox 1237 2032 1329 2085; x_wconf 84' lang='lat' dir='ltr'>[lci</span> <span class='ocrx_word' id='word_1_267' title='bbox 1346 2031 1689 2099; x_wconf 76' lang='lat' dir='ltr'>indignantis</span> <span class='ocrx_word' id='word_1_268' title='bbox 1705 2029 1901 2083; x_wconf 79' lang='lat' dir='ltr'>ostend</span> <span class='ocrx_word' id='word_1_269' title='bbox 1915 2035 2013 2083; x_wconf 90' lang='lat' dir='ltr'>unt</span> <span class='ocrx_word' id='word_1_270' title='bbox 2038 2031 2075 2093; x_wconf 67' lang='grc'>⁸,</span> 
     </span>
    </p>
   </div>
   <div class='ocr_carea' id='block_1_37' title="bbox 450 2123 2080 2198">
    <p class='ocr_par' dir='ltr' id='par_1_37' title="bbox 450 2123 2080 2198">
     <span class='ocr_line' id='line_1_37' title="bbox 450 2123 2080 2198; baseline -0.003 -17"><span class='ocrx_word' id='word_1_271' title='bbox 450 2146 561 2181; x_wconf 92' lang='lat' dir='ltr'>non</span> <span class='ocrx_word' id='word_1_272' title='bbox 610 2132 845 2198; x_wconf 80' lang='lat' dir='ltr'>propter</span> <span class='ocrx_word' id='word_1_273' title='bbox 889 2142 994 2179; x_wconf 89' lang='lat' dir='ltr'>nos</span> <span class='ocrx_word' id='word_1_274' title='bbox 1032 2125 1195 2192; x_wconf 82' lang='lat' dir='ltr'>ﬁunt,</span> <span class='ocrx_word' id='word_1_275' title='bbox 1225 2143 1254 2178; x_wconf 86' lang='lat' dir='ltr'>u</span> <span class='ocrx_word' id='word_1_276' title='bbox 1300 2124 1502 2194; x_wconf 85' lang='lat' dir='ltr'>quibus</span> <span class='ocrx_word' id='word_1_277' title='bbox 1545 2125 1689 2177; x_wconf 86' lang='lat' dir='ltr'>Deus</span> <span class='ocrx_word' id='word_1_278' title='bbox 1727 2123 1945 2189; x_wconf 89' lang='lat' dir='ltr'>colitur,</span> <span class='ocrx_word' id='word_1_279' title='bbox 1984 2123 2080 2176; x_wconf 87' lang='lat' dir='ltr'>sed</span> 
     </span>
    </p>
   </div>
   <div class='ocr_carea' id='block_1_38' title="bbox 449 2216 2081 2288">
    <p class='ocr_par' dir='ltr' id='par_1_38' title="bbox 449 2216 2081 2288">
     <span class='ocr_line' id='line_1_38' title="bbox 449 2216 2081 2288; baseline -0.004 -13"><span class='ocrx_word' id='word_1_280' title='bbox 449 2221 666 2275; x_wconf 86' lang='lat' dir='ltr'>delictis</span> <span class='ocrx_word' id='word_1_281' title='bbox 693 2226 749 2274; x_wconf 92' lang='lat' dir='ltr'>et</span> <span class='ocrx_word' id='word_1_282' title='bbox 790 2219 1008 2273; x_wconf 90' lang='lat' dir='ltr'>meritis</span> <span class='ocrx_word' id='word_1_283' title='bbox 1037 2218 1231 2273; x_wconf 86' lang='lat' dir='ltr'>vestris</span> <span class='ocrx_word' id='word_1_284' title='bbox 1276 2219 1620 2288; x_wconf 81' lang='lat' dir='ltr'>irrogantur,</span> <span class='ocrx_word' id='word_1_285' title='bbox 1651 2234 1680 2270; x_wconf 88' lang='lat' dir='ltr'>a</span> <span class='ocrx_word' id='word_1_286' title='bbox 1709 2216 1911 2287; x_wconf 87' lang='lat' dir='ltr'>quibus</span> <span class='ocrx_word' id='word_1_287' title='bbox 1941 2218 2081 2270; x_wconf 89' lang='lat' dir='ltr'>Deus</span> 
     </span>
    </p>
   </div>
   <div class='ocr_carea' id='block_1_39' title="bbox 455 2314 2079 2388">
    <p class='ocr_par' dir='ltr' id='par_1_39' title="bbox 455 2314 2079 2388">
     <span class='ocr_line' id='line_1_39' title="bbox 455 2314 2079 2388; baseline -0.005 -14"><span class='ocrx_word' id='word_1_288' title='bbox 455 2320 694 2374; x_wconf 86' lang='lat' dir='ltr'>omnino</span> <span class='ocrx_word' id='word_1_289' title='bbox 723 2335 827 2373; x_wconf 87' lang='lat' dir='ltr'>nec</span> <span class='ocrx_word' id='word_1_290' title='bbox 857 2317 1129 2388; x_wconf 74' lang='lat' dir='ltr'>quit-ritur</span> <span class='ocrx_word' id='word_1_291' title='bbox 1158 2316 1266 2387; x_wconf 82' lang='lat' dir='ltr'>(l7)</span> <span class='ocrx_word' id='word_1_292' title='bbox 1306 2332 1412 2369; x_wconf 90' lang='lat' dir='ltr'>nec</span> <span class='ocrx_word' id='word_1_293' title='bbox 1436 2314 1692 2381; x_wconf 86' lang='lat' dir='ltr'>timetur,</span> <span class='ocrx_word' id='word_1_294' title='bbox 1725 2331 1845 2381; x_wconf 86' lang='lat' dir='ltr'>nec,</span> <span class='ocrx_word' id='word_1_295' title='bbox 1880 2314 2079 2368; x_wconf 80' lang='lat' dir='ltr'>relictis</span> 
     </span>
    </p>
   </div>
   <div class='ocr_carea' id='block_1_40' title="bbox 448 2407 2078 2483">
    <p class='ocr_par' dir='ltr' id='par_1_40' title="bbox 448 2407 2078 2483">
     <span class='ocr_line' id='line_1_40' title="bbox 448 2407 2078 2483; baseline -0.005 -16"><span class='ocrx_word' id='word_1_296' title='bbox 448 2414 611 2470; x_wconf 86' lang='lat' dir='ltr'>vanis</span> <span class='ocrx_word' id='word_1_297' title='bbox 637 2410 1157 2483; x_wconf 85' lang='lat' dir='ltr'>superstitionibus,</span> <span class='ocrx_word' id='word_1_298' title='bbox 1190 2409 1391 2478; x_wconf 79' lang='lat' dir='ltr'>religio</span> <span class='ocrx_word' id='word_1_299' title='bbox 1420 2424 1549 2461; x_wconf 86' lang='lat' dir='ltr'>vera</span> <span class='ocrx_word' id='word_1_300' title='bbox 1576 2407 1960 2477; x_wconf 87' lang='lat' dir='ltr'>cognoscitur,</span> <span class='ocrx_word' id='word_1_301' title='bbox 1999 2411 2078 2475; x_wconf 87' lang='lat' dir='ltr'>ut,</span> 
     </span>
    </p>
   </div>
   <div class='ocr_carea' id='block_1_41' title="bbox 443 2500 2077 2580">
    <p class='ocr_par' dir='ltr' id='par_1_41' title="bbox 443 2500 2077 2580">
     <span class='ocr_line' id='line_1_41' title="bbox 443 2500 2077 2580; baseline -0.006 -18"><span class='ocrx_word' id='word_1_302' title='bbox 443 2510 540 2580; x_wconf 85' lang='lat' dir='ltr'>qui</span> <span class='ocrx_word' id='word_1_303' title='bbox 568 2510 887 2563; x_wconf 83' lang='lat' dir='ltr'>Dcusunus</span> <span class='ocrx_word' id='word_1_304' title='bbox 917 2508 1001 2556; x_wconf 79' lang='lat' dir='ltr'>cst</span> <span class='ocrx_word' id='word_1_305' title='bbox 1029 2503 1315 2570; x_wconf 88' lang='lat' dir='ltr'>omnibus,</span> <span class='ocrx_word' id='word_1_306' title='bbox 1354 2518 1499 2555; x_wconf 90' lang='lat' dir='ltr'>unus</span> <span class='ocrx_word' id='word_1_307' title='bbox 1542 2502 1757 2555; x_wconf 84' lang='lat' dir='ltr'>colatur</span> <span class='ocrx_word' id='word_1_308' title='bbox 1786 2500 1857 2554; x_wconf 81' lang='lat' dir='ltr'>ab</span> <span class='ocrx_word' id='word_1_309' title='bbox 1887 2501 2077 2555; x_wconf 89' lang='lat' dir='ltr'>omni-</span> 
     </span>
    </p>
   </div>
   <div class='ocr_carea' id='block_1_42' title="bbox 446 2602 913 2671">
    <p class='ocr_par' dir='ltr' id='par_1_42' title="bbox 446 2602 913 2671">
     <span class='ocr_line' id='line_1_42' title="bbox 446 2602 913 2671; baseline -0.011 -15"><span class='ocrx_word' id='word_1_310' title='bbox 446 2604 552 2656; x_wconf 83' lang='lat' dir='ltr'>bus</span> <span class='ocrx_word' id='word_1_311' title='bbox 580 2607 634 2655; x_wconf 90' lang='lat' dir='ltr'>et</span> <span class='ocrx_word' id='word_1_312' title='bbox 662 2602 913 2671; x_wconf 80' lang='lat' dir='ltr'>rogetur.</span> 
     </span>
    </p>
   </div>
   <div class='ocr_carea' id='block_1_43' title="bbox 520 2688 2080 2764">
    <p class='ocr_par' dir='ltr' id='par_1_43' title="bbox 520 2688 2080 2764">
     <span class='ocr_line' id='line_1_43' title="bbox 520 2688 2080 2764; baseline -0.004 -19"><span class='ocrx_word' id='word_1_313' title='bbox 520 2696 607 2748; x_wconf 87' lang='lat' dir='ltr'>VI.</span> <span class='ocrx_word' id='word_1_314' title='bbox 644 2696 836 2764; x_wconf 91' lang='lat' dir='ltr'>Ipsum</span> <span class='ocrx_word' id='word_1_315' title='bbox 868 2690 1116 2761; x_wconf 82' lang='lat' dir='ltr'>denique</span> <span class='ocrx_word' id='word_1_316' title='bbox 1165 2688 1297 2742; x_wconf 89' lang='lat' dir='ltr'>audi</span> <span class='ocrx_word' id='word_1_317' title='bbox 1328 2689 1688 2757; x_wconf 87' lang='lat' dir='ltr'>loquentem,</span> <span class='ocrx_word' id='word_1_318' title='bbox 1718 2688 1904 2759; x_wconf 91' lang='lat' dir='ltr'>ipsum</span> <span class='ocrx_word' id='word_1_319' title='bbox 1948 2704 2080 2740; x_wconf 88' lang='lat' dir='ltr'>voce</span> 
     </span>
    </p>
   </div>
   <div class='ocr_carea' id='block_1_44' title="bbox 449 2782 2078 2853">
    <p class='ocr_par' dir='ltr' id='par_1_44' title="bbox 449 2782 2078 2853">
     <span class='ocr_line' id='line_1_44' title="bbox 449 2782 2078 2853; baseline -0.006 -10"><span class='ocrx_word' id='word_1_320' title='bbox 449 2790 639 2843; x_wconf 87' lang='lat' dir='ltr'>divina</span> <span class='ocrx_word' id='word_1_321' title='bbox 664 2787 1043 2839; x_wconf 87' lang='lat' dir='ltr'>instruentem</span> <span class='ocrx_word' id='word_1_322' title='bbox 1077 2799 1179 2836; x_wconf 90' lang='lat' dir='ltr'>nos</span> <span class='ocrx_word' id='word_1_323' title='bbox 1216 2782 1433 2853; x_wconf 87' lang='lat' dir='ltr'>pariter</span> <span class='ocrx_word' id='word_1_324' title='bbox 1459 2799 1523 2835; x_wconf 84' lang='lat' dir='ltr'>ac</span> <span class='ocrx_word' id='word_1_325' title='bbox 1566 2787 1893 2835; x_wconf 86' lang='lat' dir='ltr'>monentem</span> <span class='ocrx_word' id='word_1_326' title='bbox 1931 2798 1942 2834; x_wconf 95' lang='lat'>:</span> <span class='ocrx_word' id='word_1_327' title='bbox 1974 2785 2078 2835; x_wconf 79' lang='lat' dir='ltr'>Do—</span> 
     </span>
    </p>
   </div>
   <div class='ocr_carea' id='block_1_45' title="bbox 446 2875 2079 2946">
    <p class='ocr_par' dir='ltr' id='par_1_45' title="bbox 446 2875 2079 2946">
     <span class='ocr_line' id='line_1_45' title="bbox 446 2875 2079 2946; baseline -0.006 -8"><span class='ocrx_word' id='word_1_328' title='bbox 446 2886 649 2938; x_wconf 82' lang='lat' dir='ltr'>minam</span> <span class='ocrx_word' id='word_1_329' title='bbox 679 2884 842 2935; x_wconf 84' lang='lat' dir='ltr'>Deum</span> <span class='ocrx_word' id='word_1_330' title='bbox 878 2884 1029 2934; x_wconf 78' lang='lat' dir='ltr'>tuum</span> <span class='ocrx_word' id='word_1_331' title='bbox 1061 2877 1334 2938; x_wconf 81' lang='lat' dir='ltr'>adorabis,</span> <span class='ocrx_word' id='word_1_332' title='bbox 1367 2875 1570 2946; x_wconf 85' lang='lat' dir='ltr'>inquit,</span> <span class='ocrx_word' id='word_1_333' title='bbox 1599 2882 1648 2930; x_wconf 87' lang='lat' dir='ltr'>et</span> <span class='ocrx_word' id='word_1_334' title='bbox 1699 2877 1787 2929; x_wconf 87' lang='lat' dir='ltr'>illi</span> <span class='ocrx_word' id='word_1_335' title='bbox 1830 2877 1932 2930; x_wconf 82' lang='lat' dir='ltr'>soli</span> <span class='ocrx_word' id='word_1_336' title='bbox 1966 2892 2079 2930; x_wconf 81' lang='lat' dir='ltr'>ser-</span> 
     </span>
    </p>
   </div>
   <div class='ocr_carea' id='block_1_46' title="bbox 447 2970 2085 3045">
    <p class='ocr_par' dir='ltr' id='par_1_46' title="bbox 447 2970 2085 3045">
     <span class='ocr_line' id='line_1_46' title="bbox 447 2970 2085 3045; baseline -0.006 -13"><span class='ocrx_word' id='word_1_337' title='bbox 447 2980 557 3032; x_wconf 81' lang='lat' dir='ltr'>vies</span> <span class='ocrx_word' id='word_1_338' title='bbox 584 2977 787 3045; x_wconf 86' lang='lat' dir='ltr'>(Deut.,</span> <span class='ocrx_word' id='word_1_339' title='bbox 817 2990 891 3037; x_wconf 81' lang='lat' dir='ltr'>vi,</span> <span class='ocrx_word' id='word_1_340' title='bbox 928 2972 1036 3039; x_wconf 74' lang='lat'>13).</span> <span class='ocrx_word' id='word_1_341' title='bbox 1070 2972 1136 3025; x_wconf 90' lang='lat' dir='ltr'>Et</span> <span class='ocrx_word' id='word_1_342' title='bbox 1160 2972 1401 3025; x_wconf 87' lang='lat' dir='ltr'>iterum:</span> <span class='ocrx_word' id='word_1_343' title='bbox 1437 2972 1554 3024; x_wconf 83' lang='lat' dir='ltr'>Non</span> <span class='ocrx_word' id='word_1_344' title='bbox 1586 2976 1743 3023; x_wconf 76' lang='lat' dir='ltr'>erimt</span> <span class='ocrx_word' id='word_1_345' title='bbox 1765 2970 1965 3023; x_wconf 86' lang='lat' dir='ltr'>tibidii</span> <span class='ocrx_word' id='word_1_346' title='bbox 1985 2970 2085 3022; x_wconf 83' lang='lat' dir='ltr'>alii</span> 
     </span>
    </p>
   </div>
   <div class='ocr_carea' id='block_1_47' title="bbox 449 3064 2078 3140">
    <p class='ocr_par' dir='ltr' id='par_1_47' title="bbox 449 3064 2078 3140">
     <span class='ocr_line' id='line_1_47' title="bbox 449 3064 2078 3140; baseline -0.007 -14"><span class='ocrx_word' id='word_1_347' title='bbox 449 3073 646 3140; x_wconf 86' lang='lat' dir='ltr'>absque</span> <span class='ocrx_word' id='word_1_348' title='bbox 674 3084 755 3123; x_wconf 82' lang='lat' dir='ltr'>me</span> <span class='ocrx_word' id='word_1_349' title='bbox 801 3067 1026 3137; x_wconf 56' lang='lat' dir='ltr'>(Emori,</span> <span class='ocrx_word' id='word_1_350' title='bbox 1058 3081 1150 3130; x_wconf 83' lang='lat' dir='ltr'>xx,</span> <span class='ocrx_word' id='word_1_351' title='bbox 1182 3066 1255 3133; x_wconf 91' lang='lat'>3).</span> <span class='ocrx_word' id='word_1_352' title='bbox 1290 3065 1353 3118; x_wconf 82' lang='lat' dir='ltr'>Et</span> <span class='ocrx_word' id='word_1_353' title='bbox 1387 3064 1595 3117; x_wconf 88' lang='lat' dir='ltr'>iterum</span> <span class='ocrx_word' id='word_1_354' title='bbox 1631 3081 1641 3116; x_wconf 93' lang='lat'><strong>:</strong></span> <span class='ocrx_word' id='word_1_355' title='bbox 1675 3064 1852 3119; x_wconf 81' lang='lat' dir='ltr'>Nolite</span> <span class='ocrx_word' id='word_1_356' title='bbox 1889 3064 2078 3117; x_wconf 86' lang='lat' dir='ltr'>ambu-</span> 
     </span>
    </p>
   </div>
   <div class='ocr_carea' id='block_1_48' title="bbox 2180 1845 3806 1919">
    <p class='ocr_par' dir='ltr' id='par_1_48' title="bbox 2180 1845 3806 1919">
     <span class='ocr_line' id='line_1_48' title="bbox 2180 1845 3806 1919; baseline 0 -18"><span class='ocrx_word' id='word_1_357' title='bbox 2180 1848 2313 1901; x_wconf 88' lang='lat' dir='ltr'>talia</span> <span class='ocrx_word' id='word_1_358' title='bbox 2362 1854 2417 1901; x_wconf 90' lang='lat' dir='ltr'>et</span> <span class='ocrx_word' id='word_1_359' title='bbox 2466 1851 2625 1902; x_wconf 87' lang='lat' dir='ltr'>tanta</span> <span class='ocrx_word' id='word_1_360' title='bbox 2668 1848 3013 1919; x_wconf 83' lang='lat' dir='ltr'>proficiant?</span> <span class='ocrx_word' id='word_1_361' title='bbox 3058 1848 3201 1904; x_wconf 85' lang='lat' dir='ltr'>Fieri</span> <span class='ocrx_word' id='word_1_362' title='bbox 3253 1848 3416 1903; x_wconf 85' lang='lat' dir='ltr'>enim</span> <span class='ocrx_word' id='word_1_363' title='bbox 3467 1847 3572 1901; x_wconf 87' lang='lat' dir='ltr'>ista</span> <span class='ocrx_word' id='word_1_364' title='bbox 3618 1847 3703 1901; x_wconf 89' lang='lat' dir='ltr'>vel</span> <span class='ocrx_word' id='word_1_365' title='bbox 3742 1845 3806 1901; x_wconf 88' lang='lat' dir='ltr'>ad</span> 
     </span>
    </p>
   </div>
   <div class='ocr_carea' id='block_1_49' title="bbox 2183 1941 3807 2012">
    <p class='ocr_par' dir='ltr' id='par_1_49' title="bbox 2183 1941 3807 2012">
     <span class='ocr_line' id='line_1_49' title="bbox 2183 1941 3807 2012; baseline -0.001 -18"><span class='ocrx_word' id='word_1_366' title='bbox 2183 1941 2539 2012; x_wconf 85' lang='lat' dir='ltr'>disciplinam</span> <span class='ocrx_word' id='word_1_367' title='bbox 2571 1942 2992 1997; x_wconf 87' lang='lat' dir='ltr'>contumacium</span> <span class='ocrx_word' id='word_1_368' title='bbox 3026 1943 3114 1997; x_wconf 90' lang='lat' dir='ltr'>vel</span> <span class='ocrx_word' id='word_1_369' title='bbox 3149 1943 3216 1997; x_wconf 89' lang='lat' dir='ltr'>ad</span> <span class='ocrx_word' id='word_1_370' title='bbox 3258 1958 3495 2012; x_wconf 79' lang='lat' dir='ltr'>poenam</span> <span class='ocrx_word' id='word_1_371' title='bbox 3536 1941 3807 1995; x_wconf 86' lang='lat' dir='ltr'>malorum</span> 
     </span>
    </p>
   </div>
   <div class='ocr_carea' id='block_1_50' title="bbox 2181 2035 3804 2108">
    <p class='ocr_par' dir='ltr' id='par_1_50' title="bbox 2181 2035 3804 2108">
     <span class='ocr_line' id='line_1_50' title="bbox 2181 2035 3804 2108; baseline -0.001 -20"><span class='ocrx_word' id='word_1_372' title='bbox 2181 2036 2434 2089; x_wconf 88' lang='lat' dir='ltr'>declarat</span> <span class='ocrx_word' id='word_1_373' title='bbox 2482 2036 2540 2088; x_wconf 89' lang='lat' dir='ltr'>in</span> <span class='ocrx_word' id='word_1_374' title='bbox 2593 2036 2899 2108; x_wconf 89' lang='lat' dir='ltr'>Scripturis</span> <span class='ocrx_word' id='word_1_375' title='bbox 2952 2036 3161 2091; x_wconf 86' lang='lat' dir='ltr'>sanctis</span> <span class='ocrx_word' id='word_1_376' title='bbox 3215 2035 3374 2090; x_wconf 88' lang='lat' dir='ltr'>idem</span> <span class='ocrx_word' id='word_1_377' title='bbox 3405 2036 3558 2090; x_wconf 91' lang='lat' dir='ltr'>Deus</span> <span class='ocrx_word' id='word_1_378' title='bbox 3584 2035 3804 2089; x_wconf 87' lang='lat' dir='ltr'>dicens:</span> 
     </span>
    </p>
   </div>
   <div class='ocr_carea' id='block_1_51' title="bbox 2179 2126 3807 2196">
    <p class='ocr_par' dir='ltr' id='par_1_51' title="bbox 2179 2126 3807 2196">
     <span class='ocr_line' id='line_1_51' title="bbox 2179 2126 3807 2196; baseline -0.002 -16"><span class='ocrx_word' id='word_1_379' title='bbox 2179 2128 2304 2180; x_wconf 83' lang='lat' dir='ltr'>Sine</span> <span class='ocrx_word' id='word_1_380' title='bbox 2353 2140 2518 2179; x_wconf 81' lang='lat' dir='ltr'>causa</span> <span class='ocrx_word' id='word_1_381' title='bbox 2568 2129 2812 2196; x_wconf 81' lang='lat' dir='ltr'>percussi</span> <span class='ocrx_word' id='word_1_382' title='bbox 2852 2127 2991 2196; x_wconf 81' lang='lat' dir='ltr'>filios</span> <span class='ocrx_word' id='word_1_383' title='bbox 3037 2133 3264 2193; x_wconf 79' lang='lat' dir='ltr'>uestros,</span> <span class='ocrx_word' id='word_1_384' title='bbox 3315 2126 3671 2195; x_wconf 83' lang='lat' dir='ltr'>disciplinam</span> <span class='ocrx_word' id='word_1_385' title='bbox 3710 2139 3807 2177; x_wconf 87' lang='lat' dir='ltr'>non</span> 
     </span>
    </p>
   </div>
   <div class='ocr_carea' id='block_1_52' title="bbox 2182 2218 3805 2290">
    <p class='ocr_par' dir='ltr' id='par_1_52' title="bbox 2182 2218 3805 2290">
     <span class='ocr_line' id='line_1_52' title="bbox 2182 2218 3805 2290; baseline -0.001 -18"><span class='ocrx_word' id='word_1_386' title='bbox 2182 2225 2505 2288; x_wconf 65' lang='lat' dir='ltr'>exceperunt</span> <span class='ocrx_word' id='word_1_387' title='bbox 2559 2222 2794 2287; x_wconf 86' lang='lat' dir='ltr'>(Jerem.,</span> <span class='ocrx_word' id='word_1_388' title='bbox 2824 2237 2879 2288; x_wconf 92' lang='lat' dir='ltr'>n,</span> <span class='ocrx_word' id='word_1_389' title='bbox 2913 2223 3019 2289; x_wconf 90' lang='lat'>30).</span> <span class='ocrx_word' id='word_1_390' title='bbox 3053 2221 3122 2274; x_wconf 90' lang='lat' dir='ltr'>Et</span> <span class='ocrx_word' id='word_1_391' title='bbox 3159 2219 3451 2290; x_wconf 80' lang='lat' dir='ltr'>PrOpheta</span> <span class='ocrx_word' id='word_1_392' title='bbox 3489 2218 3718 2273; x_wconf 84' lang='lat' dir='ltr'>devotus</span> <span class='ocrx_word' id='word_1_393' title='bbox 3748 2232 3805 2270; x_wconf 85' lang='lat' dir='ltr'>ac</span> 
     </span>
    </p>
   </div>
   <div class='ocr_carea' id='block_1_53' title="bbox 2183 2311 3799 2385">
    <p class='ocr_par' dir='ltr' id='par_1_53' title="bbox 2183 2311 3799 2385">
     <span class='ocr_line' id='line_1_53' title="bbox 2183 2311 3799 2385; baseline -0.001 -21"><span class='ocrx_word' id='word_1_394' title='bbox 2183 2312 2400 2366; x_wconf 88' lang='lat' dir='ltr'>dicatus</span> <span class='ocrx_word' id='word_1_395' title='bbox 2450 2314 2561 2367; x_wconf 90' lang='lat' dir='ltr'>Deo</span> <span class='ocrx_word' id='word_1_396' title='bbox 2608 2314 2676 2367; x_wconf 86' lang='lat' dir='ltr'>ad</span> <span class='ocrx_word' id='word_1_397' title='bbox 2735 2314 2857 2368; x_wconf 66' lang='lat' dir='ltr'>hinc</span> <span class='ocrx_word' id='word_1_398' title='bbox 2911 2315 3107 2369; x_wconf 88' lang='lat' dir='ltr'>eadem</span> <span class='ocrx_word' id='word_1_399' title='bbox 3160 2313 3474 2385; x_wconf 80' lang='lat' dir='ltr'>respondet</span> <span class='ocrx_word' id='word_1_400' title='bbox 3527 2315 3583 2366; x_wconf 89' lang='lat' dir='ltr'>et</span> <span class='ocrx_word' id='word_1_401' title='bbox 3633 2311 3799 2364; x_wconf 86' lang='lat' dir='ltr'>dicit:</span> 
     </span>
    </p>
   </div>
   <div class='ocr_carea' id='block_1_54' title="bbox 2189 2406 3804 2477">
    <p class='ocr_par' dir='ltr' id='par_1_54' title="bbox 2189 2406 3804 2477">
     <span class='ocr_line' id='line_1_54' title="bbox 2189 2406 3804 2477; baseline -0.002 -16"><span class='ocrx_word' id='word_1_402' title='bbox 2189 2406 2498 2461; x_wconf 82' lang='lat' dir='ltr'>Vcrberasti</span> <span class='ocrx_word' id='word_1_403' title='bbox 2550 2422 2652 2469; x_wconf 87' lang='lat' dir='ltr'>eos,</span> <span class='ocrx_word' id='word_1_404' title='bbox 2705 2424 2799 2462; x_wconf 89' lang='lat' dir='ltr'>nec</span> <span class='ocrx_word' id='word_1_405' title='bbox 2852 2409 3184 2474; x_wconf 81' lang='lat' dir='ltr'>doluerunt;</span> <span class='ocrx_word' id='word_1_406' title='bbox 3234 2408 3535 2477; x_wconf 79' lang='lat' dir='ltr'>[tugetlasti</span> <span class='ocrx_word' id='word_1_407' title='bbox 3580 2421 3680 2471; x_wconf 76' lang='lat' dir='ltr'>eos,</span> <span class='ocrx_word' id='word_1_408' title='bbox 3721 2419 3804 2458; x_wconf 83' lang='lat' dir='ltr'>nec</span> 
     </span>
    </p>
   </div>
   <div class='ocr_carea' id='block_1_55' title="bbox 2181 2498 3798 2572">
    <p class='ocr_par' dir='ltr' id='par_1_55' title="bbox 2181 2498 3798 2572">
     <span class='ocr_line' id='line_1_55' title="bbox 2181 2498 3798 2572; baseline 0.001 -20"><span class='ocrx_word' id='word_1_409' title='bbox 2181 2501 2471 2555; x_wconf 79' lang='lat' dir='ltr'>voluerunt</span> <span class='ocrx_word' id='word_1_410' title='bbox 2507 2504 2746 2572; x_wconf 84' lang='lat' dir='ltr'>accipere</span> <span class='ocrx_word' id='word_1_411' title='bbox 2779 2502 2800 2536; x_wconf 75' lang='grc' dir='ltr'>θ</span> <span class='ocrx_word' id='word_1_412' title='bbox 2845 2501 2952 2569; x_wconf 78' lang='grc'>(18)</span> <span class='ocrx_word' id='word_1_413' title='bbox 2994 2502 3346 2571; x_wconf 85' lang='lat' dir='ltr'>disciplinam</span> <span class='ocrx_word' id='word_1_414' title='bbox 3395 2502 3630 2571; x_wconf 74' lang='lat' dir='ltr'>(Ierem,</span> <span class='ocrx_word' id='word_1_415' title='bbox 3657 2515 3705 2563; x_wconf 90' lang='lat' dir='ltr'>v,</span> <span class='ocrx_word' id='word_1_416' title='bbox 3733 2498 3798 2565; x_wconf 88' lang='grc'>3).</span> 
     </span>
    </p>
   </div>
   <div class='ocr_carea' id='block_1_56' title="bbox 2184 2590 3801 2667">
    <p class='ocr_par' dir='ltr' id='par_1_56' title="bbox 2184 2590 3801 2667">
     <span class='ocr_line' id='line_1_56' title="bbox 2184 2590 3801 2667; baseline -0.002 -20"><span class='ocrx_word' id='word_1_417' title='bbox 2184 2595 2321 2648; x_wconf 83' lang='lat' dir='ltr'>Ecce</span> <span class='ocrx_word' id='word_1_418' title='bbox 2378 2594 2708 2665; x_wconf 85' lang='lat' dir='ltr'>irrogantur</span> <span class='ocrx_word' id='word_1_419' title='bbox 2763 2595 3036 2650; x_wconf 86' lang='lat' dir='ltr'>divinitus</span> <span class='ocrx_word' id='word_1_420' title='bbox 3088 2596 3298 2667; x_wconf 74' lang='lat' dir='ltr'>plagae,</span> <span class='ocrx_word' id='word_1_421' title='bbox 3358 2601 3418 2649; x_wconf 89' lang='lat' dir='ltr'>et</span> <span class='ocrx_word' id='word_1_422' title='bbox 3478 2593 3663 2647; x_wconf 90' lang='lat' dir='ltr'>nullus</span> <span class='ocrx_word' id='word_1_423' title='bbox 3719 2590 3801 2644; x_wconf 87' lang='lat' dir='ltr'>Dei</span> 
     </span>
    </p>
   </div>
   <div class='ocr_carea' id='block_1_57' title="bbox 2185 2686 3799 2760">
    <p class='ocr_par' dir='ltr' id='par_1_57' title="bbox 2185 2686 3799 2760">
     <span class='ocr_line' id='line_1_57' title="bbox 2185 2686 3799 2760; baseline -0.002 -20"><span class='ocrx_word' id='word_1_424' title='bbox 2185 2691 2370 2741; x_wconf 86' lang='lat' dir='ltr'>metus</span> <span class='ocrx_word' id='word_1_425' title='bbox 2412 2694 2539 2743; x_wconf 85' lang='lat' dir='ltr'>est:</span> <span class='ocrx_word' id='word_1_426' title='bbox 2590 2705 2720 2744; x_wconf 89' lang='lat' dir='ltr'>ecce</span> <span class='ocrx_word' id='word_1_427' title='bbox 2763 2689 3000 2744; x_wconf 85' lang='lat' dir='ltr'>verbera</span> <span class='ocrx_word' id='word_1_428' title='bbox 3043 2690 3288 2760; x_wconf 89' lang='lat' dir='ltr'>desuper</span> <span class='ocrx_word' id='word_1_429' title='bbox 3334 2692 3394 2743; x_wconf 89' lang='lat' dir='ltr'>et</span> <span class='ocrx_word' id='word_1_430' title='bbox 3437 2686 3661 2758; x_wconf 85' lang='lat' dir='ltr'>ﬂagella</span> <span class='ocrx_word' id='word_1_431' title='bbox 3697 2701 3799 2738; x_wconf 88' lang='lat' dir='ltr'>non</span> 
     </span>
    </p>
   </div>
   <div class='ocr_carea' id='block_1_58' title="bbox 2185 2778 3799 2854">
    <p class='ocr_par' dir='ltr' id='par_1_58' title="bbox 2185 2778 3799 2854">
     <span class='ocr_line' id='line_1_58' title="bbox 2185 2778 3799 2854; baseline -0.004 -19"><span class='ocrx_word' id='word_1_432' title='bbox 2185 2781 2408 2849; x_wconf 89' lang='lat' dir='ltr'>desunt,</span> <span class='ocrx_word' id='word_1_433' title='bbox 2457 2786 2516 2836; x_wconf 91' lang='lat' dir='ltr'>et</span> <span class='ocrx_word' id='word_1_434' title='bbox 2561 2783 2863 2854; x_wconf 87' lang='lat' dir='ltr'>trepidatio</span> <span class='ocrx_word' id='word_1_435' title='bbox 2918 2783 3093 2851; x_wconf 84' lang='lat' dir='ltr'>nulla,</span> <span class='ocrx_word' id='word_1_436' title='bbox 3134 2783 3291 2837; x_wconf 87' lang='lat' dir='ltr'>nulla</span> <span class='ocrx_word' id='word_1_437' title='bbox 3341 2781 3588 2837; x_wconf 83' lang='lat' dir='ltr'>formido</span> <span class='ocrx_word' id='word_1_438' title='bbox 3634 2784 3715 2834; x_wconf 87' lang='lat' dir='ltr'>est</span> <span class='ocrx_word' id='word_1_439' title='bbox 3741 2778 3799 2829; x_wconf 80' lang='lat'>&#39;°.</span> 
     </span>
    </p>
   </div>
   <div class='ocr_carea' id='block_1_59' title="bbox 2185 2871 3798 2938">
    <p class='ocr_par' dir='ltr' id='par_1_59' title="bbox 2185 2871 3798 2938">
     <span class='ocr_line' id='line_1_59' title="bbox 2185 2871 3798 2938; baseline -0.004 -10"><span class='ocrx_word' id='word_1_440' title='bbox 2185 2874 2329 2938; x_wconf 91' lang='lat' dir='ltr'>Quid</span> <span class='ocrx_word' id='word_1_441' title='bbox 2378 2875 2425 2929; x_wconf 78' lang='lat' dir='ltr'>si</span> <span class='ocrx_word' id='word_1_442' title='bbox 2466 2892 2584 2931; x_wconf 90' lang='lat' dir='ltr'>non</span> <span class='ocrx_word' id='word_1_443' title='bbox 2632 2876 3017 2932; x_wconf 87' lang='lat' dir='ltr'>intercederet</span> <span class='ocrx_word' id='word_1_444' title='bbox 3068 2878 3238 2931; x_wconf 90' lang='lat' dir='ltr'>rebus</span> <span class='ocrx_word' id='word_1_445' title='bbox 3283 2875 3552 2931; x_wconf 85' lang='lat' dir='ltr'>humanis</span> <span class='ocrx_word' id='word_1_446' title='bbox 3586 2873 3667 2928; x_wconf 86' lang='lat' dir='ltr'>vel</span> <span class='ocrx_word' id='word_1_447' title='bbox 3708 2871 3798 2924; x_wconf 83' lang='lat' dir='ltr'>ista</span> 
     </span>
    </p>
   </div>
   <div class='ocr_carea' id='block_1_60' title="bbox 2185 2967 3801 3042">
    <p class='ocr_par' dir='ltr' id='par_1_60' title="bbox 2185 2967 3801 3042">
     <span class='ocr_line' id='line_1_60' title="bbox 2185 2967 3801 3042; baseline -0.002 -21"><span class='ocrx_word' id='word_1_448' title='bbox 2185 2984 2444 3037; x_wconf 89' lang='lat' dir='ltr'>censura,</span> <span class='ocrx_word' id='word_1_449' title='bbox 2489 2970 2718 3041; x_wconf 84' lang='lat' dir='ltr'>quando</span> <span class='ocrx_word' id='word_1_450' title='bbox 2747 2971 2931 3025; x_wconf 89' lang='lat' dir='ltr'>adhuc</span> <span class='ocrx_word' id='word_1_451' title='bbox 2962 2970 3146 3042; x_wconf 87' lang='lat' dir='ltr'>major</span> <span class='ocrx_word' id='word_1_452' title='bbox 3192 2973 3248 3024; x_wconf 91' lang='lat' dir='ltr'>in</span> <span class='ocrx_word' id='word_1_453' title='bbox 3298 2968 3629 3025; x_wconf 85' lang='lat' dir='ltr'>hominibus</span> <span class='ocrx_word' id='word_1_454' title='bbox 3669 2967 3801 3020; x_wconf 86' lang='lat' dir='ltr'>esset</span> 
     </span>
    </p>
   </div>
   <div class='ocr_carea' id='block_1_61' title="bbox 2183 3061 3586 3136">
    <p class='ocr_par' dir='ltr' id='par_1_61' title="bbox 2183 3061 3586 3136">
     <span class='ocr_line' id='line_1_61' title="bbox 2183 3061 3586 3136; baseline 0.001 -21"><span class='ocrx_word' id='word_1_455' title='bbox 2183 3061 2443 3131; x_wconf 82' lang='lat' dir='ltr'>audacia,</span> <span class='ocrx_word' id='word_1_456' title='bbox 2476 3063 2805 3119; x_wconf 86' lang='lat' dir='ltr'>facinorum</span> <span class='ocrx_word' id='word_1_457' title='bbox 2838 3065 3180 3136; x_wconf 88' lang='lat' dir='ltr'>impunitate</span> <span class='ocrx_word' id='word_1_458' title='bbox 3207 3066 3312 3135; x_wconf 75' lang='lat'>(19)</span> <span class='ocrx_word' id='word_1_459' title='bbox 3344 3062 3586 3120; x_wconf 83' lang='lat' dir='ltr'>secura?</span> 
     </span>
    </p>
   </div>
   <div class='ocr_carea' id='block_1_62' title="bbox 451 3144 3791 3234">
    <p class='ocr_par' dir='ltr' id='par_1_62' title="bbox 451 3144 3791 3234">
     <span class='ocr_line' id='line_1_62' title="bbox 451 3144 3791 3234; baseline -0.003 -15"><span class='ocrx_word' id='word_1_460' title='bbox 451 3168 564 3221; x_wconf 85' lang='lat' dir='ltr'>lare</span> <span class='ocrx_word' id='word_1_461' title='bbox 600 3169 718 3234; x_wconf 85' lang='lat' dir='ltr'>post</span> <span class='ocrx_word' id='word_1_462' title='bbox 765 3162 889 3216; x_wconf 82' lang='lat' dir='ltr'>deos</span> <span class='ocrx_word' id='word_1_463' title='bbox 939 3161 1142 3213; x_wconf 83' lang='lat' dir='ltr'>alienos</span> <span class='ocrx_word' id='word_1_464' title='bbox 1169 3165 1228 3211; x_wconf 87' lang='lat' dir='ltr'>ut</span> <span class='ocrx_word' id='word_1_465' title='bbox 1270 3159 1522 3212; x_wconf 83' lang='lat' dir='ltr'>serciatis</span> <span class='ocrx_word' id='word_1_466' title='bbox 1553 3160 1646 3219; x_wconf 84' lang='lat' dir='ltr'>eis,</span> <span class='ocrx_word' id='word_1_467' title='bbox 1676 3164 1725 3211; x_wconf 83' lang='lat' dir='ltr'>et</span> <span class='ocrx_word' id='word_1_468' title='bbox 1767 3173 1832 3212; x_wconf 88' lang='lat' dir='ltr'>ne</span> <span class='ocrx_word' id='word_1_469' title='bbox 1876 3158 2074 3211; x_wconf 85' lang='lat' dir='ltr'>adora-</span> <span class='ocrx_word' id='word_1_470' title='bbox 2103 3144 2159 3217; x_wconf 83' lang='lat' dir='ltr'><strong>C</strong></span> <span class='ocrx_word' id='word_1_471' title='bbox 2261 3158 2391 3212; x_wconf 86' lang='lat' dir='ltr'>VIII.</span> <span class='ocrx_word' id='word_1_472' title='bbox 2443 3157 2711 3221; x_wconf 86' lang='lat' dir='ltr'>Quereris</span> <span class='ocrx_word' id='word_1_473' title='bbox 2774 3159 2925 3230; x_wconf 90' lang='lat' dir='ltr'>quod</span> <span class='ocrx_word' id='word_1_474' title='bbox 2995 3159 3184 3214; x_wconf 89' lang='lat' dir='ltr'>minus</span> <span class='ocrx_word' id='word_1_475' title='bbox 3241 3175 3397 3213; x_wconf 89' lang='lat' dir='ltr'>nunc</span> <span class='ocrx_word' id='word_1_476' title='bbox 3462 3156 3563 3213; x_wconf 88' lang='lat' dir='ltr'>tibi</span> <span class='ocrx_word' id='word_1_477' title='bbox 3610 3154 3791 3208; x_wconf 85' lang='lat' dir='ltr'>uberes</span> 
     </span>
    </p>
   </div>
   <div class='ocr_carea' id='block_1_63' title="bbox 446 3251 2073 3323">
    <p class='ocr_par' dir='ltr' id='par_1_63' title="bbox 446 3251 2073 3323">
     <span class='ocr_line' id='line_1_63' title="bbox 446 3251 2073 3323; baseline -0.007 -8"><span class='ocrx_word' id='word_1_478' title='bbox 446 3260 634 3315; x_wconf 80' lang='lat' dir='ltr'>veritis</span> <span class='ocrx_word' id='word_1_479' title='bbox 664 3272 780 3323; x_wconf 89' lang='lat' dir='ltr'>eos;</span> <span class='ocrx_word' id='word_1_480' title='bbox 812 3260 861 3309; x_wconf 87' lang='lat' dir='ltr'>et</span> <span class='ocrx_word' id='word_1_481' title='bbox 900 3269 965 3307; x_wconf 85' lang='lat' dir='ltr'>ne</span> <span class='ocrx_word' id='word_1_482' title='bbox 1004 3254 1239 3307; x_wconf 75' lang='lat' dir='ltr'>incitatis</span> <span class='ocrx_word' id='word_1_483' title='bbox 1266 3252 1286 3284; x_wconf 78' lang='grc'>⁸</span> <span class='ocrx_word' id='word_1_484' title='bbox 1312 3267 1393 3306; x_wconf 87' lang='lat' dir='ltr'>me</span> <span class='ocrx_word' id='word_1_485' title='bbox 1429 3254 1490 3305; x_wconf 88' lang='lat' dir='ltr'>in</span> <span class='ocrx_word' id='word_1_486' title='bbox 1523 3251 1771 3321; x_wconf 81' lang='lat' dir='ltr'>operibus</span> <span class='ocrx_word' id='word_1_487' title='bbox 1810 3266 2073 3304; x_wconf 87' lang='lat' dir='ltr'>manuum</span> 
     </span>
    </p>
   </div>
   <div class='ocr_carea' id='block_1_64' title="bbox 444 3344 2069 3416">
    <p class='ocr_par' dir='ltr' id='par_1_64' title="bbox 444 3344 2069 3416">
     <span class='ocr_line' id='line_1_64' title="bbox 444 3344 2069 3416; baseline -0.007 -8"><span class='ocrx_word' id='word_1_488' title='bbox 444 3359 747 3408; x_wconf 80' lang='lat' dir='ltr'>vestrarum</span> <span class='ocrx_word' id='word_1_489' title='bbox 807 3348 879 3402; x_wconf 81' lang='lat' dir='ltr'>ad</span> <span class='ocrx_word' id='word_1_490' title='bbox 930 3346 1312 3416; x_wconf 81' lang='lat' dir='ltr'>disperdendos</span> <span class='ocrx_word' id='word_1_491' title='bbox 1361 3361 1451 3399; x_wconf 78' lang='lat' dir='ltr'>vos</span> <span class='ocrx_word' id='word_1_492' title='bbox 1524 3346 1760 3415; x_wconf 78' lang='lat' dir='ltr'>(Jcrem.,</span> <span class='ocrx_word' id='word_1_493' title='bbox 1811 3359 1939 3407; x_wconf 83' lang='lat' dir='ltr'>xxv,</span> <span class='ocrx_word' id='word_1_494' title='bbox 1996 3344 2069 3414; x_wconf 87' lang='lat'>6).</span> 
     </span>
    </p>
   </div>
   <div class='ocr_carea' id='block_1_65' title="bbox 450 3438 2075 3517">
    <p class='ocr_par' dir='ltr' id='par_1_65' title="bbox 450 3438 2075 3517">
     <span class='ocr_line' id='line_1_65' title="bbox 450 3438 2075 3517; baseline -0.007 -16"><span class='ocrx_word' id='word_1_495' title='bbox 450 3445 736 3517; x_wconf 80' lang='lat' dir='ltr'>PrOplieta</span> <span class='ocrx_word' id='word_1_496' title='bbox 794 3442 932 3495; x_wconf 91' lang='lat' dir='ltr'>item</span> <span class='ocrx_word' id='word_1_497' title='bbox 988 3439 1197 3510; x_wconf 88' lang='lat' dir='ltr'>Spiritu</span> <span class='ocrx_word' id='word_1_498' title='bbox 1247 3443 1441 3492; x_wconf 89' lang='lat' dir='ltr'>sancto</span> <span class='ocrx_word' id='word_1_499' title='bbox 1485 3438 1684 3508; x_wconf 89' lang='lat' dir='ltr'>plenus</span> <span class='ocrx_word' id='word_1_500' title='bbox 1729 3441 2075 3491; x_wconf 87' lang='lat' dir='ltr'>contestatur</span> 
     </span>
    </p>
   </div>
   <div class='ocr_carea' id='block_1_66' title="bbox 451 3532 2077 3595">
    <p class='ocr_par' dir='ltr' id='par_1_66' title="bbox 451 3532 2077 3595">
     <span class='ocr_line' id='line_1_66' title="bbox 451 3532 2077 3595; baseline -0.006 0"><span class='ocrx_word' id='word_1_501' title='bbox 451 3549 505 3595; x_wconf 90' lang='lat' dir='ltr'>et</span> <span class='ocrx_word' id='word_1_502' title='bbox 548 3537 841 3594; x_wconf 87' lang='lat' dir='ltr'>denuntiat</span> <span class='ocrx_word' id='word_1_503' title='bbox 875 3535 1020 3588; x_wconf 88' lang='lat' dir='ltr'>iram</span> <span class='ocrx_word' id='word_1_504' title='bbox 1062 3532 1163 3586; x_wconf 88' lang='lat' dir='ltr'>Dei</span> <span class='ocrx_word' id='word_1_505' title='bbox 1209 3532 1445 3586; x_wconf 88' lang='lat' dir='ltr'>dicens:</span> <span class='ocrx_word' id='word_1_506' title='bbox 1485 3535 1606 3587; x_wconf 68' lang='lat' dir='ltr'>Haec</span> <span class='ocrx_word' id='word_1_507' title='bbox 1646 3532 1781 3585; x_wconf 84' lang='lat' dir='ltr'>dicit</span> <span class='ocrx_word' id='word_1_508' title='bbox 1818 3534 2077 3585; x_wconf 86' lang='lat' dir='ltr'>Dominus</span> 
     </span>
    </p>
   </div>
   <div class='ocr_carea' id='block_1_67' title="bbox 451 3625 2077 3703">
    <p class='ocr_par' dir='ltr' id='par_1_67' title="bbox 451 3625 2077 3703">
     <span class='ocr_line' id='line_1_67' title="bbox 451 3625 2077 3703; baseline -0.006 -14"><span class='ocrx_word' id='word_1_509' title='bbox 451 3636 783 3703; x_wconf 86' lang='lat' dir='ltr'>omnipotens</span> <span class='ocrx_word' id='word_1_510' title='bbox 825 3649 839 3683; x_wconf 89' lang='lat'><strong><em>:</em></strong></span> <span class='ocrx_word' id='word_1_511' title='bbox 896 3632 970 3683; x_wconf 89' lang='lat' dir='ltr'>Eo</span> <span class='ocrx_word' id='word_1_512' title='bbox 1016 3627 1161 3697; x_wconf 86' lang='lat' dir='ltr'>quod</span> <span class='ocrx_word' id='word_1_513' title='bbox 1205 3626 1394 3680; x_wconf 86' lang='lat' dir='ltr'>dom-us</span> <span class='ocrx_word' id='word_1_514' title='bbox 1431 3642 1549 3680; x_wconf 82' lang='lat' dir='ltr'>mea</span> <span class='ocrx_word' id='word_1_515' title='bbox 1588 3625 1801 3679; x_wconf 79' lang='lat' dir='ltr'>deserta</span> <span class='ocrx_word' id='word_1_516' title='bbox 1845 3631 1942 3692; x_wconf 86' lang='lat' dir='ltr'>est,</span> <span class='ocrx_word' id='word_1_517' title='bbox 1987 3641 2077 3679; x_wconf 76' lang='lat' dir='ltr'>vos</span> 
     </span>
    </p>
   </div>
   <div class='ocr_carea' id='block_1_68' title="bbox 452 3719 2075 3790">
    <p class='ocr_par' dir='ltr' id='par_1_68' title="bbox 452 3719 2075 3790">
     <span class='ocr_line' id='line_1_68' title="bbox 452 3719 2075 3790; baseline -0.007 -8"><span class='ocrx_word' id='word_1_518' title='bbox 452 3734 633 3782; x_wconf 83' lang='lat' dir='ltr'>autem</span> <span class='ocrx_word' id='word_1_519' title='bbox 656 3723 935 3780; x_wconf 84' lang='lat' dir='ltr'>sectamini</span> <span class='ocrx_word' id='word_1_520' title='bbox 962 3723 1326 3790; x_wconf 56' lang='lat' dir='ltr'>uitiisjuisque</span> <span class='ocrx_word' id='word_1_521' title='bbox 1351 3722 1409 3772; x_wconf 88' lang='lat' dir='ltr'>in</span> <span class='ocrx_word' id='word_1_522' title='bbox 1450 3719 1668 3774; x_wconf 87' lang='lat' dir='ltr'>domum</span> <span class='ocrx_word' id='word_1_523' title='bbox 1699 3734 1876 3785; x_wconf 81' lang='lat' dir='ltr'>suam,</span> <span class='ocrx_word' id='word_1_524' title='bbox 1904 3735 2075 3788; x_wconf 81' lang='lat' dir='ltr'>prop-</span> 
     </span>
    </p>
   </div>
   <div class='ocr_carea' id='block_1_69' title="bbox 454 3813 2079 3878">
    <p class='ocr_par' dir='ltr' id='par_1_69' title="bbox 454 3813 2079 3878">
     <span class='ocr_line' id='line_1_69' title="bbox 454 3813 2079 3878; baseline -0.005 -3"><span class='ocrx_word' id='word_1_525' title='bbox 454 3829 595 3876; x_wconf 78' lang='lat' dir='ltr'>terea</span> <span class='ocrx_word' id='word_1_526' title='bbox 641 3816 931 3872; x_wconf 78' lang='lat' dir='ltr'>abstinebit</span> <span class='ocrx_word' id='word_1_527' title='bbox 976 3816 1163 3868; x_wconf 69' lang='lat' dir='ltr'>cirlum</span> <span class='ocrx_word' id='word_1_528' title='bbox 1204 3830 1236 3867; x_wconf 89' lang='lat' dir='ltr'>a</span> <span class='ocrx_word' id='word_1_529' title='bbox 1287 3828 1427 3878; x_wconf 85' lang='lat' dir='ltr'>rore,</span> <span class='ocrx_word' id='word_1_530' title='bbox 1471 3818 1520 3867; x_wconf 87' lang='lat' dir='ltr'>et</span> <span class='ocrx_word' id='word_1_531' title='bbox 1570 3817 1716 3866; x_wconf 83' lang='lat' dir='ltr'>terra</span> <span class='ocrx_word' id='word_1_532' title='bbox 1757 3813 2079 3868; x_wconf 73' lang='lat' dir='ltr'>subtrahet&quot;</span> 
     </span>
    </p>
   </div>
   <div class='ocr_carea' id='block_1_70' title="bbox 448 3907 2077 3985">
    <p class='ocr_par' dir='ltr' id='par_1_70' title="bbox 448 3907 2077 3985">
     <span class='ocr_line' id='line_1_70' title="bbox 448 3907 2077 3985; baseline -0.006 -16"><span class='ocrx_word' id='word_1_533' title='bbox 448 3914 849 3985; x_wconf 78' lang='lat' dir='ltr'>procreationes</span> <span class='ocrx_word' id='word_1_534' title='bbox 894 3925 1042 3971; x_wconf 84' lang='lat' dir='ltr'>suas,</span> <span class='ocrx_word' id='word_1_535' title='bbox 1073 3914 1121 3961; x_wconf 85' lang='lat' dir='ltr'>et</span> <span class='ocrx_word' id='word_1_536' title='bbox 1174 3907 1430 3961; x_wconf 83' lang='lat' dir='ltr'>inducam</span> <span class='ocrx_word' id='word_1_537' title='bbox 1479 3907 1727 3975; x_wconf 86' lang='lat' dir='ltr'>gladium</span> <span class='ocrx_word' id='word_1_538' title='bbox 1771 3922 1929 3976; x_wconf 73' lang='lat' dir='ltr'>super</span> <span class='ocrx_word' id='word_1_539' title='bbox 1972 3913 2077 3961; x_wconf 82' lang='lat' dir='ltr'>lcr-</span> 
     </span>
    </p>
   </div>
   <div class='ocr_carea' id='block_1_71' title="bbox 453 4003 2084 4074">
    <p class='ocr_par' dir='ltr' id='par_1_71' title="bbox 453 4003 2084 4074">
     <span class='ocr_line' id='line_1_71' title="bbox 453 4003 2084 4074; baseline -0.007 -11"><span class='ocrx_word' id='word_1_540' title='bbox 453 4025 572 4063; x_wconf 83' lang='lat' dir='ltr'>rmn</span> <span class='ocrx_word' id='word_1_541' title='bbox 625 4012 673 4061; x_wconf 84' lang='lat' dir='ltr'>et</span> <span class='ocrx_word' id='word_1_542' title='bbox 718 4019 879 4074; x_wconf 80' lang='lat' dir='ltr'>super</span> <span class='ocrx_word' id='word_1_543' title='bbox 919 4005 1253 4070; x_wconf 82' lang='lat' dir='ltr'>frumentum</span> <span class='ocrx_word' id='word_1_544' title='bbox 1300 4006 1349 4054; x_wconf 87' lang='lat' dir='ltr'>et</span> <span class='ocrx_word' id='word_1_545' title='bbox 1394 4016 1555 4069; x_wconf 80' lang='lat' dir='ltr'>super</span> <span class='ocrx_word' id='word_1_546' title='bbox 1597 4003 1785 4053; x_wconf 78' lang='lat' dir='ltr'>vinum</span> <span class='ocrx_word' id='word_1_547' title='bbox 1836 4005 1885 4054; x_wconf 82' lang='lat' dir='ltr'>et</span> <span class='ocrx_word' id='word_1_548' title='bbox 1923 4016 2084 4069; x_wconf 85' lang='lat' dir='ltr'>super</span> 
     </span>
    </p>
   </div>
   <div class='ocr_carea' id='block_1_72' title="bbox 457 4095 2085 4167">
    <p class='ocr_par' dir='ltr' id='par_1_72' title="bbox 457 4095 2085 4167">
     <span class='ocr_line' id='line_1_72' title="bbox 457 4095 2085 4167; baseline -0.005 -11"><span class='ocrx_word' id='word_1_549' title='bbox 457 4104 649 4163; x_wconf 81' lang='lat' dir='ltr'>oleum,</span> <span class='ocrx_word' id='word_1_550' title='bbox 702 4105 751 4154; x_wconf 85' lang='lat' dir='ltr'>et</span> <span class='ocrx_word' id='word_1_551' title='bbox 796 4095 959 4167; x_wconf 79' lang='lat' dir='ltr'>super</span> <span class='ocrx_word' id='word_1_552' title='bbox 1015 4098 1249 4150; x_wconf 84' lang='lat' dir='ltr'>homines</span> <span class='ocrx_word' id='word_1_553' title='bbox 1291 4101 1341 4149; x_wconf 84' lang='lat' dir='ltr'>et</span> <span class='ocrx_word' id='word_1_554' title='bbox 1387 4109 1548 4164; x_wconf 84' lang='lat' dir='ltr'>super</span> <span class='ocrx_word' id='word_1_555' title='bbox 1597 4110 1807 4163; x_wconf 81' lang='lat' dir='ltr'>pecora,</span> <span class='ocrx_word' id='word_1_556' title='bbox 1841 4100 1889 4148; x_wconf 81' lang='lat' dir='ltr'>et</span> <span class='ocrx_word' id='word_1_557' title='bbox 1924 4109 2085 4163; x_wconf 87' lang='lat' dir='ltr'>super</span> 
     </span>
    </p>
   </div>
   <div class='ocr_carea' id='block_1_73' title="bbox 460 4188 2082 4267">
    <p class='ocr_par' dir='ltr' id='par_1_73' title="bbox 460 4188 2082 4267">
     <span class='ocr_line' id='line_1_73' title="bbox 460 4188 2082 4267; baseline -0.004 -20"><span class='ocrx_word' id='word_1_558' title='bbox 460 4192 650 4267; x_wconf 81' lang='grc'>549</span> <span class='ocrx_word' id='word_1_559' title='bbox 679 4208 854 4247; x_wconf 70' lang='lat' dir='ltr'>omnes</span> <span class='ocrx_word' id='word_1_560' title='bbox 886 4191 1090 4243; x_wconf 81' lang='lat' dir='ltr'>labores</span> <span class='ocrx_word' id='word_1_561' title='bbox 1121 4204 1381 4242; x_wconf 88' lang='lat' dir='ltr'>manuum</span> <span class='ocrx_word' id='word_1_562' title='bbox 1417 4204 1598 4242; x_wconf 85' lang='lat' dir='ltr'>eorum</span> <span class='ocrx_word' id='word_1_563' title='bbox 1628 4189 1814 4256; x_wconf 80' lang='lat' dir='ltr'>(Agg.,</span> <span class='ocrx_word' id='word_1_564' title='bbox 1845 4204 1883 4252; x_wconf 85' lang='grc' dir='ltr'>ι,</span> <span class='ocrx_word' id='word_1_565' title='bbox 1916 4188 2082 4258; x_wconf 86' lang='lat' dir='ltr'>9-H).</span> 
     </span>
    </p>
   </div>
   <div class='ocr_carea' id='block_1_74' title="bbox 457 4281 2089 4357">
    <p class='ocr_par' dir='ltr' id='par_1_74' title="bbox 457 4281 2089 4357">
     <span class='ocr_line' id='line_1_74' title="bbox 457 4281 2089 4357; baseline -0.005 -15"><span class='ocrx_word' id='word_1_566' title='bbox 457 4291 598 4342; x_wconf 85' lang='lat' dir='ltr'>Item</span> <span class='ocrx_word' id='word_1_567' title='bbox 656 4285 938 4357; x_wconf 84' lang='lat' dir='ltr'>propheta</span> <span class='ocrx_word' id='word_1_568' title='bbox 988 4283 1128 4336; x_wconf 86' lang='lat' dir='ltr'>alius</span> <span class='ocrx_word' id='word_1_569' title='bbox 1182 4281 1388 4352; x_wconf 88' lang='lat' dir='ltr'>repetit</span> <span class='ocrx_word' id='word_1_570' title='bbox 1432 4284 1489 4335; x_wconf 89' lang='lat' dir='ltr'>et</span> <span class='ocrx_word' id='word_1_571' title='bbox 1542 4281 1677 4336; x_wconf 89' lang='lat' dir='ltr'>dicit</span> <span class='ocrx_word' id='word_1_572' title='bbox 1718 4300 1731 4335; x_wconf 93' lang='lat'><strong>:</strong></span> <span class='ocrx_word' id='word_1_573' title='bbox 1783 4284 1849 4335; x_wconf 86' lang='lat' dir='ltr'>Et</span> <span class='ocrx_word' id='word_1_574' title='bbox 1892 4281 2089 4351; x_wconf 86' lang='lat' dir='ltr'>pluam</span> 
     </span>
    </p>
   </div>
   <div class='ocr_carea' id='block_1_75' title="bbox 456 4372 2088 4452">
    <p class='ocr_par' dir='ltr' id='par_1_75' title="bbox 456 4372 2088 4452">
     <span class='ocr_line' id='line_1_75' title="bbox 456 4372 2088 4452; baseline -0.005 -15"><span class='ocrx_word' id='word_1_575' title='bbox 456 4398 617 4452; x_wconf 83' lang='lat' dir='ltr'>super</span> <span class='ocrx_word' id='word_1_576' title='bbox 688 4395 855 4434; x_wconf 85' lang='lat' dir='ltr'>unam</span> <span class='ocrx_word' id='word_1_577' title='bbox 931 4379 1203 4431; x_wconf 77' lang='lat' dir='ltr'>civitatem</span> <span class='ocrx_word' id='word_1_578' title='bbox 1233 4417 1248 4438; x_wconf 89' lang='lat'>,</span> <span class='ocrx_word' id='word_1_579' title='bbox 1317 4380 1367 4429; x_wconf 85' lang='lat' dir='ltr'>et</span> <span class='ocrx_word' id='word_1_580' title='bbox 1443 4390 1607 4445; x_wconf 82' lang='lat' dir='ltr'>super</span> <span class='ocrx_word' id='word_1_581' title='bbox 1681 4375 1849 4430; x_wconf 87' lang='lat' dir='ltr'>aliam</span> <span class='ocrx_word' id='word_1_582' title='bbox 1903 4372 1924 4407; x_wconf 86' lang='grc'><strong>⁷</strong></span> <span class='ocrx_word' id='word_1_583' title='bbox 1981 4391 2088 4429; x_wconf 86' lang='lat' dir='ltr'>non</span> 
     </span>
    </p>
   </div>
   <div class='ocr_carea' id='block_1_76' title="bbox 2173 3249 3792 3324">
    <p class='ocr_par' dir='ltr' id='par_1_76' title="bbox 2173 3249 3792 3324">
     <span class='ocr_line' id='line_1_76' title="bbox 2173 3249 3792 3324; baseline -0.003 -21"><span class='ocrx_word' id='word_1_584' title='bbox 2173 3250 2362 3304; x_wconf 80' lang='lat' dir='ltr'>fontes</span> <span class='ocrx_word' id='word_1_585' title='bbox 2390 3256 2448 3305; x_wconf 89' lang='lat' dir='ltr'>et</span> <span class='ocrx_word' id='word_1_586' title='bbox 2489 3268 2643 3306; x_wconf 75' lang='lat' dir='ltr'>aurae</span> <span class='ocrx_word' id='word_1_587' title='bbox 2672 3253 2927 3308; x_wconf 86' lang='lat' dir='ltr'>salubres</span> <span class='ocrx_word' id='word_1_588' title='bbox 2971 3256 3028 3308; x_wconf 88' lang='lat' dir='ltr'>et</span> <span class='ocrx_word' id='word_1_589' title='bbox 3058 3252 3333 3324; x_wconf 87' lang='lat' dir='ltr'>frequens</span> <span class='ocrx_word' id='word_1_590' title='bbox 3377 3250 3565 3324; x_wconf 86' lang='lat' dir='ltr'>pluvia</span> <span class='ocrx_word' id='word_1_591' title='bbox 3601 3253 3655 3304; x_wconf 89' lang='lat' dir='ltr'>et</span> <span class='ocrx_word' id='word_1_592' title='bbox 3695 3249 3792 3301; x_wconf 81' lang='lat' dir='ltr'>fer-</span> 
     </span>
    </p>
   </div>
   <div class='ocr_carea' id='block_1_77' title="bbox 2174 3339 3797 3418">
    <p class='ocr_par' dir='ltr' id='par_1_77' title="bbox 2174 3339 3797 3418">
     <span class='ocr_line' id='line_1_77' title="bbox 2174 3339 3797 3418; baseline 0.001 -23"><span class='ocrx_word' id='word_1_593' title='bbox 2174 3342 2286 3396; x_wconf 90' lang='lat' dir='ltr'>tilis</span> <span class='ocrx_word' id='word_1_594' title='bbox 2350 3350 2503 3400; x_wconf 88' lang='lat' dir='ltr'>terra</span> <span class='ocrx_word' id='word_1_595' title='bbox 2567 3346 2911 3418; x_wconf 89' lang='lat' dir='ltr'>obsequium</span> <span class='ocrx_word' id='word_1_596' title='bbox 2976 3346 3306 3418; x_wconf 82' lang='lat' dir='ltr'>praebeant,</span> <span class='ocrx_word' id='word_1_597' title='bbox 3362 3345 3513 3418; x_wconf 88' lang='lat' dir='ltr'>quod</span> <span class='ocrx_word' id='word_1_598' title='bbox 3569 3358 3678 3398; x_wconf 90' lang='lat' dir='ltr'>non</span> <span class='ocrx_word' id='word_1_599' title='bbox 3728 3339 3797 3391; x_wconf 77' lang='lat' dir='ltr'>ita</span> 
     </span>
    </p>
   </div>
   <div class='ocr_carea' id='block_1_78' title="bbox 2179 3435 3791 3511">
    <p class='ocr_par' dir='ltr' id='par_1_78' title="bbox 2179 3435 3791 3511">
     <span class='ocr_line' id='line_1_78' title="bbox 2179 3435 3791 3511; baseline -0.001 -23"><span class='ocrx_word' id='word_1_600' title='bbox 2179 3436 2519 3493; x_wconf 85' lang='lat' dir='ltr'>utilitatibus</span> <span class='ocrx_word' id='word_1_601' title='bbox 2580 3441 2692 3494; x_wconf 90' lang='lat' dir='ltr'>tuis</span> <span class='ocrx_word' id='word_1_602' title='bbox 2743 3447 2801 3495; x_wconf 87' lang='lat' dir='ltr'>et</span> <span class='ocrx_word' id='word_1_603' title='bbox 2854 3441 3234 3511; x_wconf 73' lang='lat' dir='ltr'>voluptatibus</span> <span class='ocrx_word' id='word_1_604' title='bbox 3287 3442 3573 3495; x_wconf 87' lang='lat' dir='ltr'>elementa</span> <span class='ocrx_word' id='word_1_605' title='bbox 3621 3435 3791 3489; x_wconf 88' lang='lat' dir='ltr'>deser-</span> 
     </span>
    </p>
   </div>
   <div class='ocr_carea' id='block_1_79' title="bbox 2180 3530 3798 3607">
    <p class='ocr_par' dir='ltr' id='par_1_79' title="bbox 2180 3530 3798 3607">
     <span class='ocr_line' id='line_1_79' title="bbox 2180 3530 3798 3607; baseline 0.001 -24"><span class='ocrx_word' id='word_1_606' title='bbox 2180 3530 2462 3587; x_wconf 86' lang='lat' dir='ltr'>viant.Tu</span> <span class='ocrx_word' id='word_1_607' title='bbox 2514 3534 2666 3588; x_wconf 88' lang='lat' dir='ltr'>enim</span> <span class='ocrx_word' id='word_1_608' title='bbox 2715 3535 2833 3589; x_wconf 89' lang='lat' dir='ltr'>Deo</span> <span class='ocrx_word' id='word_1_609' title='bbox 2883 3533 3075 3607; x_wconf 86' lang='grc'>550</span> <span class='ocrx_word' id='word_1_610' title='bbox 3118 3534 3296 3589; x_wconf 86' lang='lat' dir='ltr'>servis</span> <span class='ocrx_word' id='word_1_611' title='bbox 3347 3535 3479 3603; x_wconf 74' lang='lat'>(‘20),</span> <span class='ocrx_word' id='word_1_612' title='bbox 3508 3548 3607 3603; x_wconf 88' lang='lat' dir='ltr'>per</span> <span class='ocrx_word' id='word_1_613' title='bbox 3650 3541 3798 3600; x_wconf 71' lang='lat' dir='ltr'>quem</span> 
     </span>
    </p>
   </div>
   <div class='ocr_carea' id='block_1_80' title="bbox 2179 3622 3795 3697">
    <p class='ocr_par' dir='ltr' id='par_1_80' title="bbox 2179 3622 3795 3697">
     <span class='ocr_line' id='line_1_80' title="bbox 2179 3622 3795 3697; baseline -0.001 -20"><span class='ocrx_word' id='word_1_614' title='bbox 2179 3624 2278 3678; x_wconf 87' lang='lat' dir='ltr'>tibi</span> <span class='ocrx_word' id='word_1_615' title='bbox 2332 3632 2536 3680; x_wconf 87' lang='lat' dir='ltr'>cuncta</span> <span class='ocrx_word' id='word_1_616' title='bbox 2595 3628 2958 3695; x_wconf 87' lang='lat' dir='ltr'>deserviunt;</span> <span class='ocrx_word' id='word_1_617' title='bbox 3016 3628 3310 3683; x_wconf 86' lang='lat' dir='ltr'>famularis</span> <span class='ocrx_word' id='word_1_618' title='bbox 3367 3627 3479 3697; x_wconf 79' lang='lat'>(2|)</span> <span class='ocrx_word' id='word_1_619' title='bbox 3534 3626 3605 3679; x_wconf 90' lang='lat' dir='ltr'>illi</span> <span class='ocrx_word' id='word_1_620' title='bbox 3657 3622 3795 3691; x_wconf 78' lang='lat' dir='ltr'>cujus</span> 
     </span>
    </p>
   </div>
   <div class='ocr_carea' id='block_1_81' title="bbox 2179 3720 3796 3794">
    <p class='ocr_par' dir='ltr' id='par_1_81' title="bbox 2179 3720 3796 3794">
     <span class='ocr_line' id='line_1_81' title="bbox 2179 3720 3796 3794; baseline -0.003 -22"><span class='ocrx_word' id='word_1_621' title='bbox 2179 3725 2322 3773; x_wconf 90' lang='lat' dir='ltr'>nutu</span> <span class='ocrx_word' id='word_1_622' title='bbox 2368 3720 2471 3773; x_wconf 88' lang='lat' dir='ltr'>tibi</span> <span class='ocrx_word' id='word_1_623' title='bbox 2518 3721 2778 3777; x_wconf 88' lang='lat' dir='ltr'>universa</span> <span class='ocrx_word' id='word_1_624' title='bbox 2822 3722 3196 3777; x_wconf 85' lang='lat' dir='ltr'>famulantur.</span> <span class='ocrx_word' id='word_1_625' title='bbox 3237 3724 3357 3794; x_wconf 87' lang='lat' dir='ltr'>Ipse</span> <span class='ocrx_word' id='word_1_626' title='bbox 3409 3722 3479 3776; x_wconf 88' lang='lat' dir='ltr'>de</span> <span class='ocrx_word' id='word_1_627' title='bbox 3515 3733 3670 3773; x_wconf 87' lang='lat' dir='ltr'>servo</span> <span class='ocrx_word' id='word_1_628' title='bbox 3714 3722 3796 3767; x_wconf 86' lang='lat' dir='ltr'>tuo</span> 
     </span>
    </p>
   </div>
   <div class='ocr_carea' id='block_1_82' title="bbox 2182 3804 3791 3885">
    <p class='ocr_par' dir='ltr' id='par_1_82' title="bbox 2182 3804 3791 3885">
     <span class='ocr_line' id='line_1_82' title="bbox 2182 3804 3791 3885; baseline -0.004 -18"><span class='ocrx_word' id='word_1_629' title='bbox 2182 3814 2364 3885; x_wconf 82' lang='lat' dir='ltr'>exigis</span> <span class='ocrx_word' id='word_1_630' title='bbox 2407 3815 2770 3883; x_wconf 89' lang='lat' dir='ltr'>servitutem,</span> <span class='ocrx_word' id='word_1_631' title='bbox 2812 3822 2868 3870; x_wconf 85' lang='lat' dir='ltr'>et</span> <span class='ocrx_word' id='word_1_632' title='bbox 2914 3817 3089 3870; x_wconf 84' lang='lat' dir='ltr'>homo</span> <span class='ocrx_word' id='word_1_633' title='bbox 3139 3817 3435 3871; x_wconf 88' lang='lat' dir='ltr'>hominem</span> <span class='ocrx_word' id='word_1_634' title='bbox 3479 3827 3664 3885; x_wconf 84' lang='lat' dir='ltr'>parere</span> <span class='ocrx_word' id='word_1_635' title='bbox 3706 3804 3791 3861; x_wconf 85' lang='lat' dir='ltr'>tibi</span> 
     </span>
    </p>
   </div>
   <div class='ocr_carea' id='block_1_83' title="bbox 2185 3906 3791 3981">
    <p class='ocr_par' dir='ltr' id='par_1_83' title="bbox 2185 3906 3791 3981">
     <span class='ocr_line' id='line_1_83' title="bbox 2185 3906 3791 3981; baseline -0.006 -21"><span class='ocrx_word' id='word_1_636' title='bbox 2185 3912 2242 3961; x_wconf 87' lang='lat' dir='ltr'>et</span> <span class='ocrx_word' id='word_1_637' title='bbox 2269 3907 2503 3963; x_wconf 85' lang='lat' dir='ltr'>obedire</span> <span class='ocrx_word' id='word_1_638' title='bbox 2537 3910 2854 3981; x_wconf 89' lang='lat' dir='ltr'>compellis.</span> <span class='ocrx_word' id='word_1_639' title='bbox 2898 3912 2964 3965; x_wconf 85' lang='lat' dir='ltr'>Et</span> <span class='ocrx_word' id='word_1_640' title='bbox 3001 3927 3126 3964; x_wconf 88' lang='lat' dir='ltr'>cum</span> <span class='ocrx_word' id='word_1_641' title='bbox 3158 3911 3230 3964; x_wconf 84' lang='lat' dir='ltr'>sit</span> <span class='ocrx_word' id='word_1_642' title='bbox 3280 3910 3434 3964; x_wconf 85' lang='lat' dir='ltr'>vobis</span> <span class='ocrx_word' id='word_1_643' title='bbox 3470 3906 3659 3961; x_wconf 86' lang='lat' dir='ltr'>eadem</span> <span class='ocrx_word' id='word_1_644' title='bbox 3690 3915 3791 3955; x_wconf 71' lang='lat' dir='ltr'>sons</span> 
     </span>
    </p>
   </div>
   <div class='ocr_carea' id='block_1_84' title="bbox 2188 3996 3787 4075">
    <p class='ocr_par' dir='ltr' id='par_1_84' title="bbox 2188 3996 3787 4075">
     <span class='ocr_line' id='line_1_84' title="bbox 2188 3996 3787 4075; baseline -0.005 -22"><span class='ocrx_word' id='word_1_645' title='bbox 2188 4002 2479 4069; x_wconf 87' lang='lat' dir='ltr'>nascendi,</span> <span class='ocrx_word' id='word_1_646' title='bbox 2516 4003 2767 4057; x_wconf 89' lang='lat' dir='ltr'>conditio</span> <span class='ocrx_word' id='word_1_647' title='bbox 2801 4020 2923 4058; x_wconf 87' lang='lat' dir='ltr'>una</span> <span class='ocrx_word' id='word_1_648' title='bbox 2968 4004 3272 4070; x_wconf 86' lang='lat' dir='ltr'>moriendi,</span> <span class='ocrx_word' id='word_1_649' title='bbox 3299 4016 3593 4075; x_wconf 89' lang='lat' dir='ltr'>corporum</span> <span class='ocrx_word' id='word_1_650' title='bbox 3638 3996 3787 4051; x_wconf 85' lang='lat' dir='ltr'>matc-</span> 
     </span>
    </p>
   </div>
   <div class='ocr_carea' id='block_1_85' title="bbox 2188 4090 3788 4164">
    <p class='ocr_par' dir='ltr' id='par_1_85' title="bbox 2188 4090 3788 4164">
     <span class='ocr_line' id='line_1_85' title="bbox 2188 4090 3788 4164; baseline 0.001 -17"><span class='ocrx_word' id='word_1_651' title='bbox 2188 4095 2277 4149; x_wconf 89' lang='lat' dir='ltr'>ria</span> <span class='ocrx_word' id='word_1_652' title='bbox 2338 4097 2674 4164; x_wconf 87' lang='lat' dir='ltr'>consimilis,</span> <span class='ocrx_word' id='word_1_653' title='bbox 2744 4098 3065 4152; x_wconf 84' lang='lat' dir='ltr'>animarum</span> <span class='ocrx_word' id='word_1_654' title='bbox 3121 4099 3265 4152; x_wconf 89' lang='lat' dir='ltr'>ratio</span> <span class='ocrx_word' id='word_1_655' title='bbox 3319 4093 3630 4151; x_wconf 90' lang='lat' dir='ltr'>communis</span> <span class='ocrx_word' id='word_1_656' title='bbox 3680 4090 3788 4154; x_wconf 67' lang='grc'>(22),</span> 
     </span>
    </p>
   </div>
   <div class='ocr_carea' id='block_1_86' title="bbox 2189 4189 3784 4262">
    <p class='ocr_par' dir='ltr' id='par_1_86' title="bbox 2189 4189 3784 4262">
     <span class='ocr_line' id='line_1_86' title="bbox 2189 4189 3784 4262; baseline -0.006 -21"><span class='ocrx_word' id='word_1_657' title='bbox 2189 4189 2392 4259; x_wconf 65' lang='lat' dir='ltr'>aequali</span> <span class='ocrx_word' id='word_1_658' title='bbox 2417 4190 2547 4259; x_wconf 87' lang='lat' dir='ltr'>jure</span> <span class='ocrx_word' id='word_1_659' title='bbox 2577 4194 2633 4244; x_wconf 92' lang='lat' dir='ltr'>et</span> <span class='ocrx_word' id='word_1_660' title='bbox 2659 4190 2781 4261; x_wconf 84' lang='lat' dir='ltr'>pari</span> <span class='ocrx_word' id='word_1_661' title='bbox 2812 4192 2933 4262; x_wconf 86' lang='lat' dir='ltr'>lege</span> <span class='ocrx_word' id='word_1_662' title='bbox 2964 4192 3048 4245; x_wconf 87' lang='lat' dir='ltr'>vel</span> <span class='ocrx_word' id='word_1_663' title='bbox 3083 4191 3339 4246; x_wconf 85' lang='lat' dir='ltr'>veniatur</span> <span class='ocrx_word' id='word_1_664' title='bbox 3369 4192 3423 4245; x_wconf 89' lang='lat' dir='ltr'>in</span> <span class='ocrx_word' id='word_1_665' title='bbox 3454 4189 3614 4243; x_wconf 88' lang='lat' dir='ltr'>istum</span> <span class='ocrx_word' id='word_1_666' title='bbox 3640 4197 3784 4237; x_wconf 89' lang='lat' dir='ltr'>mun-</span> 
     </span>
    </p>
   </div>
   <div class='ocr_carea' id='block_1_87' title="bbox 2194 4281 3784 4355">
    <p class='ocr_par' dir='ltr' id='par_1_87' title="bbox 2194 4281 3784 4355">
     <span class='ocr_line' id='line_1_87' title="bbox 2194 4281 3784 4355; baseline -0.009 -18"><span class='ocrx_word' id='word_1_667' title='bbox 2194 4281 2330 4337; x_wconf 91' lang='lat' dir='ltr'>dum</span> <span class='ocrx_word' id='word_1_668' title='bbox 2364 4283 2447 4336; x_wconf 90' lang='lat' dir='ltr'>vel</span> <span class='ocrx_word' id='word_1_669' title='bbox 2481 4283 2552 4338; x_wconf 90' lang='lat' dir='ltr'>de</span> <span class='ocrx_word' id='word_1_670' title='bbox 2599 4284 2817 4340; x_wconf 90' lang='lat' dir='ltr'>mundo</span> <span class='ocrx_word' id='word_1_671' title='bbox 2863 4285 3230 4355; x_wconf 88' lang='lat' dir='ltr'>postmodum</span> <span class='ocrx_word' id='word_1_672' title='bbox 3280 4285 3588 4348; x_wconf 86' lang='lat' dir='ltr'>recedatur,</span> <span class='ocrx_word' id='word_1_673' title='bbox 3619 4282 3784 4332; x_wconf 87' lang='lat' dir='ltr'>tamen</span> 
     </span>
    </p>
   </div>
   <div class='ocr_carea' id='block_1_88' title="bbox 2195 4368 3781 4449">
    <p class='ocr_par' dir='ltr' id='par_1_88' title="bbox 2195 4368 3781 4449">
     <span class='ocr_line' id='line_1_88' title="bbox 2195 4368 3781 4449; baseline -0.006 -20"><span class='ocrx_word' id='word_1_674' title='bbox 2195 4377 2303 4430; x_wconf 86' lang='lat' dir='ltr'>nisi</span> <span class='ocrx_word' id='word_1_675' title='bbox 2337 4377 2437 4431; x_wconf 87' lang='lat' dir='ltr'>tibi</span> <span class='ocrx_word' id='word_1_676' title='bbox 2480 4395 2580 4449; x_wconf 91' lang='lat' dir='ltr'>pro</span> <span class='ocrx_word' id='word_1_677' title='bbox 2609 4378 2844 4433; x_wconf 87' lang='lat' dir='ltr'>arbitrio</span> <span class='ocrx_word' id='word_1_678' title='bbox 2897 4384 2993 4434; x_wconf 91' lang='lat' dir='ltr'>tuo</span> <span class='ocrx_word' id='word_1_679' title='bbox 3039 4380 3336 4446; x_wconf 88' lang='lat' dir='ltr'>serviatur,</span> <span class='ocrx_word' id='word_1_680' title='bbox 3370 4377 3471 4433; x_wconf 91' lang='lat' dir='ltr'>nisi</span> <span class='ocrx_word' id='word_1_681' title='bbox 3510 4374 3573 4428; x_wconf 87' lang='lat' dir='ltr'>ad</span> <span class='ocrx_word' id='word_1_682' title='bbox 3614 4368 3781 4424; x_wconf 87' lang='lat' dir='ltr'>volun-</span> 
     </span>
    </p>
   </div>
   <div class='ocr_carea' id='block_1_89' title="bbox 1853 4531 2441 4596">
    <p class='ocr_par' dir='ltr' id='par_1_89' title="bbox 1853 4531 2441 4596">
     <span class='ocr_line' id='line_1_89' title="bbox 1853 4531 2441 4596; baseline 0.002 -4"><span class='ocrx_word' id='word_1_683' title='bbox 1853 4531 2060 4593; x_wconf 64' lang='lat' dir='ltr'>Varia:</span> <span class='ocrx_word' id='word_1_684' title='bbox 2104 4532 2441 4596; x_wconf 89' lang='lat' dir='ltr'>lectiones.</span> 
     </span>
    </p>
   </div>
   <div class='ocr_carea' id='block_1_90' title="bbox 518 4641 3779 4713">
    <p class='ocr_par' dir='ltr' id='par_1_90' title="bbox 518 4641 3779 4713">
     <span class='ocr_line' id='line_1_90' title="bbox 518 4641 3779 4713; baseline -0.005 0"><span class='ocrx_word' id='word_1_685' title='bbox 518 4668 539 4697; x_wconf 82' lang='grc'>⁴</span> <span class='ocrx_word' id='word_1_686' title='bbox 570 4661 903 4713; x_wconf 79' lang='lat' dir='ltr'>Accendnnt</span> <span class='ocrx_word' id='word_1_687' title='bbox 930 4664 1016 4710; x_wconf 80' lang='lat' dir='ltr'>Ar.</span> <span class='ocrx_word' id='word_1_688' title='bbox 1048 4663 1165 4709; x_wconf 85' lang='lat' dir='ltr'>Ben.</span> <span class='ocrx_word' id='word_1_689' title='bbox 1234 4665 1252 4695; x_wconf 79' lang='grc'><em>⁵</em></span> <span class='ocrx_word' id='word_1_690' title='bbox 1282 4658 1515 4710; x_wconf 84' lang='lat' dir='ltr'>Irritetis</span> <span class='ocrx_word' id='word_1_691' title='bbox 1542 4658 1651 4708; x_wconf 79' lang='grc' dir='ltr'>ΝΟ.</span> <span class='ocrx_word' id='word_1_692' title='bbox 1680 4658 1726 4707; x_wconf 74' lang='lat'>2.</span> <span class='ocrx_word' id='word_1_693' title='bbox 1795 4657 1816 4689; x_wconf 80' lang='grc'>⁸</span> <span class='ocrx_word' id='word_1_694' title='bbox 1844 4656 2107 4708; x_wconf 84' lang='lat' dir='ltr'>Retrahet</span> <span class='ocrx_word' id='word_1_695' title='bbox 2142 4660 2229 4709; x_wconf 78' lang='lat' dir='ltr'>Ar.</span> <span class='ocrx_word' id='word_1_696' title='bbox 2299 4659 2317 4691; x_wconf 85' lang='grc'><strong>⁷</strong></span> <span class='ocrx_word' id='word_1_697' title='bbox 2346 4659 2522 4710; x_wconf 83' lang='lat' dir='ltr'>Unam</span> <span class='ocrx_word' id='word_1_698' title='bbox 2551 4662 2689 4709; x_wconf 87' lang='lat' dir='ltr'>Lam.</span> <span class='ocrx_word' id='word_1_699' title='bbox 2727 4661 2878 4711; x_wconf 83' lang='lat' dir='ltr'>Ebor.</span> <span class='ocrx_word' id='word_1_700' title='bbox 2914 4664 3046 4711; x_wconf 83' lang='lat' dir='ltr'>Pem.</span> <span class='ocrx_word' id='word_1_701' title='bbox 3086 4663 3185 4711; x_wconf 83' lang='lat' dir='ltr'>Lin</span> <span class='ocrx_word' id='word_1_702' title='bbox 3227 4661 3336 4711; x_wconf 80' lang='grc' dir='ltr'>ΝΟ.</span> <span class='ocrx_word' id='word_1_703' title='bbox 3364 4663 3406 4711; x_wconf 85' lang='grc'><strong>1.</strong></span> <span class='ocrx_word' id='word_1_704' title='bbox 3438 4651 3651 4706; x_wconf 73' lang='lat' dir='ltr'>Woss.2.</span> <span class='ocrx_word' id='word_1_705' title='bbox 3676 4641 3779 4699; x_wconf 75' lang='lat' dir='ltr'>Bod-</span> 
     </span>
    </p>
   </div>
   <div class='ocr_carea' id='block_1_91' title="bbox 454 4726 2775 4795">
    <p class='ocr_par' dir='ltr' id='par_1_91' title="bbox 454 4726 2775 4795">
     <span class='ocr_line' id='line_1_91' title="bbox 454 4726 2775 4795; baseline -0.001 -12"><span class='ocrx_word' id='word_1_706' title='bbox 454 4740 503 4795; x_wconf 76' lang='lat'>~1,</span> <span class='ocrx_word' id='word_1_707' title='bbox 535 4737 583 4791; x_wconf 58' lang='grc' dir='ltr'>ἰ),</span> <span class='ocrx_word' id='word_1_708' title='bbox 613 4734 660 4794; x_wconf 83' lang='grc'>3,</span> <span class='ocrx_word' id='word_1_709' title='bbox 690 4734 720 4782; x_wconf 70' lang='grc'><strong>4</strong></span> <span class='ocrx_word' id='word_1_710' title='bbox 804 4732 826 4765; x_wconf 79' lang='grc'>⁸</span> <span class='ocrx_word' id='word_1_711' title='bbox 852 4731 1235 4783; x_wconf 84' lang='lat' dir='ltr'>Exaccrbetur</span> <span class='ocrx_word' id='word_1_712' title='bbox 1263 4729 1489 4781; x_wconf 76' lang='lat' dir='ltr'>oﬂ‘ensis</span> <span class='ocrx_word' id='word_1_713' title='bbox 1511 4730 1647 4777; x_wconf 85' lang='lat' dir='ltr'>Pem.</span> <span class='ocrx_word' id='word_1_714' title='bbox 1698 4729 1834 4776; x_wconf 72' lang='lat' dir='ltr'>Voss.</span> <span class='ocrx_word' id='word_1_715' title='bbox 1854 4728 1901 4777; x_wconf 75' lang='lat'>2.</span> <span class='ocrx_word' id='word_1_716' title='bbox 1967 4726 1988 4760; x_wconf 74' lang='grc' dir='ltr'><strong>ο</strong></span> <span class='ocrx_word' id='word_1_717' title='bbox 2018 4727 2085 4777; x_wconf 87' lang='lat' dir='ltr'>Et</span> <span class='ocrx_word' id='word_1_718' title='bbox 2115 4742 2225 4779; x_wconf 91' lang='lat' dir='ltr'>non</span> <span class='ocrx_word' id='word_1_719' title='bbox 2259 4731 2540 4793; x_wconf 80' lang='lat' dir='ltr'>accipiunt</span> <span class='ocrx_word' id='word_1_720' title='bbox 2571 4733 2692 4782; x_wconf 86' lang='lat' dir='ltr'>Bod.</span> <span class='ocrx_word' id='word_1_721' title='bbox 2729 4734 2775 4783; x_wconf 92' lang='lat'>3.</span> 
     </span>
    </p>
   </div>
   <div class='ocr_carea' id='block_1_92' title="bbox 459 4812 623 4861">
    <p class='ocr_par' dir='ltr' id='par_1_92' title="bbox 459 4812 623 4861">
     <span class='ocr_line' id='line_1_92' title="bbox 459 4812 623 4861; baseline -0.024 0"><span class='ocrx_word' id='word_1_722' title='bbox 459 4812 623 4861; x_wconf 81' lang='lat' dir='ltr'>Grav.</span> 
     </span>
    </p>
   </div>
   <div class='ocr_carea' id='block_1_93' title="bbox 2853 4718 3781 4783">
    <p class='ocr_par' dir='ltr' id='par_1_93' title="bbox 2853 4718 3781 4783">
     <span class='ocr_line' id='line_1_93' title="bbox 2853 4718 3781 4783; baseline -0.018 0"><span class='ocrx_word' id='word_1_723' title='bbox 2853 4736 2889 4765; x_wconf 85' lang='grc'>¹⁰</span> <span class='ocrx_word' id='word_1_724' title='bbox 2918 4734 3080 4783; x_wconf 85' lang='lat' dir='ltr'>Nulla</span> <span class='ocrx_word' id='word_1_725' title='bbox 3107 4733 3386 4783; x_wconf 86' lang='lat' dir='ltr'>cunctatio</span> <span class='ocrx_word' id='word_1_726' title='bbox 3416 4733 3496 4780; x_wconf 89' lang='lat' dir='ltr'>est</span> <span class='ocrx_word' id='word_1_727' title='bbox 3532 4726 3649 4774; x_wconf 72' lang='lat' dir='ltr'>Voss.</span> <span class='ocrx_word' id='word_1_728' title='bbox 3682 4719 3717 4777; x_wconf 81' lang='grc' dir='ltr'>Ι,</span> <span class='ocrx_word' id='word_1_729' title='bbox 3740 4718 3781 4761; x_wconf 73' lang='lat'>2.</span> 
     </span>
    </p>
   </div>
   <div class='ocr_carea' id='block_1_94' title="bbox 1771 4892 2530 4978">
    <p class='ocr_par' dir='ltr' id='par_1_94' title="bbox 1771 4892 2530 4978">
     <span class='ocr_line' id='line_1_94' title="bbox 1771 4892 2530 4978; baseline -0.011 -19"><span class='ocrx_word' id='word_1_730' title='bbox 1771 4896 1996 4978; x_wconf 88' lang='lat' dir='ltr'>Steph.</span> <span class='ocrx_word' id='word_1_731' title='bbox 2043 4892 2289 4956; x_wconf 89' lang='lat' dir='ltr'>Baluzii</span> <span class='ocrx_word' id='word_1_732' title='bbox 2333 4895 2530 4953; x_wconf 67' lang='lat' dir='ltr'>notae.</span> 
     </span>
    </p>
   </div>
   <div class='ocr_carea' id='block_1_95' title="bbox 521 5015 3777 5134">
    <p class='ocr_par' dir='ltr' id='par_1_95' title="bbox 521 5015 3777 5134">
     <span class='ocr_line' id='line_1_95' title="bbox 521 5015 3777 5134; baseline -0.006 -33"><span class='ocrx_word' id='word_1_733' title='bbox 521 5055 618 5112; x_wconf 80' lang='lat' dir='ltr'>(t7)</span> <span class='ocrx_word' id='word_1_734' title='bbox 650 5053 1043 5134; x_wconf 38' lang='lat' dir='ltr'>Deus-omnino</span> <span class='ocrx_word' id='word_1_735' title='bbox 1094 5063 1185 5134; x_wconf 65' lang='lat' dir='ltr'>nec</span> <span class='ocrx_word' id='word_1_736' title='bbox 1215 5051 1489 5113; x_wconf 69' lang='lat' dir='ltr'>quaeritur.</span> <span class='ocrx_word' id='word_1_737' title='bbox 1526 5047 1585 5097; x_wconf 91' lang='lat' dir='ltr'>In</span> <span class='ocrx_word' id='word_1_738' title='bbox 1635 5045 1828 5097; x_wconf 88' lang='lat' dir='ltr'>codice</span> <span class='ocrx_word' id='word_1_739' title='bbox 1868 5044 2176 5134; x_wconf 76' lang='lat' dir='ltr'>Seguie-D</span> <span class='ocrx_word' id='word_1_740' title='bbox 2261 5039 2484 5134; x_wconf 55' lang='lat' dir='ltr'>(20)“Tu</span> <span class='ocrx_word' id='word_1_741' title='bbox 2528 5038 2811 5134; x_wconf 39' lang='lat' dir='ltr'>e‘nim‘Deio</span> <span class='ocrx_word' id='word_1_742' title='bbox 2855 5032 3465 5134; x_wconf 41' lang='lat' dir='ltr'>33:023A{ltrant‘:ed‘eqirg</span> <span class='ocrx_word' id='word_1_743' title='bbox 3473 5021 3640 5134; x_wconf 38' lang='lat'>&quot;133:1</span> <span class='ocrx_word' id='word_1_744' title='bbox 3656 5015 3777 5134; x_wconf 56' lang='lat' dir='ltr'>Vg;</span> 
     </span>
    </p>
   </div>
   <div class='ocr_carea' id='block_1_96' title="bbox 424 5121 1270 5194">
    <p class='ocr_par' dir='ltr' id='par_1_96' title="bbox 424 5121 1270 5194">
     <span class='ocr_line' id='line_1_96' title="bbox 424 5121 1270 5194; baseline -0.004 -23"><span class='ocrx_word' id='word_1_745' title='bbox 424 5184 433 5194; x_wconf 30' lang='grc' dir='ltr'>θ</span> <span class='ocrx_word' id='word_1_746' title='bbox 460 5125 614 5171; x_wconf 82' lang='lat' dir='ltr'>riuno</span> <span class='ocrx_word' id='word_1_747' title='bbox 648 5122 919 5185; x_wconf 85' lang='lat' dir='ltr'>scriptum</span> <span class='ocrx_word' id='word_1_748' title='bbox 951 5124 1033 5170; x_wconf 88' lang='lat' dir='ltr'>est</span> <span class='ocrx_word' id='word_1_749' title='bbox 1056 5121 1270 5169; x_wconf 82' lang='lat' dir='ltr'>colitur.</span> 
     </span>
    </p>
   </div>
   <div class='ocr_carea' id='block_1_97' title="bbox 522 5187 2095 5253">
    <p class='ocr_par' dir='ltr' id='par_1_97' title="bbox 522 5187 2095 5253">
     <span class='ocr_line' id='line_1_97' title="bbox 522 5187 2095 5253; baseline -0.004 -12"><span class='ocrx_word' id='word_1_750' title='bbox 522 5195 619 5253; x_wconf 76' lang='lat'>(18)</span> <span class='ocrx_word' id='word_1_751' title='bbox 678 5195 779 5241; x_wconf 83' lang='lat' dir='ltr'>Nec</span> <span class='ocrx_word' id='word_1_752' title='bbox 855 5192 1125 5241; x_wconf 83' lang='lat' dir='ltr'>voluerunt</span> <span class='ocrx_word' id='word_1_753' title='bbox 1178 5191 1428 5251; x_wconf 80' lang='lat' dir='ltr'>accipere.</span> <span class='ocrx_word' id='word_1_754' title='bbox 1491 5189 1719 5239; x_wconf 85' lang='lat' dir='ltr'>Veteres</span> <span class='ocrx_word' id='word_1_755' title='bbox 1783 5187 2057 5237; x_wconf 86' lang='lat' dir='ltr'>editiones</span> <span class='ocrx_word' id='word_1_756' title='bbox 2083 5223 2095 5245; x_wconf 95' lang='lat'>,</span> 
     </span>
    </p>
   </div>
   <div class='ocr_carea' id='block_1_98' title="bbox 460 5257 2103 5325">
    <p class='ocr_par' dir='ltr' id='par_1_98' title="bbox 460 5257 2103 5325">
     <span class='ocr_line' id='line_1_98' title="bbox 460 5257 2103 5325; baseline -0.004 -13"><span class='ocrx_word' id='word_1_757' title='bbox 460 5265 632 5313; x_wconf 83' lang='lat' dir='ltr'>etiam</span> <span class='ocrx_word' id='word_1_758' title='bbox 686 5264 1020 5319; x_wconf 83' lang='lat' dir='ltr'>Manutiana,</span> <span class='ocrx_word' id='word_1_759' title='bbox 1066 5267 1120 5313; x_wconf 90' lang='lat' dir='ltr'>et</span> <span class='ocrx_word' id='word_1_760' title='bbox 1166 5265 1404 5325; x_wconf 86' lang='lat' dir='ltr'>quatuor</span> <span class='ocrx_word' id='word_1_761' title='bbox 1452 5260 1580 5311; x_wconf 87' lang='lat' dir='ltr'>libri</span> <span class='ocrx_word' id='word_1_762' title='bbox 1627 5264 1841 5310; x_wconf 84' lang='lat' dir='ltr'>veteres</span> <span class='ocrx_word' id='word_1_763' title='bbox 1889 5257 2103 5308; x_wconf 86' lang='lat' dir='ltr'>addunt</span> 
     </span>
    </p>
   </div>
   <div class='ocr_carea' id='block_1_99' title="bbox 461 5331 2100 5415">
    <p class='ocr_par' dir='ltr' id='par_1_99' title="bbox 461 5331 2100 5415">
     <span class='ocr_line' id='line_1_99' title="bbox 461 5331 2100 5415; baseline -0.002 -37"><span class='ocrx_word' id='word_1_764' title='bbox 461 5348 620 5415; x_wconf 46' lang='lat' dir='ltr'>«.nec</span> <span class='ocrx_word' id='word_1_765' title='bbox 661 5334 957 5382; x_wconf 86' lang='lat' dir='ltr'>voluerunt</span> <span class='ocrx_word' id='word_1_766' title='bbox 981 5333 1219 5415; x_wconf 50' lang='lat' dir='ltr'>Hedera</span> <span class='ocrx_word' id='word_1_767' title='bbox 1254 5345 1359 5382; x_wconf 88' lang='lat' dir='ltr'>nec</span> <span class='ocrx_word' id='word_1_768' title='bbox 1389 5333 1637 5395; x_wconf 85' lang='lat' dir='ltr'>accipere</span> <span class='ocrx_word' id='word_1_769' title='bbox 1676 5331 2041 5394; x_wconf 85' lang='lat' dir='ltr'>disciplinam.</span> <span class='ocrx_word' id='word_1_770' title='bbox 2070 5348 2100 5375; x_wconf 83' lang='lat'>»</span> 
     </span>
    </p>
   </div>
   <div class='ocr_carea' id='block_1_100' title="bbox 461 5401 2098 5455">
    <p class='ocr_par' dir='ltr' id='par_1_100' title="bbox 461 5401 2098 5455">
     <span class='ocr_line' id='line_1_100' title="bbox 461 5401 2098 5455; baseline -0.001 -3"><span class='ocrx_word' id='word_1_771' title='bbox 461 5405 669 5454; x_wconf 80' lang='lat' dir='ltr'>Verum</span> <span class='ocrx_word' id='word_1_772' title='bbox 695 5418 889 5454; x_wconf 86' lang='lat' dir='ltr'>omnes</span> <span class='ocrx_word' id='word_1_773' title='bbox 920 5401 1166 5454; x_wconf 68' lang='lat' dir='ltr'>ali&#39;i&#39;libri</span> <span class='ocrx_word' id='word_1_774' title='bbox 1194 5409 1407 5455; x_wconf 76' lang='lat' dir='ltr'>veteres</span> <span class='ocrx_word' id='word_1_775' title='bbox 1437 5404 1647 5454; x_wconf 86' lang='lat' dir='ltr'>habent</span> <span class='ocrx_word' id='word_1_776' title='bbox 1671 5404 1751 5452; x_wconf 89' lang='lat' dir='ltr'>uti</span> <span class='ocrx_word' id='word_1_777' title='bbox 1787 5416 1888 5452; x_wconf 88' lang='lat' dir='ltr'>nos</span> <span class='ocrx_word' id='word_1_778' title='bbox 1917 5401 2098 5453; x_wconf 87' lang='lat' dir='ltr'>edidi-</span> 
     </span>
    </p>
   </div>
   <div class='ocr_carea' id='block_1_101' title="bbox 468 5489 614 5525">
    <p class='ocr_par' dir='ltr' id='par_1_101' title="bbox 468 5489 614 5525">
     <span class='ocr_line' id='line_1_101' title="bbox 468 5489 614 5525; baseline -0.021 0"><span class='ocrx_word' id='word_1_779' title='bbox 468 5489 614 5525; x_wconf 72' lang='lat' dir='ltr'>IDUS.</span> 
     </span>
    </p>
   </div>
   <div class='ocr_carea' id='block_1_102' title="bbox 527 5543 2101 5610">
    <p class='ocr_par' dir='ltr' id='par_1_102' title="bbox 527 5543 2101 5610">
     <span class='ocr_line' id='line_1_102' title="bbox 527 5543 2101 5610; baseline -0.003 -13"><span class='ocrx_word' id='word_1_780' title='bbox 527 5548 621 5608; x_wconf 82' lang='grc'>(19)</span> <span class='ocrx_word' id='word_1_781' title='bbox 690 5546 1014 5596; x_wconf 83' lang='lat' dir='ltr'>Facinorum</span> <span class='ocrx_word' id='word_1_782' title='bbox 1076 5547 1398 5610; x_wconf 78' lang='lat' dir='ltr'>impunitate.</span> <span class='ocrx_word' id='word_1_783' title='bbox 1454 5545 1670 5605; x_wconf 90' lang='lat' dir='ltr'>Cicero,</span> <span class='ocrx_word' id='word_1_784' title='bbox 1726 5545 1781 5593; x_wconf 92' lang='lat' dir='ltr'>in</span> <span class='ocrx_word' id='word_1_785' title='bbox 1841 5543 2101 5595; x_wconf 85' lang='lat' dir='ltr'>Oratione</span> 
     </span>
    </p>
   </div>
   <div class='ocr_carea' id='block_1_103' title="bbox 462 5614 2098 5682">
    <p class='ocr_par' dir='ltr' id='par_1_103' title="bbox 462 5614 2098 5682">
     <span class='ocr_line' id='line_1_103' title="bbox 462 5614 2098 5682; baseline -0.002 -15"><span class='ocrx_word' id='word_1_786' title='bbox 462 5632 562 5681; x_wconf 89' lang='lat' dir='ltr'>pro</span> <span class='ocrx_word' id='word_1_787' title='bbox 590 5618 790 5668; x_wconf 83' lang='lat' dir='ltr'>Milone</span> <span class='ocrx_word' id='word_1_788' title='bbox 819 5632 834 5666; x_wconf 92' lang='lat'><em>:</em></span> <span class='ocrx_word' id='word_1_789' title='bbox 865 5634 893 5665; x_wconf 78' lang='grc'><strong>«</strong></span> <span class='ocrx_word' id='word_1_790' title='bbox 930 5617 1075 5679; x_wconf 87' lang='lat' dir='ltr'>Quid</span> <span class='ocrx_word' id='word_1_791' title='bbox 1102 5620 1129 5667; x_wconf 57' lang='grc' dir='ltr'><em>ἢ</em></span> <span class='ocrx_word' id='word_1_792' title='bbox 1152 5618 1302 5682; x_wconf 86' lang='lat' dir='ltr'>quod</span> <span class='ocrx_word' id='word_1_793' title='bbox 1346 5623 1509 5682; x_wconf 88' lang='lat' dir='ltr'>caput</span> <span class='ocrx_word' id='word_1_794' title='bbox 1547 5617 1795 5667; x_wconf 59' lang='lat' dir='ltr'>audaciai</span> <span class='ocrx_word' id='word_1_795' title='bbox 1827 5619 1926 5673; x_wconf 88' lang='lat' dir='ltr'>est,</span> <span class='ocrx_word' id='word_1_796' title='bbox 1948 5614 2098 5677; x_wconf 86' lang='lat' dir='ltr'>judi-</span> 
     </span>
    </p>
   </div>
   <div class='ocr_carea' id='block_1_104' title="bbox 454 5685 2094 5753">
    <p class='ocr_par' dir='ltr' id='par_1_104' title="bbox 454 5685 2094 5753">
     <span class='ocr_line' id='line_1_104' title="bbox 454 5685 2094 5753; baseline -0.004 -13"><span class='ocrx_word' id='word_1_797' title='bbox 454 5704 565 5746; x_wconf 86' lang='lat' dir='ltr'>ccs,</span> <span class='ocrx_word' id='word_1_798' title='bbox 593 5691 719 5753; x_wconf 86' lang='lat' dir='ltr'>quis</span> <span class='ocrx_word' id='word_1_799' title='bbox 745 5691 955 5751; x_wconf 76' lang='lat' dir='ltr'>ignorat</span> <span class='ocrx_word' id='word_1_800' title='bbox 979 5690 1276 5739; x_wconf 79' lang='lat' dir='ltr'>maximam</span> <span class='ocrx_word' id='word_1_801' title='bbox 1309 5690 1628 5740; x_wconf 85' lang='lat' dir='ltr'>illecebram</span> <span class='ocrx_word' id='word_1_802' title='bbox 1659 5701 1780 5738; x_wconf 86' lang='lat' dir='ltr'>esse</span> <span class='ocrx_word' id='word_1_803' title='bbox 1820 5685 2094 5749; x_wconf 84' lang='lat' dir='ltr'>peccandi</span> 
     </span>
    </p>
   </div>
   <div class='ocr_carea' id='block_1_105' title="bbox 455 5757 2099 5824">
    <p class='ocr_par' dir='ltr' id='par_1_105' title="bbox 455 5757 2099 5824">
     <span class='ocr_line' id='line_1_105' title="bbox 455 5757 2099 5824; baseline -0.004 -14"><span class='ocrx_word' id='word_1_804' title='bbox 455 5761 806 5824; x_wconf 78' lang='lat' dir='ltr'>impunitatis</span> <span class='ocrx_word' id='word_1_805' title='bbox 835 5775 992 5823; x_wconf 84' lang='lat' dir='ltr'>spem</span> <span class='ocrx_word' id='word_1_806' title='bbox 1015 5762 1041 5808; x_wconf 74' lang='grc' dir='ltr'><em>Ἰ</em></span> <span class='ocrx_word' id='word_1_807' title='bbox 1073 5778 1098 5806; x_wconf 83' lang='grc'>››</span> <span class='ocrx_word' id='word_1_808' title='bbox 1130 5761 1269 5811; x_wconf 87' lang='lat' dir='ltr'>Vide</span> <span class='ocrx_word' id='word_1_809' title='bbox 1300 5765 1461 5810; x_wconf 83' lang='lat' dir='ltr'>notas</span> <span class='ocrx_word' id='word_1_810' title='bbox 1504 5762 1720 5809; x_wconf 87' lang='lat' dir='ltr'>nostras</span> <span class='ocrx_word' id='word_1_811' title='bbox 1761 5757 1832 5807; x_wconf 88' lang='lat' dir='ltr'>ad</span> <span class='ocrx_word' id='word_1_812' title='bbox 1881 5757 2099 5820; x_wconf 85' lang='lat' dir='ltr'>Lupum</span> 
     </span>
    </p>
   </div>
   <div class='ocr_carea' id='block_1_106' title="bbox 459 5832 1186 5897">
    <p class='ocr_par' dir='ltr' id='par_1_106' title="bbox 459 5832 1186 5897">
     <span class='ocr_line' id='line_1_106' title="bbox 459 5832 1186 5897; baseline -0.004 -13"><span class='ocrx_word' id='word_1_813' title='bbox 459 5832 895 5893; x_wconf 79' lang='lat' dir='ltr'>Ferraricnsem,</span> <span class='ocrx_word' id='word_1_814' title='bbox 924 5847 1048 5897; x_wconf 74' lang='lat' dir='ltr'>pag.</span> <span class='ocrx_word' id='word_1_815' title='bbox 1076 5833 1186 5883; x_wconf 71' lang='lat'>472.</span> 
     </span>
    </p>
   </div>
   <div class='ocr_carea' id='block_1_107' title="bbox 2199 5086 3777 5168">
    <p class='ocr_par' dir='ltr' id='par_1_107' title="bbox 2199 5086 3777 5168">
     <span class='ocr_line' id='line_1_107' title="bbox 2199 5086 3777 5168; baseline -0.011 -6"><span class='ocrx_word' id='word_1_816' title='bbox 2199 5086 2479 5162; x_wconf 54' lang='lat' dir='ltr'>reéf&#39;inii</span> <span class='ocrx_word' id='word_1_817' title='bbox 2509 5086 2566 5160; x_wconf 78' lang='lat' dir='ltr'>et</span> <span class='ocrx_word' id='word_1_818' title='bbox 2604 5108 2939 5159; x_wconf 87' lang='lat' dir='ltr'>vetustiores</span> <span class='ocrx_word' id='word_1_819' title='bbox 2988 5106 3257 5156; x_wconf 86' lang='lat' dir='ltr'>editiones</span> <span class='ocrx_word' id='word_1_820' title='bbox 3303 5099 3587 5168; x_wconf 60' lang='lat' dir='ltr'>pratorum</span> <span class='ocrx_word' id='word_1_821' title='bbox 3617 5109 3640 5133; x_wconf 85' lang='lat'><strong>«</strong></span> <span class='ocrx_word' id='word_1_822' title='bbox 3682 5086 3777 5168; x_wconf 57' lang='lat' dir='ltr'>1)fo</span> 
     </span>
    </p>
   </div>
   <div class='ocr_carea' id='block_1_108' title="bbox 2198 5163 3774 5241">
    <p class='ocr_par' dir='ltr' id='par_1_108' title="bbox 2198 5163 3774 5241">
     <span class='ocr_line' id='line_1_108' title="bbox 2198 5163 3774 5241; baseline -0.014 -7"><span class='ocrx_word' id='word_1_823' title='bbox 2198 5198 2312 5235; x_wconf 88' lang='lat' dir='ltr'>non</span> <span class='ocrx_word' id='word_1_824' title='bbox 2368 5181 2572 5241; x_wconf 88' lang='lat' dir='ltr'>servis;</span> <span class='ocrx_word' id='word_1_825' title='bbox 2627 5197 2655 5228; x_wconf 79' lang='grc' dir='ltr'>ι&gt;</span> <span class='ocrx_word' id='word_1_826' title='bbox 2711 5163 3368 5241; x_wconf 65' lang='grc' dir='ltr'>Οτιιειῐὶοηοροιὶῐδηιιε,’‹‹</span> <span class='ocrx_word' id='word_1_827' title='bbox 3418 5168 3634 5222; x_wconf 88' lang='lat' dir='ltr'>Domino</span> <span class='ocrx_word' id='word_1_828' title='bbox 3682 5163 3774 5204; x_wconf 77' lang='grc' dir='ltr'>ῐιοη</span> 
     </span>
    </p>
   </div>
   <div class='ocr_carea' id='block_1_109' title="bbox 2201 5254 3725 5306">
    <p class='ocr_par' dir='ltr' id='par_1_109' title="bbox 2201 5254 3725 5306">
     <span class='ocr_line' id='line_1_109' title="bbox 2201 5254 3725 5306; baseline -0.001 0"><span class='ocrx_word' id='word_1_829' title='bbox 2201 5254 2395 5306; x_wconf 87' lang='lat' dir='ltr'>servis.</span> <span class='ocrx_word' id='word_1_830' title='bbox 2440 5272 2469 5299; x_wconf 89' lang='lat'><strong><em>»</em></strong></span> <span class='ocrx_word' id='word_1_831' title='bbox 3640 5301 3650 5306; x_wconf 93' lang='lat'><strong>_</strong></span> <span class='ocrx_word' id='word_1_832' title='bbox 3717 5296 3725 5305; x_wconf 89' lang='lat'>.</span> 
     </span>
    </p>
   </div>
   <div class='ocr_carea' id='block_1_110' title="bbox 2266 5301 3774 5389">
    <p class='ocr_par' dir='ltr' id='par_1_110' title="bbox 2266 5301 3774 5389">
     <span class='ocr_line' id='line_1_110' title="bbox 2266 5301 3774 5389; baseline -0.003 -13"><span class='ocrx_word' id='word_1_833' title='bbox 2266 5301 2734 5389; x_wconf 19' lang='lat' dir='ltr'>lilvlvFamularis.</span> <span class='ocrx_word' id='word_1_834' title='bbox 2792 5322 2927 5372; x_wconf 55' lang='lat' dir='ltr'>Hac</span> <span class='ocrx_word' id='word_1_835' title='bbox 2975 5325 3061 5370; x_wconf 88' lang='lat' dir='ltr'>est</span> <span class='ocrx_word' id='word_1_836' title='bbox 3112 5319 3387 5389; x_wconf 83' lang='lat' dir='ltr'>scriptura</span> <span class='ocrx_word' id='word_1_837' title='bbox 3440 5301 3774 5389; x_wconf 47' lang='grc' dir='ltr'>Ποῖζίῗξξξάθῇῗ</span> 
     </span>
    </p>
   </div>
   <div class='ocr_carea' id='block_1_111' title="bbox 2202 5365 3772 5458">
    <p class='ocr_par' dir='ltr' id='par_1_111' title="bbox 2202 5365 3772 5458">
     <span class='ocr_line' id='line_1_111' title="bbox 2202 5365 3772 5458; baseline -0.01 -11"><span class='ocrx_word' id='word_1_838' title='bbox 2202 5365 2452 5449; x_wconf 55' lang='lat' dir='ltr'>vet-erum</span> <span class='ocrx_word' id='word_1_839' title='bbox 2494 5365 2916 5458; x_wconf 71' lang='lat' dir='ltr'>exemplarium.</span> <span class='ocrx_word' id='word_1_840' title='bbox 2964 5365 3254 5441; x_wconf 67' lang='lat' dir='ltr'>Eamdemr</span> <span class='ocrx_word' id='word_1_841' title='bbox 3285 5365 3449 5438; x_wconf 73' lang='lat' dir='ltr'>habet</span> <span class='ocrx_word' id='word_1_842' title='bbox 3487 5365 3772 5458; x_wconf 27' lang='lat' dir='ltr'>editiq‘ﬁlnoj</span> 
     </span>
    </p>
   </div>
   <div class='ocr_carea' id='block_1_112' title="bbox 2198 5443 3769 5526">
    <p class='ocr_par' dir='ltr' id='par_1_112' title="bbox 2198 5443 3769 5526">
     <span class='ocr_line' id='line_1_112' title="bbox 2198 5443 3769 5526; baseline -0.022 -8"><span class='ocrx_word' id='word_1_843' title='bbox 2198 5443 2452 5518; x_wconf 53' lang='lat' dir='ltr'>iniiinii</span> <span class='ocrx_word' id='word_1_844' title='bbox 2469 5443 2814 5514; x_wconf 50' lang='lat' dir='ltr'>vetustiores</span> <span class='ocrx_word' id='word_1_845' title='bbox 2845 5466 2902 5514; x_wconf 89' lang='lat' dir='ltr'>et</span> <span class='ocrx_word' id='word_1_846' title='bbox 2930 5463 3181 5526; x_wconf 88' lang='lat' dir='ltr'>quinque</span> <span class='ocrx_word' id='word_1_847' title='bbox 3224 5464 3409 5511; x_wconf 83' lang='lat' dir='ltr'>vetera</span> <span class='ocrx_word' id='word_1_848' title='bbox 3443 5443 3769 5509; x_wconf 79' lang='lat' dir='ltr'>exemplaria:</span> 
     </span>
    </p>
   </div>
   <div class='ocr_carea' id='block_1_113' title="bbox 2200 5536 2882 5588">
    <p class='ocr_par' dir='ltr' id='par_1_113' title="bbox 2200 5536 2882 5588">
     <span class='ocr_line' id='line_1_113' title="bbox 2200 5536 2882 5588; baseline -0.001 -4"><span class='ocrx_word' id='word_1_849' title='bbox 2200 5557 2227 5585; x_wconf 90' lang='lat'>«</span> <span class='ocrx_word' id='word_1_850' title='bbox 2259 5539 2346 5588; x_wconf 88' lang='lat' dir='ltr'>Tu</span> <span class='ocrx_word' id='word_1_851' title='bbox 2375 5551 2486 5587; x_wconf 91' lang='lat' dir='ltr'>non</span> <span class='ocrx_word' id='word_1_852' title='bbox 2514 5536 2823 5585; x_wconf 80' lang='lat' dir='ltr'>famularis.</span> <span class='ocrx_word' id='word_1_853' title='bbox 2852 5550 2882 5583; x_wconf 79' lang='lat'>»</span> 
     </span>
    </p>
   </div>
   <div class='ocr_carea' id='block_1_114' title="bbox 2265 5585 3770 5673">
    <p class='ocr_par' dir='ltr' id='par_1_114' title="bbox 2265 5585 3770 5673">
     <span class='ocr_line' id='line_1_114' title="bbox 2265 5585 3770 5673; baseline -0.008 0"><span class='ocrx_word' id='word_1_854' title='bbox 2265 5585 2695 5673; x_wconf 9' lang='lat' dir='ltr'>hil—dinimarum</span> <span class='ocrx_word' id='word_1_855' title='bbox 2724 5608 2868 5657; x_wconf 84' lang='lat' dir='ltr'>ratio</span> <span class='ocrx_word' id='word_1_856' title='bbox 2892 5605 3194 5655; x_wconf 84' lang='lat' dir='ltr'>communis.</span> <span class='ocrx_word' id='word_1_857' title='bbox 3228 5602 3369 5653; x_wconf 87' lang='lat' dir='ltr'>Vide</span> <span class='ocrx_word' id='word_1_858' title='bbox 3397 5592 3547 5673; x_wconf 59' lang='lat' dir='ltr'>Vellll</span> <span class='ocrx_word' id='word_1_859' title='bbox 3575 5585 3770 5673; x_wconf 47' lang='grc' dir='ltr'>Ρηῗξξῖξ</span> 
     </span>
    </p>
   </div>
   <div class='ocr_carea' id='block_1_115' title="bbox 2202 5650 3768 5741">
    <p class='ocr_par' dir='ltr' id='par_1_115' title="bbox 2202 5650 3768 5741">
     <span class='ocr_line' id='line_1_115' title="bbox 2202 5650 3768 5741; baseline -0.022 -9"><span class='ocrx_word' id='word_1_860' title='bbox 2202 5650 2877 5732; x_wconf 44' lang='lat' dir='ltr'>rurastantus;1a</span> <span class='ocrx_word' id='word_1_861' title='bbox 2894 5650 3297 5741; x_wconf 47' lang='lat' dir='ltr'>gnaram</span> <span class='ocrx_word' id='word_1_862' title='bbox 3312 5650 3626 5727; x_wconf 12' lang='lat' dir='ltr'>iidecrobium</span> <span class='ocrx_word' id='word_1_863' title='bbox 3652 5650 3730 5702; x_wconf 88' lang='lat' dir='ltr'>lib.</span> <span class='ocrx_word' id='word_1_864' title='bbox 3756 5656 3768 5692; x_wconf 85' lang='grc' dir='ltr'><strong><em>ι</em></strong></span> 
     </span>
    </p>
   </div>
   <div class='ocr_carea' id='block_1_116' title="bbox 2201 5750 2763 5817">
    <p class='ocr_par' dir='ltr' id='par_1_116' title="bbox 2201 5750 2763 5817">
     <span class='ocr_line' id='line_1_116' title="bbox 2201 5750 2763 5817; baseline -0.005 -13"><span class='ocrx_word' id='word_1_865' title='bbox 2201 5750 2496 5808; x_wconf 63' lang='grc' dir='ltr'>δαιανηαιη</span> <span class='ocrx_word' id='word_1_866' title='bbox 2524 5766 2645 5817; x_wconf 87' lang='lat' dir='ltr'>cap.</span> <span class='ocrx_word' id='word_1_867' title='bbox 2688 5752 2763 5801; x_wconf 89' lang='lat' dir='ltr'>ll.</span> 
     </span>
    </p>
   </div>
  </div>
