3978 6194
170 273 253 326 569
411 252 422 259 ”
792 301 799 313 ι
1374 270 1575 328 LIBER
1618 272 1704 327 AD
1743 272 1760 325 l

1864 267 2249 325 IETRIANUM.

3385 266 3487 321 570

163 399 272 452 tatis
312 396 640 467 obsequium
698 399 990 468 pareatur,
1040 397 1400 469 imperiosius
1443 402 1499 451 et
1548 396 1758 453 nimius
1780 409 1838 481 Α
1860 394 1917 449 in
1943 394 2201 448 futurum
2229 392 2489 448 consulat
2510 392 2871 447 admonetur.
2900 392 3058 446 Inter
3077 390 3200 462 ipsa
3225 390 3480 457 adversa,

163 491 418 545 servitutis
461 496 702 557 exactor,
755 491 1027 563 ﬂagellas,
1084 492 1365 558 verberas,
1424 491 1597 557 fame,
1645 490 1755 556 siti,

158 584 409 649 nuditate,
442 584 589 638 ferro
629 585 801 639 etiam
832 584 1162 656 frequenter
1203 591 1260 639 et
1300 600 1522 639 carcere
1553 582 1758 654 afﬂigis

158 684 203 733 et
224 679 423 731 crucias
448 695 461 741 ;
490 681 542 731 et
568 694 681 732 non
712 678 988 749 agnoscis,
1016 679 1207 749 miser,
1242 679 1546 734 Dominum
1582 680 1757 734 Deum

156 780 317 838 tuum,
350 788 484 825 cum
510 771 585 825 sic
620 788 880 826 exerceas
908 772 1026 844 ipse
1055 773 1412 829 dominatum
1444 776 1548 846 (23)
1575 777 1601 831 ‘l

210 865 282 919 IX.
311 866 509 920 Merito
544 882 682 936 ergo
722 865 1142 921 incursantibus
1176 866 1359 938 plagis
1396 885 1511 923 non
1552 870 1760 924 desunt

151 959 234 1015 Dei
257 958 476 1029 ﬂagella
513 975 617 1013 nec
657 959 886 1014 verbera
918 977 930 1014 :
963 977 1091 1031 quas
1122 977 1253 1015 cum
1283 961 1423 1016 nihil
1453 963 1579 1017 istic
1622 980 1755 1035 pro-

152 1057 413 1120 moveant,
467 1068 575 1106 nee
626 1052 699 1107 ad
752 1055 935 1107 Deum
997 1053 1253 1125 singulos
1305 1059 1463 1111 tanto
1512 1057 1758 1113 cladium

148 1151 338 1201 terrore
367 1149 719 1209 convertant,
750 1150 945 1201 manet
994 1148 1358 1218 postmodum
1400 1151 1510 1221 (24)
1562 1167 1757 1206 carcer

150 1246 377 1293 alemus
432 1243 490 1294 et
530 1239 686 1311 jugis
734 1240 960 1294 ﬂamma
1004 1248 1058 1295 et
1101 1258 1267 1313 poena
1312 1250 1610 1315 perpetua.
1650 1245 1759 1300 Nec

150 1332 396 1387 audietur
450 1333 567 1387 illic
614 1334 941 1405 rogantium
1000 1335 1277 1406 gemitus,
1336 1338 1467 1408 quia
1514 1355 1617 1393 nec
1669 1338 1759 1393 hic

150 1427 232 1480 Dei
277 1425 628 1497 indignantis
680 1430 866 1482 terror
910 1428 1138 1483 auditus
1191 1432 1295 1498 est,
1335 1431 1435 1502 qui
1478 1448 1583 1502 per
1622 1449 1755 1503 pro-

147 1520 358 1591 phetam
391 1520 599 1575 clamat
625 1524 682 1575 et
725 1521 904 1576 dicit:
942 1516 1146 1579 Audite
1186 1539 1479 1580 sermonem
1528 1528 1756 1594 Domini,

150 1615 239 1682 ﬁlii
292 1615 512 1681 Israel,
574 1616 704 1685 quia
749 1616 1021 1685 judicium
1073 1622 1151 1673 est
1216 1621 1434 1674 Domini
1501 1621 1760 1676 adversus

148 1707 331 1763 incolas
384 1713 581 1773 terrae,
633 1725 691 1764 eo
736 1710 886 1780 quod
939 1727 1109 1781 neque
1156 1714 1548 1776 misericordia,
1595 1730 1760 1784 neque

1860 488 2068 560 quibus
2116 487 2205 541 vix
2237 492 2517 542 coarctata
2568 492 2623 539 et
2672 485 2938 540 conclusa
2986 484 3177 540 anima
3226 485 3484 556 respirat,

1860 585 2017 636 vacat
2044 581 2226 637 malos
2255 596 2372 635 esse
2405 584 2461 634 et
2502 579 2560 633 in
2607 579 2871 649 periculis
2922 578 3092 633 tantis
3139 594 3255 633 non
3308 578 3379 632 de
3423 594 3482 631 se

1859 674 2044 745 magis
2073 674 2169 729 sed
2200 674 2267 729 de
2298 674 2476 729 altero
2496 672 2771 743 judicare.
2795 671 3175 742 lndignamini
3196 671 3486 742 indignari

1861 770 2059 834 Deum,
2090 767 2252 839 quasi
2279 766 2497 839 aliquid
2522 766 2659 821 boni
2688 766 2839 820 male
2866 765 3101 820 vivendo
3128 765 3482 833 mereamini,

1860 863 2015 933 quasi
2048 877 2164 916 non
2198 860 2389 915 omnia
2427 860 2529 915 ista
2573 876 2698 930 quae
2734 858 2999 913 accidunt
3040 858 3263 913 minora
3298 858 3485 915 adhuc

1858 956 1969 1010 sint
1995 960 2051 1010 et
2082 955 2296 1010 leviora
2328 954 2571 1025 peccatis
2600 953 2820 1008 vestris.

1928 1050 1990 1103 Χ.
2043 1049 2153 1114 Qui
2200 1048 2338 1103 alios
2377 1048 2616 1118 judicas,
2663 1045 2968 1117 aliquando
3022 1051 3079 1101 et
3123 1051 3184 1099 tu
3230 1049 3349 1100 esto
3403 1045 3486 1100 tui

1854 1143 2073 1214 judex;
2136 1141 2500 1197 conscientiae
2553 1148 2662 1195 tua;
2716 1140 2965 1195 latebras
3002 1126 3264 1208 intuere,
3326 1139 3484 1206 imo,

1861 1238 1995 1308 quia
2026 1237 2215 1291 nullus
2237 1236 2363 1307 jam
2392 1234 2766 1306 delinquendi
2808 1238 2996 1289 metus
3035 1232 3146 1303 (27)
3180 1232 3269 1287 vel
3304 1232 3491 1305 pudor

1861 1333 1967 1399 est,
2000 1336 2057 1384 et
2102 1330 2181 1384 sic
2224 1334 2494 1400 peccatur
2523 1328 2684 1399 quasi
2730 1326 2915 1398 magis
2953 1343 3054 1398 per
3094 1326 3217 1398 ipsa
3260 1331 3490 1397 peccata

1858 1425 2169 1495 placentur,
2201 1424 2298 1495 qui
2326 1424 2659 1493 perspicuus
2695 1428 2751 1477 et
2786 1421 2974 1477 nudus
3003 1420 3210 1477 videris
3247 1437 3282 1473 a
3313 1435 3485 1475 cunc—

1860 1518 1951 1587 tis,
1994 1521 2051 1574 et
2090 1516 2212 1588 ipse
2254 1522 2307 1572 te
2347 1516 2583 1587 respice.
2610 1519 2719 1571 Aut
2761 1515 2913 1570 enim
2954 1513 3220 1586 superbia
3255 1514 3488 1568 inﬂatus

1862 1629 1944 1680 es,
1985 1616 2083 1666 aut
2115 1611 2355 1666 avaritia
2402 1625 2602 1680 rapax,
2654 1614 2752 1664 aut
2801 1608 3091 1663 iracundia
3136 1623 3336 1676 saevus,
3387 1612 3491 1662 aut.

1861 1706 1980 1760 alea
2009 1705 2309 1777 prodigus,
2339 1708 2437 1759 aut
2457 1703 2764 1758 vinolentia
2797 1702 3167 1770 temulentus,
3195 1705 3294 1756 aut
3312 1700 3484 1756 livore

146 1803 341 1869 veritas,
381 1818 557 1872 neque
603 1805 809 1871 agnitio
857 1806 951 1859 Dei
1002 1805 1042 1838 “
1096 1808 1166 1860 sit
1214 1822 1376 1876 super
1418 1811 1637 1870 terram,
1667 1781 1837 1862 sedB
1862 1799 2104 1867 invidus,
2146 1803 2243 1853 aut
2288 1797 2524 1852 libidine
2567 1797 2832 1862 incestus,
2862 1799 2961 1850 aut
2999 1794 3336 1849 crudelitate
3362 1793 3484 1849 vioo

146 1895 439 1954 exsecratio,
487 1897 541 1946 et
586 1893 945 1956 mendacium,
998 1899 1048 1949 et
1102 1895 1293 1958 clades,
1341 1902 1391 1950 et
1443 1898 1677 1964 furtum,
1711 1902 1762 1953 et

145 1984 455 2039 adulteiium
502 1986 765 2055 diffusum
825 1993 903 2042 est
957 2004 1116 2058 super
1162 1993 1403 2049 terram;
1442 1993 1762 2058 sanguinem

144 2080 382 2147 sanguini
437 2083 850 2149 supermiscent.
912 2082 1118 2136 Idcirco
1189 2090 1333 2137 terra
1389 2083 1587 2152 lugebit
1642 2101 1761 2139 cum

146 2173 387 2227 universis
448 2173 642 2228 incolis
690 2178 822 2236 suis,
873 2191 992 2229 cum
1048 2176 1234 2231 bestiis
1289 2180 1430 2247 agri,
1486 2194 1604 2233 cum
1647 2194 1759 2233 ser-

140 2265 369 2335 pentibus
410 2272 594 2329 terrz,
627 2283 745 2322 cum
786 2269 1092 2323 volucribus
1129 2271 1237 2341 (25)
1267 2272 1402 2339 creti,
1431 2277 1481 2327 et
1519 2272 1763 2342 deﬁcient

142 2361 291 2427 pisces
352 2362 528 2414 maris
557 2406 574 2425 ,
640 2366 700 2415 ut
763 2377 915 2417 nemo
972 2363 1185 2431 judicet
1214 2405 1231 2427 ,
1297 2380 1450 2418 nemo
1516 2368 1763 2420 reuincat

154 2453 297 2519 (Osee,
330 2469 408 2521 iv,
445 2455 592 2523 1-4).
626 2454 920 2525 Indignari
948 2472 1007 2510 se
1032 2457 1178 2511 Deus
1221 2457 1353 2512 dicit
1379 2464 1433 2512 et
1461 2458 1625 2513 irasci
1653 2459 1761 2530 (26)

149 2546 282 2616 quod
324 2547 555 2618 agnitio
598 2549 698 2603 Dei
745 2565 859 2602 non
903 2549 974 2603 sit
1014 2549 1071 2604 in
1121 2551 1310 2618 terris,
1359 2557 1415 2605 et
1456 2553 1602 2606 Deus
1649 2569 1763 2607 non

148 2640 453 2709 agnoscitur
488 2658 598 2695 nec
629 2640 880 2696 timetur.
917 2643 1128 2697 Delicta
1152 2645 1608 2715 mendaciorum,
1640 2644 1766 2700 libi-

149 2732 346 2801 dinum,
393 2734 715 2803 fraudium,
763 2736 1137 2805 crudelitatis,
1187 2738 1506 2809 impietatis,
1555 2739 1764 2793 furoris

150 2826 274 2879 Deus
298 2827 564 2899 increpat
590 2832 648 2882 et
687 2830 923 2897 incusat,
955 2832 1012 2883 et
1060 2830 1133 2884 ad
1170 2832 1554 2886 innocentiam
1596 2849 1764 2887 nemo

146 2922 486 2976 convertitur.
523 2921 688 2977 Fiunt
727 2939 855 2977 ecce
902 2940 1029 2995 quas
1059 2924 1242 2979 verbis
1274 2924 1454 2998 551
1502 2927 1601 2981 Dei
1630 2933 1763 2981 ante

1859 1895 2095 1948 lentus:
2128 1898 2184 1947 et
2226 1891 2448 1947 miraris
2487 1890 2545 1944 in
2589 1907 2783 1961 poenas
2824 1889 2933 1959 (28)
2981 1889 3211 1960 generis
3252 1887 3486 1943 humani

1860 1987 2006 2042 iram
2068 1987 2167 2041 Dei
2234 2001 2506 2048 crescere,
2566 2001 2696 2038 cum
2764 1988 2976 2038 crescat
3028 1980 3282 2053 quotidie
3330 1981 3486 2052 quod

1861 2080 2180 2152 puniatur?
2219 2082 2446 2134 Hostem
2488 2077 2750 2150 quereris
2792 2092 3120 2148 exsurgere,
3165 2073 3345 2147 quasi,
3385 2073 3488 2129 etsi

1861 2174 2041 2230 hostis
2093 2174 2258 2241 desit,
2305 2191 2426 2227 esse
2482 2189 2592 2244 pax
2644 2172 2796 2227 inter
2846 2171 2998 2242 ipsas
3026 2173 3185 2242 togas
3214 2170 3259 2203 ¹²
3290 2168 3483 2240 possit.

1862 2269 2092 2323 Hostem
2124 2268 2379 2339 quereris
2400 2282 2730 2336 exsurgere,
2764 2265 2927 2336 quasi
2954 2280 3088 2331 non,
3118 2262 3223 2319 etsi
3248 2265 3491 2317 externa

1864 2361 1934 2416 de
1966 2361 2217 2417 barbaris
2248 2377 2413 2416 arma
2454 2365 2511 2415 et
2551 2359 2801 2431 pericula
2838 2358 3304 2430 comprimantur,
3335 2356 3488 2412 fero-

1863 2458 1981 2511 cius
2011 2457 2163 2510 intus
2206 2460 2264 2509 et
2293 2454 2521 2526 gravius
2561 2454 2630 2509 de
2676 2452 2979 2508 calumniis
3022 2455 3081 2507 et
3115 2450 3336 2522 injuriis
3379 2465 3485 2522 po-

1864 2549 2106 2605 tentium
2139 2550 2343 2604 civium
2372 2548 2699 2604 domestica:
2727 2546 3173 2618 impugnationis
3200 2546 3309 2599 tela
3337 2560 3492 2616 gras-

1863 2650 2080 2698 sentur.
2116 2644 2191 2697 De
2237 2641 2530 2697 sterilitate
2575 2644 2633 2695 et
2674 2640 2824 2696 fame
2866 2642 2972 2711 (29)
3016 2637 3294 2710 quereris,
3332 2637 3490 2708 quasi
3534 2682 3535 2685 η

1862 2737 2081 2792 famem
2134 2737 2411 2807 majorem
2468 2734 2689 2790 siccitas
2741 2749 2912 2804 quam
2970 2731 3249 2805 rapacitas
3298 2730 3488 2798 faciat,

1864 2831 2023 2902 quasi
2060 2846 2175 2885 non
2221 2830 2290 2885 de
2336 2829 2573 2901 captatis
2618 2843 2978 2881 annonarum
3019 2824 3386 2880 incrementis
3433 2825 3492 2877 et

1864 2924 2175 2996 pretiorum
2208 2923 2453 2978 cumulis
2479 2921 2815 2993 ﬂagrantior
2852 2920 3062 2991 inopia:
3090 2919 3261 2974 ardor
3295 2934 3487 2972 excre-

146 3015 389 3083 prasdicta
442 3023 602 3087 sunt,
649 3034 754 3072 nec
798 3018 1097 3089 quisquam
1140 3017 1250 3074 ﬁde
1294 3020 1664 3091 prmsentium
1707 3027 1767 3075 ut
1865 3025 2003 3073 seat.
2073 3018 2334 3083 Quereris
2392 3017 2575 3071 claudi
2629 3014 2908 3070 imbribus
2955 3013 3178 3077 caelum,
3235 3027 3367 3068 cum
3418 3010 3495 3065 sic

1510 3156 1719 3220 Variae
1762 3156 2100 3219 lectiones.

200 3259 232 3289 "
259 3259 447 3324 Neque
476 3258 691 3310 auditio
716 3261 816 3311 Dei
848 3261 955 3311 ΝΟ.
986 3262 1033 3311 2.
1108 3265 1144 3295 ¹²
1174 3263 1374 3328 Togas,
1406 3264 1623 3314 cultum
1652 3265 1806 3329 pacis
1839 3263 1962 3313 Bod.
1986 3264 2031 3312 1.

1428 3383 1651 3466 Steph.
1702 3383 1947 3447 Baluzii
1991 3387 2186 3445 notae.

203 3485 287 3546 (£3)
347 3488 464 3549 Ipse
524 3487 875 3536 dominatum.
929 3488 1067 3538 Haec
1109 3492 1322 3538 tantum
1372 3495 1586 3540 veteres
1632 3491 1757 3542 edi—

148 3557 318 3616 tiones,
343 3559 545 3621 viginti
583 3562 635 3608 et
680 3558 793 3608 duo
831 3559 959 3609 libri
996 3560 1187 3620 nostri,
1230 3562 1283 3610 et
1324 3560 1520 3611 decem
1567 3560 1761 3625 Angli-

147 3629 266 3677 cani.
317 3629 389 3678 lla
442 3630 617 3680 etiam
668 3629 801 3691 legit
849 3628 1171 3681 Goulartius
1224 3632 1279 3680 in
1324 3631 1466 3681 libro
1516 3632 1763 3695 episc0pi

149 3701 486 3751 Acconensis.
542 3700 823 3749 Manutius
872 3702 1085 3764 primus
1114 3703 1364 3752 omnium
1407 3704 1621 3753 invexit
1649 3704 1762 3754 lec-

147 3772 326 3820 tionem
366 3784 504 3835 quee
545 3770 715 3821 habet
742 3789 770 3815 «
800 3772 916 3835 ipse
964 3773 1021 3822 in
1064 3772 1290 3823 homine
1335 3773 1699 3824 dominatum.
1732 3790 1761 3821 »

146 3839 366 3892 Retinuit
421 3844 580 3892 illam
633 3843 931 3905 Pamelius,
978 3845 1289 3896 admonens
1336 3850 1522 3895 tamen
1580 3846 1762 3895 solum

146 3911 426 3963 Manutium
460 3914 671 3963 habere
700 3913 800 3964 has
834 3927 998 3965 voces
1034 3916 1091 3963 in
1130 3915 1353 3975 homine,
1391 3920 1447 3967 et
1489 3916 1654 3967 malle
1702 3930 1762 3967 se

146 3982 233 4045 legi
283 3986 337 4033 in
387 3986 672 4036 hominem.
719 3986 965 4035 Joannes
1015 3985 1470 4049 Saresberiensis,
1522 3987 1618 4037 lib.
1664 4001 1761 4039 Vill

146 4054 450 4117 Policratici,
510 4069 632 4119 cap.
693 4057 789 4106 t2:
842 4074 870 4105 ex
915 4058 1081 4109 Doni
1131 4059 1279 4108 enim
1332 4058 1494 4108 nobis
1547 4060 1763 4107 animos

146 4124 404 4177 induimus
449 4131 839 4190 tyrannorum,
883 4133 938 4178 et
982 4141 1094 4178 non
1136 4133 1406 4193 quantum
1454 4129 1631 4191 decet,
1662 4130 1763 4179 sed

145 4201 391 4258 quantum
436 4198 590 4258 licet,
627 4211 885 4250 exercere
931 4199 1189 4250 volumus
1240 4201 1296 4250 in
1339 4213 1547 4250 servos.
1590 4216 1620 4247 »
1659 4200 1761 4250 Ju-

143 4269 328 4318 venalis
357 4270 545 4319 Satira
580 4281 629 4318 v1
658 4285 669 4318 :

198 4376 323 4425 Pone
350 4391 566 4426 crucem
595 4389 771 4426 servo.
798 4378 987 4427 Meruit
1016 4391 1124 4443 quo
1150 4378 1365 4428 crimine
1396 4392 1593 4429 servus.

195 4445 557 4512 Supplicium?
582 4447 704 4506 Quis
736 4449 881 4498 testis
900 4450 1061 4507 adest,
1091 4450 1205 4513 quis
1232 4449 1461 4500 detulit?
1494 4450 1643 4500 Audi.

196 4518 328 4568 Nulla
360 4532 590 4584 unquam
618 4519 685 4569 de
715 4525 880 4570 morte
911 4520 1137 4570 hominis
1172 4523 1438 4572 cunctatio
1466 4522 1623 4585 longe.
1662 4527 1759 4572 est.

195 4590 230 4638 Ο
252 4590 485 4652 demens,
515 4591 586 4640 ita
611 4606 791 4640 servus
819 4591 979 4641 homo
1010 4594 1128 4642 est?
1158 4593 1238 4641 Nil
1269 4593 1471 4651 fecerit,
1503 4598 1629 4643 esto.

198 4661 296 4710 Hoc
324 4664 466 4725 volo)
493 4662 569 4711 sic
594 4662 776 4725 jubeo,
802 4663 867 4712 sit
895 4677 990 4726 pro
1016 4663 1215 4714 ratione
1241 4666 1492 4713 voluntas.

199 4770 282 4831 (3t)
324 4773 499 4820 Manet
544 4771 889 4834 postmodum.
925 4772 1059 4822 Tres
1106 4771 1232 4822 libri
1282 4775 1497 4822 veteres
1534 4786 1544 4820 :
1578 4790 1606 4817 α
1646 4771 1759 4821 Ma-

148 4838 227 4889 det
266 4855 392 4906 ergo
443 4855 678 4892 necesse
720 4846 802 4892 est
851 4842 1223 4905 postmodum.
1269 4859 1298 4892 »
1346 4843 1424 4892 Ita
1470 4843 1636 4893 etiam
1671 4844 1757 4894 1e-

1780 3509 1837 3583 C

1862 3489 2057 3541 codice
2103 3490 2272 3554 regio.
2317 3487 2589 3538 Fuxensis
2631 3485 2801 3535 habet
2833 3484 2977 3534 locus
3029 3481 3110 3533 υοι
3147 3481 3341 3554 ριιάονἒ
3385 3478 3499 3528 Μο-

1862 3562 2055 3612 rellius
2101 3551 2188 3610 ait.
2218 3573 2278 3610 se
2310 3560 2364 3609 in
2413 3572 2527 3609 uno
2569 3558 2798 3621 antiquo
2838 3556 3039 3618 legisse
3080 3566 3267 3617 pavor.
3306 3551 3497 3621 Quan-

1862 3646 2030 3697 quam
2056 3644 2185 3681 vero
2227 3631 2405 3681 codex
2440 3620 2719 3679 Fuxensis
2759 3627 3045 3676 dissentiat
3084 3638 3113 3675 a
3144 3624 3315 3697 regio,
3347 3620 3493 3697 indi—

1862 3694 1951 3754 cat
1976 3707 2161 3754 tamen
2199 3702 2391 3753 deﬁeri
2422 3703 2546 3751 istic
2578 3698 2809 3764 aliquid.
2837 3698 2903 3748 In
2932 3711 3048 3747 uno
3084 3696 3256 3746 veteri
3297 3694 3499 3756 legitur

1861 3780 2025 3824 metus
2052 3774 2133 3824 vel
2159 3774 2352 3837 pudor.
2378 3773 2438 3821 1n
2466 3771 2659 3823 codice
2678 3763 2876 3821 Sancti
2911 3767 3187 3830 Arnulphi
3217 3763 3497 3837 uctipgudor

1865 3848 2100 3906 tantum,
2136 3835 2350 3908 absque
2385 3847 2570 3892 metus.
2615 3841 2708 3892 Sic
2746 3842 2915 3891 etiam
2955 3838 3121 3889 editio
3155 3835 3493 3888 Morelliana.

1865 3915 2026 3979 Quod
2062 3915 2272 3966 indicat
2297 3914 2489 3965 deesse
2514 3913 2607 3962 hic
2631 3912 2859 3977 aliquid.

1929 3989 2020 4051 (‘28)
2060 3989 2120 4036 In
2158 3999 2360 4049 pcenas.
2406 3984 2591 4035 Editio
2630 3999 2755 4049 quas
2800 3982 3003 4033 dicitur
3050 3979 3343 4051 Graviiget
3381 3977 3494 4051 duo

1861 4047 1988 4109 libri
2020 4047 2234 4109 veteres
2267 4057 2569 4121 praeferunt
2604 4047 2662 4103 in
2688 4056 2894 4119 plagas.
2930 4052 3024 4104 Sic
3048 4052 3214 4102 etiam
3254 4047 3497 4099 habebat

1861 4129 2218 4181 Veronensis.
2270 4120 2447 4178 Paulo
2493 4141 2660 4191 supra
2702 4129 2971 4190 scriptum
3020 4128 3103 4173 est
3145 4140 3173 4168 «
3221 4120 3399 4184 magis
3440 4124 3496 4169 et

1862 4202 2037 4266 magis
2076 4201 2133 4248 in
2172 4200 2363 4263 plagas
2397 4200 2615 4262 generis
2661 4196 2896 4247 humani
2939 4204 3230 4245 censuram
3275 4191 3378 4241 Dei
3409 4192 3494 4238 in-

1862 4271 2144 4336 dignantis
2173 4269 2424 4320 accendi.
2454 4290 2482 4316 ››

1923 4335 2021 4406 (29)
2056 4342 2351 4392 Sterilitute
2374 4354 2437 4391 ac
2471 4340 2629 4403 fame.
2662 4338 2998 4390 Prudentius
3034 4336 3127 4387 lib.
3157 4350 3213 4396 ιι,
3242 4335 3497 4386 adversus

1861 4413 2228 4478 Symmachum
2258 4428 2269 4460 :

1923 4521 2053 4571 Hinc
2084 4520 2156 4569 ait
2186 4524 2237 4569 et
2260 4520 2462 4568 steriles
2492 4519 2787 4581 frugescere
2818 4517 2984 4567 rarius
3013 4529 3186 4580 agros,

1924 4593 1987 4641 Et
2012 4593 2214 4641 tristem
2240 4591 2423 4640 saevire
2452 4590 2665 4645 famem,
2692 4593 2963 4652 totumque
2997 4601 3089 4650 per
3113 4585 3295 4636 orbem

1923 4663 2165 4712 Mortales
2190 4662 2383 4725 pallere
2410 4661 2596 4723 inopes
2626 4674 2684 4709 ac
2712 4660 2860 4724 panis
2888 4672 3096 4721 egenos.

1858 4771 2090 4821 Dixerat
2120 4769 2269 4820 enim
2305 4766 2681 4832 Symmachus
2711 4782 2722 4815 :
2762 4784 2788 4812 α
2816 4766 3019 4816 Secuta
3054 4771 3139 4816 est
3181 4767 3357 4816 fames
3392 4778 3490 4829 pu-

1858 4843 2007 4893 blica
2044 4844 2098 4892 et
2145 4853 2300 4904 spem
2346 4840 2758 4903 provinciarum
2807 4840 3061 4888 omnium
3104 4837 3303 4888 messis
3349 4849 3495 4899 aegra

146 4912 270 4970 gisse
318 4895 375 4961 se
434 4915 490 4962 in
545 4912 768 4962 duobus
823 4895 980 4963 libris
1036 4915 1285 4979 antiquis
1337 4913 1503 4964 tradit
1564 4895 1835 4967 Morel-D
1858 4915 2095 4978 decepit.
2156 4895 2191 4962 ί
2244 4895 2448 4963 Contra
2524 4924 2653 4961 cum
2718 4909 2824 4959 sub
2904 4910 3134 4973 imperio
3210 4895 3497 4979 Maximini

146 4979 251 5031 lius.

198 5054 285 5111 ('25)
312 5056 439 5105 Cum
480 5055 794 5106 minoribus.
832 5056 1061 5107 Veteres
1098 5057 1371 5107 editiones
1413 5061 1469 5107 et
1509 5056 1759 5121 quinque

150 5128 311 5191 vetera
343 5127 677 5190 exemplaria
706 5127 899 5191 legunt
939 5141 1053 5177 cum
1096 5126 1398 5177 volucribus
1432 5133 1479 5177 et
1519 5127 1757 5177 volatili-

149 5190 241 5269 bus.
276 5195 548 5269 Fuxense,
579 5210 696 5246 eum
728 5197 1049 5269 volatilibus.
1085 5197 1195 5247 Sed
1225 5196 1348 5249 hsec
1376 5197 1759 5249 desiderantur

150 5268 194 5310 In
217 5268 469 5317 omnibus
511 5269 634 5318 aliis
676 5268 959 5319 veteribus
993 5272 1047 5318 et
1075 5270 1130 5318 in
1176 5269 1243 5318 iis
1285 5283 1428 5333 quos
1474 5270 1757 5321 Morellius

150 5334 263 5385 vidit
289 5344 341 5387 et
364 5340 418 5388 in
449 5339 607 5391 Osee.

202 5408 284 5469 (26)
305 5412 367 5460 Et
394 5412 576 5461 irasci.
603 5412 710 5461 Ista
739 5411 1030 5461 exstabant
1052 5413 1107 5462 in
1128 5413 1374 5477 antiquis
1396 5411 1754 5463 editionibus.

150 5475 441 5532 Manutiana
465 5483 703 5533 sustulit.
738 5483 1052 5533 Morelliana
1086 5475 1347 5547 reposuit.
1390 5483 1632 5534 Rursum
1663 5485 1760 5534 Pa-

150 5549 338 5627 inelius
360 5556 645 5627 expunxit.
682 5554 800 5618 Ego
828 5567 1074 5627 propono,
1104 5555 1236 5618 quia
1275 5554 1530 5618 quamvis
1575 5555 1759 5605 desint

152 5624 199 5667 in
237 5624 417 5673 multis
450 5625 604 5674 libris
649 5626 948 5687 veteribus,
987 5625 1265 5676 habentur
1294 5630 1479 5676 tamen
1520 5627 1576 5675 in
1623 5639 1757 5689 sep-

154 5692 441 5743 temdecim.
472 5696 607 5746 Nam
632 5696 944 5761 Cyprianus
968 5697 1138 5760 paulo
1167 5700 1299 5748 ante
1332 5698 1472 5746 dixit
1503 5713 1513 5746 :
1548 5714 1577 5745 «
1606 5697 1757 5747 Indi-

153 5768 327 5823 gnatur
352 5781 482 5816 ecce
507 5770 771 5819 Dominus
793 5772 845 5818 et
876 5770 1150 5818 irascitur.
1173 5785 1203 5816 »

209 5834 290 5899 (Ξῖ)
340 5840 515 5889 Melus.
560 5840 719 5892 Hanc
769 5853 960 5892 vocem
1009 5854 1112 5893 nos
1159 5840 1477 5892 addidimus
1530 5853 1599 5891 ex
1642 5855 1756 5893 uno
1794 5886 1807 5892 -

1860 4977 2061 5048 magna
2112 4983 2367 5033 fertilitas
2415 4982 2695 5032 evenisset
2748 4982 2805 5030 in
2866 4980 3193 5044 republica,
3257 4977 3495 5043 gentiles

1860 5055 2012 5105 illam
2064 5054 2376 5105 referebant
2427 5053 2496 5103 ad
2550 5052 2782 5102 deorum
2833 5051 3234 5115 benignitatem
3290 5054 3497 5102 testan-

1861 5130 1999 5176 tium
2029 5126 2135 5177 sibi
2165 5125 2384 5189 placere
2423 5137 2551 5188 quas
2580 5123 2790 5174 ﬁebant
2818 5123 3085 5173 adversus
3123 5122 3489 5173 Christianos.

1859 5198 2005 5248 Hinc
2053 5198 2283 5262 gloriam
2334 5203 2567 5260 captans
2629 5196 2963 5246 Maximinus
3036 5194 3495 5245 constitutionem

1858 5269 2034 5319 edidit
2080 5282 2191 5333 qua
2244 5268 2390 5318 hanc
2447 5267 2757 5318 ubertatem
2794 5267 3071 5328 jactanter
3115 5266 3249 5315 satis
3297 5279 3361 5315 uc
3404 5279 3496 5314 su-

1852 5340 2029 5405 perbe,
2077 5345 2137 5389 ut
2186 5340 2258 5389 ait
2313 5339 2569 5398 Ruﬁnus,
2610 5338 2928 5388 extollebat.
2968 5337 3037 5386 Et
3079 5350 3205 5386 mox
3237 5339 3495 5387 saevitum

1858 5415 1941 5462 est
1964 5415 2224 5461 atrociter
2248 5412 2303 5459 in
2335 5410 2698 5460 Christianos.
2732 5408 2840 5459 Sed
2873 5411 3056 5459 statim
3102 5410 3252 5459 Deus
3293 5410 3498 5459 famem

1858 5487 1913 5533 et
1970 5486 2182 5545 pestem
2231 5481 2749 5531 vehementissimus
2799 5486 2854 5531 et
2904 5482 3205 5531 acerrimus
3264 5479 3497 5528 immisit

1859 5555 1915 5604 in
1974 5552 2416 5617 rempublicam,
2474 5558 2534 5603 ut
2586 5556 2863 5603 constaret
2916 5552 3063 5602 bona
3127 5563 3254 5615 quas
3311 5552 3366 5598 in
3431 5562 3496 5598 ea

1857 5625 2190 5676 eveniebant
2236 5638 2347 5675 non
2387 5623 2511 5674 ideo
2551 5624 2719 5674 tribui
2768 5638 2798 5673 a
2847 5623 2955 5672 diis
3002 5623 3151 5673 velut
3200 5621 3492 5684 praemium

1856 5698 2309 5760 persecutionum
2342 5733 2354 5756 ,
2409 5695 2508 5745 sed
2568 5699 2758 5745 contra
2815 5695 2995 5744 Deum
3048 5693 3492 5744 Christianorum

1857 5768 2141 5818 vindicare
2198 5780 2293 5816 eos
2332 5768 2429 5831 qui
2484 5781 2581 5830 pro
2623 5765 2848 5816 nomine
2893 5766 3012 5827 ejus
3064 5764 3264 5825 injuste
3316 5760 3489 5823 patie-

1856 5839 2076 5891 bantur.
2109 5838 2245 5890 Vide
2276 5838 2602 5899 Eusebium,
2630 5837 2721 5887 lib.
2750 5849 2831 5900 ix,
2857 5850 2980 5900 cap.
3010 5837 3056 5896 7,
3085 5838 3133 5885 8.
