3990 6202
413 279 504 335 571
1300 282 1375 339 ‘S.
1418 285 1728 341 CYI’RHNI
1769 282 2041 341 OPERUM
2074 278 2241 341 PARS
2283 285 2346 339 lI.
2381 313 2448 324 —
2488 281 2859 340 OPUSCULA.
3666 285 3762 341 572

413 403 620 460 horrea
655 405 994 462 claudantur
1035 405 1087 461 in
1126 407 1318 479 terris.
1361 410 1623 475 Quereris
1665 427 1817 465 nunc
1857 412 2046 466 minus
2069 430 2120 499 Α
2145 410 2242 476 ait,
2285 425 2392 463 non
2446 409 2590 463 valet
2640 406 2832 481 553
2876 422 3066 462 manus
3109 404 3319 462 Domini
3357 412 3421 461 ut
3471 406 3648 463 salvos
3679 423 3767 462 vos

411 500 589 563 nasci,
626 499 786 569 quasi
815 516 942 571 quas
970 503 1104 554 nata
1149 506 1282 556 sunt
1324 502 1713 575 indigentibus
1749 506 2046 576 praebean-

2148 506 2370 570 ructat?
2411 510 2507 557 aut
2549 505 2802 572 gravavit
2839 517 3025 557 aurem
3072 507 3132 555 ut
3174 517 3282 555 non
3319 502 3583 557 exaudiat
3605 503 3633 555 ?
3670 501 3772 557 Sed

414 596 527 645 tur.
561 593 777 646 Pestem
807 596 865 647 ct
896 594 1046 648 luem
1091 595 1427 664 criminaris,
1474 612 1605 651 cum
1654 602 1811 669 peste
1856 596 2047 672 552
2143 602 2369 666 peccata
2392 602 2570 652 vestra
2600 599 2743 651 inter
2770 611 2859 650 vos
2886 601 2934 651 ct
2968 598 3137 649 Deum
3173 600 3454 664 separant,
3485 601 3534 649 et
3557 602 3775 665 propter

414 684 531 756 ipsa
559 688 615 739 et
646 686 735 739 lue
776 687 863 740 vel
905 687 1124 742 delecta
1173 689 1286 743 siut
1324 690 1408 743 vel
1455 697 1620 746 aucta
1660 692 1896 746 crimina
1931 693 2046 746 sin-

412 779 694 848 gulorum,
724 780 859 834 dum
894 797 998 835 nec
1025 782 1266 837 inﬁrmis
1308 784 1611 839 exhibetur
1636 786 2047 854 misericordia,

411 874 469 925 et
506 872 783 928 defunctis
831 876 1071 930 avaritia
1121 877 1299 932 inhiat
1356 895 1419 933 ac
1478 879 1699 949 rapina.
1746 880 1925 934 Iidem
1980 882 2048 936 ad

414 965 639 1036 pietatis
692 966 1031 1039 obsequium
1078 970 1284 1040 timidi,
1323 972 1392 1026 ad
1438 973 1616 1045 impia
1662 974 1815 1028 lucra
1863 980 2048 1029 teme-

415 1059 572 1127 rarii,
603 1060 889 1131 fugientes
937 1064 1307 1119 morientium
1352 1066 1577 1130 funera,
1618 1071 1675 1122 et
1715 1073 2052 1140 appetentes

417 1154 593 1223 spolia
636 1161 1020 1226 mortuorum,
1057 1161 1115 1212 ut
1159 1167 1427 1231 appareat
1473 1161 1526 1214 in
1573 1162 1912 1232 aegritudine
1954 1181 2054 1217 sua

415 1247 655 1303 miseros
682 1248 752 1303 ad
787 1250 891 1305 hoc
920 1251 1153 1307 forsitan
1188 1253 1487 1308 derelictos
1511 1272 1651 1324 esse,
1693 1273 1763 1309 ne
1794 1256 2033 1327 possint,

414 1340 550 1395 dum
577 1349 866 1409 curantur,
898 1346 1130 1400 evadere
1159 1363 1171 1401 :
1205 1363 1333 1401 nam
1376 1348 1560 1419 perire
1603 1365 1826 1420 (egrum
1874 1350 2057 1406 voluit

416 1434 514 1506 qui
543 1451 774 1490 censum
797 1438 1090 1507 pereuntis
1119 1439 1355 1495 invadit.

485 1529 571 1583 XI.
605 1530 812 1584 Tantus
841 1532 1090 1587 cladium
1138 1539 1322 1588 terror
1366 1536 1502 1590 dare
1547 1552 1658 1591 non
1682 1540 1866 1608 potest
1896 1538 2057 1592 inno-

419 1622 614 1677 centiae
653 1622 1011 1695 disciplinam
1056 1628 1121 1695 ιδ,
1156 1634 1209 1682 et
1250 1628 1399 1683 inter
1457 1631 1732 1700 populum
1772 1632 2056 1703 frequenti

419 1718 609 1787 strage
639 1718 996 1787 morientem,
1038 1737 1209 1775 nemo
1248 1722 1574 1777 considerat
1617 1742 1677 1779 se
1724 1741 1847 1779 esse
1897 1742 2048 1781 mor-

2149 690 2348 744 deticta
2378 696 2554 745 vestra
2581 693 2781 745 avertit
2817 692 3017 757 faciem
3055 705 3212 743 suum
3238 705 3272 743 α
3317 689 3489 755 nobis,
3519 704 3583 742 ne
3619 690 3773 743 mise-

2150 789 2338 840 reatur
2376 786 2537 855 (Isa.,
2592 800 2701 851 le,
2740 788 2787 850 t,
2833 784 2909 851 ἓ).
2959 785 3188 838 Peccata
3242 782 3433 854 itaque
3480 788 3537 837 et
3581 782 3778 836 delicta

2152 880 2510 949 reputentur,
2538 877 2895 932 conscientiae
2930 878 3163 932 vulnera
3197 876 3567 948 cogitentur;
3602 879 3658 930 et
3682 876 3774 931 de-

2153 973 2298 1027 sinet
2328 973 2710 1043 unusquisque
2743 972 2810 1026 de
2854 972 2960 1026 Deo
2990 972 3074 1025 vel
3123 970 3192 1025 de
3228 970 3394 1026 nobis
3421 969 3716 1040 conqueri,
3739 969 3781 1024 si

2153 1067 2303 1139 quod
2334 1067 2548 1138 patitur
2574 1066 2855 1137 intelligat
2881 1082 2939 1120 se
2972 1066 3204 1119 mereri.

2226 1163 2333 1217 ΧΠ.
2367 1164 2506 1217 Ecce
2538 1160 2593 1214 id
2636 1160 2819 1231 ipsum
2862 1160 3026 1231 quale
3067 1163 3149 1213 est
3194 1159 3345 1214 unde
3388 1158 3558 1213 nobis
3598 1158 3778 1213 vobis-

2155 1273 2283 1310 cum
2329 1255 2437 1327 (32)
2488 1254 2736 1309 maxime
2782 1270 2974 1308 sermo
3023 1258 3126 1322 est,
3161 1253 3318 1325 quod
3364 1270 3471 1307 nos
3514 1252 3784 1306 intestatis

2157 1349 2454 1416 innoxios,
2507 1348 2657 1420 quod
2710 1349 2766 1402 iu
2818 1347 3225 1402 contumeliam
3284 1348 3387 1401 Dei
3443 1347 3786 1417 impugnatis

2156 1450 2329 1515 atque
2359 1443 2681 1514 Opprimitis
2711 1442 2809 1496 Dei
2837 1458 3048 1496 servos.
3079 1443 3285 1496 Parum
3310 1443 3396 1495 est
3425 1440 3577 1512 quod
3598 1440 3785 1495 furen-

2156 1538 2299 1592 tium
2345 1538 2614 1590 varictate
2648 1536 2938 1601 vitiorum,
2969 1535 3121 1607 quod
3166 1534 3473 1606 iniquitate
3518 1534 3780 1589 feralium

2157 1631 2499 1697 criminum,
2555 1629 2709 1701 quod
2754 1636 3117 1684 cruentarum
3161 1628 3510 1700 compendio
3563 1629 3780 1698 rapina-

2158 1743 2285 1780 rum
2332 1724 2447 1778 vita
2490 1730 2672 1778 vestra
2719 1725 3058 1792 maculatur,
3091 1723 3246 1796 quod
3292 1722 3783 1794 superstitionibus

417 1809 613 1865 talem.
680 1812 889 1866 Passim
968 1814 1319 1883 discurritur,
1399 1819 1641 1888 rapitur,
1719 1801 2303 1890 occupatur.Bfalsis
2360 1818 2558 1889 religio
2613 1835 2738 1872 vera
2813 1817 3196 1885 subvertitur,
3251 1817 3405 1888 quod
3463 1817 3612 1870 Deus
3664 1832 3778 1868 om-

423 1903 721 1957 Praedandi
767 1904 1141 1961 dissimulatio
1182 1908 1360 1975 nulla,
1401 1911 1555 1964 nulla
1593 1912 1875 1966 cunctatio
1918 1912 2049 1985 (30).

423 1994 597 2059 Quasi
658 1997 840 2067 liceat,
892 2000 1052 2070 quasi
1105 2005 1383 2071 oporteat,
1424 2005 1580 2075 quasi
1638 2005 1730 2061 ille
1784 2007 1883 2077 qui
1938 2025 2052 2061 non

423 2089 573 2161 rapit
626 2090 897 2146 damnum
953 2098 1010 2147 et
1064 2094 1420 2167 dispendium
1480 2099 1779 2168 proprium
1826 2101 2051 2169 sentiat,

423 2181 504 2236 sic
550 2184 938 2256 unusquisque
982 2204 1177 2258 rapere
1222 2189 1471 2245 festinat.
1502 2193 1559 2245 ln
1606 2193 1923 2248 latronibus
1972 2199 2055 2249 est

425 2282 713 2350 utcunque
740 2278 929 2351 aliqua
956 2281 1234 2336 scelerum
1270 2285 1645 2355 verecundia;
1681 2287 1833 2341 avias
1860 2287 2055 2342 fauces

427 2377 484 2425 et
520 2372 774 2427 desertas
815 2375 1147 2430 solitudines
1189 2378 1454 2450 diligunt,
1488 2385 1543 2433 et
1587 2380 1664 2434 sic
1707 2380 1820 2435 illic
1866 2381 2041 2436 delin-

428 2464 644 2535 quitur,
674 2471 734 2521 ut
760 2472 949 2522 tamen
990 2470 1444 2542 delinquentium
1479 2474 1699 2528 facinus
1723 2474 1973 2529 tenebris
2002 2479 2059 2530 et

426 2564 592 2614 nocte
639 2561 877 2615 veletur.
924 2564 1171 2618 Avaritia
1217 2566 1415 2637 palam
1458 2569 1635 2635 saevit,
1678 2572 1756 2637 et,
1792 2569 1913 2640 ipsa
1951 2586 2052 2624 au-

430 2652 591 2707 dacia
639 2671 739 2709 sua
790 2659 932 2725 tuta,
973 2657 1030 2711 in
1088 2658 1196 2712 fori
1251 2661 1374 2714 luce
1423 2661 1681 2733 abruptae
1734 2663 2058 2734 cupiditatis

431 2762 587 2802 arma
616 2749 918 2819 prostituit.
952 2752 1085 2807 lude
1117 2752 1348 2820 falsarii,
1381 2754 1509 2809 inde
1543 2757 1800 2825 venefici,
1836 2756 1967 2811 inde
1998 2758 2054 2812 in

430 2841 622 2897 media
660 2843 884 2898 civitate
917 2845 1121 2914 sicarii,
1164 2852 1279 2901 tam
1334 2848 1406 2902 ad
1452 2851 1802 2920 peccandum
1854 2851 2055 2922 praeci-

429 2935 578 3005 pites
621 2953 791 3008 quam
835 2938 1074 3009 impune
1121 2946 1436 3012 peccantes.
1470 2948 1508 2997 A
1555 2950 1796 2999 nocente
1839 2945 2055 3000 crimen

431 3028 773 3097 admittitur,
826 3048 928 3086 nec
984 3033 1257 3088 innocens
1308 3036 1402 3106 qui
1450 3014 1695 3092 vindicet
1749 3038 2054 3093 invenitur.

433 3121 509 3177 De
538 3128 859 3179 accusatore
908 3127 990 3180 vel
1027 3128 1217 3197 judice
1264 3134 1448 3183 metus
1486 3132 1674 3184 nullus
1704 3133 1769 3185 ν’.
1807 3133 2054 3203 impuni-

434 3218 607 3270 tatem
662 3224 1093 3290 consequuntur
1143 3222 1309 3289 mali,
1361 3224 1496 3277 dum
1551 3224 1797 3278 modesti
1851 3232 2057 3293 tacent,

430 3308 639 3363 timent
674 3312 905 3379 conscii,
936 3319 1181 3368 veneunt
1212 3317 1526 3385 judicaturi
1563 3318 1693 3387 (3t).
1741 3320 1807 3373 Et
1850 3319 2060 3373 idcirco

432 3417 536 3472 per
581 3404 915 3474 prephetam
952 3406 1144 3461 divino
1190 3409 1403 3479 Spiritu
1436 3417 1492 3463 et
1537 3412 1803 3465 instinctu
1852 3413 1928 3465 rei
1968 3430 2059 3466 ve-

432 3494 570 3548 ritas
608 3498 888 3567 promitur
926 3501 992 3567 '5,
1022 3505 1176 3556 certa
1204 3508 1257 3557 et
1299 3504 1597 3558 manifesta
1644 3505 1859 3559 ratione
1898 3523 2059 3560 mon-

433 3592 643 3643 stratur
681 3591 860 3647 Deum
903 3610 1062 3664 posse
1089 3595 1322 3651 adversa
1355 3598 1682 3668 prohibere,
1718 3600 1809 3654 sed
1855 3617 1926 3653 ne
1972 3600 2064 3656 ille

434 3682 732 3740 subveniat
784 3687 988 3743 merita
1042 3692 1399 3762 peccantium
1460 3693 1646 3748 facere
1697 3711 1709 3748 :
1763 3696 2062 3765 Numquid,

2081 3173 2135 3246 C

2157 1912 2293 1967 nino
2325 1929 2426 1967 nec
2457 1912 2737 1984 qumritur
2767 1929 2872 1966 nec
2901 1912 3171 1981 timetur;
3202 1912 3389 1964 adhuc
3422 1910 3662 1981 insuper
3691 1910 3781 1963 Dei

2155 2022 2348 2060 servos
2374 2008 2430 2060 et
2455 2006 2735 2077 majestati
2777 2022 2841 2059 ac
2878 2004 3098 2059 nomini
3139 2004 3262 2075 ejus
3298 2004 3524 2058 dicatos
3566 2003 3781 2073 injustis

2155 2099 2646 2171 persecutionibus
2692 2099 2939 2171 fatigatis
2983 2100 3111 2170 (33).
3159 2098 3302 2153 Satis
3346 2114 3465 2152 non
3511 2104 3595 2151 est
3636 2096 3779 2168 quod

2154 2194 2274 2266 ipse
2322 2200 2380 2248 tu
2428 2194 2604 2248 Deum
2659 2211 2769 2248 non
2819 2193 2983 2263 colis;
3038 2192 3221 2248 adhuc
3265 2193 3506 2263 insuper
3554 2207 3650 2245 eos
3692 2190 3783 2261 qui

2156 2289 2351 2343 colunt
2406 2288 2682 2360 sacrilega
2745 2287 3108 2342 infestatione
3166 2286 3548 2358 persequeris.
3608 2287 3778 2340 Deum

2159 2398 2259 2436 nec
2310 2381 2476 2447 colis,
2533 2398 2639 2436 nec
2693 2381 2798 2435 coli
2852 2381 3089 2435 omnino
3147 2380 3471 2451 permittis;
3525 2384 3611 2447 et,
3661 2394 3782 2433 cum

2156 2476 2367 2538 cmteri,
2407 2475 2503 2547 qui
2548 2492 2663 2529 non
2710 2480 2933 2530 tantum
2980 2474 3086 2529 ista
3118 2474 3310 2544 inepta
3351 2473 3507 2528 idola
3534 2477 3591 2528 et
3622 2489 3778 2527 manu

2158 2569 2412 2623 hominis
2438 2569 2588 2624 facta
2626 2569 2948 2638 simulacra,
2976 2568 3072 2623 sed
3116 2574 3173 2621 et
3214 2571 3484 2639 portenta
3525 2566 3780 2638 quaedam

2158 2669 2214 2718 et
2250 2666 2511 2718 monstra
2539 2665 2905 2729 venerantur,
2939 2661 3039 2716 tibi
3067 2661 3346 2732 placeant,
3375 2660 3527 2715 solus
3559 2659 3652 2714 tibi
3675 2659 3778 2713 dis-

2157 2756 2332 2828 plicet
2362 2757 2453 2811 Dei
2480 2757 2680 2812 cultor.
2711 2757 2952 2810 Fumant
2980 2754 3190 2827 ubique
3219 2755 3276 2809 in
3315 2755 3552 2826 templis
3593 2755 3779 2808 vestris

2158 2850 2473 2906 hostiarum
2504 2851 2667 2905 busta
2698 2853 2753 2904 et
2784 2849 2908 2920 rogi
2940 2865 3228 2920 pecorum,
3263 2855 3321 2903 et
3354 2848 3447 2903 Dei
3475 2847 3674 2903 altaria
3700 2848 3775 2900 vel

2161 2946 2318 2999 nulla
2348 2947 2483 2998 sunt
2509 2944 2594 2997 vel
2626 2943 2861 2997 occulta.
2890 2943 3171 2997 Crocodili
3218 2946 3276 2997 et
3318 2940 3691 3012 cynocephali
3729 2942 3779 2993 et

2160 3038 2436 3110 lapides‘6
2477 3041 2534 3091 et
2560 3042 2845 3107 serpentes
2877 3054 2910 3091 a
2937 3036 3092 3089 Vobis
3119 3037 3406 3103 coluntur,
3435 3039 3493 3089 et
3525 3037 3661 3090 Deus
3693 3051 3774 3087 so-

2161 3133 2246 3185 lus
2278 3131 2335 3186 in
2360 3132 2522 3186 terris
2544 3138 2641 3184 aut
2661 3147 2771 3184 non
2796 3131 3016 3197 colitur,
3035 3134 3133 3184 aut
3148 3147 3259 3183 non
3275 3134 3361 3183 est
3376 3129 3616 3200 impune
3633 3126 3774 3199 quod

2161 3226 2406 3280 colitur:
2442 3224 2721 3291 innoxius,
2746 3226 2947 3296 justos,
2983 3226 3091 3278 Deo
3132 3224 3334 3277 charos
3374 3223 3549 3278 domo
3588 3221 3774 3292 privas,

2161 3320 2512 3392 patrimonio
2538 3319 2758 3390 spolias,
2776 3319 2992 3373 catenis
3014 3319 3244 3389 premis,
3274 3334 3500 3371 carcere
3529 3314 3773 3376 includis,

2164 3414 2372 3485 gladio,
2420 3413 2636 3481 bestiis,
2668 3412 2895 3484 ignibus
2940 3414 3123 3482 punis.
3154 3412 3261 3465 Nec
3308 3412 3513 3465 saltem
3555 3412 3772 3464 conten.-

2164 3511 2254 3561 tus
2297 3525 2356 3561 es
2400 3507 2662 3562 dolorum
2719 3510 3047 3561 nostrorum
3080 3505 3422 3576 compendio
3452 3512 3511 3559 et
3549 3500 3774 3572 simplici

2162 3618 2227 3656 ac
2278 3602 2452 3656 veloci
2496 3601 2766 3655 brevitate
2820 3616 3109 3671 pennarum
3135 3617 3151 3668 ;
3201 3599 3477 3653 admoves
3520 3594 3775 3651 laniandis

2165 3695 2497 3767 corporibus
2540 3694 2715 3767 longa
2755 3696 3059 3757 tormenta,
3096 3692 3437 3764 multiplicas
3475 3688 3774 3746 lacerandis

1801 3820 2009 3885 Varia
2068 3822 2406 3885 lectiones.

416 3940 417 3943 “
444 4006 481 4015 __
504 3939 1123 4015 '_’_,P_o_test_discipli_nam
1150 3946 1236 3993 Ar.
1268 3946 1384 3995 Ben.
1455 3948 1493 3979 ’δ
1523 3946 1737 4010 Nullus,
1770 3947 1918 4013 quod
1950 3952 2130 4015 potest
2161 3947 2357 4000 redimi
2392 3962 2504 4000 non
2536 3950 2763 4000 timetur
2797 3946 2922 3998 Bod.
2957 3947 3005 3996 3.
3079 3948 3115 3981 ’⁵
3142 3944 3403 3997 Cernitur
3434 3942 3555 3994 Bod.
3594 3941 3637 3990 2.
3673 3942 3772 3991 HR.

440 4006 481 4041 ιο
504 3996 577 4059 Et
599 4007 864 4063 libandas
889 3996 1010 4063 eod.
1039 4013 1087 4064 3.

1733 4079 1955 4163 Steph.
2004 4081 2251 4147 Baluzii
2297 4090 2492 4148 notae.

499 4197 598 4262 (30,
640 4196 805 4249 Nulla
851 4200 1132 4249 cunctatio.
1180 4201 1378 4250 Postea
1427 4202 1705 4252 Pamelius
1748 4202 1950 4267 adjecit
1993 4216 2060 4253 ex

436 4271 631 4322 codice
677 4269 1111 4321 Camberonensi
1143 4310 1156 4331 ,
1203 4272 1352 4322 nulla
1410 4272 1637 4336 formido
1690 4280 1779 4325 est.
1836 4276 1904 4324 At
1960 4289 2061 4339 ego

437 4341 639 4401 delevi,
666 4341 799 4404 quia
828 4341 1270 4393 additamentum
1302 4343 1410 4394 hoc
1444 4345 1697 4407 nuspiam
1731 4347 1916 4396 inveni
1958 4348 2059 4396 nisi

437 4417 494 4467 in
537 4415 728 4467 codice
771 4416 1054 4467 Beccensi.
1089 4417 1211 4480 Qua
1250 4420 1304 4467 in
1351 4433 1409 4467 re
1442 4424 1665 4469 secutus
1707 4434 1830 4470 sum
1874 4434 2061 4471 exem-

435 4490 588 4556 plum
635 4491 895 4553 Pamclii;
950 4494 1045 4556 qui
1094 4506 1224 4543 cum
1278 4493 1333 4542 in
1389 4494 1632 4545 editione
1683 4508 1811 4559 quas
1863 4495 2066 4544 dicitur

436 4563 629 4615 Gravii
676 4563 887 4615 videret
926 4565 1196 4628 scriptum
1228 4578 1350 4616 esse
1394 4564 1543 4614 nulla
1571 4569 1831 4616 cunctatio
1870 4581 1967 4631 pro
1999 4581 2064 4617 eo

437 4633 585 4698 quod
613 4635 730 4700 ipse
768 4636 952 4698 posuit
993 4635 1281 4699 trepidatio
1318 4636 1489 4690 nulla.
1526 4636 1583 4686 id
1625 4650 1685 4688 se
1731 4639 2068 4700 expunxisse

436 4708 514 4757 ait
568 4708 702 4771 quia
749 4706 1111 4771 manuscripti
1164 4720 1275 4756 non
1317 4706 1543 4758 habent.
1586 4707 1732 4759 Sane
1778 4708 1901 4759 haec
1957 4709 2069 4758 duo

437 4777 710 4828 vocabula
741 4791 869 4842 qua:
899 4791 929 4826 a
963 4791 1053 4828 me
1096 4783 1375 4842 expuucta
1422 4784 1555 4829 sunt
1603 4783 1821 4830 exstant
1864 4781 1918 4828 in
1950 4779 2069 4830 edi-

439 4847 590 4897 tione
640 4847 753 4906 illa,
802 4847 900 4897 sed
947 4848 1245 4897 minutiore
1300 4848 1617 4899 charactere
1665 4864 1817 4911 cusa,
1863 4856 1923 4900 ut
1970 4851 2068 4901 da-

438 4923 590 4971 retur
646 4918 876 4984 intelligi
943 4918 1183 4969 dubitari
1250 4933 1412 4983 posse
1482 4933 1553 4969 an
1626 4921 1735 4970 sint
1787 4921 2065 4986 Cypriani.

392 4996 395 4997 '
438 4989 718 5040 Caeterum
769 4990 1100 5041 vetustiores
1148 4990 1420 5041 editiones
1472 4993 1811 5053 praeferunt:
1852 5012 1877 5037 α
1921 4994 2066 5043 Pras-

437 5058 601 5108 dandi
648 5060 928 5110 simulatio
976 5061 1147 5117 nulla.
1200 5061 1355 5110 nulla
1409 5064 1691 5113 cunctatio
1740 5069 1839 5114 est.
1888 5080 1917 5112 ι
1966 5067 2070 5115 Pro

437 5145 553 5196 quo
595 5134 650 5181 in
694 5133 889 5184 codice
928 5132 1215 5184 Pithmano
1261 5138 1313 5182 et
1355 5134 1410 5183 in
1461 5135 1794 5199 quibusdam
1843 5137 1981 5193 aliis,
2012 5137 2069 5186 in

436 5202 683 5253 editione
721 5204 885 5253 etiam
927 5203 1142 5254 Erasmi
1172 5208 1224 5254 et
1268 5205 1325 5253 in
1364 5205 1701 5264 Manutiana,
1730 5207 1928 5270 legitur
1952 5209 2069 5255 dix-

437 5272 730 5324 simutati'o.
785 5274 989 5326 Vocem
1045 5275 1369 5338 trepidatio,
1431 5289 1599 5340 quam
1653 5277 1786 5328 huic
1842 5280 2067 5328 lectioni

439 5343 1079 5406 substituit‘Pamelius,
1136 5348 1395 5410 nuspiam
1448 5349 1655 5397 inveni.
1706 5349 1898 5412 Neque
1951 5350 2069 5414 ipse

440 5419 673 5466 annotat
692 5415 792 5467 ubi
821 5417 1109 5467 invenerit.

442 5488 445 5489 ⁷
505 5486 605 5550 (3i)
668 5487 893 5537 Veniunt
925 5487 1251 5551 judicaturi.
1304 5489 1384 5538 Ita
1437 5487 1730 5540 ediderunt
1782 5491 2066 5551 Erasmus,

440 5558 725 5609 Manutius
764 5562 822 5609 et
873 5559 1186 5619 Moreltius;
1234 5561 1489 5625 hancque
1530 5562 1825 5611 lectionem
1879 5563 2066 5611 inveni

438 5631 496 5681 in
543 5628 807 5681 undecim
856 5628 1141 5682 codicibus
1183 5634 1428 5695 antiquis
1490 5634 1668 5682 Aliam
1732 5648 1858 5698 qutc
1902 5633 2069 5684 habet

437 5704 680 5759 veneunt,
724 5701 908 5751 iuveni
948 5703 1005 5750 in
1062 5701 1345 5753 tredecim.
1395 5702 1465 5753 Et
1511 5704 1567 5753 in
1615 5703 1791 5753 tribus
1839 5705 2066 5753 istorum

2163 4203 2273 4255 Sed
2331 4217 2531 4255 manus
2586 4203 2858 4255 recentior
2908 4199 3227 4252 emendavit
3272 4203 3334 4250 ut
3368 4203 3592 4264 pentum
3637 4201 3768 4265 lege-

2162 4279 2327 4410 Γθὲιιέί
2376 4347 2517 4397 Unde
2561 4346 2710 4397 nobis
2756 4344 3035 4396 vobiscum.
3087 4344 3315 4394 Veteres
3357 4345 3626 4396 editiones
3658 4346 3769 4392 ante

2164 4417 2540 4468 Pamelianam
2576 4422 2630 4468 et
2665 4418 2929 4469 tredecim
2954 4416 3080 4466 libri
3111 4420 3324 4467 veteres
3343 4416 3551 4467 habent
3575 4435 3598 4461 ε
3630 4414 3768 4466 Unde

2166 4489 2462 4540 nobiscum
2521 4490 2762 4539 maxime
2803 4501 2985 4538 sermo
3047 4491 3148 4538 est.
3191 4503 3220 4533 »
3284 4488 3560 4538 Pamelius
3606 4486 3770 4550 posuit

2084 4528 2143 4600 D
2167 4576 2195 4603 ‹‹
2236 4560 2383 4611 unde
2423 4561 2585 4611 nobis
2632 4561 2923 4612 vobiscum
2949 4579 2976 4606 υ
2997 4574 3064 4611 ex
3113 4564 3354 4624 quatuor
3404 4528 3767 4621 manusgriptis

2168 4632 2284 4681 suis
2323 4636 2375 4682 et
2420 4646 2532 4682 uno
2580 4632 2919 4683 Morelliano.
2953 4631 3290 4693 Gronovius,
3335 4644 3454 4694 cap.
3500 4633 3555 4681 lt
3591 4629 3766 4681 Obser-

2169 4704 2454 4753 vationum
2497 4718 2726 4754 suamm
2767 4704 2823 4753 in
2862 4702 3238 4766 Scriptoribus
3277 4701 3673 4756 ecclesiasticis,
3701 4699 3765 4746 ait

2168 4775 2244 4824 ita
2291 4775 2646 4826 scribendum
2694 4789 2815 4827 esse
2865 4776 3016 4824 hunc
3066 4775 3283 4835 locum,
3334 4792 3361 4817 α
3417 4773 3571 4824 Unde
3622 4769 3763 4820 nobis

2169 4847 2545 4897 cummaxime
2594 4860 2779 4897 sermo
2825 4852 2927 4905 est,
2980 4863 3007 4893 ν
3066 4845 3195 4896 Scio
3245 4846 3586 4895 cuntnwarimc
3636 4839 3763 4905 apud

2170 4921 2386 4967 veteres
2416 4922 2671 4968 auctores
2701 4918 2796 4981 qui
2824 4918 3015 4967 Latine
3059 4916 3398 4990 scripserunt
3440 4913 3576 4990 sumi
3609 4913 3764 4990 solere

2168 5002 2269 5052 pro
2312 4988 2477 5037 valde.
2540 4988 2608 5036 Et
2652 4992 2836 5037 tamen
2887 5002 2988 5052 ego
3025 4992 3160 5051 puto
3201 4987 3496 5037 editionem
3544 4982 3760 5037 l’amelii,

2170 5072 2297 5124 quas
2332 5060 2527 5109 nititur
2569 5060 2898 5109 auctoritate
2940 5059 3181 5123 plurium
3212 5062 3462 5107 veterum
3507 5055 3761 5109 libroruin,

2170 5144 2292 5182 esse
2318 5130 2717 5194 praeferendam
2751 5130 3083 5193 conjectura:
3107 5128 3389 5180 Grunovii.
3638 5195 3647 5200 _
3724 5192 3731 5200 υ

2232 5204 2328 5265 (33)
2374 5201 2824 5252 I’crsecutinuibus
2859 5201 3119 5265 [ang/otia.
3170 5201 3228 5249 ln
3267 5205 3503 5264 quatuor
3548 5195 3759 5257 antiquis

2168 5274 2579 5337 exemplaribus
2608 5274 2876 5336 scriptum
2905 5280 2989 5322 est
3013 5272 3261 5336 ﬂagitatis
3290 5275 3346 5320 et
3388 5283 3547 5332 supra
3580 5268 3756 5316 lineam

2168 5346 2251 5394 rel
2276 5345 2530 5410 fatigatis.
2563 5343 2672 5394 Sed
2699 5346 2947 5407 fatigatis
2984 5348 3195 5392 tantum
3224 5347 3309 5392 est
3338 5343 3391 5391 in
3423 5341 3756 5410 aliisseptem

2170 5423 2223 5467 et
2349 5406 2684 5489 quihusdam
2727 5429 2795 5465 ex
2840 5415 2953 5489 illis
3000 5426 3145 5489 quia
3177 5413 3451 5489 Bamelius
3480 5406 3755 5489 vidit._.lpse

2171 5488 2343 5539 edidit
2384 5489 2599 5551 agitatis
2639 5488 2853 5552 absque
2882 5487 3051 5537 ullius
3088 5486 3214 5536 libri
3254 5486 3453 5536 veteris
3488 5484 3753 5552 mentione.

2169 5561 2229 5609 In
2268 5546 2488 5610 duobus
2531 5546 2811 5610 veteribus
2851 5559 3051 5621 legitur
3089 5556 3348 5621 ﬂagitatis
3388 5558 3604 5606 tantum.
3631 5546 3753 5599 Infra

2167 5633 2224 5681 in
2274 5631 2381 5681 hoc
2427 5633 2545 5695 ipso
2584 5631 2743 5690 libro,
2788 5645 2908 5694 pag.
2944 5630 3038 5703 22f}
3073 5645 3083 5677 :
3119 5647 3146 5673 α
3194 5629 3296 5678 Per
3348 5629 3472 5703 ipsa
3507 5635 3621 5703 quae
3664 5630 3751 5703 nos

2170 5704 2422 5753 cruciant
2483 5708 2535 5754 et
2598 5703 2829 5769 fatigant
2899 5702 3119 5771 probari
3178 5705 3231 5756 et
3302 5699 3621 5752 corroborari
3666 5702 3751 5743 nos

2166 5788 2391 5826 scnmus.
2420 5792 2447 5823 ))

128 5780 317 5838 ad;_;
408 5832 409 5835 η
442 5742 709 5823 tredecim
738 5772 939 5837 legitur
966 5788 996 5817 «
1038 5774 1281 5837 perversi
1328 5774 1563 5825 veniunt
1599 5775 1915 5838 judicaturi.
1947 5793 1972 5821 ι)
2005 5776 2066 5825 In

130 5802 147 5817 ιι
186 5802 189 5803 ⁷
408 5832 409 5835 η
445 5802 709 5823 ιιῠνιυυιιιι
738 5802 929 5837 ιοδιιιιι
966 5802 995 5817 νε
1038 5802 1281 5837 μσινυιοι
1332 5802 1563 5825 νῠιιιυιιι
1599 5802 1915 5838 ,μιυιυαιιιινιο
1947 5802 1972 5821 ll
2006 5802 2058 5825 ιυ

123 5802 635 6009 ΙΙΙ⁸Ἧοοςίἰιῑθ
664 5842 853 5897 Sancti
889 5844 1163 5914 Amulphi
1189 5845 1455 5913 scriptum
1481 5845 1657 5917 primo
1689 5846 1796 5901 fuit
1826 5853 2058 5899 veneunt.

452 6022 471 6039 ,τ

468 6048 477 6057 .

476 6064 509 6099 ιε
