3990 6202
178 285 263 340 573

1350 362 1357 371 ,
1396 288 1590 345 LIBER
1633 291 1718 344 an
1758 283 2269 343 assummum.

3430 278 3531 336 574

175 410 456 465 visceribus
507 426 815 473 numerosa
870 413 1180 484 supplicia;
1224 430 1327 470 nec
1366 416 1560 471 feritas
1608 420 1777 487 atque
1808 417 1937 500 Aet
1985 413 2169 467 odisse
2214 414 2271 467 et
2317 409 2521 482 punire
2567 409 2696 481 plus
2740 408 2971 476 debeas,
3014 405 3190 479 quod,
3250 403 3385 461 dum
3434 423 3528 461 me

175 504 476 559 immanitas
529 510 623 559 tua
674 504 887 560 usitatis
932 511 1121 577 potest
1164 514 1435 563 contenta
1487 526 1608 563 esse
1656 512 1773 565 tor-

172 598 401 664 mentis;
448 596 640 671 554
694 600 980 670 excogitat
1029 617 1201 655 novas
1246 619 1440 674 poenas
1489 602 1785 675 ingeniosa

173 690 483 745 crudelitas.

229 785 358 839 Xlll.
393 785 526 849 Quir
578 785 702 840 limo
729 792 815 842 est
839 787 1171 844 insatiabilis
1199 789 1540 845 carniﬁcina:
1568 789 1789 845 rabies?

171 894 282 949 qua:
329 877 686 948 inexplebilis
728 880 903 936 libido
931 882 1207 938 saavitiie?
1231 883 1377 947 Quin
1413 883 1598 954 potius
1638 884 1786 955 elige

172 972 260 1026 tibi
288 971 539 1027 alterum
583 972 655 1028 de
682 973 940 1030 duobus:
977 975 1358 1031 Christianum
1396 993 1518 1032 esse
1557 980 1654 1032 aut
1699 982 1786 1033 est

172 1065 388 1131 crimen,
415 1072 519 1120 aut
544 1083 657 1121 non
689 1072 817 1122 est:
856 1069 904 1123 si
938 1068 1157 1124 crimen
1197 1073 1300 1137 est,
1346 1070 1482 1142 quid
1530 1087 1644 1125 non
1693 1070 1783 1125 in-

171 1160 360 1214 terﬁcis
391 1160 811 1215 conﬁtentem?
854 1162 902 1215 si
942 1162 1161 1218 crimen
1214 1181 1328 1218 non
1371 1168 1458 1218 cst
1499 1163 1636 1235 quid
1665 1181 1788 1235 per-

170 1253 401 1323 sequeris
460 1253 881 1309 innocentem?
929 1257 1203 1327 Torqueri
1269 1258 1423 1314 enim
1478 1258 1687 1327 debui,
1739 1259 1785 1313 si

168 1362 446 1416 negarem.
476 1347 559 1414 Si,
588 1363 816 1417 poenam
851 1355 1005 1404 tuam
1050 1356 1333 1418 metuens,
1364 1350 1419 1406 id
1446 1352 1597 1422 quod
1630 1351 1785 1423 prius

166 1440 366 1495 fueram
397 1446 457 1495 et
485 1441 639 1513 quod
663 1441 802 1497 deos
828 1448 957 1497 tuos
985 1460 1102 1498 non
1136 1444 1450 1507 colueram,
1482 1445 1784 1501 mendacio

164 1534 371 1589 fallente
398 1536 667 1602 celerem,
699 1542 837 1591 tunc
885 1538 1240 1608 torquendus
1278 1538 1534 1602 fuissem,
1562 1543 1685 1594 tum
1710 1540 1782 1594 ad

164 1628 573 1684 confessionem
612 1629 870 1685 criminis
913 1633 964 1685 vi
1009 1632 1219 1688 doloris
1247 1632 1608 1703 adigendus;
1637 1633 1784 1688 sicut

163 1721 211 1775 in
233 1722 447 1776 caeteris
487 1723 897 1794 quaestionibus
941 1728 1285 1797 torquentur
1313 1725 1395 1781 rei
1437 1726 1535 1797 qui
1578 1742 1638 1780 se
1682 1713 1779 1781 ne-

1888 507 2274 562 Christianum
2320 504 2529 560 celebri
2576 504 2695 558 loco
2745 507 2804 557 et
2847 502 3056 573 populo
3109 500 3520 555 circumstante

1888 599 2221 672 pronuntio,
2253 605 2305 653 et
2336 614 2429 651 vos
2462 600 2521 651 et
2549 597 2686 651 deos
2712 598 2925 649 vestros
2958 595 3004 628 ¹⁸
3037 593 3187 648 clara
3213 599 3269 648 et
3298 594 3524 665 publica

1888 694 2298 765 praedicatione
2326 691 2440 762 (36)
2461 689 2751 745 confuudo
2772 688 2799 743 ?

1959 788 2095 844 XIV.
2154 786 2300 851 Quid
2351 792 2406 840 tc
2456 784 2525 839 ad
2572 782 2963 839 inﬁrmitatem
3011 781 3265 853 corporis
3303 780 3522 835 vertis?

1886 881 2023 953 quid
2066 896 2196 935 cum
2234 884 2480 934 terrente
2528 876 2714 932 carnis
2753 874 3139 931 imbecillitate
3181 874 3522 930 contendis?

1886 976 2029 1031 Cum
2085 973 2264 1028 animi
2311 973 2509 1044 vigore
2555 970 2935 1042 congredere,
2990 968 3258 1023 virtutem
3313 968 3520 1023 mentis

1888 1068 2164 1138 infringe,
2225 1067 2397 1121 tidem
2454 1066 2701 1132 destrue,
2755 1062 3187 1134 disceptatione,
3235 1061 3281 1115 si
3337 1068 3517 1132 potes,

1885 1162 2072 1230 vince,
2102 1162 2260 1215 vince
2291 1161 2508 1215 ratione
2541 1176 2554 1213 :
2586 1159 2668 1213 vel
2700 1158 2747 1212 si
2787 1157 2923 1229 quid
2960 1155 3069 1211 diis
3106 1155 3216 1210 tuis
3265 1154 3519 1209 numinis

1886 1261 1942 1311 et
1989 1254 2286 1327 potestatis
2326 1257 2432 1319 est,
2464 1252 2571 1324 ipsi
2620 1252 2679 1306 in
2729 1251 3001 1307 ultionem
3046 1267 3210 1304 suam
3257 1251 3517 1319 surgant,

1883 1350 1990 1422 ipsi
2017 1367 2075 1404 se
2100 1366 2203 1403 sua
2232 1349 2532 1419 majestate
2565 1345 2919 1412 defendant;
2949 1350 3048 1399 aut
3072 1343 3208 1415 quid
3248 1347 3518 1415 prwstare

1885 1460 1944 1498 se
1976 1442 2293 1498 colentibus
2323 1445 2560 1514 possunt
2585 1439 2679 1512 qui
2708 1456 2769 1495 sc
2795 1439 2864 1494 de
2892 1455 3010 1493 non
3037 1437 3355 1493 colentibus
3389 1436 3513 1489 vin-

1883 1536 2073 1592 dicare
2139 1552 2254 1591 non
2323 1538 2578 1607 possunt.
2630 1534 2771 1588 Nam
2819 1532 2865 1586 si
2918 1549 2984 1586 eo
3038 1532 3136 1603 qui
3199 1530 3519 1585 vindicatur

1882 1630 2064 1702 pluris
2091 1636 2176 1685 est
2200 1630 2296 1684 ille
2335 1628 2432 1700 qui
2479 1627 2743 1694 vindicat,
2778 1632 2836 1680 tu
2891 1625 2998 1680 diis
3043 1622 3152 1680 tuis
3202 1622 3391 1693 major
3432 1638 3513 1677 es.

1882 1723 1938 1779 Si
1991 1727 2183 1778 autem
2233 1722 2300 1777 iis
2350 1739 2489 1794 quos
2534 1720 2672 1776 colis
2722 1719 2902 1789 major
2947 1735 3040 1785 es,
3101 1734 3219 1772 non
3267 1722 3331 1771 tu
3386 1715 3513 1769 illos

164 1822 281 1883 gent
319 1816 567 1870 crimine
613 1834 727 1888 quo
773 1822 1112 1873 accusantur
1154 1820 1359 1885 teneri,
1406 1824 1465 1875 ut
1513 1819 1779 1875 facinoris
1806 1799 1856 1871 Β
1881 1817 2086 1884 colere,
2111 1816 2208 1871 sed
2232 1815 2301 1870 ab
2323 1814 2457 1887 ipsis
2478 1814 2666 1886 potius
2695 1813 2801 1867 coli
2822 1811 2997 1866 debes
3023 1816 3079 1865 et
3109 1810 3296 1865 timeri
3318 1807 3508 1882 555

162 1908 360 1977 veritas,
391 1926 529 1980 quas
555 1910 742 1966 indice
788 1927 921 1967 voce
948 1928 1064 1968 non
1092 1913 1394 1984 promitur,
1427 1912 1618 1969 dolore
1649 1929 1776 1968 cor-

162 2003 297 2072 poris
351 2004 719 2074 exprimatur
771 2006 903 2076 (34).
962 2007 1122 2062 Nunc
1176 2023 1334 2076 vero,
1392 2023 1521 2062 cum
1576 2011 1779 2079 sponte

160 2096 407 2151 conﬁtear
460 2097 577 2167 (33)
621 2106 679 2154 et
720 2100 963 2154 clamem
1022 2105 1079 2155 et
1132 2100 1351 2156 crebris
1404 2118 1469 2156 ac
1524 2102 1781 2172 repetitis

161 2189 454 2245 identidem
505 2191 736 2247 vocibus
766 2193 1151 2255 Christianum
1186 2209 1280 2248 me
1316 2210 1440 2249 esse
1471 2197 1777 2263 contestor,

161 2283 281 2353 quid
334 2289 632 2340 tormenta
686 2286 954 2342 admoves
1000 2288 1290 2342 conﬁtenti
1338 2293 1397 2343 et
1441 2288 1576 2342 deos
1632 2291 1779 2356 tuos,

161 2390 259 2429 non
284 2375 341 2428 in
393 2375 614 2430 abditis
654 2380 714 2430 et
753 2378 984 2432 secretis
1016 2378 1056 2410 ¹⁷
1097 2377 1252 2440 locis,
1290 2378 1390 2433 sed
1436 2378 1644 2451 palam,
1685 2379 1782 2434 sed

161 2468 377 2538 publice,
416 2470 527 2525 sed
570 2469 630 2524 in
670 2469 792 2525 foro
835 2470 978 2542 ipso,
1017 2471 1444 2543 magistratibus
1480 2478 1538 2526 et
1577 2473 1778 2543 praesi-

160 2561 302 2616 dibus
338 2563 729 2633 audientibus,
760 2565 1121 2633 destruenti;
1152 2572 1234 2632 ut,
1270 2565 1375 2620 etsi
1418 2582 1620 2636 parum
1652 2566 1776 2621 fue-

1883 1914 1944 1965 ut
1998 1910 2263 1965 dominus
2317 1910 2447 1979 (37).
2491 1908 2579 1963 Sic
2624 1908 2750 1962 illos
2797 1906 2959 1961 laesos
3001 1905 3143 1959 ultio
3189 1910 3373 1959 vestra
3421 1903 3516 1957 de-

1877 2004 2079 2072 fendit,
2121 2003 2409 2074 quomodo
2466 2005 2525 2057 et
2585 2003 2826 2066 clausos,
2885 2016 2954 2054 ne
3023 2000 3286 2070 pereant,
3342 1997 3516 2051 tutela

1879 2102 2069 2152 vestra
2122 2097 2387 2152 custodit.
2442 2095 2650 2150 Pudeat
2706 2103 2762 2148 te
2817 2110 2911 2148 eos
2960 2092 3148 2147 colere
3202 2108 3346 2162 quos
3397 2090 3515 2161 ipse

1881 2191 2161 2260 defendis,
2196 2190 2407 2262 pudeat
2435 2190 2668 2245 tutelam
2700 2188 2771 2242 de
2794 2188 2859 2242 iis
2879 2203 3109 2258 sperare
3134 2202 3278 2257 quos
3304 2191 3363 2240 tu
3394 2184 3516 2255 ipso

1879 2285 2078 2342 tueris.

1952 2380 2058 2435 XV.
2101 2379 2145 2434 Ο
2188 2378 2232 2433 si
2283 2377 2486 2432 audire
2531 2392 2630 2432 eos
2672 2375 2842 2430 velles
2883 2378 2941 2428 et
2984 2373 3174 2428 videre
3220 2372 3449 2444 quando
3481 2389 3515 2425 a

1881 2472 2043 2527 nobis
2107 2472 2446 2543 adjurantur
2498 2475 2556 2524 et
2622 2471 2962 2539 torquentur
3014 2465 3365 2537 spiritalibus
3418 2464 3513 2519 ila-

1881 2566 2017 2637 gris,
2050 2570 2108 2621 et
2155 2565 2454 2620 verborum
2500 2561 2797 2617 tormentis
2835 2560 2946 2631 (38)
2991 2560 3062 2614 de
3104 2559 3346 2614 obsessis
3380 2575 3509 2613 cor-

163 2660 237 2709 rat
261 2657 408 2729 quod
461 2657 520 2713 in
572 2673 666 2712 me
711 2657 869 2728 prius
903 2657 1323 2724 criminabaris,
1353 2658 1593 2714 creverit
1621 2660 1775 2731 quod
1876 2658 2109 2732 poribus
2151 2657 2479 2730 ejiciuntur,
2510 2655 2741 2729 quando
2785 2654 3064 2727 ejulantes
3111 2656 3169 2708 et
3212 2656 3513 2727 gementes

1519 2781 1730 2845 Variae
1783 2780 2121 2845 lectiones.

214 2893 247 2925 '7
272 2894 514 2945 Semotis
548 2895 675 2945 Bod.
709 2896 755 2945 3.
827 2896 867 2931 ’⁸
895 2897 964 2946 Et
995 2896 1130 2947 deos
1159 2900 1213 2948 et
1240 2897 1374 2949 deas
1402 2897 1523 2948 Bod.
1549 2899 1593 2948 t.

1438 3031 1663 3113 Steph.
1711 3030 1958 3095 Baluzii
2002 3036 2197 3094 notas.

213 3134 296 3191 t3“
339 3137 536 3188 Dolore
573 3142 813 3201 corporis
848 3140 1206 3204 exprimatur.
1258 3142 1527 3193 Minutius
1571 3141 1725 3192 Felix
1759 3157 1770 3190 :

165 3220 183 3242 ο
224 3204 554 3259 Exercentes
606 3211 662 3259 in
720 3210 806 3259 his
856 3225 1169 3274 perversam
1223 3214 1612 3277 questionem,
1662 3226 1774 3262 non

164 3289 266 3356 quae
289 3293 476 3329 verum
517 3286 758 3356 eruer_et.
790 3282 887 3332 sed
920 3296 1047 3346 quas
1086 3283 1443 3333 mendacium
1472 3288 1712 3348 cogeret.
1747 3303 1774 3329 »

163 3345 513 3412 Hieronymus
568 3352 625 3400 in
667 3345 1036 3415 Epistolaide
1085 3354 1315 3406 Muliere
1366 3345 1571 3419 septies
1621 3357 1772 3405 icta:

163 3436 183 3457 α
222 3419 355 3470 Dum
403 3422 568 3471 dolor
616 3429 890 3486 quaereret
934 3427 1241 3476 veritatem.
1282 3443 1310 3474 »
1361 3426 1677 3491 Cyprianus
1719 3428 1774 3477 in

162 3494 378 3542 extremo
435 3493 586 3543 libro
640 3496 711 3545 de
775 3496 1011 3545 Vunitate
1065 3496 1364 3558 (dolorum,
1422 3512 1544 3561 pag.
1611 3497 1709 3548 238
1760 3512 1772 3546 :

163 3575 184 3602 ς
229 3561 426 3624 Dolor,
504 3567 604 3628 qui
674 3567 916 3615 veritatis
963 3570 1118 3617 testis
1195 3573 1320 3629 est,
1349 3586 1377 3615 υ
1430 3569 1771 3620 admovetur.

163 3630 535 3693 Quintilianus,
581 3634 676 3684 lib.
722 3650 778 3694 v,
816 3650 936 3700 cap.
977 3639 1046 3687 4:
1093 3654 1123 3686 α
1170 3638 1328 3689 Sicut
1378 3639 1433 3690 in
1485 3642 1773 3691 tormentis

164 3716 373 3775 quoque,
425 3708 523 3771 qui
580 3713 663 3755 est
714 3708 870 3756 locus
923 3708 1426 3772 frequentissimus,
1472 3725 1601 3761 cum
1649 3725 1774 3775 pars

165 3773 305 3822 altera
334 3780 711 3839 quaestionem
748 3789 881 3828 vera
936 3778 1142 3828 fatendi
1172 3782 1561 3831 necessitatem
1593 3773 1771 3843 vocet,

163 3843 307 3893 altera
339 3861 489 3911 saepe
517 3850 684 3899 etiam
710 3862 961 3898 .causam
1011 3850 1149 3899 falsa
1192 3851 1431 3912 dicendi,
1463 3851 1609 3916 quod
1653 3853 1774 3902 aliis

165 3917 390 3973 patientia
442 3919 612 3969 facile
664 3921 1022 3971 mendacium
1076 3922 1261 3984 faciat,
1309 3923 1432 3973 aliis
1484 3924 1773 3974 inﬁrmitas

166 3992 535 4040 necessarium.
564 4007 593 4037 δ)
615 3991 754 4042 Item
778 4006 899 4055 cap.
931 3994 989 4042 t0
1008 4008 1019 4040 :
1039 4009 1070 4040 α
1088 3993 1385 4045 Mentietur
1407 3996 1461 4044 in
1482 3997 1773 4046 tormentis

166 4059 242 4129 qui
267 4059 508 4111 dolorem
539 4064 650 4126 pati
678 4066 871 4126 potest,
915 4065 1214 4116 mentietur
1242 4066 1339 4129 qui
1370 4079 1479 4115 non
1520 4072 1714 4129 potest.
1744 4085 1771 4111 »

166 4128 440 4193 Apuleius,
498 4133 598 4183 lib.
658 4146 712 4183 ιιι
772 4128 1275 4197 Μειαηιονρήοεθοπ
1311 4151 1329 4184 .-
1376 4155 1404 4181 ‹‹
1459 4128 1773 4188 Tormentis

165 4201 338 4252 veritas
393 4204 678 4264 eruenda,
732 4209 792 4253 ut
839 4218 939 4269 per
996 4208 1364 4269 quaestionem
1412 4209 1637 4259 sceleris
1685 4210 1770 4257 sui

164 4273 425 4337 participes
453 4275 681 4325 indicet.
713 4292 742 4322 »
769 4275 834 4338 Q.
873 4276 1120 4336 Curtius,
1148 4278 1238 4327 lib.
1278 4291 1346 4328 vii
1377 4294 1387 4326 :
1419 4296 1446 4326 «
1472 4278 1530 4329 Si
1562 4281 1770 4330 certio—

167 4345 468 4413 raoraculis
498 4346 729 4397 creditis
763 4360 884 4396 esse
930 4351 1220 4408 tormenta,
1264 4362 1333 4400 ne
1362 4349 1506 4400 hanc
1546 4350 1771 4413 quidem

167 4411 462 4466 exhibenda}
491 4419 751 4466 vanitatis
783 4418 946 4467 ﬁdem
975 4419 1255 4483 deprecor.
1289 4439 1314 4464 ν
1350 4411 1629 4471 Caeterum
1660 4426 1770 4470 tor-

168 4492 320 4559 menta
368 4488 648 4559 interdum
704 4494 1032 4553 extorquere
1087 4505 1185 4553 pro
1248 4493 1477 4542 veritate
1535 4493 1770 4543 menda-

167 4558 289 4603 cium
344 4558 599 4621 pluribus
654 4559 922 4623 exemplis
964 4564 1250 4612 ostensum
1296 4576 1327 4613 a
1373 4563 1533 4613 nobis
1585 4569 1666 4613 est
1714 4566 1770 4613 in

170 4628 287 4697 notis
323 4629 387 4679 ad
436 4631 597 4679 Vitas
642 4631 912 4694 Paparum
955 4634 1449 4693 Avenionensium,
1483 4650 1533 4697 p.
1577 4637 1688 4693 599,
1719 4640 1772 4685 et

171 4693 309 4769 hujus
329 4702 401 4750 rei
430 4705 611 4751 exstat
629 4702 776 4751 aliud
799 4703 1114 4766 exemplum
1136 4693 1497 4757 memorabile
1513 4708 1568 4755 in
1591 4708 1771 4769 capite

173 4777 205 4814 Χ
227 4767 448 4823 Mattbmi
474 4773 631 4823 Bossi
675 4774 739 4822 de
783 4775 1013 4837 gerendo
1050 4776 1390 4838 Magistratu,
1418 4777 1567 4827 aliud
1602 4767 1768 4828 etiam

173 4840 290 4916 apud
332 4843 802 4894 Petramellariuin
834 4846 1276 4896 continuatorem
1316 4847 1587 4912 Onupbrii
1625 4848 1770 4898 Pan-

176 4912 303 4987 :inii,
334 4928 449 4977 pag.
478 4916 603 4987 7233,
634 4916 730 4965 ubi
761 4918 871 4979 agit
904 4916 971 4965 de
1007 4917 1177 4966 Paulo
1202 4918 1406 4968 Arctio.
1438 4917 1575 4969 Vide
1604 4920 1768 4969 etiam

174 4978 422 5035 Simonem
460 4978 811 5037 Goulartium
835 4990 886 5035 in
917 4988 1173 5038 Thesauro
1204 4990 1553 5039 materiarum
1581 5004 1768 5039 memo-

174 5054 407 5117 rabdium,
438 5064 570 5108 tom.
609 5060 651 5119 l,
677 5073 797 5122 pag.
826 5059 938 5109 293.

220 5126 301 5187 (35)
366 5128 493 5177 Cum
549 5136 732 5192 sponte
800 5129 1064 5193 conﬁtear.
1127 5130 1323 5181 Cicero
1380 5133 1433 5181 in
1509 5132 1769 5185 Oraticne

174 5207 253 5312 prp
294 5197 531 5250 Milone:
572 5217 600 5248 α
648 5201 705 5250 ld
746 5201 892 5265 quod
953 5204 1242 5252 tormentis
1292 5204 1539 5255 invenire
1585 5206 1666 5255 vis
1712 5205 1767 5255 id

192 5278 215 5311 ξι
238 5279 333 5312 901⁵.
361 5290 387 5312 »

192 5278 333 5316 ειιθοτ.
361 5290 387 5315 »

224 5338 306 5399 (36)
335 5341 721 5393 Pradicutione.
756 5345 835 5394 lta
871 5344 1143 5396 editiones
1168 5345 1396 5396 Manutii
1444 5352 1495 5397 et
1534 5347 1767 5398 Morellii

176 5410 504 5488 etusexdecim
530 5414 654 5464 libri
685 5419 914 5464 veteres.
955 5416 1241 5467 Editiones
1266 5417 1510 5481 antiquas
1544 5423 1599 5468 et
1642 5424 1767 5468 octo

177 5476 258 5552 alii
278 5482 571 5552 praeterunt.
598 5488 1001 5548 preconatz'one,
1032 5492 1085 5538 et
1127 5501 1275 5537 unus
1305 5476 1764 5552 préconizatione.

180 5545 291 5600 Vide
316 5545 651 5605 Glossarium
683 5556 937 5605 Latinum
966 5545 1176 5621 Cangii.

226 5621 541 5694 (37)_Timeri
588 5631 645 5676 ut
693 5628 954 5677 dominus.
1010 5629 1115 5678 Ista
1158 5630 1369 5694 primus
1422 5631 1479 5680 in
1532 5634 1768 5682 contex-

182 5692 274 5760 tum
319 5692 576 5760 Cypriani
626 5698 812 5748 intulit
885 5692 1175 5749 Pamelius‘
1226 5714 1294 5751 ex
1365 5701 1766 5752 observationi-

185 5756 268 5807 bus
291 5756 525 5825 Mo’rellii,
554 5770 647 5832 qui
679 5770 754 5818 ita
800 5783 859 5819 se
907 5771 1186 5821 invenisse
1226 5774 1300 5821 ait
1340 5774 1394 5822 in
1443 5773 1589 5823 bono
1619 5774 1766 5823 codi-

186 5842 250 5881 ce.
300 5834 405 5902 Ego
457 5852 676 5910 quoque
747 5841 895 5894 idem
956 5841 1393 5897 additamentum
1469 5846 1654 5897 inveni
1710 5846 1763 5897 in

1796 3162 1850 3234 C

1791 4532 1850 4603 D

1876 3141 2126 3205 quinque
2168 3137 2414 3203 antiquis
2460 3136 2768 3189 codicibus.
2824 3136 2946 3186 Non
2995 3135 3407 3205 exstatitamen
3439 3129 3510 3205 in

1878 3204 2258 3275 Seguieriano,
2314 3210 2690 3271 Hieronymus
2748 3208 2803 3256 in
2847 3205 3093 3271 Epistula
3139 3204 3210 3253 ad
3260 3204 3511 3275 Nepotia-

1874 3273 1999 3331 uuin
2049 3282 2117 3332 de
2164 3282 2291 3331 Vita
2341 3280 2682 3332 Clericorum
2728 3294 2739 3326 ε
2793 3294 2822 3325 α
2879 3283 3080 3327 Amare
3128 3276 3389 3331 filiorum,
3447 3273 3512 3322 ti-

1873 3366 2026 3404 mere
2071 3365 2355 3403 servorum
2398 3355 2498 3401 est.
2548 3369 2574 3395 ν
2631 3348 2778 3399 Idem
2836 3349 2890 3397 in
2940 3348 3182 3411 Epistola
3241 3344 3310 3395 ad
3371 3343 3515 3394 Rus-

1875 3425 2051 3474 ticum
2078 3422 2417 3474 monachum
2444 3436 2455 3470 :
2484 3440 2510 3468 «
2538 3421 2899 3485 Praepositum
2947 3418 3271 3468 monasterii
3315 3418 3512 3466 timeas

1874 3499 1937 3545 ut
1992 3496 2305 3555 dominum,
2348 3493 2547 3558 diligas
2595 3496 2658 3541 ut
2716 3494 3019 3556 parentem.
3062 3509 3091 3536 ››
3145 3489 3402 3549 Ruﬁnus,
3451 3488 3507 3537 in

1875 3566 2018 3616 Psal.
2057 3580 2258 3617 xxvn:
2305 3583 2331 3612 ‹‹
2374 3564 2582 3616 Servus
2630 3568 2711 3615 est
2750 3563 2845 3626 qui
2887 3563 3056 3611 servit
3093 3575 3161 3613 ex
3202 3561 3417 3620 timore,
3445 3558 3512 3608 ﬂ-

1872 3638 1982 3687 lius
2009 3642 2093 3687 est
2132 3639 2226 3701 qui
2270 3636 2461 3687 obedit
2507 3649 2575 3685 ex
2618 3647 2821 3684 amore.
2854 3653 2882 3679 υ
2926 3633 3263 3693 Lactantius,
3292 3644 3412 3694 cap.
3449 3630 3514 3679 ‘56

1874 3710 2135 3771 Εμίιοηιρε
2192 3710 2248 3757 in
2301 3709 2544 3771 antiquis
2602 3705 2939 3756 editionibus
2988 3719 2999 3755 :
3054 3724 3081 3751 «
3148 3704 3297 3765 Quid
3361 3702 3509 3751 enim

1874 3784 1987 3829 tam
2035 3782 2252 3843 justum
2301 3792 2467 3843 quam
2520 3779 2699 3827 Deum
2747 3790 3046 3840 agnoscere
3096 3779 3159 3825 ut
3204 3778 3509 3838 parentem,

1874 3864 2119 3914 eumque
2160 3854 2409 3900 metuere
2448 3853 2505 3899 ut
2555 3848 2862 3897 dominum.
2895 3866 2923 3894 »
2972 3848 3077 3896 Pro
3128 3859 3240 3910 quo
3283 3843 3511 3914 Pfafﬁus

1873 3912 2049 3971 edidit
2085 3926 2310 3970 metuere
2338 3925 2394 3969 ut
2439 3921 2623 3978 Deum,
2647 3919 2778 3983 quia
2826 3920 2900 3969 ita
2951 3916 3166 3980 legebat
3213 3916 3271 3965 in
3314 3912 3510 3965 codice

1875 3993 2220 4043 Taurinensi.
2299 3991 2406 4042 Sed
2480 3995 2846 4055 praeterquam
2914 3987 3064 4054 quod
3130 3998 3361 4038 necesse
3428 3988 3512 4035 est

1873 4068 2108 4117 retinere
2166 4080 2359 4118 vocem
2405 4066 2680 4116 dominum
2730 4071 2791 4115 ut
2840 4078 3038 4116 sensus
3084 4066 3319 4119 constet,
3356 4059 3505 4110 idem

1873 4138 2209 4199 Lactantius,
2248 4139 2303 4187 in
2335 4139 2518 4201 capite
2554 4138 2617 4188 59
2648 4136 2902 4201 ejusdem
2946 4136 3230 4198 Epitomes
3264 4132 3458 4184 scribit
3492 4146 3503 4179 :

1872 4226 1901 4257 ‹‹
1968 4210 2214 4258 Primum
2290 4212 2475 4259 autem
2541 4208 2772 4271 justitiaa
2845 4205 3091 4257 ofﬁcium
3169 4208 3254 4255 est
3322 4203 3505 4253 Deum

1872 4295 2173 4346 agnoscere
2224 4286 2282 4331 ut
2335 4286 2640 4345 parentem,
2701 4284 2946 4330 metuere
3001 4282 3061 4328 ut
3112 4277 3418 4326 dominum.
3478 4291 3507 4318 »

1873 4352 2041 4403 Recte
2091 4354 2355 4416 profecto.
2412 4352 2506 4402 Sic
2563 4352 2710 4402 enim
2770 4350 2923 4414 loqui
2982 4352 3129 4400 amat
3170 4346 3506 4404 Lactantius,

1871 4428 1932 4473 ut
1974 4430 2126 4487 patet
2164 4438 2232 4474 ex
2275 4424 2414 4473 libro
2462 4436 2539 4480 iV,
2570 4437 2688 4485 cap.
2722 4424 2773 4483 4,
2807 4430 2861 4473 et
2898 4421 2991 4471 lib.
3022 4435 3072 4478 v,
3106 4434 3225 4482 cap.
3269 4420 3345 4468 19.
3392 4417 3509 4467 Eu-

1872 4494 2097 4544 cherius
2172 4495 2470 4558 episcopus
2544 4492 2933 4557 Lugdunensis
2998 4492 3054 4539 in
3126 4490 3371 4552 Epistola
3440 4487 3508 4536 ad

1876 4565 2281 4616 Valerianum:
2339 4583 2366 4610 «
2419 4565 2742 4622 Dominum,
2793 4565 2925 4627 quia
2977 4561 3267 4611 dominum
3318 4571 3505 4617 vocas,

1872 4641 2074 4696 metue,
2103 4637 2231 4700 quia
2270 4641 2504 4699 patrem,
2547 4634 2732 4696 dilige.
2770 4653 2797 4679 »
2847 4634 3146 4683 I’rimasius
3197 4632 3253 4679 in
3290 4630 3507 4692 Episto-

1870 4709 1982 4757 lam
2032 4708 2186 4757 Pauli
2236 4707 2305 4757 ad
2360 4708 2682 4757 Romanos:
2733 4725 2759 4751 α
2808 4704 2918 4767 Qui
2964 4705 3122 4754 timet
3162 4715 3354 4752 servus
3400 4704 3503 4760 est,

1871 4779 1967 4839 qui
2037 4784 2222 4827 autem
2288 4776 2466 4839 diligit
2530 4775 2697 4824 filius.
2756 4789 2785 4821 δ)
2854 4774 3070 4825 Vettius
3142 4773 3507 4823 Prmtextatus

1870 4848 2017 4912 apud
2048 4846 2409 4905 Macrobium,
2436 4846 2574 4895 lib.i
2620 4845 2890 4895 Satur-nul.
2933 4858 3050 4907 cap.
3098 4846 3148 4895 tl
3189 4858 3256 4891 :u
3304 4843 3507 4895 Colant

1869 4933 2000 4982 ergo
2039 4922 2092 4969 te
2139 4920 2323 4982 potius
2361 4918 2507 4967 servi
2556 4930 2725 4981 quam
2767 4917 3014 4967 timeant.
3043 4933 3071 4961 ιο
3114 4916 3362 4965 Joannes
3408 4914 3499 4964 Su-

1870 4991 2225 5041 resberiensis
2274 4989 2367 5039 lib.
2417 5002 2511 5039 vui
2546 4988 2868 5045 Policrulici,
2908 5002 3027 5051 cap.
3072 4988 3174 5038 12:
3225 5003 3255 5033 «
3303 4986 3499 5037 Colunt

1869 5066 1921 5111 te
1985 5063 2169 5124 potius
2219 5062 2363 5110 servi
2408 5061 2487 5109 tui
2528 5073 2695 5122 quam
2749 5061 2979 5110 timeant
3039 5077 3066 5103 υ
3108 5058 3401 5109 Ennodius
3447 5060 3503 5109 in

1869 5133 2210 5197 Panegyrico
2265 5132 2333 5181 ad
2385 5130 2839 5182 Theodoricum:
2882 5147 2911 5179 α
2962 5130 3149 5181 Habes
3191 5130 3337 5182 banc
3386 5132 3503 5182 Deo

1868 5206 2170 5268 inspirante
2206 5204 2690 5254 mansuetudinem
2730 5207 2791 5253 ut
2835 5208 2887 5254 te
2934 5203 3062 5267 plus
3098 5203 3293 5254 credas
3342 5216 3503 5268 posse

1869 5276 2151 5338 diligentia
2179 5289 2346 5338 quam
2377 5276 2588 5325 timore.
2612 5274 2961 5324 Excellentia
2988 5274 3132 5324 bona
3157 5279 3289 5323 sunt
3314 5276 3505 5339 gloriae

1870 5350 1978 5396 tum
2014 5347 2218 5396 inserta
2252 5347 2631 5396 monumentis
2674 5350 2736 5394 ut
2776 5358 2904 5395 cum
2944 5350 2995 5394 te
3035 5358 3192 5409 reges
3231 5350 3503 5407 metuant,

1868 5421 2053 5466 ament
2082 5416 2290 5465 famuli.
2324 5432 2350 5461 ι)
2394 5416 2638 5465 Aduolat
2669 5416 2914 5465 Velleius
2952 5416 3277 5466 Puterculus
3312 5416 3503 5468 Ca’sa-

1867 5503 1981 5537 rem
2011 5487 2225 5538 dixisse
2250 5489 2421 5537 amari
2447 5502 2507 5537 se
2545 5501 2709 5551 quam
2748 5488 2929 5537 timeri
2966 5488 3147 5538 malle.
3195 5488 3407 5548 Cicero,
3449 5489 3503 5536 in

1866 5558 2009 5608 libro
2038 5559 2101 5609 de
2130 5559 2410 5615 Senectute,
2443 5561 2514 5607 ita
2541 5558 2735 5608 scribit
2774 5559 2842 5609 de
2879 5560 3058 5623 Appio
3088 5575 3100 5607 :
3137 5577 3161 5605 «
3188 5558 3504 5608 Metuebant

1867 5645 1996 5681 eum
2057 5631 2222 5691 servi,
2270 5631 2602 5681 verebantur
2654 5630 2831 5681 liberi.
2873 5646 2901 5677 »
2946 5630 3085 5681 Vide
3133 5643 3295 5693 supra
3342 5634 3503 5678 notas

1867 5702 1922 5750 in
1955 5700 2261 5764 Epistulam
2282 5700 2355 5750 ad
2382 5701 2668 5751 Donatum.

1932 5772 2025 5834 (38)
2066 5770 2347 5821 Verborum
2392 5772 2682 5823 tormentis.
2716 5770 2809 5823 Sic
2839 5771 2987 5834 apud
3030 5770 3346 5826 Petronium
3380 5767 3501 5829 lego

1867 5862 1892 5891 ‹‹
1934 5843 2272 5899 Fabulosum
2300 5845 2699 5897 sententiarum
2734 5848 3092 5893 tormentum.
3121 5861 3148 5885 υ
