3978 6194
362 313 462 366 575

1302 309 1356 366 S.
1401 310 1710 366 CYPRIANI
1749 309 2024 366 OPERUM
2066 309 2236 365 PARS
2266 308 2330 362 11.
2376 337 2435 350 -
2467 307 2832 364 OPUSCULA.

3625 303 3722 356 576

370 450 507 488 voce
541 434 815 502 humana,
848 436 904 488 et
944 438 1222 505 potestate
1253 435 1445 489 divina
1491 435 1716 505 ﬂagella
1762 439 1816 487 et
1869 450 1995 488 ver-
2022 434 2276 518 Aerige,
2323 433 2382 487 in
2435 431 2698 503 supernis
2745 432 2919 485 Deum
2965 443 3178 500 quaere.
3230 428 3298 481 Ut
3350 441 3541 480 carere
3585 425 3724 480 infe-

370 527 506 581 bera
569 527 875 582 sentientes
931 536 1231 582 venturum
1280 528 1560 599 judicium
1615 528 1996 582 confitentur!

367 621 512 674 Veni
552 624 608 674 et
645 638 926 692 cognosce
972 639 1107 676 vera
1152 639 1273 676 esse
1322 639 1448 692 qua}.
1489 621 1745 675 dicimus.
1779 624 1842 675 Et
1866 621 2002 692 quia

370 715 449 767 sic
481 714 618 768 deos
644 716 826 770 colere
856 720 910 770 te
952 716 1111 781 dicis,
1144 717 1228 770 vel
1272 717 1403 786 ipsis
1442 733 1580 787 quos
1623 715 1755 770 colis
1793 715 1997 783 crede;

373 811 472 862 aut
516 808 560 861 si
610 809 855 864 volueris
894 813 950 864 et
991 810 1090 863 tibi
1133 812 1389 878 credere,
1423 811 1491 864 de
1541 813 1595 863 te
1638 810 1761 879 ipso
1799 810 1998 879 loque-

365 906 461 955 tur
507 903 572 968 ³9,
615 903 882 957 audiente
927 909 1003 969 te,
1063 905 1159 974 qui
1208 920 1358 958 nunc
1399 909 1559 958 tuum
1606 908 1800 973 pectus
1846 903 2001 958 obse-

367 993 451 1049 dit
497 995 565 1061 ²⁰,
615 997 709 1066 qui
751 1013 902 1050 nunc
957 1003 1208 1053 mentem
1251 1006 1406 1051 tuam
1446 995 1788 1066 ignorantia:
1837 999 2000 1050 nocte

367 1089 617 1142 caecavit.
661 1089 885 1144 Videbis
933 1107 1035 1144 nos
1079 1092 1268 1161 rogari
1296 1091 1364 1144 ab
1413 1091 1492 1144 eis
1530 1106 1673 1161 quos
1702 1095 1759 1143 tu
1808 1106 1999 1160 rogas,

368 1181 561 1235 timeri
593 1182 662 1236 ab
703 1183 784 1236 eis
821 1200 965 1254 quos
1009 1188 1071 1238 tu
1117 1185 1280 1238 times
1319 1186 1444 1252 (39),
1477 1200 1618 1253 quos
1659 1189 1718 1238 tu
1759 1183 1996 1252 adoras;

371 1275 594 1328 videbis
631 1276 734 1330 sub
764 1293 937 1330 manu
971 1284 1161 1331 nostra
1204 1283 1350 1331 stare
1388 1277 1607 1331 vinctos
1651 1281 1708 1330 et
1756 1280 1998 1331 tremere

366 1369 618 1439 captivos
647 1386 792 1440 quos
823 1374 885 1423 tu
927 1371 1161 1441 suscipis
1194 1377 1250 1425 et
1278 1371 1563 1424 veneraris
1601 1374 1665 1424 ut
1711 1370 1995 1426 dominos.

364 1463 531 1516 Certe
560 1463 643 1516 vel
671 1463 748 1515 sic
783 1464 1053 1517 confundi
1083 1465 1141 1517 in
1175 1465 1291 1517 istis
1331 1464 1622 1519 erroribus
1648 1465 1758 1518 tuis
1788 1465 1999 1535 poteris

364 1556 596 1626 quando
629 1558 989 1626 conspexeris
1015 1561 1072 1612 et
1112 1558 1359 1612 audieris
1405 1559 1534 1612 deos
1565 1563 1691 1613 tuos
1728 1559 1861 1630 quid
1891 1560 2001 1613 sint

363 1647 818 1719 interrogatione
835 1654 1027 1704 nostra
1055 1653 1239 1705 statim
1265 1652 1507 1722 prodere
1529 1654 1604 1721 et,
1623 1653 2000 1722 prtesentibus

592 1743 723 1798 licet
753 1744 928 1812 vobis,
965 1746 1284 1817 prmstigias
1327 1746 1450 1799 illas
1495 1750 1552 1800 et
1593 1746 1842 1800 fallacias
1872 1763 1997 1801 suas

361 1851 478 1890 non
509 1853 674 1906 posse
702 1838 906 1893 celare.
1209 1869 1212 1873 -

432 1931 561 1984 XV].
615 1933 747 1995 Quae
803 1949 942 2002 ergo
1003 1933 1209 1986 mentis
1265 1933 1492 2004 ignavia
1544 1939 1646 2002 est,
1703 1934 1819 1988 imo
1874 1951 2001 2004 quae

359 2023 760 2093 desipientium
818 2042 965 2080 cmca
1025 2032 1081 2080 et
1126 2028 1296 2081 stulta
1346 2027 1654 2094 dementia,
1703 2027 1771 2082 ad
1817 2028 2001 2082 lucem

361 2115 430 2171 de
459 2117 706 2171 tenebris
743 2120 888 2173 nolle
925 2120 1119 2174 venire
1161 2126 1216 2173 et
1263 2120 1459 2174 mortis
1497 2127 1730 2175 aeternas
1781 2121 2001 2191 laqueis

361 2210 579 2266 vinctos
604 2228 764 2282 spem
797 2214 940 2267 nolle
967 2214 1413 2268 immortalitatis
1437 2214 1719 2285 excipere,
1742 2231 1852 2269 non
1882 2231 1999 2271 me-

364 2309 528 2358 tuere
583 2307 760 2360 Deum
807 2308 1248 2361 comminantem
1301 2314 1357 2362 et
1402 2308 1732 2362 dicentem:
1779 2310 1998 2377 Sacriﬁ-

356 2414 484 2454 cans
536 2400 663 2467 aliis,
719 2401 1110 2467 eradicubitur,
1167 2404 1274 2456 nisi
1327 2404 1548 2457 Domino
1599 2404 1703 2456 soli
1753 2403 1992 2472 (Exod,

354 2507 484 2559 xxn,
536 2494 642 2561 t9).
693 2496 758 2549 Et
797 2494 1002 2548 iterum
1046 2511 1057 2549 :
1107 2496 1492 2550 Adoraverunt
1540 2511 1622 2550 eos
1678 2512 1807 2566 quos
1851 2498 1994 2562 fece-

354 2592 482 2640 runt
506 2587 670 2656 digiti
697 2604 899 2649 eorum,
928 2595 977 2642 et
1014 2591 1333 2643 incurvatus
1362 2595 1441 2644 est
1467 2591 1618 2643 homo
1660 2595 1709 2643 et
1741 2591 1994 2643 humilia-

357 2684 442 2734 tus
474 2686 551 2734 est
573 2683 677 2748 vir,
711 2687 762 2736 et
802 2698 908 2736 non
952 2683 1148 2737 lam/ibo
1196 2684 1306 2736 illis
1351 2684 1392 2716 “
1448 2686 1598 2750 (Isa.,
1629 2700 1686 2748 Il,
1722 2685 1796 2752 8).
1847 2683 1994 2747 Quid

360 2775 414 2826 te
463 2774 530 2827 ad
573 2773 740 2828 falsos
783 2775 917 2829 deos
959 2776 1066 2845 (40)
1115 2777 1379 2830 humilias
1424 2784 1478 2830 et
1523 2775 1807 2830 inclinas?
1851 2776 1993 2848 quid

359 2872 490 2921 ante
521 2867 716 2938 inepta
762 2869 1067 2923 simulacra
1120 2873 1176 2923 et
1222 2872 1500 2940 figmenta
1547 2875 1770 2924 terrena
1817 2871 1993 2940 capti-

355 2980 489 3018 vum
535 2967 640 3034 (41)
687 2983 892 3036 corpus
937 2967 1194 3020 incurvas
1243 2969 1395 3036 (42)?
1454 2969 1693 3022 ltectum
1744 2973 1796 3020 te
1845 2968 1993 3021 Deus

357 3057 524 3126 fecit;
579 3065 631 3114 et
673 3077 803 3114 cum
852 3067 1055 3115 cratera
1109 3061 1376 3114 animalia
1431 3079 1607 3131 prona
1654 3062 1766 3131 (43)
1815 3067 1871 3115 et
1921 3062 1990 3115 ad

2101 528 2178 581 ris
2228 527 2427 596 possis,
2476 526 2544 579 ad
2589 526 2700 579 alta
2744 530 2802 577 et
2844 523 3091 578 coelestia
3135 537 3478 591 suspensum
3536 524 3726 590 pectus

2104 621 2320 675 attolle.
2370 619 2514 683 Quid
2567 623 2618 673 te
2651 619 2708 672 in
2756 618 2978 688 lapsum
3030 616 3249 681 mortis,
3292 630 3423 669 cum
3466 618 3726 683 serpente

2103 730 2277 784 quem
2327 713 2484 773 colis,
2537 712 2786 766 sternis?
2827 710 2965 782 quid
3006 709 3066 763 in
3113 708 3337 763 ruinam
3375 706 3586 762 diaboli
3631 723 3726 776 per

2100 809 2286 878 ipsam
2339 812 2396 862 et
2447 822 2578 861 cum
2623 806 2745 876 ipso
2805 803 3005 859 cadis?
3055 802 3481 858 Sublimitatem
3537 797 3718 872 557

2102 917 2266 955 serva
2310 917 2421 971 qua
2460 904 2630 954 natus
2671 916 2767 964 es;
2820 913 3120 968 persevera
3165 895 3289 949 talis
3330 894 3515 965 qualis
3555 910 3589 946 a
3621 894 3723 947 Deo

2103 995 2283 1048 factus
2337 1010 2411 1048 es.
2467 995 2607 1047 Cum
2661 996 2808 1046 statu
2859 991 2971 1045 oris
3026 995 3082 1045 et
3147 989 3405 1059 corporis
3472 987 3723 1040 animum

2101 1094 2263 1142 tuum
2314 1093 2516 1141 statue.
2552 1089 2618 1143 Ut
2667 1101 3005 1156 cognoscere
3047 1085 3220 1137 Deum
3266 1081 3469 1151 possis,
3507 1084 3560 1135 te
3599 1085 3722 1134 ante

2102 1197 2405 1252 cognosce.
2440 1181 2719 1251 Relinque
2746 1179 2901 1233 idola
2930 1194 3057 1249 qua:
3085 1177 3372 1231 humanus
3394 1191 3554 1230 error
3579 1175 3723 1228 inve-

2102 1276 2204 1330 nit.
2260 1277 2341 1330 Ad
2397 1276 2570 1329 Deum
2622 1279 2980 1341 convertere;
3037 1286 3212 1341 quem
3279 1270 3323 1323 si
3390 1269 3722 1339 implorave-

2101 1372 2200 1434 ris,
2249 1369 2530 1425 subvenit.
2559 1367 2777 1424 Christo
2829 1366 3016 1435 crede,
3056 1381 3229 1436 quem
3277 1361 3622 1417 viviﬁcandis
3662 1378 3721 1414 ac

2100 1464 2432 1535 reparandis
2474 1461 2641 1517 nobis
2672 1463 2835 1515 Pater
2883 1459 3037 1514 misit
3081 1459 3213 1529 (44).
3265 1458 3496 1513 Lazdere
3543 1471 3721 1510 servos

2101 1559 2197 1612 Dei
2221 1562 2277 1612 et
2313 1556 2519 1612 Christi
2544 1554 3037 1626 persecutionibus
3062 1553 3175 1607 tuis
3215 1552 3438 1618 desine,
3469 1566 3610 1622 quos
3635 1551 3721 1604 la:-

2101 1669 2188 1706 sos
2221 1652 2360 1705 ultio
2388 1650 2579 1705 divina
2604 1649 2878 1703 defendit.

2174 1747 2329 1801 XVII.
2364 1743 2500 1798 lude
2533 1748 2618 1797 est
2645 1743 2794 1813 quod
2839 1759 3012 1797 nemo
3056 1744 3340 1808 nostrum,
3371 1738 3603 1810 quando
3628 1755 3722 1808 ap-

2022 1813 2078 1883 B
2104 1839 2500 1910 prehenditur,
2549 1838 2881 1903 reluctatur,
2914 1852 3020 1890 nec
3057 1851 3113 1889 se
3163 1834 3432 1888 adversus
3463 1832 3724 1902 injustam

2103 1928 2427 1986 violentiam
2476 1933 2746 1992 vestram,
2798 1930 3053 2000 quamvis
3106 1928 3318 1982 nimius
3377 1931 3436 1981 et
3481 1925 3727 1997 copiosus

2102 2029 2297 2082 noster
2324 2025 2395 2080 sit
2426 2025 2689 2096 populus,
2719 2023 3028 2078 ulciscitur.
3065 2023 3357 2078 Patientes
3387 2021 3524 2075 facit
3556 2020 3623 2073 de
3652 2035 3724 2072 se-

2102 2126 2299 2175 cutura
2330 2119 2548 2174 ultione
2579 2118 2878 2172 securitas.
2912 2119 3249 2171 lnnocentes
3280 2113 3617 2169 nocentibus
3646 2129 3724 2166 ce-

2103 2216 2280 2269 dunt:
2331 2214 2589 2268 insontes
2633 2212 2814 2282 pcenis
2857 2217 2910 2266 et
2955 2209 3294 2265 cruciatibus
3343 2209 3720 2280 acquiescunt,

2101 2309 2236 2363 certi
2265 2314 2320 2362 et
2351 2308 2589 2362 ﬁdentes
2613 2306 2765 2378 quod
2803 2306 3050 2360 inultum
3078 2321 3189 2358 non
3222 2307 3522 2358 remaneat
3551 2300 3719 2372 quod-

2099 2418 2322 2474 cunque
2351 2400 2706 2472 perpetimur
2731 2418 2743 2466 ;
2780 2405 3107 2471 quantoque
3139 2400 3328 2470 major
3347 2395 3525 2452 fuerit
3545 2411 3721 2467 perse-

2099 2497 2336 2550 cutionis
2369 2495 2595 2565 injuria,
2629 2498 2787 2548 tanto
2814 2499 2868 2548 et
2897 2493 3107 2564 justior
3131 2493 3226 2547 tiat
3256 2498 3312 2546 et
3361 2490 3590 2563 gravior
3627 2505 3718 2559 pro

2099 2589 2492 2661 persecutione
2531 2587 2819 2656 vindicta;
2850 2604 2953 2641 nec
2981 2603 3237 2658 unquam
3266 2585 3579 2656 impiorum
3607 2598 3715 2635 sce-

2094 2684 2212 2738 lere
2242 2684 2299 2737 in
2346 2689 2604 2737 nostrum
2637 2698 2846 2736 nomen
2897 2681 3246 2751 exsurgitur,
3281 2685 3346 2734 ut
3374 2695 3492 2733 non
3539 2677 3714 2730 statim

2095 2777 2364 2832 divinitus
2407 2775 2652 2830 vindicta
2691 2774 3017 2828 comitetur.
3067 2775 3136 2828 Ut
3183 2773 3488 2827 memorias
3543 2775 3714 2823 tacea-

2097 2888 2223 2925 mus
2244 2871 2290 2904 ²³
2319 2869 2603 2940 antiquas,
2635 2873 2693 2922 et
2721 2868 2963 2922 ultiones
2991 2885 3096 2938 pro
3119 2867 3432 2921 cultoribus
3455 2863 3548 2918 Dei
3576 2879 3714 2932 smpc

2097 2964 2358 3035 repetitas
2405 2964 2562 3017 nullo
2606 2963 2756 3015 vocis
2801 2963 3091 3034 praeconio
3140 2961 3518 3025 revolvamus,
3564 2958 3715 3011 docu-

2096 3063 2349 3112 mentum
2403 3055 2643 3110 recentis
2685 3056 2765 3109 rei
2822 3056 2960 3109 satis
3013 3059 3099 3108 est
3148 3054 3296 3125 quod
3345 3053 3423 3107 sic
3472 3050 3717 3106 celeriter

365 3155 575 3206 terram
617 3155 723 3208 situ
776 3161 1044 3224 vergente
1101 3155 1367 3225 depressa
1413 3155 1543 3221 sint,
1587 3154 1686 3209 tibi
1735 3155 1991 3208 sublimis
2011 3184 2065 3256 Ο
2095 3152 2360 3224 quodque
2386 3150 2444 3204 in
2473 3154 2628 3204 tanta
2658 3150 2945 3204 celeritate
2974 3149 3050 3203 sic
3085 3148 3389 3220 granditer
3418 3162 3599 3216 nuper
3629 3160 3710 3197 se-

356 3251 532 3300 status
587 3250 644 3300 et
697 3248 763 3300 ad
824 3249 1028 3301 coelum
1086 3253 1255 3318 atque
1311 3248 1382 3301 ad
1441 3249 1615 3302 Deum
1669 3265 1891 3302 sursum
1939 3249 1985 3282 ²²

360 3340 546 3394 vultus
591 3348 814 3395 erectus
859 3348 962 3395 est.
999 3342 1131 3395 illuc
1171 3341 1416 3407 intuere,
1454 3342 1583 3396 illnc
1627 3343 1820 3396 oculos
1865 3346 1988 3396 tuos

2091 3253 2214 3300 cuta
2250 3244 2500 3300 defensio
2533 3249 2635 3309 est,
2664 3244 2844 3297 ruinis
2866 3259 3055 3297 rerum
3090 3240 3486 3313 (45),jacturis
3513 3255 3699 3309 opum,

2088 3338 2385 3411 dispendio
2414 3337 2680 3404 militum,
2708 3336 3090 3391 diminutione
3119 3341 3459 3391 castrorum.
3489 3335 3593 3388 Nec
3614 3333 3708 3387 hoc

1732 3476 1938 3540 Variae
2012 3477 2348 3541 lectiones.

423 3613 460 3640 '9
491 3613 600 3676 Ipsi
631 3613 933 3677 loquentur
960 3614 1079 3663 Bod.
1117 3615 1160 3674 t,
1187 3615 1234 3664 3.
1305 3616 1344 3646 ²⁰
1373 3614 1642 3665 Obsident
1665 3613 1795 3664 Ibid.
1865 3618 1906 3646 ²¹
1933 3615 2068 3671 Illis,
2099 3614 2234 3664 dicit
2262 3613 2532 3662 Dominus
2563 3611 2672 3660 ΝΟ.
2715 3613 2754 3660 l.
2798 3612 2936 3660 Lam.
2988 3608 3134 3658 Ebor.
3185 3608 3306 3658 Bod.
3354 3608 3400 3658 2.
3469 3607 3509 3638 ”
3543 3606 3707 3655 Deum

352 3695 516 3733 suum
554 3684 688 3733 Lam.
725 3683 872 3733 Ebur.
912 3685 1042 3733 Voss.
1083 3686 1126 3734 t.
1159 3685 1281 3734 Bod.
1315 3686 1358 3745 l,
1391 3685 1437 3744 2,
1471 3685 1515 3733 3.
1550 3684 1668 3733 T/m.
1712 3686 1847 3733 Foss.
1917 3687 1956 3716 ³³
1983 3684 2105 3734 Non
2135 3687 2422 3733 teneamus
2456 3683 2560 3730 Vel.
2592 3682 2774 3729 z'nnom.

1665 3812 1890 3894 Steph.
1932 3811 2177 3875 Baluzii
2222 3815 2416 3874 notae.

418 3945 514 4010 (39)
543 3947 677 4007 Quos
703 3953 757 3998 tu
783 3949 948 4000 times.
985 3950 1183 4000 Nescio
1213 3962 1313 3998 cur
1359 3949 1482 3999 haec
1525 3949 1729 3999 omissa
1775 3950 1885 3998 sint
1927 3949 1985 3998 in

353 4018 754 4080 posterioribus
796 4020 1152 4071 editionibus.
1184 4021 1344 4081 Nam,
1384 4021 1513 4069 licet
1555 4021 1734 4070 desint
1782 4020 1837 4068 in
1871 4019 1988 4083 plu-

349 4088 506 4138 ribus
556 4090 802 4154 antiquis
853 4090 1284 4154 exemplaribus,
1339 4095 1560 4141 exstant
1618 4093 1672 4139 in
1732 4090 1986 4153 pluribus

351 4159 474 4208 aliis
513 4161 754 4223 optimis,
789 4165 845 4210 et
885 4166 1150 4224 praeterea
1193 4162 1466 4224 optimum
1516 4174 1744 4211 sensum
1786 4163 1988 4211 consti-

348 4233 528 4280 tuunt.
589 4232 862 4282 Manutius
910 4235 1120 4297 primus
1174 4234 1461 4297 eXpunxit.
1518 4233 1681 4295 Angli
1733 4246 1988 4295 reposue-

355 4306 501 4351 runt.

415 4373 516 4434 (40)
568 4374 702 4435 Quid
757 4379 802 4423 te
854 4375 925 4424 ad
972 4373 1138 4436 falsos
1187 4375 1325 4424 deos.
1382 4375 1490 4423 Ista
1558 4371 1828 4423 Claudius
1878 4373 1988 4436 epi-

352 4459 555 4510 scopus
608 4448 971 4499 Taurinensis
1039 4452 1303 4512 tanquam
1351 4461 1482 4510 sua,
1542 4447 1748 4498 alicubi
1800 4453 1986 4497 tamen

350 4519 660 4581 immutata,
689 4522 918 4583 protulit
947 4520 1198 4570 scribens
1234 4519 1302 4569 ad
1347 4519 1778 4569 'l‘heodemirum
1818 4518 1987 4568 abba-

347 4560 2303 4654 ἱέὧᾶὲὲἶὲἰθὲὲὲἑιῖῖῖςᾶἷκῖᾗῖξ”οἷ(ιῖιῦἆῖἓῖιῖιῖίἑᾶιζᾶἷχῖιΒαἱρετο,
2356 4590 2448 4640 lib.
2517 4603 2552 4639 n
2599 4590 2662 4640 dc
2709 4590 2921 4654 Legibus
2965 4604 2982 4637 .-

347 4661 515 4722 fulsos
557 4663 696 4721 deos,
739 4662 1007 4713 Claudius
1053 4664 1237 4726 inepte
1278 4664 1464 4725 posuit
1511 4661 1677 4724 falsas
1708 4662 1984 4724 imagines,

351 4734 483 4797 quia
543 4733 911 4784 contendebat
965 4733 1183 4782 nullum
1231 4732 1499 4784 honorem
1549 4732 1739 4782 deberi
1797 4733 1987 4790 imagi-

348 4804 518 4854 nibus
567 4809 904 4855 sanctorum.
966 4805 1109 4867 Quia
1177 4819 1307 4855 vero
1372 4805 1464 4854 ille
1515 4805 1630 4854 haec
1694 4806 1986 4868 scripserat

349 4881 612 4939 tanquam
643 4891 762 4938 sua,
791 4877 946 4927 nulla
992 4877 1257 4940 Cypriani
1305 4878 1610 4937 mentione,
1652 4876 1822 4925 Jonas
1868 4876 1984 4938 epi—

347 4959 550 5009 scopus
586 4949 1012 4998 Aurelianensis
1049 4949 1209 4997 illum
1249 4949 1464 4997 monuit
1513 4959 1636 4997 esse
1679 4946 1984 4996 beatissimi

348 5018 607 5082 Cypriani
636 5021 906 5084 martyris.

409 5094 501 5151 (tt)
545 5094 838 5154 Captivum.
895 5094 973 5142 lta
1014 5105 1208 5142 omnes
1253 5091 1375 5140 libri
1432 5095 1662 5150 veteres,
1712 5089 1759 5137 si
1809 5089 1984 5151 Moys-

345 5161 653 5212 siacensem
701 5163 962 5226 excipias,
1014 5164 1069 5212 in
1127 5175 1239 5225 quo
1291 5161 1558 5225 scriptum
1613 5165 1695 5210 est
1747 5160 1981 5222 captiva,

345 5237 401 5279 et
454 5246 650 5283 omnes
701 5239 915 5284 veteres
969 5233 1259 5284 editiones.
1314 5233 1611 5293 Pamelius,
1659 5233 1823 5294 cujus
1873 5230 1983 5280 edi-

345 5303 549 5353 tionem
596 5311 825 5356 secutus
872 5310 952 5356 est
1000 5303 1289 5368 Rigaltius,
1343 5306 1528 5368 posuit
1580 5305 1804 5366 captiva,
1852 5305 1981 5365 quia

343 5373 566 5425 videbat
618 5377 674 5425 in
731 5377 871 5426 libro
921 5378 1080 5426 Jonas
1129 5377 1381 5439 episcopi
1450 5375 1868 5425 Aurelianensis
1921 5373 1982 5421 de

345 5445 500 5495 Cultu
543 5448 853 5511 imaginum,
884 5449 981 5498 ubi
1029 5449 1185 5498 locus
1232 5449 1334 5497 iste
1385 5447 1617 5496 refertur
1663 5460 1694 5495 a
1742 5444 1981 5494 Claudio

345 5517 693 5579 Taurinensi,
725 5519 829 5582 legi
861 5522 1097 5583 raptim,
1129 5533 1225 5582 per
1253 5531 1491 5570 errorem
1531 5517 1812 5567 videlicet.
1842 5516 1980 5565 Nam

340 5589 488 5651 apud
519 5591 854 5654 Duugalum,
895 5593 988 5640 ubi
1019 5593 1249 5641 refertur
1300 5592 1464 5640 etiam
1502 5590 1594 5639 hic
1625 5589 1800 5649 locus,
1836 5591 1982 5637 recte

343 5661 607 5723 scriptum
640 5667 724 5712 est
748 5666 1030 5727 captivum.

404 5734 503 5792 tt'l)
553 5736 822 5783 Incurvas.
880 5737 958 5784 ita
1016 5737 1184 5783 etiam
1237 5735 1291 5782 in
1349 5732 1588 5783 editione
1652 5732 1985 5794 fragmento-

343 5817 461 5853 rum
516 5806 778 5868 Epistulae
831 5805 1066 5857 Claudii.
1116 5804 1224 5857 Sed
1279 5806 1333 5853 in
1380 5804 1548 5854 veteri
1597 5802 1737 5852 libro
1781 5803 1980 5867 legitur

343 5876 582 5933 inclines.
615 5877 808 5931 Habeo
835 5879 986 5930 enim
1017 5877 1300 5944 exemplar
1327 5875 1526 5930 horum
1543 5874 1982 5939 fragmentorum

2086 3961 2215 3998 cum
2265 3947 2459 3998 codice
2522 3960 2627 3995 ms.
2698 3945 2963 3995 collatum
3022 3957 3194 3993 manu
3262 3943 3364 3992 viri
3431 3938 3703 3992 clarissimi

2085 4020 2318 4070 Joannis
2368 4017 2637 4078 Cordesii,
2687 4016 2785 4067 ubi
2833 4016 3036 4080 legitur
3090 4015 3340 4064 inch‘nas.
3387 4014 3511 4076 Quo
3554 4012 3703 4063 etiam

2087 4090 2254 4141 modo
2286 4091 2555 4152 scriptum
2591 4092 2674 4139 est
2693 4089 2747 4137 in
2773 4087 2965 4137 codice
2989 4086 3515 4149 Gratianopolitano.

2151 4162 2244 4224 (43)
2298 4160 2566 4211 Animalia
2613 4172 2808 4224 prona.
2838 4160 3038 4209 Notum
3091 4163 3175 4209 est
3218 4158 3362 4207 illud
3419 4155 3592 4208 Ovidii
3643 4166 3703 4204 ex

2086 4233 2227 4283 libro
2251 4247 2267 4282 ι
2297 4232 2788 4296 Metamorphoseon
2816 4247 2832 4278 .-

2182 4342 2449 4403 Pronaque
2481 4354 2599 4390 cum
2628 4343 2866 4403 spectent
2888 4339 3136 4389 animalia
3163 4343 3354 4388 caetera
3385 4343 3587 4397 terram,

2182 4412 2248 4460 Os
2273 4411 2473 4460 homini
2502 4411 2724 4460 sublime
2752 4411 2914 4470 dedit,
2940 4413 3233 4474 coelumque
3263 4412 3397 4460 tueri

2179 4483 2335 4532 Jussit
2360 4486 2411 4532 et
2439 4487 2645 4532 erectos
2673 4482 2734 4530 ad
2763 4481 2937 4531 sidera
2961 4483 3142 4532 tollere
3161 4482 3351 4531 vultus.

3035 4608 3062 4636 «
3118 4589 3256 4640 Nam
3309 4603 3438 4640 cum
3489 4592 3697 4638 caeteras

2088 4662 2399 4710 animantes
2447 4659 2737 4724 abjecisset
2796 4660 2864 4710 ad
2914 4665 3153 4725 pastum,
3202 4660 3383 4710 solum
3435 4660 3694 4708 hominem

2086 4734 2282 4793 erexit,
2332 4732 2401 4781 ad
2449 4732 2689 4796 cmlique
2736 4733 2892 4796 quasi
2947 4733 3292 4798 cognationis
3339 4731 3695 4791 domiciliique

2085 4803 2300 4866 pristini
2347 4808 2709 4866 conspectum
2752 4805 3034 4853 excitavit.
3084 4821 3112 4849 »
3166 4803 3518 4861 Prudentius,
3543 4800 3629 4850 lib.
3662 4810 3694 4847 ιι

2087 4875 2351 4924 Adversus
2382 4873 2750 4936 Symmachum
2790 4888 2805 4921 :

2180 4980 2532 5031 Condideram
2565 4981 2854 5043 perfectum
2884 4981 3171 5040 hominem,
3200 4987 3433 5044 spectare
3462 4991 3667 5044 superna

2179 5053 2499 5112 Mandaram,
2530 5053 2650 5101 totis
2678 5065 2993 5101 conversum
3023 5053 3261 5102 sensibus
3284 5053 3335 5102 in
3365 5067 3464 5112 me,

2178 5127 2337 5174 Recto
2361 5124 2558 5184 habitu,
2585 5125 2830 5187 celsoque
2856 5124 2982 5184 situ,
3013 5128 3064 5174 et
3091 5124 3311 5174 sublime
3343 5128 3577 5173 tuentem.

2086 5233 2317 5280 Possent
2387 5231 2626 5294 plurima
2685 5231 2804 5281 loca
2861 5231 3062 5281 similia
3127 5233 3372 5295 proferri.
3438 5230 3540 5280 Sed
3599 5229 3686 5277 ista

2083 5302 2387 5352 sufﬁciunt.
2428 5301 2567 5352 Vide
2621 5303 2923 5352 Maximum
2976 5305 3224 5367 Tyrium,
3283 5305 3491 5353 dissert.
3531 5302 3604 5360 38,
3640 5303 3688 5348 et

2083 5377 2242 5421 notas
2271 5377 2485 5422 nostras
2515 5374 2582 5423 ad
2634 5373 2835 5423 librum
2872 5375 3009 5438 Lupi
3060 5375 3421 5425 Ferrariensis
3445 5375 3504 5423 da
3537 5369 3687 5422 tribus

2085 5443 2485 5505 Quwstionibus.

2147 5516 2242 5574 (44)
2299 5517 2458 5564 Pater
2514 5517 2672 5565 misit.
2720 5516 2999 5566 Pamelius
3059 5517 3335 5567 interserit
3393 5513 3570 5566 Filium
3624 5520 3684 5558 ex

2083 5588 2334 5650 quinque
2361 5585 2650 5637 codicibus
2675 5591 2731 5637 et
2756 5601 2825 5636 ex
2859 5601 2970 5637 uno
2997 5601 3164 5651 quem
3191 5588 3377 5638 laudat
3412 5581 3680 5651 Morellius.

2083 5659 2199 5721 Ego
2240 5671 2463 5721 quoque
2501 5659 2574 5706 ita
2623 5660 2810 5708 inveni
2859 5650 3126 5722 scriptum
3177 5659 3232 5708 in
3282 5660 3517 5723 quinque
3542 5650 3682 5729 anti:

2083 5731 2226 5793 quis.
2263 5729 2551 5778 Glossema
2580 5733 2728 5778 certo
2760 5734 2857 5790 est,
2888 5730 3036 5792 quod
3068 5731 3404 5781 desideratur
3427 5732 3476 5777 in
3507 5725 3676 5786 viginti

2083 5806 2137 5851 et
2167 5815 2278 5849 uno
2311 5799 2464 5848 libris
2494 5801 2698 5850 nostris
2728 5805 2780 5852 et
2811 5803 2866 5850 in
2899 5808 3024 5852 octo
3049 5801 3386 5866 Anglicanis.

2147 5872 2242 5936 (45)
2291 5871 2472 5924 Ruim's
2514 5885 2712 5926 rerum.
2759 5873 2839 5927 lta
2889 5875 3081 5926 omnia
3125 5873 3240 5928 fere
3290 5877 3463 5926 vetera
3510 5876 3674 5920 exem.
