3978 6194
225 248 315 296 577

1459 241 1651 296 LIBER
1692 242 1776 295 Al)
1815 241 1947 296 DEM
1962 239 2320 323 ETRIANUM.

3456 246 3483 295 Si
3493 244 3556 297 78

223 383 337 419 casu
367 365 627 420 accidisse
653 366 855 438 aliquis
883 365 1163 420 existimet
1196 368 1294 419 aut
1329 364 1501 418 fuisse
1539 365 1831 419 fortuitum
1857 382 1914 453 Α
1936 365 2169 436 perpeti,
2199 382 2326 418 cum
2345 365 2537 419 eadem
2568 366 2798 419 adversa
2830 366 3064 420 videatis
3086 383 3116 420 a
3148 366 3309 421 nobis
3328 370 3385 420 et
3410 365 3575 420 vobis

222 462 389 529 putet,
432 476 560 514 cum
585 460 701 529 jam
732 460 951 529 pridem
978 460 1267 530 Scriptura
1290 458 1480 512 divina
1510 459 1759 529 posuerit.
1781 464 1835 513 et

221 554 453 607 dixerit:
487 555 621 607 Mihi
642 554 957 621 vindictam,
982 570 1075 621 ego
1117 554 1435 618 retribuam,
1483 554 1615 607 dicit
1660 556 1839 608 Domi-

220 663 315 701 nus
354 650 559 716 (Deut,
606 663 769 717 xxxn,
808 648 926 716 35);
980 654 1035 700 et
1081 647 1289 700 iterum
1336 646 1577 717 Spiritus
1619 652 1842 700 sanctus

220 744 572 811 praemoneat
602 743 659 794 et
690 740 837 794 dicat
865 744 974 797 :Ne
994 741 1217 809 dixeris,
1254 742 1489 794 Ulciscar
1523 756 1605 794 me
1646 742 1709 794 de
1742 743 1843 793 ini-

217 837 342 888 mico
368 850 516 901 meo;
560 836 653 888 sed
688 840 933 903 exspecta
973 837 1281 899 Dominum,
1324 840 1383 888 ut
1414 836 1512 887 tibi
1536 836 1743 888 auxilio
1771 837 1841 889 sit

216 930 410 994 (Prom,
442 945 532 995 xx,
564 928 671 995 22).
704 928 862 981 Unde
892 929 1104 981 clarum
1143 931 1229 981 est
1256 932 1424 998 atque
1472 928 1839 982 manifestum

214 1023 339 1093 quia
383 1038 498 1075 non
530 1038 633 1091 per
664 1038 783 1087 nos,
826 1021 920 1075 sed
954 1038 1055 1091 pro
1084 1022 1309 1075 nobis“
1352 1020 1546 1093 558
1580 1022 1843 1075 accidunt

215 1119 406 1171 cuncta
435 1116 537 1168 ista
571 1132 698 1185 quae
729 1116 795 1169 de
823 1114 916 1168 Dei
950 1115 1347 1185 indignatione
1371 1116 1739 1169 descendunt.

278 1256 454 1309 XVIII.
487 1255 595 1309 Nec
624 1254 755 1308 ideo
784 1253 909 1325 quis
954 1257 1114 1324 putet
1148 1254 1492 1308 Christianos
1534 1255 1601 1307 iis
1646 1270 1772 1325 qua:
1792 1254 1839 1288 ³⁵

211 1351 471 1405 accidunt
503 1367 617 1404 non
648 1349 944 1417 vindicari,
975 1350 1127 1421 quod
1154 1355 1210 1404 et
1235 1349 1341 1421 ipsi
1372 1351 1671 1405 videantur
1699 1350 1840 1404 acci-

213 1445 467 1498 dentium
508 1445 830 1499 incursione
854 1445 901 1478 ²⁶
951 1444 1255 1515 perstringi
1310 1461 1322 1498 :
1374 1461 1599 1515 poenam
1628 1445 1696 1499 de
1737 1444 1832 1498 ad-

215 1538 377 1591 versis
400 1538 600 1592 mundi
627 1538 719 1592 ille
748 1537 1024 1592 sentitcui
1054 1543 1108 1591 et
1134 1537 1333 1591 ltetitia
1363 1540 1420 1591 et
1447 1538 1627 1607 gloria
1655 1538 1840 1592 omnis

213 1634 261 1685 in
289 1632 510 1686 mundo
538 1638 621 1686 est
647 1649 659 1699 ;
693 1633 785 1685 ille
815 1636 1018 1686 mceret
1071 1635 1123 1685 et
1165 1632 1359 1702 deflet,
1390 1632 1434 1684 si
1463 1632 1567 1685 sibi
1596 1632 1743 1686 male
1769 1632 1841 1685 sit

211 1727 261 1780 in
290 1727 521 1794 saeculo,
547 1727 636 1779 cui
681 1726 829 1779 bene
870 1742 985 1780 non
1029 1728 1217 1796 potest
1245 1741 1363 1779 esse
1392 1730 1519 1796 post
1545 1726 1834 1792 saeculum,

208 1821 360 1889 cujus
391 1820 617 1873 vivendi
661 1821 876 1873 fructus
925 1819 1112 1873 omnis
1144 1819 1234 1873 hic
1276 1819 1516 1889 capitur,
1558 1820 1715 1889 cujus
1746 1820 1837 1873 hic

208 1913 464 1968 solatium
499 1929 667 1967 omne
706 1914 922 1979 finitur,
955 1914 1116 1983 cujus
1157 1912 1365 1966 caduca
1412 1917 1468 1966 et
1515 1912 1698 1967 brevis
1727 1912 1837 1965 vita

208 2008 289 2061 hic
312 2008 567 2078 aliquam
618 2006 978 2062 dulcedinem
1025 2009 1313 2077 computat
1359 2012 1413 2060 et
1464 2007 1833 2077 voluptatem,

205 2102 425 2171 quando
452 2102 622 2155 istinc
644 2101 966 2167 excesserit,
997 2117 1164 2170 pcena
1186 2100 1307 2169 jam
1341 2100 1456 2153 sola
1482 2102 1739 2170 superest
1766 2099 1835 2153 ad

207 2195 474 2249 dolorem.
512 2198 792 2252 Caeterum
825 2194 1012 2248 nullus
1044 2194 1109 2247 iis
1138 2194 1301 2247 dolor
1322 2194 1367 2227 ³⁷
1413 2199 1494 2247 est
1542 2194 1610 2248 de
1642 2194 1832 2247 incur-

209 2291 353 2344 sione
384 2290 670 2344 malorum
701 2289 1063 2360 praesentium
1092 2288 1296 2359 quibus
1332 2287 1537 2341 ﬁducia
1566 2292 1650 2341 est
1680 2287 1831 2340 futu-

210 2400 394 2437 rorum
426 2383 735 2437 bonorum.
772 2383 1022 2453 Denique
1048 2398 1153 2436 nec
1179 2381 1597 2436 consternimur
1635 2381 1833 2435 adver-

209 2477 294 2545 sis,
324 2494 428 2531 nec
459 2477 806 2548 frangimur,
842 2493 947 2530 nec
974 2475 1251 2543 dolemus,
1290 2491 1474 2545 neque
1505 2476 1562 2528 in
1595 2475 1710 2528 ulla
1740 2476 1837 2527 aut

212 2588 392 2624 rerum
474 2571 636 2625 clade
687 2575 783 2624 aut
841 2586 1143 2641 corporum
1201 2568 1523 2623 valetudine
1581 2568 1837 2622 mussita-

210 2681 328 2718 mus
355 2665 493 2735 (46).
527 2664 740 2734 Spiritu
783 2664 965 2735 magis
1010 2680 1182 2735 quam
1228 2679 1396 2717 carne
1435 2663 1706 2729 viventes,
1736 2662 1832 2716 ﬁr-

212 2758 397 2812 mitate
444 2758 630 2812 animi
680 2758 1065 2812 infirmitatem
1108 2757 1358 2827 corporis
1402 2755 1700 2810 vincimus.
1731 2757 1837 2810 Per

209 2852 322 2921 ipsa
350 2869 480 2923 quae
510 2869 618 2905 nos
639 2852 687 2886 ²⁸
719 2852 970 2906 cruciant
1001 2855 1058 2905 et
1082 2851 1340 2922 fatigant,
1370 2850 1599 2921 probari
1629 2855 1683 2905 et
1713 2866 1830 2903 cor-

212 2946 463 3000 roborari
501 2963 610 2999 nos
635 2946 841 2999 scimus
871 2950 924 2999 et
952 2944 1201 2999 ﬁdimus.

272 3088 403 3143 XIX.
472 3087 687 3143 Putatis
738 3104 839 3141 nos
904 3087 1138 3143 adversa
1194 3086 1478 3141 vobiscum
1541 3084 1837 3155 aequaliter

1946 476 2055 512 non
2084 459 2375 529 aequaliter
2404 458 2670 512 sustineri
2688 462 2712 514 ’ἲ
2751 461 2911 531 Apud
2962 478 3057 513 vos
3080 460 3438 530 impatientia
3470 461 3580 512 cla‘

1944 570 2099 607 mosa
2138 569 2362 622 semper
2407 558 2462 605 ct
2513 555 2753 623 querula
2794 562 2920 621 est;
2966 555 3113 624 apud
3161 570 3268 608 nos
3307 554 3469 607 fortis
3524 559 3579 608 et

1943 646 2209 717 religiosa
2260 646 2557 716 patientia,
2612 647 2803 715 quieta
2849 663 3075 717 semper
3127 653 3183 701 et
3240 664 3465 718 semper
3518 647 3577 700 in

1945 740 2119 793 Deum
2164 746 2323 810 grata
2364 746 2484 805 est;
2553 756 2655 793 nec
2715 740 3025 811 quidquam
3080 741 3201 794 istic
3251 742 3443 795 laetum
3482 747 3578 794 aut

1943 849 2277 903 prosperum
2312 833 2415 887 sibi
2446 832 2709 899 vindicat,
2753 833 2848 887 sed
2900 834 3047 887 mitis
3091 839 3147 887 et
3188 835 3328 887 lenis
3373 840 3573 888 contra

1943 944 2143 980 omnes
2175 928 2499 981 ﬂuctuantis
2542 927 2741 980 mundi
2786 926 3044 980 turbines
3087 928 3300 980 stabilis
3324 928 3391 995 29,
3430 928 3571 981 divi-

1943 1037 2029 1074 nae
2062 1020 2482 1091 pollicitationis
2510 1026 2737 1089 tempus
2768 1023 3074 1091 exspectat.
3127 1020 3393 1083 Quandiu
3422 1021 3575 1074 enim

1942 1131 2146 1185 corpus
2200 1115 2309 1168 hoc
2358 1117 2675 1184 permanet,
2726 1130 3031 1167 commune
3074 1130 3205 1167 cum
3255 1113 3474 1167 caeteris
3505 1113 3576 1167 sit

1941 1223 2172 1261 necesse
2202 1214 2347 1261 estet
2372 1208 2681 1277 corporalis
2697 1206 2944 1261 conditio
2973 1207 3291 1260 communis
3316 1224 3332 1275 ;
3356 1223 3460 1260 nec
3486 1222 3569 1262 se-

1941 1301 2128 1371 parari
2175 1302 2373 1371 generi
2420 1301 2734 1354 humano30
2756 1301 2827 1354 ab
2863 1300 3106 1354 invicem
3136 1300 3319 1367 datur,
3369 1300 3479 1353 nisi
3529 1299 3573 1353 si

1941 1394 2105 1449 istinc
2128 1395 2197 1449 de
2225 1394 2432 1449 saeculo
2460 1395 2770 1449 recedatur.
2794 1396 2945 1448 Intra
2974 1411 3147 1448 unam
3176 1394 3414 1448 domum
3436 1394 3574 1448 boni

1942 1492 2000 1541 ct
2030 1489 2161 1542 mali
2219 1488 2452 1542 interim
2497 1488 2880 1542 continemur.
2927 1488 3212 1558 Quidquid
3271 1488 3418 1541 intra
3470 1488 3575 1541 do-

1942 1600 2099 1636 mum
2151 1582 2408 1636 evencrit
2450 1584 2569 1652 pari
2855 1584 3005 1635 sorte
3055 1582 3430 1652 perpetimur,
3476 1582 3575 1635 do-

1941 1694 2063 1743 nec,
2098 1677 2197 1729 mvi
2249 1676 2569 1746 temporalis
2610 1676 2719 1729 line
2766 1675 3066 1745 completo,
3098 1676 3165 1729 ad
3208 1681 3438 1729 zeternze
3482 1675 3573 1729 vel

1859 1788 1914 1859 B
1939 1770 2379 1824 immortalitatis
2412 1769 2653 1839 hospitia
2680 1769 3016 1823 dividemur.
3037 1770 3159 1823 Non
3194 1786 3329 1839 ergo
3356 1769 3570 1823 ideirco

1938 1880 2232 1935 compares
2282 1862 2435 1917 vobis
2486 1869 2541 1917 et
2593 1862 2839 1933 aequales
2888 1878 3083 1916 sumus
3135 1864 3290 1933 quia,
3344 1863 3401 1915 in
3458 1863 3561 1916 isto

1938 1958 2123 2012 adhuc
2172 1958 2383 2011 mundo
2437 1961 2494 2010 et
2540 1972 2706 2011 carne
2756 1957 2861 2010 hac
2904 1956 3211 2018 constituti,
3264 1956 3459 2010 mundi
3514 1958 3571 2009 et

1937 2053 2122 2106 carnis
2175 2050 2540 2105 incommoda
2592 2050 2883 2104 vobiscum
2922 2050 3136 2120 pariter
3178 2049 3567 2104 incurrimus:

1938 2162 2089 2212 nam,
2121 2162 2249 2199 cum
2293 2145 2349 2199 in
2399 2160 2565 2198 sensu
2615 2143 2823 2198 doloris
2865 2145 2935 2197 sit
2979 2160 3145 2197 omne
3193 2144 3346 2215 quod
3378 2144 3566 2214 punit,

1940 2239 2302 2293 manifestum
2325 2244 2407 2293 est
2437 2254 2567 2292 eum
2597 2254 2710 2292 non
2735 2254 2855 2291 esse
2883 2238 3221 2309 participem
3243 2254 3424 2308 poema
3455 2243 3567 2291 tuae

1939 2350 2109 2404 quem
2131 2340 2318 2388 tecum
2357 2332 2553 2385 videas
2594 2331 2888 2403 aequaliter
2924 2332 3033 2401 (47)
3065 2347 3181 2385 non
3210 2330 3421 2386 dolere.

2008 2428 2111 2481 XX.
2144 2426 2303 2497 Viget
2348 2426 2503 2496 apud
2554 2442 2656 2479 nos
2683 2425 2802 2495 spei
2837 2424 3008 2479 robur
3039 2429 3097 2479 et
3120 2425 3359 2479 firmitas
3386 2425 3517 2480 ﬁdei
3545 2444 3564 2496 ς

1938 2521 2088 2575 inter
2118 2520 2272 2591 ipsas
2302 2518 2491 2573 saeculi
2520 2518 2763 2573 labentis
2783 2518 2977 2573 ruinas
3009 2521 3195 2573 erecta
3221 2534 3381 2573 mens
3413 2524 3498 2573 est
3514 2525 3571 2575 et

1938 2613 2247 2668 immobilis
2274 2613 2469 2681 virtus,
2512 2616 2570 2666 et
2619 2628 2912 2683 nunquam
2954 2628 3070 2667 non
3114 2612 3241 2666 laeta
3273 2612 3568 2683 patientia,

1938 2711 1995 2761 et
2020 2708 2089 2762 de
2117 2709 2227 2762 Deo
2257 2723 2358 2761 suo
2384 2722 2609 2777 semper
2635 2705 2823 2760 anima
2853 2722 3072 2769 secura,
3115 2706 3258 2760 sicut
3309 2722 3413 2776 per
3440 2723 3571 2778 pro-

1938 2802 2168 2873 phetam
2210 2800 2448 2872 Spiritus
2478 2804 2703 2855 sanctus
2732 2800 2987 2871 loquitur
3029 2803 3087 2854 et
3127 2800 3411 2869 hortatur,
3446 2801 3566 2872 spei

1936 2913 1999 2950 ac
2060 2896 2189 2950 ﬁdei
2234 2898 2445 2949 nostra:
2497 2894 2828 2949 ﬁrmitatem
2873 2894 3081 2948 caelesti
3131 2910 3262 2949 voce
3311 2895 3570 2950 corrobo-

1937 3007 2069 3045 rans
2099 3007 2111 3043 :
2145 2993 2317 3056 Ficus,
2344 2988 2545 3059 inquit,
2580 3003 2687 3042 non
2718 2989 2902 3057 afferet
2918 2989 3181 3056 fructum,
3208 2994 3259 3043 et
3279 3004 3384 3043 non
3409 2993 3573 3043 erunt

1935 3086 2216 3139 nascentia
2253 3083 2361 3153 (48)
2405 3086 2464 3136 in
2505 3084 2692 3137 vineis.
2733 3084 3030 3138 Mentietur
3074 3098 3207 3152 opus
3236 3084 3389 3138 otium
3418 3085 3485 3151 3‘,
3517 3090 3573 3138 et

1582 3211 1791 3274 Varias
1849 3210 2188 3274 lectiones.

266 3346 305 3375 ²⁴
332 3345 435 3393 Pro
460 3343 624 3393 vobis
653 3342 778 3391 Bod.
814 3344 852 3391 1.
919 3345 961 3375 ’⁵
998 3344 1061 3392 In
1095 3343 1162 3392 iis
1190 3354 1313 3405 quae
1349 3340 1484 3389 Voss.
1514 3339 1557 3387 I.
1625 3338 1666 3371 ³⁸
1697 3339 2022 3388 Incursione
2048 3337 2172 3387 Bod.
2202 3338 2247 3397 I,
2274 3338 2322 3399 2,
2352 3337 2399 3397 3,
2438 3338 2486 3386 4.
2555 3336 2596 3369 ³⁷
2629 3337 2825 3386 Nullus
2854 3336 2946 3386 hic
2986 3335 3141 3386 dolor
3172 3336 3291 3386 Bod.
3324 3337 3372 3396 3,
3395 3338 3441 3386 4.
3472 3335 3574 3386 His

213 3415 323 3463 Had.
357 3418 405 3474 1,
436 3417 487 3465 2.
558 3414 601 3447 ³⁸
631 3415 742 3464 Vos
772 3414 1023 3464 cruciant
1050 3414 1205 3462 Oxon.
1274 3413 1316 3443 ³ο
1348 3412 1501 3461 Mens
1536 3408 1751 3459 stabilis
1790 3411 1922 3459 Voss.
1950 3410 1995 3458 3.
2027 3408 2235 3458 Stabile
2276 3408 2404 3455 Vict.
2435 3407 2482 3456 3.
2553 3406 2592 3441 ³ο
2621 3406 2875 3470 Separari
2907 3407 3232 3457 humanitus
3263 3408 3395 3456 Pem.
3433 3407 3572 3466 Voss,

210 3484 250 3532 2.
320 3486 543 3537 "016$
574 3486 699 3536 Bod.
732 3488 774 3534 1.
809 3485 940 3533 Voss.
973 3486 1019 3533 1.
1052 3484 1171 3533 Thu.
1215 3485 1341 3533 Vict.
1372 3486 1526 3534 Grav.
1558 3482 1762 3535 Marcii.

1503 3612 1725 3694 Steph.
1784 3609 2029 3673 Baluzii
2074 3613 2267 3671 notas.

208 3750 386 3811 plaria,
435 3750 608 3800 etiam
661 3748 997 3798 Veronense.
1062 3748 1340 3797 Nonnulla
1383 3752 1566 3799 tamen
1620 3748 1829 3798 habent

209 3835 396 3884 regum,
434 3821 731 3870 manifesto
783 3832 980 3870 errore.
1036 3819 1230 3881 Itaque
1279 3832 1691 3883 supervacanea
1746 3824 1831 3868 est

209 3904 388 3941 eorum
417 3905 555 3942 cura
586 3892 682 3954 qui
708 3889 806 3939 has
842 3903 1036 3953 regum
1079 3891 1269 3938 ruinas
1317 3890 1564 3940 referunt
1591 3890 1659 3939 ad
1692 3894 1829 3939 tem-

211 3976 329 4024 pora
356 3965 623 4014 Deciana.
676 3962 885 4013 Similis
925 3974 1077 4011 error
1120 3961 1374 4010 sublatus
1409 3963 1542 4011 olim
1588 3978 1618 4011 a
1670 3961 1832 4011 nobis

210 4039 281 4083 est
305 4034 449 4098 apud
478 4032 837 4098 Agobardum
863 4034 919 4081 in
967 4032 1211 4095 Epistola
1260 4032 1509 4097 Gregorii
1544 4033 1618 4082 IV
1654 4045 1826 4096 papas.

211 4104 297 4155 Sic
340 4108 395 4155 in
454 4104 705 4168 Epistola
762 4104 941 4153 sancti
994 4102 1269 4153 Ambrosii
1321 4105 1392 4153 ad
1450 4104 1830 4163 Chromatium,

210 4178 376 4238 primo
404 4178 671 4239 scriptum
720 4176 825 4224 fuit
866 4176 921 4223 in
970 4175 1343 4224 vetustissimo
1394 4176 1587 4225 codice
1639 4176 1831 4225 Eccle-

210 4249 293 4297 siae
316 4247 727 4311 Lugdunensis,
771 4246 862 4294 dat
910 4246 1188 4296 consilium
1224 4247 1301 4295 rei
1355 4249 1548 4306 dicens,
1581 4246 1678 4295 sed
1721 4250 1830 4295 sta-

212 4320 303 4367 tim
328 4319 689 4369 emendatum
743 4321 827 4367 est
877 4332 1041 4381 supra
1084 4318 1288 4368 lineam
1332 4323 1386 4368 et
1428 4320 1670 4381 positum
1702 4316 1828 4379 regi.

213 4389 335 4439 Item
368 4404 468 4454 pro
498 4403 563 4439 eo
591 4388 739 4452 quod
789 4390 843 4437 in
894 4393 1046 4438 tomo
1094 4389 1165 4437 IV
1212 4390 1561 4439 Concitiorum
1605 4388 1829 4447 Labbei,

212 4474 321 4523 pag.
356 4460 471 4520 920,
513 4461 568 4509 in
603 4459 849 4523 Epistola
894 4461 1281 4523 episc0porum
1327 4460 1627 4510 Phoenicim
1670 4459 1832 4507 mari-

211 4532 351 4582 timw
376 4532 448 4581 ad
490 4532 704 4579 Leonem
747 4531 872 4594 Imp.
920 4531 1118 4593 legitur
1161 4531 1321 4593 hujus
1354 4533 1432 4579 rei
1478 4531 1677 4593 gratia,
1705 4544 1831 4593 quas

212 4606 288 4651 est
312 4616 437 4652 vera
466 4602 646 4663 lectio,
686 4601 1044 4652 vetustissimi
1090 4600 1308 4651 codices
1344 4601 1611 4651 Ecclesiae
1660 4600 1834 4649 Bello-

212 4676 459 4723 vacensis
505 4679 559 4722 et
602 4673 916 4723 monasterii
972 4672 1322 4723 Corbeiensis
1392 4671 1598 4722 habent
1669 4671 1832 4733 hujus

214 4746 314 4807 regi
341 4746 539 4807 gratia.
574 4744 714 4794 Vide
762 4746 925 4795 etiam
969 4746 1136 4795 Notas
1180 4746 1251 4793 ad
1286 4742 1651 4806 Capitularia,
1704 4756 1829 4805 pag.

215 4816 343 4877 1060,
394 4817 531 4866 1103.
584 4816 795 4865 Addam
836 4830 1060 4881 quoque
1105 4816 1210 4866 alia
1256 4816 1375 4865 loca
1423 4815 1643 4874 similia,
1675 4818 1735 4862 ut
1768 4828 1832 4863 ea

214 4889 329 4935 usui
359 4900 483 4937 esse
512 4888 723 4950 possint
748 4887 1071 4937 hominibus
1113 4887 1345 4937 eruditis
1379 4900 1508 4936 cum
1556 4888 1607 4933 in
1663 4885 1832 4934 libros

217 4958 501 5008 inciderint
560 4959 613 5006 in
668 4958 877 5021 quibus
929 4959 1097 5009 iidem
1145 4969 1358 5008 errores
1415 4958 1639 5016 fuerint,
1666 4960 1718 5004 et
1776 4957 1830 5004 in

214 5030 407 5092 quibus
439 5029 801 5080 emendandis
825 5030 1064 5080 defuerit
1111 5030 1411 5080 auctoritas
1437 5028 1703 5077 librorum
1736 5042 1833 5077 ve—

216 5107 400 5150 terum.
442 5102 499 5149 In
531 5101 775 5164 Epistola
804 5100 1089 5151 C(Blestini
1116 5114 1273 5164 papae
1304 5100 1376 5149 ad
1404 5100 1610 5148 Clerum
1646 5104 1689 5146 et
1724 5097 1831 5147 Ple-

217 5174 317 5220 bem
348 5173 443 5221 ΟΡ.
482 5187 579 5236 pro
608 5185 674 5221 eo
704 5172 853 5235 quod
889 5172 1159 5222 editiones
1206 5176 1354 5221 recte
1396 5170 1603 5219 habent
1646 5187 1672 5214 «
1703 5182 1830 5218 cum

218 5257 242 5290 a
286 5257 343 5294 se
390 5245 685 5293 commissa
740 5244 845 5293 sibi
892 5245 969 5294 rei
1016 5246 1150 5293 ratio
1192 5242 1523 5305 requiratur,
1588 5258 1612 5284 ι»
1656 5238 1830 5288 codex

216 5315 452 5364 ecclesiae
494 5314 905 5365 Bellovacensis
934 5314 1103 5364 habet
1132 5314 1261 5376 regi.
1310 5313 1372 5361 In
1415 5311 1609 5361 eodem
1642 5309 1831 5359 codice

217 5398 333 5434 cum
384 5386 614 5435 refertur
656 5387 888 5448 epistola
933 5398 1089 5448 papae
1134 5384 1324 5448 Vigilii
1365 5383 1435 5431 ad
1482 5381 1832 5431 Aurelianum

217 5458 525 5519 episcopum
574 5458 975 5516 Arelatensem,
1022 5462 1077 5503 et
1131 5455 1246 5504 illic
1290 5454 1490 5517 legitur
1531 5471 1557 5498 «
1588 5453 1832 5515 Dignum

218 5530 293 5574 est
320 5532 371 5576 et
414 5527 687 5577 catholico
712 5528 792 5576 rei
817 5528 1175 5585 conveniens,
1214 5542 1240 5572 ‹‹
1267 5538 1395 5575 cum
1432 5524 1728 5586 legendum
1761 5522 1834 5569 sit

220 5600 341 5659 regi,
371 5602 431 5647 ut
456 5600 510 5647 in
542 5598 895 5649 editionibus.
942 5598 1024 5647 Ex
1069 5597 1264 5647 eodem
1305 5598 1456 5646 fonte
1490 5594 1653 5644 ﬂuxit
1682 5592 1831 5657 quod

223 5671 271 5716 in
299 5684 507 5721 canone
546 5672 609 5719 40
642 5671 859 5721 concilii
898 5670 1209 5728 Meldensis,
1250 5668 1342 5717 ubi
1373 5668 1629 5717 laudatur
1653 5680 1831 5717 canon

223 5742 408 5802 synodi
454 5744 828 5800 Arvernensis,
874 5740 1164 5805 regiculam
1208 5741 1473 5802 scriptum
1523 5745 1607 5789 est
1649 5740 1703 5788 in
1738 5751 1830 5787 ve-

225 5814 313 5863 teri
344 5814 526 5865 codice
571 5815 977 5875 Aurelianensi,
1031 5825 1161 5864 cum
1206 5811 1503 5875 legendum
1549 5812 1617 5861 sit
1660 5811 1833 5860 reicu-

1852 5137 1908 5209 D

1934 3745 2055 3794 tam.
2090 3745 2150 3792 In
2209 3744 2388 3807 capite
2437 3745 2468 3792 8
2507 3743 2631 3791 libri
2668 3741 2944 3804 Agobardi
2993 3745 3179 3790 contra
3214 3741 3388 3803 Legem
3423 3739 3569 3790 Gun-

1932 3815 2161 3864 dobaudi
2191 3814 2476 3877 legebatur
2502 3814 2633 3861 olim
2666 3813 2901 3862 resculas
2943 3826 3042 3875 pro
3077 3812 3326 3871 reicutas,
3357 3815 3420 3859 ut
3450 3810 3565 3860 illic

1932 3886 2141 3935 monui.
2177 3886 2236 3933 In
2268 3890 2418 3934 tomo
2446 3886 2493 3933 II
2531 3882 2943 3946 Capitularium,
2982 3896 3102 3945 pag.
3146 3882 3286 3941 H26,
3332 3883 3385 3930 in
3419 3882 3561 3931 Pras-

1932 3961 2090 4020 cepto
2115 3955 2378 4006 Ludovici
2418 3957 2495 4004 Pii
2531 3957 2800 4018 scriptum
2832 3959 2917 4003 est
2940 3967 3038 4002 res:
3062 3966 3159 4016 pro
3190 3966 3290 4002 res.

1993 4026 2470 4087 (wlMussitamus.
2524 4026 2752 4075 Veteres
2797 4024 3023 4088 quidam
3070 4022 3193 4072 libri
3242 4026 3297 4072 et
3345 4026 3561 4074 veteres

1932 4096 2203 4145 editiones
2249 4095 2455 4145 habent
2497 4097 2827 4145 musitamus.
2885 4098 3066 4159 Atque
3134 4107 3235 4156 ego
3297 4094 3561 4157 putabam

1930 4169 2004 4216 ita
2034 4166 2200 4216 scribi
2235 4166 2457 4224 debere,
2518 4168 2647 4231 quia
2691 4166 2943 4228 legebam
3000 4164 3145 4228 apud
3198 4165 3512 4214 Juvencum
3547 4180 3560 4214 :

1932 4255 1961 4286 «
2018 4239 2133 4288 Nec
2189 4239 2329 4288 inter
2371 4252 2494 4289 sese
2538 4240 2823 4289 musitanti
2869 4251 3005 4288 voce
3057 4236 3396 4287 volabant.»
3452 4236 3567 4287 Sed

1932 4315 2122 4373 postea
2163 4308 2505 4371 deprehendi
2554 4310 2661 4360 hoc
2711 4310 3047 4361 vocabulum
3096 4308 3435 4357 descendere
3497 4321 3570 4358 ex

1933 4383 2101 4432 verbo
2150 4396 2403 4442 mussare,
2450 4383 2702 4445 adeoque
2760 4380 3120 4433 scribendum
3178 4395 3301 4431 esse
3351 4380 3565 4431 credidi

1932 4456 2291 4512 mussitamus,
2328 4456 2407 4503 uti
2435 4457 2699 4517 scriptum
2742 4461 2825 4505 est
2874 4457 2930 4502 in
2962 4454 3154 4503 codice
3186 4451 3565 4514 Seguieriano.

1934 4525 2072 4573 Nam
2102 4529 2156 4574 et
2193 4526 2340 4589 apud
2389 4525 2697 4585 Sidonium,
2743 4526 2837 4574 lib.
2888 4539 2963 4585 Vl,
2996 4525 3154 4587 epist.
3189 4524 3266 4582 16,
3299 4523 3568 4585 reperitur

1935 4610 2124 4646 versus
2185 4599 2288 4647 iste
2366 4597 2666 4660 sapphicus
2720 4610 2731 4644 :
2788 4614 2814 4639 «
2871 4595 3169 4644 Mussitans
3244 4605 3567 4656 quanquam

1932 4668 2135 4717 chorus
2174 4668 2563 4717 invidorum.»
2608 4667 2971 4717 Grammatici
3012 4670 3277 4727 praterea
3328 4661 3568 4712 atterunt

1933 4740 2137 4789 multas
2166 4742 2521 4789 auctoritates
2553 4753 2677 4802 quas
2714 4739 2873 4788 facile
2922 4737 3157 4801 probant
3200 4738 3275 4784 ita
3315 4734 3565 4784 scriben-

1934 4812 2067 4861 dum
2099 4824 2218 4861 esse
2254 4812 2332 4859 uti
2359 4824 2459 4875 ego
2489 4810 2703 4873 scripsi.

1995 4884 2097 4944 (t7)
2136 4883 2316 4931 Videas
2368 4874 2666 4946 aequaliter.
2706 4882 2785 4930 tta
2834 4883 3046 4930 veteres
3094 4876 3380 4927 editiones.
3438 4874 3565 4936 Quo

1933 4958 2096 5005 etiam
2152 4954 2317 5003 modo
2375 4954 2575 5017 legitur
2624 4955 2678 5000 in
2720 4965 2918 5002 novem
2967 4948 3256 5000 codicibus
3301 4948 3567 5010 antiquis,

1934 5027 2211 5075 Manutius
2264 5026 2535 5088 expunxit
2581 5022 2873 5086 wquuliter.
2932 5022 3013 5070 Ita
3066 5021 3230 5069 etiam
3286 5017 3568 5068 Morellius

1933 5102 1987 5146 et
2015 5094 2183 5146 editio
2212 5097 2529 5159 Anglicana.
2564 5095 2681 5143 Non
2727 5094 2887 5144 video
2936 5096 3120 5141 autem
3167 5104 3269 5141 cur
3321 5091 3566 5152 expungi

1933 5167 2205 5217 debuerit.
2234 5167 2379 5218 Sane
2405 5166 2624 5216 videtur
2668 5179 2791 5215 eam
2823 5176 3016 5214 vocem
3061 5176 3174 5211 non
3220 5174 3340 5212 esse
3367 5173 3567 5211 neces-

1932 5239 2149 5287 sariam.
2176 5238 2285 5288 Sed
2336 5252 2447 5289 non
2493 5243 2576 5287 est
2617 5240 2904 5301 propterea
2951 5233 3213 5284 tollenda.
3266 5232 3402 5281 Nam
3461 5230 3568 5295 Cy-

1932 5311 2157 5372 prianus
2196 5310 2334 5359 dixit
2377 5311 2542 5373 paulo
2565 5314 2693 5358 ante
2723 5324 2735 5357 :
2773 5325 2802 5356 ‹‹
2833 5307 3043 5356 Putatis
3073 5318 3175 5354 nos
3213 5303 3441 5353 adversa
3469 5316 3568 5352 vo-

1930 5383 2149 5432 biscum
2190 5382 2481 5446 aequaliter
2524 5382 2806 5444 perpeti.»
2852 5379 2921 5427 Et
2976 5390 3145 5426 mox:
3180 5392 3208 5423 «
3240 5374 3436 5425 Carnis
3482 5375 3566 5423 in-

1930 5453 2221 5504 commoda
2274 5452 2565 5502 vobiscum
2600 5453 2801 5515 pariter
2835 5449 3188 5499 incurrimus.
3219 5465 3245 5493 ››
3279 5446 3349 5495 Et
3380 5449 3566 5494 tamen

1931 5538 2042 5575 vox
2067 5524 2350 5589 aequaliter
2376 5524 2531 5573 deest
2560 5524 2684 5573 istic
2706 5525 2761 5572 in
2790 5518 3189 5584 septemdecim
3219 5518 3375 5568 libris
3406 5521 3569 5566 vete-

1934 5596 2103 5645 ribus.

1994 5668 2088 5728 (48)
2136 5668 2253 5716 Νοη
2305 5670 2460 5714 erunt
2523 5664 2815 5713 nascentia.
2876 5660 3107 5711 Veteres
3181 5658 3451 5708 editiones
3509 5660 3565 5705 et

1929 5752 2025 5788 sex
2060 5738 2182 5788 libri
2215 5740 2426 5786 veteres
2469 5735 2677 5785 habent
2723 5747 2831 5783 non
2880 5734 2980 5782 erit
3018 5732 3304 5796 generatio.
3344 5728 3564 5777 Lectio-

1929 5823 2057 5859 nem
2082 5813 2360 5873 sumptam
2391 5820 2459 5858 ex
2490 5805 2732 5857 editione
2759 5816 2885 5870 quas
2920 5802 3122 5853 dicitur
3147 5800 3353 5863 Gravii,
3395 5811 3565 5864 quam
