3978 6194
226 186 302 241 58!
1427 174 1623 239 LIBER
1665 183 1749 236 ΑΙ)
1792 176 2298 235 lltml‘lTlilANUM.

227 320 346 372 DC'IS
419 327 771 383 prmmoneus
852 312 1108 364 hortatur
1183 316 1239 363 et
1309 309 1443 362 dicit
1500 327 1511 364 :

224 414 361 464 Deum
419 412 467 460 et
510 409 653 463 viret
728 406 911 458 anima-
980 409 1159 458 vestra
1219 404 1387 473 (Psul.
1448 420 1634 469 I.vaII,
1699 404 1810 469 33).

224 504 379 556 Deum
411 500 492 553 vel
523 515 645 553 sero
676 497 1015 568 cognoscite,
1045 497 1178 568 quia
1208 497 1463 551 Christus
1506 497 1816 550 adveniens

221 599 314 651 hoc
335 595 591 649 admonet
630 601 685 647 et
726 593 890 647 docet
920 592 1115 646 dicens
1145 608 1158 645 :
1188 593 1313 645 Haec
1359 597 1438 646 est
1495 596 1672 646 autem
1702 592 1817 644 ritu

219 697 412 749 eterna,
472 693 529 740 ut
586 691 909 754 cognoscant
981 692 1028 741 te
1090 687 1261 740 solum
1314 701 1497 740 vemm
1559 688 1724 738 Deum
1767 690 1817 739 et

219 799 353 853 quem
396 783 589 835 misisti
637 782 818 834 Iesum
863 779 1133 835 Christum
1166 778 1366 848 (Joan.,
1416 795 1546 846 xvu,
1576 778 1651 847 3).
1683 779 1811 831 Cre-

218 878 313 931 dite
340 875 416 929 illi
441 874 537 944 qui
565 873 799 927 omnino
832 890 944 927 non
987 873 1162 941 fallit;
1207 872 1420 928 credite
1463 872 1540 927 illi
1571 874 1669 944 qui
1694 873 1816 927 haec

218 969 389 1025 omnia
432 969 620 1022 futura
673 966 972 1037 praedixit;
1017 965 1230 1021 credite
1276 965 1353 1020 illi
1400 965 1498 1037 qui
1542 966 1817 1021 credenti-

214 1064 302 1117 lms
338 1060 630 1134 praemium
677 1061 802 1114 vita:
844 1063 1073 1114 (eterna:
1102 1058 1297 1126 dabit;
1341 1059 1552 1114 credite
1603 1060 1682 1114 illi
1719 1060 1818 1131 qui

212 1156 495 1211 incredulis
539 1160 753 1209 interna
823 1154 1100 1226 supplicia
1155 1153 1440 1224 gehennae
1522 1154 1819 1208 ardoribus

214 1245 484 1315 irrogabit.

268 1341 429 1395 XXIV.
456 1341 595 1404 Qum
626 1344 759 1393 tunc
786 1338 894 1392 erit
930 1338 1057 1393 tidei
1087 1339 1295 1409 gloria,
1329 1355 1457 1410 quae
1491 1355 1657 1410 pcena
1684 1355 1815 1410 per-

211 1433 361 1501 fidiae,
393 1450 520 1487 cum
549 1432 748 1503 judicii
777 1432 898 1486 dies
926 1433 1183 1486 venerit?
1209 1448 1336 1503 quae
1359 1432 1551 1487 laetitia
1579 1433 1818 1486 creden-

212 1528 355 1591 tium,
405 1543 533 1598 qua:
593 1525 859 1580 maestitia
920 1525 1294 1596 perﬁdorum,
1375 1526 1619 1580 noluisse
1695 1526 1819 1580 istic

210 1620 346 1690 prius
370 1620 623 1687 credere,
653 1624 708 1675 et
738 1625 800 1673 ut
825 1619 1201 1689 credantjam
1250 1618 1433 1674 redire
1466 1636 1576 1675 non
1608 1634 1771 1691 posse
1791 1619 1820 1673 ?

3442 183 3544 240 382

1580 311 1890 404 QuaeriteA
1912 309 2113 360 sensati
2135 309 2279 363 vium
2304 307 2521 360 illorum
2561 309 2956 364 aestimabimus
2990 309 3263 363 insaniam
3309 316 3358 365 et
3384 314 3543 381 ﬁnem

1913 401 2128 454 illorum
2171 402 2288 454 sine
2333 402 2549 455 honore.
2603 400 2868 465 Quomodo
2895 405 3195 472 computati
3228 410 3354 458 sunt
3404 408 3545 460 inter

1913 495 2051 562 filios
2100 496 2217 553 Dei.
2263 499 2314 548 et
2355 495 2497 548 inter
2559 500 2767 550 sanctos
2819 511 2933 551 sors
2990 512 3169 551 eorum
3213 504 3291 552 est
3322 500 3350 551 ?
3397 500 3543 567 Ergo

1915 590 2211 642 erravimus
2239 602 2271 639 ιι
2296 589 2388 641 υἰα
2412 591 2679 651 veritatis,
2711 594 2761 642 et
2777 590 3011 656 justitiae
3040 592 3216 645 lumen
3264 607 3371 646 non
3400 593 3544 646 lusit

1915 681 2087 747 nobis,
2111 687 2161 735 et
2204 682 2283 735 sol
2330 698 2438 735 non
2480 688 2630 736 ortus
2671 688 2749 736 est
2802 684 2974 737 nobis.
3022 687 3239 739 Lassuti
3271 700 3457 739 sumus
3486 702 3545 739 in

1916 777 2227 844 iniquitatis
2256 778 2343 829 via
2371 781 2421 829 et
2443 776 2785 845 perditionis,
2814 777 3211 833 umbulavimus
3225 779 3273 812 ‘3
3294 780 3547 833 solitudi-

1918 883 2007 922 nes
2036 869 2304 937 difﬁciles,
2332 871 2478 923 viam
2502 874 2686 925 autem
2713 870 2946 925 Domini.
2977 872 3362 937 ignoravimus.
3405 871 3547 938 Quid

1918 962 2070 1016 nobis
2095 964 2307 1032 profuit
2349 963 2624 1033 superbia,
2656 969 2753 1018 aut
2795 963 2932 1032 quid
2965 964 3287 1019 divitiarum
3312 965 3546 1033 jactatio

1917 1058 2145 1110 contulit
2170 1057 2365 1110 nobis?
2395 1060 2757 1112 Transierunt
2788 1060 2971 1112 omnia
3000 1058 3102 1110 illa.
3130 1063 3398 1126 tanquam
3426 1074 3545 1112 um-

1922 1149 2020 1203 bra
2046 1149 2218 1219 (Sap.,
2250 1165 2301 1216 v,
2335 1152 2469 1220 1-9).
2502 1149 2618 1204 Erit
2645 1156 2780 1204 tunc
2807 1150 2928 1204 sine
2977 1150 3163 1205 fructu
3201 1150 3550 1222 pmnitentize

1919 1242 2085 1298 dolor
2108 1259 2306 1314 poenio,
2344 1243 2526 1298 inanis
2554 1243 2792 1315 ploratio
2826 1246 2885 1298 et
2917 1243 3173 1299 inefﬁcax
3204 1244 3548 1315 deprecatio.

1923 1337 1979 1390 ln
2032 1339 2305 1391 aeternam
2359 1352 2589 1407 pcenam
2638 1354 2765 1392 sero
2819 1338 3057 1394 credent
3110 1338 3208 1409 qui
3267 1338 3323 1392 in
3374 1341 3549 1393 vitam

1921 1433 2194 1485 aeternam
2227 1431 2457 1485 credere
2485 1430 2815 1485 noluerunt.
3227 1439 3230 1442 ’

1992 1621 2136 1674 XXV.
2186 1619 2488 1674 Securitati
2530 1620 2701 1691 igitur
2743 1627 2797 1675 et
2841 1621 2990 1689 vitae,
3019 1621 3153 1676 dum
3182 1621 3330 1691 licet,
3362 1621 3552 1694 provi-

208 1711 1081 1785 Crcmabitaddictoswl)562
1094 1714 1298 1767 ardens
1312 1730 1539 1784 semper
1554 1689 1821 1784 gehenna
1844 1689 1897 1760 Β
1920 1714 2072 1768 dete.
2101 1713 2409 1768 Olferimus
2438 1689 2593 1769 vobis
2622 1714 2799 1769 animi
2826 1722 2880 1769 et
2925 1715 3144 1770 consilii
3190 1689 3545 1772 nostrisalu-

209 1814 253 1863 et
279 1808 555 1862 vivacibus
587 1806 833 1861 ﬂammis
859 1822 1029 1861 vorax
1060 1822 1221 1877 paena
1244 1808 1325 1875 “;
1381 1823 1485 1861 nec
1523 1807 1632 1861 erit
1672 1806 1822 1863 unde

208 1902 396 1955 habere
448 1903 735 1956 tormenta
779 1899 862 1955 vel
921 1899 1180 1972 requiem
1240 1900 1458 1970 possint
1511 1901 1820 1971 aliquando

208 1995 282 2048 vel
320 1995 488 2049 ﬁnem
552 1993 942 2049 Servabantur
980 2009 1110 2048 cum
1170 1993 1502 2065 corporibus
1539 1992 1651 2065 (52)
1709 1993 1823 2048 suis

209 2091 399 2144 animae
428 2089 671 2143 inﬁnitis
698 2087 1044 2143 cruciatibus
1063 2089 1131 2142 ad
1161 2087 1438 2143 dolorem.
1467 2087 1824 2158 Spectabitur

212 2183 307 2238 illic
330 2200 361 2237 ει
391 2182 555 2238 nobis
598 2199 821 2253 semper
851 2182 946 2254 qui
994 2182 1086 2236 hic
1127 2198 1231 2236 nos
1274 2182 1541 2253 spectavit
1578 2182 1651 2237 ad
1678 2188 1826 2238 tem-

211 2295 320 2348 pus,
352 2281 405 2333 et
441 2278 501 2333 in
552 2276 1041 2349 persecutionibus
1080 2275 1246 2331 factis
1291 2276 1587 2332 oculorum
1626 2277 1823 2332 crude-

213 2371 336 2425 lium
376 2371 567 2426 brevis
624 2372 838 2426 fructus
892 2377 1168 2442 perpetua
1222 2371 1432 2426 visione
1474 2371 1822 2443 pensabitur,

211 2466 505 2521 secundum
543 2467 847 2537 Scriptura:
892 2469 1102 2520 sancta:
1144 2466 1314 2520 ﬁdem
1360 2464 1636 2519 dicentis:
1691 2467 1823 2520 Ver-

210 2563 296 2614 mis
318 2577 497 2614 eorum
550 2575 658 2614 non
693 2562 971 2624 morietur,
1018 2565 1068 2614 et
1097 2562 1242 2627 ignis
1268 2576 1448 2615 eorum
1497 2576 1600 2615 non
1628 2562 1828 2615 exstin-

211 2661 419 2721 guetur;
482 2661 536 2709 et
591 2660 749 2707 erunt
814 2654 889 2707 ad
955 2656 1210 2710 risionem
1289 2656 1548 2710 universe
1602 2657 1758 2709 carni
1778 2654 1825 2689 ‘5

215 2748 348 2815 (lsa.,
392 2764 539 2814 LXVI,
572 2746 682 2817 24).
732 2747 800 2800 Et
840 2748 1051 2801 iterum
1107 2764 1121 2801 :
1175 2750 1323 2804 Tunc
1346 2748 1571 2805 stabunt
1601 2748 1745 2817 justi
1767 2750 1827 2802 in

211 2857 393 2908 magna
444 2846 754 2897 constantia
796 2842 1055 2897 adversus
1099 2858 1183 2897 eos
1230 2844 1327 2912 qui
1370 2858 1424 2898 se
1473 2844 1824 2911 ungustiuve-

212 2942 329 2989 runt
376 2942 427 2990 et
487 2939 590 3006 qui
636 2938 977 2992 abstulerunt
1033 2936 1239 2991 labores
1294 2952 1498 2991 eorum.
1574 2936 1829 2992 Videntes

1923 1814 2041 1861 tare
2068 1822 2293 1862 munus.
2324 1808 2392 1860 Et
2435 1808 2571 1878 quia
2613 1809 2796 1863 odisse
2838 1824 2951 1862 non
3000 1809 3132 1863 licet
3177 1808 3362 1876 nobis,
3395 1813 3453 1864 et
3469 1810 3549 1864 sic

1924 1901 2037 1955 Deo
2064 1900 2191 1972 plus
2222 1901 2511 1971 placemus
2551 1901 2685 1956 dum
2730 1901 2945 1956 nullam
2976 1918 3082 1974 pro
3128 1901 3336 1973 injuria
3370 1902 3546 1958 vicem

1923 1994 2236 2062 reddimus,
2296 1994 2613 2063 hortamur,
2668 1996 2808 2051 dum
2862 1995 3101 2050 facultas
3151 1995 3334 2064 adest,
3412 1996 3547 2051 dum

1925 2087 2111 2142 adhuc
2144 2088 2360 2160 aliquid
2402 2091 2471 2144 de
2510 2089 2716 2144 saeculo
2754 2095 3031 2161 superest,
3082 2091 3193 2145 Deo
3229 2089 3549 2146 satisfacere

1926 2188 1982 2236 et
2006 2182 2077 2236 ad
2109 2198 2256 2237 verse
2291 2182 2579 2254 religionis
2623 2183 2928 2239 candidam
2969 2183 3153 2239 lucem
3194 2185 3266 2238 de
3312 2184 3546 2254 profun-

1925 2277 1995 2330 do
2050 2275 2156 2346 (55)
2219 2277 2535 2332 tenebrosae
2587 2277 3005 2349 superstitionis
3053 2293 3370 2349 emergere.
3432 2279 3551 2333 Non

1925 2370 2244 2425 invidemus
2295 2371 2610 2426 commodis
2657 2371 2875 2438 vestris,
2919 2388 3023 2426 nec
3064 2371 3336 2426 beneﬁcia
3367 2372 3559 2427 divina

1926 2466 2191 2519 celamus.
2246 2463 2400 2518 Odiis
2453 2464 2649 2520 vestris
2702 2465 2811 2537 (56)
2866 2465 3321 2521 benevolentiam
3370 2465 3555 2520 reddi-

1926 2575 2074 2624 mus,
2107 2565 2161 2612 et
2192 2576 2291 2629 pro
2323 2559 2625 2613 tormentis
2650 2575 2715 2613 ac
2740 2558 3031 2630 suppliciis
3061 2575 3187 2630 qua
3222 2559 3384 2614 nobis
3410 2560 3554 2614 infe-

1928 2657 2129 2708 rentur
2146 2651 2547 2726 salutis
2562 2653 2766 2707 itinera
2789 2659 3167 2709 monstramus
3181 2653 3313 2725 (57).
3329 2653 3556 2711 Credite

1928 2752 1983 2802 et
2011 2747 2214 2813 vivite;
2245 2751 2304 2801 et
2347 2747 2445 2819 qui
2500 2763 2605 2802 nos
2657 2745 2730 2801 ad
2770 2750 2995 2819 tempus
3032 2748 3461 2819 persequimini,
3495 2748 3558 2804 in

1928 2844 2205 2895 aeternum
2232 2841 2479 2912 gaudete
2518 2840 2839 2896 nobiscum.
2885 2842 3123 2905 Quando
3170 2841 3335 2896 istinc
3370 2858 3559 2897 exces-

1928 2950 2057 2990 sum
2083 2936 2131 2970 ⁴⁹
2171 2935 2363 3002 fuerit,
2400 2936 2616 2989 nullum
2651 2935 2771 3005 jam
2824 2935 3169 3007 paenitentiae
3242 2936 3394 2990 locus
3449 2940 3556 3007 est,

210 3029 567 3085 turbabuntur
590 3031 777 3084 timore
805 3031 1077 3091 horribili,
1125 3036 1179 3084 et
1215 3030 1565 3084 mirabuntur
1592 3031 1649 3083 in
1676 3029 1824 3083 subi-
1849 3055 1904 3130 Ο
1931 3028 2120 3083 nullus
2148 3028 2551 3083 satisfactionis
2583 3028 2835 3084 effectus.
2868 3029 2963 3083 Hic
2988 3029 3102 3084 vita
3139 3031 3241 3084 aut
3277 3029 3560 3084 amittitur

216 3126 399 3177 latione
450 3123 570 3195 (53)
630 3125 913 3193 inspirata:
956 3124 1172 3187 salutis,
1242 3124 1477 3178 dicentes
1540 3125 1683 3178 inter
1753 3137 1827 3189 se,

209 3219 575 3284 penitentiam
604 3217 853 3271 habentes
902 3218 1008 3288 (δί)
1058 3224 1108 3273 et
1135 3235 1251 3288 pm
1289 3220 1540 3286 angustia
1562 3218 1610 3251 ⁴⁶
1662 3219 1829 3286 spiri-

214 3314 287 3363 tus
318 3316 623 3379 gementes:
652 3313 723 3367 Hi
759 3317 882 3367 sunt
922 3327 1054 3381 quos
1099 3312 1383 3366 habuimus
1427 3311 1726 3381 aliquando
1771 3312 1830 3365 in

211 3403 490 3459 derisum"
541 3409 593 3459 et
629 3407 690 3458 in
736 3406 1147 3460 similitudinem
1193 3406 1524 3476 improPcrii.
1580 3405 1689 3462 Nos
1736 3406 1823 3459 in.

1930 3125 2031 3177 aut
2057 3128 2318 3192 tenetur;
2350 3122 2441 3176 hic
2471 3122 2643 3177 saluti
2684 3127 2913 3178 interna:
2954 3123 3106 3178 cultu
3157 3124 3258 3178 Dei
3285 3128 3342 3178 et
3370 3124 3561 3179 fructu

1930 3217 2065 3271 fidei
2094 3217 2439 3287 providetur.
2478 3217 2591 3271 Nec
2631 3217 2931 3289 quisquam
2975 3224 3074 3272 aut
3121 3218 3361 3287 peccatis
3384 3224 3563 3272 retar-

1928 3312 2095 3365 detur
2142 3318 2239 3365 aut
2295 3311 2461 3365 annis
2500 3312 2808 3382 quominus
2854 3312 3043 3366 veniat
3092 3310 3165 3366 ad
3204 3328 3558 3382 consequen-

1931 3405 2059 3460 dam
2107 3406 2346 3461 salutem
2377 3405 2470 3460 :in
2513 3406 2619 3460 isto
2651 3405 2836 3461 adhuc
2888 3405 3104 3460 mundo
3153 3407 3411 3461 manenti
3442 3423 3560 3477 pce-

1568 3612 1779 3678 Variae
1834 3614 2173 3681 lectiones.

264 3782 306 3814 ⁴⁴
340 3781 511 3832 Poma
541 3779 800 3844 decerpet
839 3780 956 3829 Voss
1006 3782 1049 3829 1.
1118 3781 1160 3814 ⁴⁵
1185 3780 1379 3831 Carnis
1406 3783 1541 3831 Pam.
1578 3781 1713 3833 Voss.
1748 3782 1794 3833 2.
1861 3784 1905 3817 ⁴⁶
1935 3784 2036 3835 Per
2064 3785 2373 3848 angustiam
2405 3785 2543 3834 Lam.
2582 3784 2688 3833 Ver.
2756 3779 2797 3816 ⁴⁷
2825 3783 2885 3833 In
2918 3780 3105 3834 derisu
3131 3786 3220 3834 Ar.
3249 3784 3386 3835 Lam.
3440 3784 3568 3838 Vict.

221 3851 319 3899 Vat.
348 3852 405 3901 In
437 3853 558 3901 risu
584 3851 780 3900 Manut.
850 3850 892 3883 ⁴⁸
925 3852 993 3901 Et
1018 3851 1431 3902 ambulavimus
1457 3852 1599 3903 Lam.
1635 3852 1789 3903 Ebor.
1825 3855 1945 3904 Bod.
1986 3857 2029 3916 l,
2050 3854 2099 3916 2,
2126 3857 2173 3915 3,
2210 3855 2256 3904 4.
2325 3856 2344 3886 ⁴
2395 3855 2692 3906 Recessum
2721 3855 2840 3904 Bod.
2877 3857 2921 3918 l,
2948 3856 2995 3917 Ω,
3027 3856 3075 3918 3,
3102 3857 3149 3906 4.
3196 3856 3304 3906 Ver.

1512 4017 1734 4101 Steph.
1782 4018 2023 4084 Baluzii
2073 4024 2272 4082 notae.

268 4162 654 4224 (5|)Addictos.
715 4161 776 4212 Id
832 4166 915 4212 est
963 4161 1261 4226 judicatos,
1314 4164 1621 4215 damnatos.
1677 4165 1837 4229 Apud

215 4232 486 4297 Optatum,
560 4235 655 4285 lib.
708 4247 745 4297 I,
819 4235 1072 4286 addictus
1149 4235 1422 4299 signiﬁcat
1501 4238 1835 4301 subjectum,

214 4308 512 4370 subditum,
539 4311 685 4360 sicut
724 4309 980 4360 addictus
1024 4310 1201 4373 glebae
1245 4311 1300 4359 in
1336 4312 1460 4373 jure
1497 4312 1665 4361 civili.
1706 4311 1837 4361 Utar

213 4388 387 4434 autem
415 4385 529 4435 hac
567 4387 862 4436 occasione
909 4389 970 4434 ut
1012 4398 1269 4434 moneam
1307 4384 1480 4435 videri
1525 4385 1660 4435 mihi
1685 4387 1832 4450 opti—

1934 4164 2120 4287 élsuctu
2151 4165 2382 4229 contigit
2411 4167 2739 4217 animorum.
2768 4184 2796 4211 »
2822 4163 2963 4218 Vide
2988 4171 3147 4217 notas
3184 4164 3250 4217 ad
3281 4163 3571 4231 epistolam

1996 4311 2092 4374 (δι)
2120 4310 2483 4360 Paenitentiam
2528 4309 2792 4360 habentes.
2831 4311 2909 4361 Ita
2958 4311 3311 4375 reposuimus
3354 4324 3454 4375 pro
3506 4322 3574 4361 eo

1936 4382 2084 4446 quod
2130 4383 2185 4432 in
2233 4383 2472 4445 vulgatis
2518 4381 2862 4432 editionibus
2903 4381 3142 4433 habetur
3187 4388 3420 4447 agentes,
3445 4382 3579 4446 quia

213 4465 349 4503 mam
395 4455 842 4507 emendationem
895 4456 1068 4505 fuisse
1133 4459 1393 4507 tentatum
1447 4471 1478 4506 a
1534 4442 2007 4514 GuillelmoDita
2036 4442 2359 4504 invenimus
2408 4453 2682 4517 scriptum
2719 4455 2773 4502 in
2816 4453 3137 4517 quindecim
3184 4442 3341 4503 libris
3375 4442 3577 4503 nostris

218 4522 485 4590 Fomerio,
536 4528 630 4577 lib.
666 4539 763 4586 vn,
815 4528 1064 4590 Epistola
1110 4527 1306 4577 ultima
1355 4528 1691 4588 Cassiodori,
1739 4529 1835 4579 ubi

217 4595 576 4662 Mariangelus
618 4600 922 4649 Accursius
958 4598 1133 4649 edidit
1196 4614 1208 4647 :
1264 4618 1290 4649 α
1334 4600 1453 4650 Non
1503 4600 1612 4651 dici
1657 4604 1839 4664 potest

216 4670 487 4732 proprium
561 4668 712 4733 quod
782 4669 1016 4720 liberare
1071 4670 1359 4720 dominum
1436 4685 1546 4721 non
1621 4672 1839 4722 videtur

217 4739 497 4802 additum;
528 4758 556 4789 θ
591 4755 689 4804 pro
732 4754 844 4806 quo
891 4741 1189 4792 Fornerius
1237 4744 1476 4806 conjecit
1518 4743 1839 4807 ponendum

219 4823 329 4861 esse
371 4814 665 4873 addictum,
712 4825 946 4870 monens
989 4814 1208 4864 interim
1253 4826 1311 4865 se
1362 4814 1558 4878 legisse
1586 4816 1642 4864 in
1670 4815 1840 4865 veteri

220 4884 585 4948 manuscript»
659 4900 693 4933 (ι
745 4884 934 4934 debito.
993 4884 1322 4950 Conjectura
1389 4885 1635 4937 Fornerii
1707 4886 1841 4937 hinc

218 4950 353 5003 bona
387 4957 749 5006 essecenseri
799 4961 979 5019 potest
1025 4958 1174 5022 quod
1222 4956 1368 5007 bona
1420 4957 1683 5007 debitoris
1737 4957 1841 5007 ad—

221 5023 357 5073 dicta
412 5032 544 5076 sunt
574 5026 852 5087 creditori,
884 5027 1137 5091 adeoque
1186 5032 1351 5079 etiam
1411 5029 1529 5092 ipse
1606 5028 1839 5079 debitor.

279 5097 368 5158 (52)
398 5098 764 5147 Servabantur
808 5112 922 5147 cum
964 5099 1291 5163 corporibus.
1341 5099 1480 5150 Vide
1510 5105 1670 5150 notas
1713 5114 1842 5150 nos-

223 5170 326 5217 tras
350 5169 418 5218 ad
446 5171 652 5220 librum
679 5183 735 5220 III
765 5170 1010 5221 Salvium
1040 5172 1103 5221 de
1131 5171 1523 5222 Gubernatione
1554 5172 1662 5221 Dei.

279 5240 378 5302 (53)
404 5241 747 5292 Subitatione.
804 5242 898 5292 Sic
933 5245 1098 5293 etiam
1136 5244 1193 5292 in
1246 5243 1440 5293 eodem
1486 5245 1667 5308 capite
1711 5243 1843 5308 Epi-

223 5311 370 5361 stolas
415 5312 489 5361 ad
537 5312 908 5363 Fortunatam.
963 5315 1190 5364 Pontius
1239 5314 1508 5365 diaconus
1576 5318 1633 5364 in
1717 5315 1845 5365 Vita

223 5384 388 5431 sancti
432 5383 698 5448 Cypriani
742 5400 753 5433 :
810 5401 839 5431 «
897 5385 1253 5436 Proconsulis
1304 5388 1463 5450 jussu
1525 5387 1593 5436 ad
1659 5386 1847 5437 hostes

225 5453 335 5512 ejus
377 5465 507 5502 cum
556 5455 829 5505 militibus
868 5457 985 5507 suis
1042 5458 1302 5521 princeps
1354 5463 1582 5520 repente
1633 5456 1847 5507 subita-

226 5524 314 5570 τίν.
346 5543 373 5569 »
402 5527 469 5574 A.
501 5525 731 5589 Gellius,
777 5527 871 5577 lib.
923 5540 1003 5588 Ix,
1046 5542 1166 5591 cap.
1219 5531 1294 5590 15,
1344 5528 1483 5578 dixit
1521 5528 1847 5579 subitarium

226 5592 535 5645 dictionem.
594 5599 720 5661 Quo
771 5601 940 5649 verbo
988 5612 1122 5648 usus
1171 5605 1255 5650 est
1302 5602 1463 5649 etiam
1516 5600 1579 5649 Τ.
1638 5601 1845 5652 Livius.

231 5663 469 5729 Boetius,
511 5670 598 5719 Lb.
636 5683 687 5731 II,
740 5674 801 5721 de
858 5670 1230 5721 Ceusolutione
1278 5672 1707 5736 philosophiae:«
1740 5671 1846 5721 Ve—

229 5752 345 5793 rum
375 5746 554 5796 omnis
581 5750 765 5799 subim
816 5751 1050 5800 mutatio
1079 5763 1264 5800 rerum
1316 5763 1425 5799 non
1467 5750 1585 5799 sine
1609 5748 1850 5815 quodam

1938 4530 1990 4577 et
2021 4528 2075 4575 in
2106 4530 2348 4589 quatuor
2380 4525 2722 4588 Anglicanis.
2767 4526 2901 4575 Vide
2937 4525 3244 4589 Epistolem
3288 4527 3358 4575 ad
3393 4526 3576 4574 Fortu-

1938 4604 2141 4661 natam,
2165 4598 2234 4649 de
2265 4598 2671 4648 Exhertatione
2701 4599 2970 4661 martyrii,
3006 4611 3137 4660 cap.
3167 4598 3276 4647 ιλιι

2003 4672 2096 4730 (55)
2129 4671 2200 4719 De
2222 4669 2513 4734 profundo.
2543 4668 2785 4720 Coactus
2814 4682 2939 4718 sum
2982 4670 3055 4719 ita
3088 4668 3331 4719 scribere
3356 4669 3579 4732 propter

1940 4743 2320 4792 auctoritatem
2381 4745 2633 4792 veterum
2679 4739 3005 4791 editionum.
3062 4739 3340 4790 Pamelius
3392 4740 3578 4802 posuit

1941 4829 1969 4859 ‹‹
2005 4811 2073 4860 de
2103 4810 2376 4875 profunda
2430 4814 2485 4861 et
2546 4808 2838 4861 tenebrosa
2881 4814 3044 4862 nocte
3094 4811 3576 4874 superstitionis,»

1943 4888 2070 4950 quia
2156 4884 2377 4935 videbat
2437 4883 2745 4935 Morellium
2819 4886 3102 4936 monuisse
3169 4888 3456 4937 vetustum
3512 4884 3579 4938 li-

1944 4962 2103 5010 brum
2161 4962 2231 5009 ita
2283 4959 2507 5010 habere.
2563 4963 2635 5011 At
2691 4960 2974 5011 Morellius
3029 4974 3141 5011 non
3192 4961 3378 5025 posuit
3433 4960 3580 5012 hanc

1944 5033 2238 5083 lectionem
2267 5032 2323 5080 in
2351 5030 2595 5083 editione
2621 5045 2742 5092 sua,
2772 5032 2870 5083 sed
2919 5046 3040 5083 eam
3085 5046 3254 5097 quam
3284 5045 3387 5098 ego
3422 5045 3583 5082 revo-

1945 5106 2084 5156 cavi.
2146 5105 2461 5154 Lectionem
2516 5104 2742 5155 Pamelii
2787 5118 2898 5154 non
2942 5106 3121 5167 reperi
3171 5104 3277 5153 nisi
3312 5106 3368 5152 in
3406 5104 3583 5155 tribus

1948 5176 2118 5227 libris.

2006 5248 2108 5311 (56)
2167 5248 2312 5298 Odiis
2365 5250 2546 5299 vestris
2627 5250 2858 5314 Prosper
2905 5250 2962 5298 in
3012 5249 3165 5300 calce
3217 5247 3343 5298 libri
3392 5251 3585 5299 contra

1948 5321 2280 5371 Collatorem
2325 5335 2336 5369 :
2397 5340 2424 5366 α
2458 5321 2629 5372 Nobis
2678 5322 2795 5372 Deo
2847 5319 3146 5382 adjuvante
3201 5318 3264 5368 sit
3338 5318 3584 5368 studium

1948 5394 2137 5458 quieta
2209 5391 2572 5456 modesteque
2649 5392 2911 5456 patientia
3011 5391 3155 5442 odiis
3230 5390 3583 5440 dilectionem

1949 5463 2199 5515 reddere.
2234 5482 2262 5509 υ

2013 5536 2106 5596 I57)
2160 5533 2365 5585 Salutis
2415 5535 2610 5583 itinera
2672 5536 3048 5583 monstramus.
3101 5534 3477 5596 Hieronymus
3528 5529 3588 5579 in

1950 5606 2199 5670 Epistola
2231 5606 2301 5655 ad
2339 5606 2735 5656 Pammachium
2765 5604 3030 5656 adversus
3074 5605 3346 5655 Joannem
3383 5604 3587 5652 Hiero—

1950 5678 2347 5741 solymitnnum
2377 5694 2387 5726 ;
2413 5694 2441 5724 ‹‹
2469 5673 2990 5739 Blaspbemantibus
3018 5675 3197 5725 Deum
3243 5673 3583 5725 clementem

1952 5749 2290 5816 porrigimus
2320 5760 2567 5801 manum.
2591 5762 2620 5798 ››
