3990 6202
483 284 582 341 583

1370 273 1428 333 S.
1471 279 1775 334 CYPRIANI
1819 275 2093 342 ΟΡΕΗΙῙΜ
2139 275 2305 330 PARS
2348 275 2405 329 ll.
2451 305 2516 312 -
2555 269 2920 329 Ol‘USCULA.
3712 272 3802 326 2381i

484 407 723 463 nitentia
749 405 900 459 nulla
935 419 1054 458 sera
1083 401 1190 472 (58)
1231 407 1350 467 est;
1389 403 1549 471 patet
1590 401 1658 454 ad
1688 399 2110 470 indulgentiam
2134 410 2189 481 Α
2213 397 2362 452 Patri
2400 395 2735 450 viviticando
2783 393 3081 449 mortalem
3134 392 3549 463 regeneratione
3593 395 3803 449 ccelesti.

486 503 584 555 Dei
637 499 840 566 aditus,
898 501 954 552 et
1005 495 1390 567 quaerentibus
1442 499 1612 566 atque
1667 493 2112 564 intelligentibus

485 595 777 649 veritatem
819 591 998 646 facilis
1033 605 1286 644 accessus
1337 593 1438 642 est.
1489 589 1590 654 Tu,
1641 587 1743 640 sub
1804 589 1923 658 ipso
1983 587 2116 640 licet

483 688 634 742 exitu
669 692 725 740 et
756 685 884 740 vitae
913 683 1249 754 temporalis
1288 699 1509 750 occasu,
1551 697 1652 752 pro
1686 681 1908 735 delictis
1948 696 2114 749 roges

488 787 543 835 et
570 783 774 846 Deum,
801 779 898 850 qui
927 795 1074 832 unus
1099 781 1155 831 et
1173 792 1338 830 verus
1365 779 1468 842 est,
1511 775 1865 829 confessione
1904 777 1961 826 et
2007 773 2114 827 ﬁde

486 873 798 945 agnitionis
850 873 972 944 ejus
1027 871 1314 941 implores,
1369 868 1530 922 venia
1583 866 1872 922 conﬁtenti
1929 866 2113 932 datur,

484 973 542 1022 et
567 967 818 1022 credenti
865 964 1218 1034 indulgentia
1257 963 1518 1017 salutaris
1566 962 1632 1015 de
1675 960 1868 1014 divina
1897 961 2112 1029 pietate

484 1061 831 1126 conceditur,
878 1062 934 1114 et
985 1059 1053 1112 ad
1094 1056 1584 1111 immortalitatem
1629 1055 1730 1108 sub
1773 1054 1888 1124 ipsa
1932 1057 2114 1107 morte

484 1155 778 1210 transitur.
825 1156 974 1208 llanc
1020 1150 1211 1224 564
1255 1151 1499 1222 gratiam
1544 1148 1796 1205 Christus
1843 1145 2112 1217 impertit,

487 1255 593 1308 hoc
646 1265 852 1302 munus
897 1244 1294 1300 misericordiae
1361 1259 1477 1297 suae
1525 1242 1737 1306 tribuit,
1795 1239 2116 1310 subigendo

491 1351 738 1401 mortem
806 1340 1058 1411 trophaeo
1129 1337 1328 1403 crucis,
1379 1336 1720 1391 redimendo
1785 1333 2116 1387 credentem

487 1440 672 1512 pretio
711 1433 999 1506 sanguinis
1043 1432 1148 1494 sui,
1189 1429 1603 1485 reconciliando
1653 1428 1951 1482 hominem
2006 1427 2114 1481 Deo

2216 493 2391 555 llunc,
2448 491 2493 542 si
2544 490 2664 542 tieri
2735 493 2937 559 potest,
3017 502 3321 558 sequamur
3367 503 3577 553 omnes,
3655 487 3807 556 hujus

2213 586 2570 636 sacramento
2620 585 2675 636 et
2724 583 2887 652 signo
2930 597 3283 635 censeamur.
3333 579 3428 633 Hic
3479 579 3630 633 nobis
3675 581 3810 634 viam

2213 677 2342 730 vitae.
2369 676 2573 748 aperit,
2607 676 2694 729 hic
2727 676 2796 729 ad
2839 674 3172 746 paradisum
3204 673 3437 729 reduces
3463 673 3610 739 facit,
3640 673 3720 726 hic
3749 674 3809 727 ad

2215 770 2484 824 caelorum
2523 786 2700 840 regna
2744 769 3026 840 perducit.
3072 771 3211 824 Cum
3261 767 3380 837 ipso
3419 783 3638 837 semper
3678 768 3809 820 vive-

2217 881 2362 929 mus,
2393 863 2524 917 facti
2557 880 2654 934 per
2703 863 2888 933 ipsum
2944 862 3041 915 filii
3091 861 3223 927 Dei;
3274 877 3402 914 cum
3455 861 3570 930 ipso
3609 876 3812 929 semper

2217 956 2645 1025 exsultabimus,
2676 955 2854 1027 ipsius
2880 972 3080 1010 cruore
3110 954 3377 1024 reparati.
3403 953 3616 1009 Erimus
3644 954 3810 1008 Chris-

2215 1051 2358 1105 tiani
2409 1067 2539 1104 cum
2591 1050 2813 1104 Christo
2860 1050 3026 1103 simul
3073 1048 3330 1119 gloriosi,
3383 1048 3451 1102 de
3506 1047 3617 1101 Deo
3672 1049 3812 1101 Patre

2215 1143 2388 1210 beati,
2417 1144 2485 1198 de
2528 1146 2809 1216 perpetua
2848 1144 3134 1213 voluptate
3175 1142 3428 1195 laetantes
3469 1157 3700 1210 semper.
3723 1143 3813 1195 Ne-

2217 1253 2326 1308 que
2358 1237 2510 1292 enim
2558 1237 2769 1307 poterit
2815 1236 2919 1290 nisi
2964 1237 3126 1289 laetus
3171 1252 3292 1288 esse
3349 1251 3570 1305 semper
3616 1239 3667 1288 et
3703 1251 3813 1304 gra-

2219 1337 2307 1385 tus
2336 1332 2405 1397 5°,
2464 1330 2581 1401 qui,
2650 1347 2777 1383 eum
2836 1329 3003 1384 morti
3056 1329 3258 1383 fuisset
3317 1328 3608 1393 obnoxius,
3659 1328 3816 1382 factus

2218 1431 2300 1478 est
2329 1425 2439 1495 (59)
2469 1424 2955 1478 immortalitate“
2998 1439 3247 1477 securus.

1862 1553 2070 1617 Variae
2122 1552 2462 1616 lectiones.

553 1680 591 1710 5"
622 1679 806 1728 Laetus
836 1680 888 1727 et
918 1680 1106 1741 gratus
1140 1675 1258 1723 Thu.
1331 1677 1370 1707 5'
1393 1673 1596 1722 Factus
1623 1675 1704 1721 est
1726 1671 1793 1721 de
1829 1669 2245 1719 immortalitate
2271 1671 2424 1717 Oxon.

1790 1769 2010 1850 Steph.
2059 1767 2303 1831 Baluzii
2349 1771 2542 1829 notae.

550 1885 646 1942 (58)
676 1882 986 1955 Pwnitentia
1020 1880 1176 1955 nulla
1200 1879 1741 1955 sera._Hieron_5:mns
1790 1879 1845 1926 in
1874 1876 2118 1938 Epistola
2144 1885 2197 1955 Β
2224 1875 2278 1924 in
2303 1873 2662 1955 responsione
2693 1871 3144 1955 ad_Relationem
3190 1869 3514 1955 Symmachi
3549 1882 3560 1914 :
3589 1885 3614 1910 α
3641 1867 3824 1955 Verum

489 1956 559 2004 ad
590 1956 781 2003 Lmtam
809 1953 875 2002 de
922 1953 1275 2001 Institutione
1306 1951 1434 2000 filia:
1464 1967 1473 1998 :
1511 1968 1540 1994 «
1567 1951 1863 2013 Nunquam
1893 1953 1975 1997 est
2000 1961 2120 1996 sera

491 2027 802 2077 conversio.
858 2042 884 2067 »
920 2025 1163 2072 Joannes
1205 2022 1658 2079 Saresberiensis,
1707 2021 1802 2069 lib.
1853 2032 1928 2069 vn
1981 2018 2119 2067 Poli-

489 2097 692 2155 cratici,
733 2108 853 2157 cap.
891 2095 945 2142 ‘21
987 2109 997 2141 :
1025 2111 1052 2138 «
1081 2093 1408 2144 Paenitentia
1440 2104 1662 2155 quoque
1684 2103 1972 2153 nunquam
2000 2101 2120 2138 sera

491 2175 591 2229 est,
617 2170 664 2217 si
705 2172 888 2217 tamen
943 2179 1086 2214 vera.
1117 2183 1144 2210 »
1194 2164 1408 2215 Seneca
1448 2167 1860 2227 Agamemnone
1890 2177 1899 2208 :
1933 2179 1960 2206 «
1987 2161 2119 2211 Sera

489 2252 777 2304 nunquam
833 2241 914 2286 est
977 2237 1046 2284 ad
1108 2236 1282 2285 bonos
1322 2249 1504 2285 mores
1545 2235 1710 2283 via.»
1760 2234 1825 2294 Q.
1873 2232 2116 2292 Curtius,

490 2311 583 2360 lib.
617 2323 678 2359 Ix
717 2325 727 2356 :
757 2326 783 2356 α
815 2307 1208 2359 Crudelitatem
1245 2319 1364 2356 sera
1396 2305 1719 2368 pcenitentia
1748 2311 1940 2353 secuta
1973 2308 2119 2353 est.»

491 2381 880 2444 Symmachus,
908 2379 1004 2428 lib.
1049 2391 1111 2438 Χ,
1162 2379 1319 2440 epist.
1370 2379 1433 2427 54
1467 2392 1476 2424 :
1515 2392 1543 2424 α
1581 2376 1712 2426 Sera
1741 2379 1792 2426 et
1837 2380 2122 2425 contume-

491 2455 626 2504 liosa
657 2457 740 2503 est
765 2450 1082 2502 emendatio
1111 2450 1433 2500 senectutis.
1467 2467 1492 2493 ι›
1524 2448 1764 2499 Sanctus
1794 2446 2122 2496 Ambrosius

2221 1951 2368 1998 certe
2398 1952 2478 1997 est
2505 1948 2636 2010 quia
2666 1947 2820 1996 nulla
2855 1949 2987 1997 aetas
3024 1945 3092 1994 ad
3140 1943 3568 2008 perdiscendum
3593 1955 3703 1990 sera
3731 1946 3824 1990 est.

2217 2019 2513 2068 Erubescit
2544 2023 2823 2078 senectus,
2855 2031 2981 2081 qua:
3011 2016 3309 2068 emendare
3351 2029 3411 2065 se
3459 2028 3567 2064 non
3595 2017 3773 2076 potest.
3801 2030 3824 2057 »

2218 2089 2432 2149 Cicero,
2463 2089 2557 2138 lib.
2597 2103 2630 2139 ιι
2682 2090 3056 2152 Epistolarum
3109 2089 3180 2138 ad
3227 2087 3566 2142 Familiares,
3613 2085 3830 2147 epist.7,

2220 2162 2298 2210 ait
2325 2175 2504 2211 seram
2532 2161 2960 2224 gratulationem
2987 2158 3319 2224 reprehendi
3349 2171 3461 2206 non
3487 2157 3674 2206 solere.

2284 2233 2380 2293 (59)
2433 2234 2624 2282 Factus
2681 2238 2770 2282 est.
2820 2233 2900 2281 Ita
2934 2245 3128 2282 omnes
3179 2231 3301 2280 libri
3372 2233 3583 2278 veteres
3654 2227 3828 2288 prseter

2221 2318 2414 2353 unum.
2448 2303 2632 2353 Editio
2663 2316 2789 2368 quas
2829 2302 3031 2353 dicitur
3072 2303 3257 2354 Gravii
3289 2301 3476 2359 habet,
3513 2317 3540 2346 ‹ι
3562 2301 3728 2348 factus
3757 2299 3829 2344 est

2223 2388 2291 2424 ex
2340 2375 2752 2424 immortalitate
2795 2387 3094 2423 securus.»
3142 2373 3263 2424 Hoc
3292 2375 3526 2422 secutus
3556 2373 3634 2418 est
3661 2369 3829 2416 Pame-

2175 2501 2182 2505 ,
2226 2448 2352 2508 lius,
2381 2452 2435 2497 et
2464 2445 2667 2497 deinde
2691 2445 2981 2510 Rigaltius.

497 2604 3818 2642 ᾗ

942 2762 1168 2888 DE
1277 2757 2226 2888 IDOLORUM
2334 2755 3250 2886 VANITATE
3338 2731 3430 2821 (ί)

1984 2972 2349 3062 LIBER.

808 3159 991 3236 Quod
1023 3157 1194 3221 idola
1224 3157 1311 3219 dii
1346 3175 1478 3219 non
1517 3155 1667 3229 sint,
1704 3159 1767 3217 et
1798 3155 1974 3236 quod
2005 3155 2176 3218 Dens
2207 3174 2382 3217 unus
2413 3155 2516 3229 sit,
2553 3158 2618 3215 et
2649 3153 2826 3234 quod
2856 3171 2973 3235 per
3005 3152 3336 3215 Christum
3369 3150 3546 3213 salus

1787 3252 2202 3315 credentibus
2231 3253 2382 3314 data
2415 3252 2500 3314 sit
2522 3253 2561 3311 ¹.

2040 3444 2071 3452 .-
2087 3446 2126 3450 γ-
2143 3443 2228 3452 .-,«.-›
2254 3442 2287 3450 νει

492 3578 895 3631 incensurum.
954 3605 1017 3614 --
1066 3573 1194 3629 Tria
1241 3575 1522 3644 potissima
1571 3572 1736 3641 hujus
1788 3572 1914 3626 libri
1962 3574 2147 3642 cupita
2211 3571 2403 3626 titulus
2467 3573 2582 3640 ipse
2643 3571 3028 3639 complectitur.
3081 3569 3322 3623 Primum
3379 3567 3503 3620 hinc
3560 3561 3832 3632 comprobat

562 3664 710 3732 quod
733 3679 882 3731 reges
917 3664 1126 3730 fuerint
1163 3667 1212 3716 et
1243 3662 1482 3716 homines
1518 3663 1698 3730 potius
1725 3677 1888 3730 quam
1914 3661 2012 3727 dii,
2040 3675 2267 3730 quorum
2295 3662 2349 3713 in
2384 3661 2633 3713 honorem
2661 3660 2915 3712 instituta.
2942 3661 3067 3711 sunt
3109 3657 3331 3725 templa,
3365 3668 3607 3725 repressa
3631 3649 3829 3706 simula-

563 3767 677 3812 cra,
709 3751 996 3804 immolata"
1023 3751 1206 3804 hostia:
1241 3755 1290 3803 et
1319 3751 1450 3816 festi
1487 3749 1602 3802 dies
1645 3749 1936 3812 celebrati;
1967 3754 2130 3817 atque
2168 3749 2300 3802 adeo
2348 3763 2515 3816 neque
2552 3748 2746 3800 exteris
2789 3761 2955 3814 neque
2999 3745 3250 3799 Romanis
3293 3743 3589 3812 quidquam
3627 3738 3833 3808 potuisse

1870 3884 2079 3947 Varia:
2137 3883 2475 3948 lectiones.

563 3998 577 4027 ¹
607 3993 767 4057 Quod
797 3993 939 4044 idola
968 3994 1043 4044 dii
1072 4008 1183 4044 non
1210 3995 1319 4044 sint
1344 3999 1535 4045 contra
1569 4007 1812 4058 paganos
1854 3995 1974 4043 Vict.
2010 3998 2058 4042 et
2095 3993 2214 4042 alii.
2247 3992 2409 4055 Quod
2445 3991 2800 4058 credentibus
2834 3991 3026 4041 datum
3054 3992 3124 4040 sit
3163 3991 3298 4041 deos
3333 4003 3446 4040 non
3481 4002 3599 4039 esse
3642 3984 3804 4035 VossJ

495 4066 602 4114 Lin.
636 4067 773 4127 Spir.
805 4065 1003 4114 Ratum
1038 4066 1165 4113 Dun.
1193 4065 1274 4114 De
1306 4065 1467 4115 idolis
1501 4068 1750 4128 gentium
1783 4065 2018 4115 Goulart.

1894 4173 2240 4235 Variorum
2283 4178 2476 4235 notae.

557 4282 620 4364 (1)
645 4280 1173 4366 Difﬁcileestncerto
1208 4283 1450 4364 statuere
1493 4280 1625 4366 quid
1673 4282 1726 4330 in
1777 4281 1935 4330 titulo
1966 4282 2203 4366 istiusC
2230 4280 2467 4366 stolicee‘
2494 4283 2731 4330 sectator
2767 4278 3060 4366 episcopus
3087 4276 3419 4366 ’Cyprianps‘
3468 4275 3534 4324 de
3592 4285 3694 4322 uno
3722 4280 3832 4366 vero

496 4351 619 4401 libri
701 4353 946 4414 posuerit
998 4350 1330 4415 Cyprianus,
1395 4353 1441 4401 si
1495 4353 1629 4416 quid
1686 4358 1866 4403 tamen
1921 4353 2125 4415 posuit,

497 4425 798 4486 praesertim
847 4423 891 4471 si
950 4435 1077 4471 vera
1126 4425 1196 4472 sit
1249 4423 1434 4486 opinio
1491 4424 1705 4473 Erasmi
1759 4424 2131 4473 existimantis

495 4508 617 4545 esse
641 4499 852 4544 tantum
904 4494 1275 4559 fragmentum
1323 4497 1545 4564 majoris
1591 4496 1789 4559 operis,
1834 4497 1964 4558 quia
1997 4496 2131 4544 inci-

496 4568 572 4629 pit
633 4579 706 4615 ex
768 4565 1018 4629 abrupto.
1072 4566 1264 4616 Plures
1315 4579 1448 4615 sane
1503 4566 1626 4616 libri
1700 4571 1936 4622 veteres,
1989 4571 2039 4616 et
2094 4566 2130 4614 ii

497 4637 722 4701 quidem
777 4638 989 4700 optimi,
1044 4638 1263 4686 initium
1313 4639 1492 4700 operis
1539 4639 1883 4687 constituunt
1932 4637 1986 4686 in
2047 4637 2131 4685 his

497 4708 682 4757 verbis
711 4724 722 4756 :
757 4723 792 4755 «
814 4709 960 4758 Deos
989 4722 1101 4758 non
1132 4721 1254 4758 esse
1292 4723 1434 4772 quos
1476 4708 1605 4758 colit
1651 4709 1876 4771 vulgus.
1907 4727 1932 4753 »
1967 4707 2131 4771 Apud

500 4781 774 4840 Angelum
817 4780 1170 4838 Politianum,
1214 4793 1332 4842 cap.
1380 4781 1441 4829 Bt
1483 4778 1933 4829 Misrellaneorum
1966 4793 2128 4828 voca-

499 4856 586 4899 lur
611 4850 751 4901 liber
783 4851 848 4898 de
902 4852 1118 4913 Origjne
1154 4856 1200 4899 et
1240 4849 1529 4900 Genet-ibus
1570 4849 1852 4900 (dolorum.
1886 4851 2132 4899 Postero-

500 4936 621 4970 rum
649 4922 930 4984 diligentia
964 4924 1185 4972 titulum
1210 4921 1286 4971 illi
1314 4922 1444 4971 fecit
1470 4922 1532 4970 de
1563 4920 1826 4971 [dolorum
1864 4922 2130 4981 Vanitata,

501 4997 666 5055 atque
719 4994 793 5042 ita
850 5005 908 5041 se
959 4993 1242 5042 invenisse
1312 4993 1366 5041 in
1425 4991 1838 5055 exemplaribus
1890 4991 2132 5054 antiquis

503 5068 734 5112 testatur
789 5064 1074 5126 Rigaltius.
1129 5065 1258 5127 Ego,
1306 5077 1625 5128 quanquam
1692 5063 1843 5112 hunc
1913 5063 2132 5111 titulum

501 5135 756 5196 nuspiam
815 5136 1110 5197 repererim
1167 5136 1220 5183 in
1267 5134 1556 5184 codicibus
1601 5134 2009 5197 manuscriptis,
2049 5146 2132 5182 re-

502 5206 642 5254 tinui
691 5208 873 5254 tamen
927 5209 1148 5268 propter
1193 5205 1643 5255 commoditatem
1696 5204 2022 5253 studiorum.
2072 5204 2133 5252 In

502 5275 716 5325 edendo
742 5280 926 5325 autem
959 5278 1113 5326 initio
1144 5276 1319 5337 ipsius
1364 5277 1487 5325 libri
1537 5281 1765 5327 secutus
1795 5289 1916 5324 sum
1953 5276 2134 5338 scrip-

501 5351 679 5395 turam
729 5350 975 5396 veterum
1051 5346 1316 5397 librorum
1392 5351 1444 5396 et
1507 5352 1753 5397 veterum
1807 5347 2129 5396 editionum.

505 5418 839 5480 Quanquam
892 5421 1023 5467 sunt
1069 5419 1243 5481 aliqui
1288 5417 1414 5467 libri
1467 5425 1680 5469 veteres
1714 5420 1809 5483 qui
1861 5417 2134 5481 incipiunt

503 5491 626 5538 deos
650 5501 754 5537 non
789 5501 913 5548 esse,
945 5489 1126 5552 priora
1152 5502 1260 5537 non
1291 5490 1512 5538 habent.

570 5560 750 5609 Pauca
779 5559 948 5622 hujus
999 5558 1124 5609 libri
1173 5561 1382 5610 mentio
1435 5562 1704 5624 reperitur
1746 5561 1801 5608 in
1852 5559 2134 5623 scriptori-

504 5631 609 5681 bus
641 5631 905 5694 antiquis,
934 5630 1138 5693 quippe
1169 5642 1334 5693 quem
1366 5633 1622 5692 nuspiam
1668 5631 1878 5694 reperio
1908 5631 2133 5678 citatum

2233 4355 2347 4404 Deo
2405 4353 2668 4403 adversus
2722 4353 3023 4403 multorum
3069 4351 3300 4401 deorum
3346 4349 3707 4408 falsorumque
3729 4342 3833 4392 cul-

2233 4429 2377 4474 tores
2427 4425 2716 4487 disputans
2771 4425 2942 4473 multa
2996 4423 3201 4483 profert
3246 4420 3557 4471 testimonia
3596 4417 3660 4465 de
3701 4413 3833 4462 libris

2233 4510 2424 4547 eorum
2470 4510 2609 4560 quos
2646 4497 2937 4560 praeclaros
2977 4499 3233 4545 auctores
3267 4493 3492 4552 habent,
3530 4490 3630 4539 hoc
3662 4489 3832 4563 estne;

2233 4568 2325 4616 illa
2373 4555 2600 4618 veritate
2646 4555 2822 4631 quam
2877 4569 2934 4616 in
2990 4567 3283 4630 iniquitate
3334 4565 3592 4614 detinent.
3644 4577 3668 4602 »
3709 4555 3833 4631 Citat

2235 4640 2395 4688 etiam
2456 4638 2552 4687 lib.
2614 4629 2690 4697 vf,
2758 4638 2821 4688 de
2889 4629 3155 4700 Baptismo
3212 4636 3465 4685 adversus
3540 4629 3830 4682 Donatistas,

2235 4723 2352 4772 cap.
2386 4711 2462 4759 44.
2498 4710 2872 4771 Hieronymus
2901 4712 3087 4757 autem
3125 4708 3182 4756 in
3221 4705 3464 4769 Epistola
3499 4703 3566 4777 ad
3591 4703 3830 4777 μηςῃειηζ,

2234 4767 2449 4844 ponens
2485 4782 2540 4828 in
2571 4767 2847 4843 principio
2885 4780 3157 4829 sermonis
3201 4767 3483 4827 materiam
3538 4767 3831 4844 istiuslibri,

2236 4843 2503 4915 tanquam
2543 4854 2588 4900 si
2637 4853 2828 4900 titulus
2876 4845 3043 4908 esset,
3097 4851 3177 4900 sic
3234 4849 3463 4900 scribit:
3499 4863 3526 4891 ‹‹
3555 4843 3830 4916 Cyprianus

2236 4913 2384 4986 quod
2422 4923 2567 4972 idola
2617 4922 2691 4971 dii
2730 4937 2838 4972 non
2869 4923 2982 4972 sint
3012 4935 3119 4984 qua
3152 4921 3442 4977 brevitate,
3470 4929 3573 4980 qua
3599 4913 3830 4962 historia-

2235 5007 2356 5042 rum
2380 4995 2627 5042 omnium
2661 4994 2908 5054 scientia,
2939 5006 3178 5056 quorum
3202 4991 3496 5042 verborum
3517 4991 3570 5036 et
3593 4989 3828 5058 sensuum

2235 5064 2525 5128 Splendore
2550 5066 2921 5128 perstrinxit.»
2945 5064 3029 5113 Ad
3050 5063 3310 5113 eumdem
3339 5061 3538 5110 librum
3559 5058 3830 5128 respextssf

2235 5120 2450 5184 videtur
2477 5120 2812 5199 quibusdam
2845 5136 3074 5185 Pontius
3120 5135 3392 5184 diaconus
3432 5132 3485 5179 in
3528 5128 3640 5175 Vita
3676 5120 3829 5199 6131191}

2235 5186 2510 5270 Cypriani
2528 5206 2778 5256 scribens
2808 5219 2904 5269 per
2955 5206 3110 5255 illum
3161 5205 3415 5269 gentiles,
3441 5192 3754 5262 repercussis
3782 5186 3828 5270 in
3926 5241 3930 5247 ,

2235 5267 2296 5328 se
2324 5267 2390 5326 iis
2423 5293 2547 5342 quae
2577 5279 2739 5328 nobis
2766 5267 3046 5340 ingerunt,
3093 5267 3270 5326 victos
3295 5275 3477 5324 fuisse.
3506 5270 3693 5344 Vertit."
3719 5267 3826 5344 Fuﬁ

2236 5349 2338 5400 ista
2384 5323 2564 5398 Pantii
2613 5350 2776 5399 verba
2828 5323 3131 5398 ‘c’onveiiire
3171 5348 3336 5396 etiam
3379 5341 3581 5407 possint
3622 5323 3828 5383 libroad

2239 5422 2635 5470 Demetrianum
2667 5422 2720 5470 in
2753 5434 2865 5483 quo
2917 5424 3145 5469 sanctus
3183 5422 3390 5480 martyr
3415 5411 3690 5487 £039.13
3712 5411 3826 5487 399:

2239 5491 2362 5541 tiles
2433 5493 2631 5554 ingerit
2686 5479 2940 5555 querelas
2997 5503 3188 5539 eorum
3251 5479 3696 5555 de’Christianis.
3731 5479 3826 5555 99:1

2237 5563 2415 5611 audeo
2470 5547 2748 5610 affirmare
2789 5560 2953 5610 verba
3016 5560 3194 5609 Pent-ii
3249 5553 3590 5620 intelligenda
3641 5547 3825 5620 tantum

2241 5645 2362 5681 esse
2415 5633 2483 5681 de
2530 5631 2671 5680 libro
2719 5632 2782 5679 de
2850 5632 3099 5680 Vam'lala
3147 5627 3434 5679 [dolor-um.
3485 5622 3650 5674 Potuit
3698 5622 3824 5664 enim

508 5715 677 5766 quam
726 5673 872 5765 apud
893 5673 905 5691 ,
928 5673 1330 5764 ﬁieidnyinum
1385 5706 1438 5752 et
1477 5673 1883 5765 rAugustihum.
1929 5701 2000 5750 Et
2028 5703 2138 5750 Au-
2157 5673 2218 5744 D
2249 5703 2477 5753 Pontius
2530 5704 2838 5767 respexisse
2875 5703 2941 5752 ad
2980 5706 3280 5766 utrumque
3305 5713 3457 5764 Opus.
3486 5697 3639 5767 Porro
3666 5687 3828 5767 θάγον-

508 5773 762 5836 gustinus
795 5771 1020 5835 quidem
1057 5773 1127 5820 ita
1159 5772 1352 5821 scribit
1373 5772 1429 5820 in
1455 5771 1596 5821 libro
1626 5773 1688 5820 de
1705 5773 1856 5822 unico
1877 5769 2145 5835 Baptismo

499 5843 765 5897 adversus
823 5844 1175 5904 Petilianum,
1211 5857 1328 5908 cap.
1357 5844 1424 5894 4.:
1458 5861 1483 5889 «
1529 5845 1706 5910 Hujus
1752 5845 1963 5907 regulae
1998 5848 2145 5908 Apo-

2246 5787 2340 5822 sus
2375 5775 2586 5824 cultum
2621 5762 2899 5823 idolorum
2930 5772 3070 5823 nihil
3111 5762 3203 5823 est
3235 5762 3532 5836 elegantius
3569 5764 3684 5814 Jove
3721 5762 3824 5807 ινα-

2247 5845 2394 5910 gaedo
2420 5846 2670 5897 Luciani.
2698 5845 2906 5897 BALUZ.
