3998 6194
195 208 278 262 585
1220 197 1422 256 LIBER
1454 198 1540 255 DE
1580 195 1926 255 lDOLORUM
1967 150 2318 253 VA'NITATE.

233 328 457 399 prodesse
480 327 701 380 illorum
726 326 954 390 cultum,
985 341 1152 395 neque
1182 327 1295 380 illis
1324 325 1417 380 sed
1438 327 1575 379 sorti
1597 326 1776 394 potius
1806 321 2185 392 imputandum
2220 322 2451 375 Romani
2474 318 2687 387 imperii
2712 319 3039 387 potentiam,
3068 322 3251 385 utpote
3288 333 3406 386 quae
3442 322 3489 369 cl

233 418 569 473 vicissitudine
606 418 846 487 quadam
876 418 1179 483 contigerit,
1206 422 1256 470 et
1288 432 1445 470 suam
1483 418 1654 485 ipsius
1683 416 1947 483 originem
1979 413 2256 466 erubescat
2283 429 2299 463 :
2332 426 2502 479 neque
2540 424 2663 463 vero
2694 409 2951 477 auspiciis
2983 410 3291 474 auguriisce
3326 407 3486 475 quid-

231 523 374 578 quam
403 507 740 560 tribuendum
781 522 846 560 ea:
880 522 1020 559 cano
1059 507 1281 560 illorum
1321 512 1513 559 eventu
1552 510 1830 570 constare;
1865 504 2001 572 quin
2042 504 2225 570 potius
2265 501 2561 553 dmonum
2592 513 2700 553 esse
2741 498 2836 551 has
2873 499 3200 566 praestigias,
3234 496 3317 549 vel
3364 498 3494 565 ipsis

222 599 392 668 poetis,
418 596 649 657 Sacrate,
678 597 915 655 Platone.
972 597 1331 664 Trismegisto
1359 601 1409 649 et
1444 597 1682 649 Hostane
1715 594 1956 654 testibus,
1993 593 2091 661 qui
2114 596 2163 645 et
2192 606 2357 645 unum
2389 591 2551 642 Deum
2580 594 2629 641 et
2668 588 2940 640 daemonas
2965 588 3301 654 agnoverint.
3336 587 3490 640 Alte-

228 703 332 743 rum
360 692 540 756 caput,
567 685 709 755 quod
746 701 888 740 unus
915 687 984 740 sit
1015 687 1182 747 Deus,
1220 691 1334 739 tum
1359 700 1457 753 per
1485 685 1808 738 monarchiae
1841 698 1956 753 prae
1993 682 2194 736 caeteris
2232 681 2554 748 dignitatem
2589 676 2863 745 majorem,
2894 682 3007 731 tum
3040 692 3136 745 per
3170 678 3315 744 ipsas
3343 675 3496 744 vulgi

229 779 408 833 ethnici
430 792 598 830 voces.
630 776 673 831 Ο
695 776 862 843 Deus,
889 782 938 829 et
963 776 1185 837 similes,
1208 777 1405 844 paucis
1434 777 1788 842 manifestum
1806 776 1963 841 facit.
1989 774 2317 827 Postremum
2343 770 2409 823 de
2441 769 2669 837 Christo,
2700 783 2767 820 ea:
2797 767 3070 836 prophetis
3097 766 3401 819 Judaeorum
3444 772 3493 818 et

230 867 521 938 evangelica
547 866 798 928 historia,
829 867 1001 921 latius
1025 868 1392 936 prosequitur.
1424 867 1630 920 PAMEL.

227 986 262 1038 Ι.
292 985 424 1038 Deos
465 1000 578 1038 non
624 999 745 1038 esse
792 1000 936 1054 quos
964 983 1101 1038 colit
1145 984 1350 1054 vulgus
1392 982 1527 1037 hinc
1552 986 1758 1038 notum
1804 1038 1819 1054 Δ
1861 981 2023 1037 bant.
2062 978 2252 1052 566
2286 978 2417 1033 Inde
2447 975 2686 1048 posteris
2734 975 2876 1029 facta
2903 975 3035 1027 sunt
3061 989 3216 1027 sacra
3242 973 3336 1043 (6),
3368 991 3495 1045 qua:

172 1080 256 1133 est.
283 1075 464 1150 565
500 1079 676 1148 Reges
722 1076 857 1130 olim
887 1076 1120 1132 fuerunt
1145 1077 1243 1147 (2),
1274 1077 1371 1148 qui
1410 1077 1481 1131 ob
1511 1077 1761 1148 regalem

171 1171 470 1228 memoriam
514 1172 618 1225 coli
663 1170 816 1241 apud
862 1187 995 1225 suos
1044 1172 1420 1241 postmodum
1469 1172 1646 1226 etiam
1702 1170 1762 1225 in

171 1268 322 1321 morte
363 1268 671 1336 cceperunt.
721 1265 859 1318 Inde
900 1264 1010 1318 illis
1052 1264 1315 1319 instituta
1346 1265 1579 1336 templa,
1610 1264 1763 1331 inde,

170 1360 225 1413 ad
251 1359 639 1413 defunctorum
668 1359 857 1412 vultus
905 1358 978 1430 (3)
1026 1375 1130 1430 per
1163 1358 1481 1430 imaginem
1514 1358 1767 1413 detinen-

174 1452 274 1520 dos,
317 1460 580 1523 expressa
627 1452 968 1520 simulacra;
1018 1460 1073 1507 et
1100 1452 1482 1507 immolabant
1505 1452 1527 1486 ³
1558 1451 1632 1521 (4)
1664 1452 1765 1505 ho-

173 1546 300 1612 stias,
348 1552 401 1600 et
446 1546 567 1600 dies
614 1546 789 1600 festos
838 1545 1026 1602 dando
1077 1546 1340 1602 honore3
1390 1546 1460 1616 (6)
1513 1545 1767 1599 celebra-

1865 1074 2060 1146 primis
2101 1075 2332 1128 inerant
2378 1073 2667 1142 assumpta
2705 1068 2933 1123 solatia.
2986 1068 3053 1121 Et
3101 1066 3393 1122 videamus
3422 1084 3495 1124 an

1865 1172 1974 1224 stet
1992 1168 2114 1223 haec
2132 1169 2153 1202 ⁴
2181 1166 2331 1238 apud
2360 1164 2615 1235 singulos
2635 1162 2862 1216 veritas.

1938 1358 2005 1412 ll.
2050 1356 2363 1411 Melicertes
2410 1357 2466 1407 et
2495 1350 2812 1406 Leucothea
2857 1351 2929 1420 (7)
2961 1349 3397 1421 praecipitantur
3439 1350 3498 1405 in

1868 1450 2065 1519 maria,
2107 1453 2163 1504 et
2204 1450 2347 1503 ﬁunt
2386 1445 2756 1517 postmodum
2815 1444 2990 1498 maris
3018 1444 3273 1498 numina.
3306 1446 3498 1500 Casto-

1871 1561 1961 1598 res
1992 1544 2064 1614 (8)
2093 1541 2323 1598 alternis
2369 1539 2556 1612 567
2612 1539 2941 1593 moriuntur
2969 1542 3030 1590 ut
3057 1538 3269 1592 vivant.
3306 1541 3496 1594 discu-

1509 1720 1720 1785 Varim
1775 1720 2108 1784 lectiones.

218 1855 236 1884 ¹
261 1854 340 1901 Sic
367 1855 621 1903 vetustiss.
649 1854 793 1903 cadd.
826 1858 876 1903 et
905 1853 1019 1903 edd.
1054 1858 1238 1905 recent.
1271 1855 1386 1905 Bal.
1426 1856 1561 1917 Lips.
1596 1854 1821 1916 Quibus
1850 1857 1904 1904 et
1930 1852 2307 1903 immolabant.
2343 1853 2498 1902 Oxon.
2525 1852 2663 1901 Nam
2693 1854 2747 1900 et
2778 1852 2911 1899 Fass.
2943 1849 3088 1899 Coro.
3118 1851 3333 1900 Gronov.
3360 1850 3506 1913 (qui-

170 1922 268 1985 bus)
296 1928 344 1973 et
373 1924 557 1972 Lindn.
628 1928 644 1956 ³
676 1924 928 1975 Honores
972 1925 1126 1975 Oxon.
1157 1926 1339 1975 Lindn.
1372 1926 1654 1976 Honorem
1684 1926 1794 1974 Lin.
1841 1925 1982 1974 Lam.
2016 1925 2192 1974 Tanto
2230 1924 2441 1975 honore
2496 1925 2625 1972 Voss.
2667 1925 2713 1972 4.
2755 1921 2910 1971 Tewlz.
2941 1923 3114 1971 Routh.
3158 1923 3349 1983 Script.
3387 1922 3505 1969 eccl.

169 2006 306 2055 apusc.
340 1994 476 2043 1840.
543 1996 565 2025 ⁴
593 1996 678 2044 An
704 1995 777 2044 sit
806 1999 862 2046 et
890 1994 1013 2045 haec
1045 1996 1258 2045 Gronov.
1291 1996 1421 2059 Lips.
1456 1996 1635 2044 Routh.
1666 2009 1731 2045 ea:
1756 1999 1784 2041 2
1813 1993 1963 2044 cadd.
1997 2010 2106 2043 nov.
2143 1994 2297 2044 Oxon.
2321 1998 2368 2042 et
2393 1993 2502 2043 cod.
2529 1994 2686 2043 Drur.

1531 2145 1885 2209 Variorum
1928 2150 2127 2208 notae.

223 2268 279 2330 (2)
307 2269 456 2332 Reges
484 2269 611 2320 alim
647 2270 883 2333 filerunt.
919 2272 1242 2322 Lactantius
1287 2272 1381 2322 lib.
1420 2285 1496 2332 vr,
1542 2285 1664 2335 cap.
1706 2272 1772 2328 8;

174 2338 487 2401 «Quomodo
539 2354 689 2405 ergo,
720 2342 934 2406 inquiet
980 2343 1200 2407 aliquis,
1244 2343 1320 2392 dii
1364 2344 1557 2393 crediti
1605 2344 1777 2392 sunt?

174 2408 413 2461 Nimirum
441 2414 578 2476 quia
619 2426 775 2476 reges
813 2415 1045 2463 maximi
1088 2418 1183 2464 aut
1232 2414 1603 2478 potentissimi
1657 2414 1782 2463 fue-

174 2485 297 2537 runt,
336 2483 405 2533 ob
430 2484 632 2534 merita
664 2487 939 2534 virtutum
964 2498 1192 2534 suarum
1229 2491 1323 2535 aut
1358 2499 1657 2535 munerum
1691 2488 1786 2533 aut

175 2553 344 2602 artium
391 2558 763 2618 repertarum,
804 2569 931 2606 cum
978 2555 1131 2605 chari
1178 2556 1412 2605 fuissent
1458 2556 1526 2604 iis
1578 2554 1785 2618 quibus

177 2622 617 2687 imperitaverant,
666 2627 723 2675 in
785 2630 1109 2676 memoriam
1169 2632 1302 2676 sunt
1357 2627 1689 2677 consecrati.
1746 2639 1773 2670 ο

175 2692 298 2744 Idem
342 2698 397 2745 in
438 2697 586 2747 libro
625 2698 688 2748 de
726 2698 817 2747 Ira
872 2698 980 2758 Dei,
1013 2711 1135 2761 cap.
1192 2699 1239 2747 11
1288 2712 1299 2745 :
1351 2714 1380 2746 «
1429 2698 1700 2746 Nimirum
1747 2697 1784 2746 ii

176 2777 339 2816 omnes
393 2770 491 2832 qui
543 2769 807 2818 coluntur
855 2773 918 2817 ut
968 2768 1044 2817 dii
1100 2768 1360 2819 homines
1408 2769 1669 2828 fuerunt,
1730 2771 1785 2816 et

174 2836 314 2887 iidem
338 2842 498 2903 primi
532 2843 589 2890 et
633 2840 861 2889 maximi
891 2852 1067 2903 reges,
1097 2840 1193 2889 sed
1238 2853 1333 2889 eos
1373 2843 1467 2889 aut
1507 2839 1577 2889 ob
1610 2842 1783 2891 virtu-

176 2911 299 2969 tem,
357 2925 463 2974 qua
530 2912 870 2975 prmtuerant
936 2911 1225 2960 hominum
1282 2911 1506 2974 generi,
1581 2909 1784 2957 divinis

175 2976 449 3032 honoribus
478 2982 714 3033 aﬂ‘ectos
752 2996 874 3032 esse
918 2985 1046 3045 post
1076 2988 1327 3041 mortem,
1361 2985 1458 3031 aut
1501 2981 1572 3030 ob
1605 2980 1781 3030 bene-

176 3047 275 3099 ﬁcia
302 3056 353 3102 et
377 3055 611 3105 inventa
639 3053 844 3118 quibus
862 3053 1164 3103 humanam
1195 3053 1363 3101 vitam
1398 3052 1781 3113 excoluerant,

178 3119 518 3175 immortalem
568 3126 893 3175 memoriam
936 3129 1266 3175 consecutos
1304 3127 1429 3188 quis
1470 3125 1726 3188 ignorat?
1757 3142 1782 3168 »

179 3188 241 3239 lta
274 3195 428 3244 etiam
460 3196 524 3245 in
556 3195 704 3246 libro
753 3197 1172 3259 Recognitianum
1217 3197 1282 3246 D.
1325 3195 1658 3246 Clementis.
1690 3193 1783 3243 Ci-

181 3273 302 3325 cero,
328 3265 415 3315 lib.
442 3280 481 3316 ιι
533 3266 600 3317 de
643 3268 858 3317 Natura
909 3266 1124 3316 dearum
1154 3281 1166 3315 :
1196 3284 1227 3316 ‹‹
1272 3267 1504 3316 Perseus
1548 3266 1785 3316 Zenonis

177 3333 369 3386 auditor
391 3351 488 3388 eos
540 3337 677 3388 dicit
704 3337 925 3388 habitos
967 3337 1100 3388 deos
1144 3351 1175 3387 a
1204 3338 1412 3402 quibus
1453 3350 1651 3401 magna
1680 3337 1783 3385 uti-

176 3401 286 3456 litas
336 3408 400 3458 ad
453 3410 592 3459 vitae
639 3408 852 3459 cultum
897 3412 1046 3461 esset
1094 3401 1337 3472 inventa,
1389 3410 1648 3473 ipsasque
1698 3421 1787 3457 res

178 3477 317 3528 utiles
365 3484 421 3530 et
470 3480 749 3531 salutares
803 3480 1033 3531 deorum
1071 3493 1193 3532 esse
1237 3480 1526 3531 vocabulis
1571 3492 1788 3529 nuncu-

178 3553 325 3610 patas.
351 3567 380 3599 »
420 3552 493 3602 Et
537 3551 681 3602 intra
711 3566 723 3600 :
749 3570 777 3598 «
818 3551 1077 3616 Suscepit
1114 3555 1299 3603 autem
1337 3552 1447 3600 vita
1493 3550 1785 3601 hominum

178 3623 617 3688 consuetudoque
658 3624 973 3674 communis
1022 3627 1087 3673 ut
1114 3622 1404 3674 beneﬂciis
1447 3622 1786 3673 excellentes

178 3692 301 3743 viros
340 3696 392 3744 in
443 3697 653 3747 caelum
701 3696 847 3745 fama
881 3709 946 3746 ac
991 3696 1273 3745 voluntate
1324 3694 1593 3744 tollerent.
1639 3694 1785 3744 Hinc

180 3761 440 3886 Herculies,
482 3767 622 3818 hinc
664 3765 859 3819 Castor
895 3771 949 3818 et
985 3767 1202 3817 Pollux.
1233 3784 1261 3813 ››
1300 3766 1562 3816 Horatius
1600 3766 1694 3817 lib.
1727 3779 1785 3827 ιι,

180 3846 276 3886 GDIS
303 3875 311 3884 .
401 3853 412 3886 2

180 3846 311 3898 epist.
346 3846 364 3886 ι
401 3853 412 3887 :

230 3944 459 3995 Romulus
486 3948 541 3994 et
567 3945 714 3995 Liber
737 3949 885 4010 pater
911 3950 963 3997 et
993 3960 1110 3996 cum
1136 3947 1345 3997 Castore
1379 3945 1562 3995 Pollux

230 4014 334 4065 Post
360 4015 597 4080 ingentia
624 4016 759 4065 facta
781 4016 997 4066 deorum
1026 4017 1079 4065 in
1106 4018 1301 4081 templa
1328 4016 1545 4079 recepti.

182 4128 235 4190 Q.
275 4130 524 4192 Curtius,
562 4132 659 4182 lib.
704 4145 785 4194 ix,
831 4133 1025 4184 scribit
1072 4134 1262 4184 Persas
1305 4148 1417 4183 non
1458 4135 1546 4197 pie
1585 4132 1785 4191 solum,

181 4202 259 4251 sed
290 4205 451 4254 etiam
499 4203 806 4268 prudenter
847 4218 1007 4269 reges
1048 4218 1179 4255 suos
1221 4206 1364 4255 inter
1407 4205 1540 4256 deos
1586 4205 1786 4262 colere,

181 4276 503 4336 majestatem
544 4277 692 4325 enim
743 4277 959 4339 imperii
997 4277 1194 4326 salutis
1242 4291 1363 4327 esse
1398 4278 1642 4327 tutelam.
1680 4276 1788 4326 Ju-

182 4343 273 4393 lius
301 4346 596 4410 Firmicus,
630 4348 683 4396 in
721 4347 860 4397 libro
907 4349 969 4398 de
1007 4349 1209 4398 Errare
1250 4347 1603 4412 profanarum
1650 4348 1788 4396 Reli—

182 4418 404 4476 gionum:
450 4435 478 4465 α
530 4419 693 4469 Amat
733 4421 881 4468 enim
934 4420 1254 4469 Graecorum
1306 4420 1504 4469 levitas
1553 4433 1647 4469 eos
1693 4420 1788 4482 qui

184 4487 272 4536 sibi
312 4490 524 4555 aliquid
573 4490 949 4550 contulerunt,
989 4491 1075 4540 vel
1119 4493 1213 4555 qui
1265 4490 1501 4541 consilio
1542 4495 1638 4539 aut
1680 4492 1786 4538 vir-

182 4559 282 4609 tute
332 4573 389 4611 se
430 4563 719 4624 juverunt,
761 4560 970 4611 divinis
1023 4563 1297 4625 appellare
1341 4560 1680 4613 nominibus.
1722 4560 1790 4610 Et

184 4630 251 4679 sic
277 4630 340 4680 ab
369 4633 505 4695 ipsis
544 4631 944 4683 beneﬁciorum
987 4634 1160 4698 gratia
1200 4637 1525 4698 repensatur
1564 4636 1624 4682 ut
1657 4630 1790 4681 deos

186 4698 353 4751 dicant
384 4707 436 4753 et
466 4702 603 4753 deos
642 4717 763 4754 esse
787 4703 1018 4754 credant
1045 4704 1143 4767 qui
1172 4704 1281 4754 sibi
1318 4704 1621 4768 aliquando
1650 4717 1789 4766 prae—

185 4768 377 4821 t‘uerint.
417 4790 447 4820 »
500 4772 697 4824 Cicero
746 4775 803 4822 in
849 4772 1111 4825 Oratione
1148 4788 1247 4837 pro
1284 4774 1510 4825 Milone:
1547 4790 1577 4822 «
1610 4774 1790 4826 Graeci

184 4838 417 4894 homines
450 4845 685 4895 deorum
721 4845 962 4896 honores
1000 4847 1258 4897 tribuunt
1281 4847 1351 4896 iis
1394 4847 1527 4896 viris
1565 4848 1663 4911 qui
1706 4850 1789 4908 ly-

185 4923 365 4963 rannos
410 4921 769 4966 necaverunt.
817 4933 848 4963 »
898 4917 1182 4968 Lucianus
1232 4920 1288 4969 in
1338 4919 1538 4969 Toxari
1599 4918 1789 4968 scribit

187 4981 399 5046 Scythas
422 4987 767 5038 sacriﬁcasse
798 4988 976 5040 Oresti
1006 4993 1062 5041 et
1099 4990 1311 5053 Pyladi,
1344 5005 1456 5039 non
1506 4993 1787 5054 tamquam

187 5054 293 5115 diis,
331 5058 425 5107 sed
474 5064 755 5124 tamquam
793 5062 926 5110 viris
966 5061 1143 5111 bonis.
1185 5062 1253 5111 Et
1294 5062 1476 5111 Julius
1521 5062 1792 5112 Firmicus

187 5127 251 5176 ait
299 5129 586 5194 Egyptios
647 5132 987 5196 Josephum,
1044 5135 1138 5198 qui
1188 5134 1545 5184 consuluerat
1599 5147 1793 5183 eorum

187 5202 393 5259 egestati
436 5215 533 5264 per
578 5206 789 5266 septem
839 5217 1036 5263 annos,
1062 5205 1312 5255 venerari
1356 5210 1412 5255 et
1460 5204 1687 5255 adorare
1735 5207 1795 5253 ut

188 5267 353 5340 deum.
406 5273 754 5337 Epiphanius
818 5276 873 5323 in
926 5276 1153 5340 prologo
1216 5276 1485 5326 librorum
1540 5277 1795 5327 adversus

188 5339 413 5404 llereses,
482 5358 599 5409 cap.
654 5347 702 5406 7,
760 5347 837 5396 ait
906 5339 1168 5410 tyrannos
1224 5353 1280 5398 et
1350 5349 1794 5413 prmstigiatores,

189 5413 273 5474 qui
325 5415 737 5467 inventionibus
793 5418 911 5467 suis
961 5433 1027 5469 ac
1081 5420 1315 5470 fallaciis
1380 5424 1560 5469 totum
1605 5419 1795 5469 orbem

190 5481 523 5548 deceperant,
581 5488 786 5538 divinis
837 5489 1143 5540 honoribus
1196 5495 1547 5542 consecratos
1604 5492 1793 5540 fuisse.

190 5551 368 5606 Petrus
398 5559 607 5609 aValle
656 5560 710 5609 in
754 5561 998 5610 Historia
1046 5563 1536 5623 Peregrinatianum
1581 5576 1797 5610 suarum

192 5627 407 5677 testatur
434 5632 596 5681 etiam
651 5645 806 5682 nunc
850 5632 1016 5682 Indos
1053 5634 1287 5696 gentiles
1338 5633 1525 5685 colere
1575 5638 1639 5683 ut
1667 5632 1798 5685 deos

193 5706 338 5769 reges
374 5712 497 5752 suos
524 5708 581 5753 et
621 5705 768 5753 viros
807 5703 1050 5755 illustres
1097 5706 1192 5767 qui
1235 5706 1514 5769 praselaris
1563 5705 1797 5758 actioni-

193 5764 291 5821 bus
314 5772 427 5822 suis
443 5779 764 5826 meruerunt
789 5775 1033 5827 honores
1057 5764 1291 5829 divino-8.
1323 5779 1536 5832 Bswz.

474 5867 762 5938 PATBOL.
785 5867 890 5936 IV.

1805 3652 1869 3727 C

1809 5027 1870 5100 D

1939 2270 2005 2331 (3)
2068 2270 2443 2333 Defunctarum
2511 2267 2703 2319 vultus.
2768 2267 2875 2319 Hic
2945 2271 3159 2318 tantum
3230 2268 3509 2318 antiotabo

1885 2355 1974 2392 me
2008 2341 2113 2392 hoc
2153 2341 2273 2392 loco
2301 2342 2385 2390 uti
2433 2340 2499 2390 ad
2536 2338 2873 2389 reddendam
2911 2339 3056 2389 hanc
3098 2352 3294 2389 vocem
3336 2338 3509 2389 Com—

1884 2411 2163 2475 modiano,
2211 2412 2357 2476 apud
2397 2425 2563 2475 quem
2594 2411 2959 2460 instructione
2979 2410 3028 2470 ‘3,
3068 2409 3307 2472 legitur:
3345 2428 3369 2452 «
3396 2410 3507 2459 De-

1886 2483 2106 2533 functos
2152 2483 2285 2533 deos
2331 2482 2581 2544 orabant,
2627 2496 2651 2529 ο
2700 2494 2796 2544 pro
2846 2493 2957 2544 quo
3010 2480 3278 2544 Rigaltius
3328 2481 3513 2543 posuit

1884 2556 2163 2604 morientes
2199 2555 2333 2604 deos.
2380 2553 2473 2604 Sic
2521 2554 2685 2603 etiam
2732 2552 3094 2601 instructione
3136 2550 3236 2600 20:
3285 2568 3313 2596 «
3362 2550 3512 2600 Ado-

1885 2626 2016 2675 ratis
2064 2626 2213 2676 enim
2261 2625 2411 2674 stulti
2465 2624 2612 2673 malo
2671 2622 2822 2673 letho
2890 2621 3196 2672 defunctos.
3247 2635 3277 2668 >
3326 2620 3511 2669 ΑΗΘνο

1886 2702 2069 2747 autem
2122 2697 2245 2747 haec
2298 2698 2419 2747 loca
2474 2693 2859 2746 Commodiani
2908 2697 3070 2756 prout
3130 2690 3405 2741 habentur
3455 2691 3512 2739 in

1884 2770 2057 2820 veteri
2112 2767 2303 2819 codice
2379 2782 2481 2817 ms.
2556 2767 2733 2816 sancti
2809 2765 3002 2815 Albini
3073 2763 3511 2828 Andegavensis.
3568 2812 3573 2825 ,

1884 2841 2096 2890 BALUZ.

1947 2912 2008 2972 (4)
2056 2912 2122 2960 Et
2171 2909 2522 2959 immolabant.
2568 2902 2794 2960 Veteres
2847 2909 3117 2959 editiones
3178 2912 3232 2959 et
3279 2907 3508 2973 quidam

1883 2982 2010 3032 libri
2039 2986 2250 3032 veteres
2278 2981 2484 3031 habent
2511 2996 2521 3029 :
2561 2982 2697 3032 Nam
2741 2986 2791 3029 et
2822 2978 3180 3029 immolabant.
3212 2980 3324 3029 Alii
3373 2980 3508 3029 sim-

1885 3054 2101 3118 pliciter
2137 3059 2182 3101 et
2222 3051 2609 3114 immolabant;
2654 3066 2822 3115 quam
2866 3052 3165 3100 lectionem
3223 3052 3397 3114 reperi
3450 3053 3505 3101 in

1886 3123 2208 3188 quindecim
2240 3122 2530 3174 codicibus
2560 3123 2819 3186 antiquis.
2849 3121 2953 3171 Ubi
2997 3120 3106 3170 duo
3140 3120 3264 3171 libri
3296 3127 3510 3174 veteres

1885 3194 2092 3244 habent
2142 3196 2298 3244 etiam
2348 3208 2445 3258 pro
2486 3198 2548 3242 et.
2595 3195 2714 3244 Non
2760 3193 3093 3257 placuerunt
3139 3192 3378 3241 Pamelio
3422 3193 3511 3245 has

1884 3266 2009 3316 dum
2038 3266 2322 3316 lectiones.
2351 3265 2595 3315 Praetulit
2637 3268 2821 3315 autem
2855 3277 2975 3315 eam
3018 3276 3187 3328 quam
3229 3263 3512 3315 invenisse

1885 3351 1943 3387 se
1978 3338 2053 3387 ait
2094 3335 2240 3401 apud
2278 3336 2542 3387 Gravium
2587 3341 2643 3386 et
2677 3335 3008 3396 Costerium,
3045 3338 3101 3384 et
3133 3334 3351 3397 scripsit
3388 3337 3515 3399 qui-

1886 3409 1977 3459 bus
2015 3411 2063 3458 et
2106 3407 2466 3458 immolabant.
2521 3406 2725 3458 Vemm
2775 3420 2969 3458 vocem
3016 3405 3201 3470 quibus
3251 3419 3352 3470 ego
3400 3420 3512 3458 non

1886 3479 1999 3529 vidi
2027 3480 2084 3528 in
2133 3477 2380 3528 editione
2423 3490 2550 3541 quae
2584 3477 2789 3527 dicitur
2818 3477 3006 3529 Gravii
3047 3489 3232 3541 neque
3272 3477 3328 3526 in
3359 3476 3518 3527 codi—

1886 3551 2045 3602 cibus
2068 3551 2471 3614 manuscriptis.
2504 3551 2714 3601 BALUZ.

1946 3624 2014 3687 (5)
2054 3622 2276 3672 Honore.
2331 3623 2412 3672 Ita
2458 3622 2724 3687 scriptum
2772 3621 2887 3672 vidi
2931 3621 2989 3670 in
3040 3620 3307 3672 tredecim
3359 3621 3514 3672 libris

1886 3695 2181 3746 veteribus.
2220 3694 2458 3756 Quidam
2492 3694 2585 3743 alii
2614 3693 2823 3744 habent
2857 3693 3081 3744 honores
3114 3694 3202 3743 vel
3242 3694 3509 3744 honorem.

1887 3766 2004 3830 Ego
2036 3766 2240 3815 retinui
2265 3766 2565 3816 lectionem
2610 3779 2737 3829 qua:
2768 3764 3014 3829 plurium
3060 3768 3305 3815 veterum
3348 3765 3513 3816 libro-

1887 3850 2010 3888 rum
2039 3836 2364 3887 auctoritate
2390 3837 2603 3896 nititur,
2630 3849 2757 3886 cum
2787 3835 3095 3900 praesertim
3115 3834 3223 3886 hoc
3248 3848 3511 3899 segmen-

1889 3912 2008 3959 tum
2034 3908 2341 3958 invenerim
2372 3908 2445 3956 ita
2479 3906 2805 3958 distinctum
2842 3908 2899 3955 in
2939 3906 3132 3956 codice
3166 3906 3508 3957 Tornacensi

1888 3980 2241 4031 bibliothecas
2292 3980 2456 4043 regias
2508 3983 2563 4030 et
2607 3980 2663 4028 in
2718 3979 3003 4040 Beccensi,
3054 3982 3173 4027 tum
3225 3980 3390 4029 etiam
3453 3980 3509 4029 in

1887 4053 2120 4103 Metensi
2149 4051 2328 4101 sancti
2360 4050 2650 4114 Arnulphi.
2689 4051 2899 4101 BALUZ.

1950 4124 2018 4185 (6)
2050 4121 2174 4171 Inde
2210 4122 2428 4185 posteris
2455 4134 2615 4171 sacra
2642 4120 2780 4183 facta
2820 4124 2958 4171 sunt.
2993 4118 3264 4170 Minutius
3308 4119 3464 4170 Felix
3494 4135 3506 4168 :

1890 4213 1916 4240 «
1948 4193 2214 4243 Similiter
2251 4206 2315 4243 ac
2350 4206 2481 4243 vero
2512 4206 2640 4257 erga
2690 4191 2823 4241 deos
2862 4203 3088 4255 quoque
3116 4192 3353 4252 majores
3383 4200 3513 4238 nos-

1889 4267 1956 4316 tri
1980 4264 2295 4329 improvidi,
2325 4264 2555 4327 creduli,
2587 4264 2711 4314 rudi
2742 4264 3097 4328 simplicitate
3136 4260 3512 4323 crediderunt,

1889 4336 2023 4387 dum
2049 4349 2204 4399 reges
2236 4348 2367 4385 suos
2397 4335 2589 4385 colunt
2610 4336 2884 4400 religiose,
2914 4334 3047 4384 dum
3087 4333 3383 4383 defunctos
3418 4345 3513 4383 eos

1891 4408 2207 4460 desiderant
2259 4408 2312 4456 in
2371 4407 2706 4471 imaginibus
2764 4406 2997 4467 videre,
3062 4405 3195 4454 dum
3269 4405 3516 4467 gestiunt

1891 4494 2080 4530 eorum
2132 4479 2428 4529 memorias
2473 4480 2529 4527 in
2588 4478 2784 4526 statuis
2839 4476 3105 4537 detinere,
3165 4488 3321 4524 sacra
3373 4476 3514 4524 facta

1890 4552 2114 4602 fuerunt
2131 4564 2256 4616 qum
2288 4551 2503 4600 fuerant
2524 4553 2802 4613 assumpta
2831 4547 3039 4597 solatia.
3064 4564 3091 4591 »
3117 4544 3257 4595 Vide
3279 4545 3516 4616 Fulgen-

1890 4625 2030 4673 tium
2078 4614 2408 4681 Placiadem,
2457 4619 2551 4668 lib.
2595 4633 2611 4667 ι
2660 4617 2963 4681 Mytholog.,
3006 4616 3101 4666 ubi
3139 4616 3248 4679 agit
3295 4614 3363 4665 de
3398 4615 3514 4665 ﬁlio

1891 4694 2230 4759 Syrophanis
2254 4691 2511 4757 Egyptii.
2540 4691 2750 4741 BALUZ.

1955 4756 2341 4828 (7)—Meticertes
2382 4767 2427 4812 et
2462 4760 2763 4811 Leucothea.
2803 4760 3060 4824 Hyginus
3094 4756 3201 4807 fab.
3236 4770 3270 4806 II
3307 4771 3317 4804 :
3348 4774 3375 4801 «
3416 4756 3513 4806 Ino

1893 4852 2021 4890 cum
2070 4836 2344 4887 Melicerte
2394 4833 2508 4883 ﬁlio
2553 4846 2655 4882 suo
2701 4833 2757 4881 in
2809 4844 2960 4881 mare
3007 4843 3067 4880 se
3110 4829 3513 4893 praecipitavit;

1894 4923 2062 4975 quam
2086 4908 2247 4958 Liber
2284 4905 2655 4956 Leucotheam
2686 4904 2861 4953 voluit
2889 4902 3154 4966 appellari
3186 4916 3197 4949 :
3249 4914 3367 4975 nos
3399 4914 3518 4949 ma-

1894 4973 2031 5032 trem
2082 4980 2343 5030 Matutam
2394 4978 2676 5027 dicimus:
2726 4976 3063 5026 Melicertam
3107 4976 3292 5022 autem
3338 4973 3516 5021 Deum

1894 5054 2284 5110 Palaemonem,
2317 5063 2484 5114 quem
2518 5062 2621 5098 nos
2650 5049 3009 5097 Portumnum
3053 5044 3312 5093 dicimus.
3347 5062 3371 5087 ››
3421 5042 3518 5091 lno

1894 5129 2081 5176 autem
2108 5123 2287 5173 Liberi
2312 5124 2428 5172 sive
2457 5120 2662 5172 Bacchi
2688 5120 2874 5168 nutrix
2916 5117 3160 5179 fingitur.
3200 5114 3357 5165 Adde
3389 5115 3522 5164 Lac-

1894 5197 2148 5256 tantium,
2176 5194 2271 5244 lib.
2306 5207 2340 5256 Ι,
2370 5207 2487 5257 cap.
2525 5192 2606 5251 21,
2640 5193 2774 5241 sect.
2812 5190 2892 5239 23.
2930 5189 3099 5239 Cum.

1954 5272 2019 5334 (8)
2078 5272 2334 5320 Castores.
2392 5268 2572 5331 Angli,
2632 5267 2729 5330 qui
2779 5267 2901 5328 post
2960 5262 3285 5334 Morelliumq
3318 5274 3519 5326 posue-

1897 5332 2023 5393 runt
2070 5343 2127 5391 in
2186 5354 2285 5390 sua
2336 5339 2576 5389 editione
2629 5339 2815 5388 Castor
2870 5340 2915 5385 et
2970 5333 3176 5394 Pollux,
3222 5332 3524 5383 admonent

1899 5413 2207 5477 oportuisse
2254 5410 2348 5460 hic
2392 5410 2583 5473 reponi
2635 5409 2893 5467 Castores,
2940 5407 2985 5456 si
3035 5405 3171 5454 tanti
3215 5408 3361 5477 esset
3408 5418 3523 5455 rem

1896 5476 2037 5536 levis
2079 5483 2345 5533 momenti
2389 5486 2620 5531 mutare.
2671 5480 2779 5531 Sed
2829 5479 2952 5529 haec
3002 5477 3140 5527 ratio
3190 5476 3399 5525 nullius
3447 5479 3527 5525 est

1896 5555 2183 5606 momenti.
2228 5553 2369 5603 Nam
2415 5556 2471 5602 et
2517 5551 2621 5615 ipsi
2664 5551 2853 5614 plures
2899 5547 3238 5597 mutationes
3278 5545 3529 5595 fecerunt

1898 5628 1955 5679 in
1981 5624 2242 5687 operibus
2283 5623 2462 5674 sancti
2491 5619 2755 5687 Cypriani
2795 5631 2921 5684 quas
2969 5630 3082 5667 non
3129 5619 3261 5665 sunt
3306 5616 3530 5687 majoris

1898 5684 2182 5756 momenti.
2234 5697 2352 5765 Ego
2398 5684 2552 5747 vero'
2579 5684 2815 5765 mutavi,
2868 5690 3000 5765 quia
3041 5691 3257 5765 oportet
3303 5684 3532 5765 red-dere

1901 5753 2182 5843 Cypriane
2213 5753 2314 5823 sua
2357 5767 2547 5832 verba,
2583 5768 2638 5816 et
2678 5764 2809 5830 quia
2857 5753 3007 5826 apud
3048 5757 3346 5810 Minatium
3388 5753 3535 5835 Feli-

3145 5856 3222 5918 19

3390 192 3491 247 586
3570 196 3575 205 “
