3998 6194
517 231 616 287 537
1352 195 1359 198 ’
1567 225 1876 283 CYPRlANl
1919 226 2094 282 orna

2245 224 2402 283 PARS
2442 227 2506 282 11.
2541 256 2609 266 --
2635 221 3002 283 OPUStZULA.
3742 238 3824 294 588

523 357 703 427 lapius
730 361 787 411 ut
816 357 873 411 in
907 358 1084 410 Deum
1119 360 1316 426 surgat
1337 356 1357 389 δ
1388 356 1729 411 fulminatur
1757 357 1853 426 (9).
1888 356 2156 410 Hercules
2179 376 2232 449 Α
2254 357 2425 411 Janus
2453 360 2749 428 exceperat
2773 359 2855 419 ἐς
2896 356 3088 431 568
3116 358 3185 412 de
3213 358 3368 428 cujus
3396 362 3615 415 nomine
3641 365 3829 422 lanicu-

526 459 585 507 ut
616 450 903 505 hominem
945 453 1117 503 exuat
1143 449 1328 505 (Eteis
1350 452 1371 483 δ
1414 451 1522 520 (10)
1572 450 1798 519 ignibus
1827 466 2149 503 concrema-
2256 451 2375 504 lum
2411 450 2621 505 dictum
2655 456 2760 517 est,
2795 455 2853 504 et
2900 453 3111 505 mensis
3140 453 3434 506 Januarius
3462 453 3724 510 institutus
3744 467 3827 515 est.

521 552 632 600 tur.
680 544 874 614 Apollo
906 543 1169 597 Admeti"
1202 558 1370 613 pecus
1404 543 1515 614 (11)
1566 544 1739 613 pavit.
1774 542 2149 598 Laomedonti
2255 543 2378 613 Ipse
2402 543 2616 598 bifrons
2639 543 2996 615 exprimitur,
3028 545 3204 616 quod,
3234 546 3290 599 in
3321 546 3500 600 medio
3518 550 3829 619 constitutus,

520 654 716 692 muros
735 637 1030 706 Neptunus
1058 635 1323 702 instituit,
1361 652 1464 690 nec
1494 637 1813 690 mercedem
1844 636 2034 705 operis
2062 636 2148 689 in-
2252 652 2464 690 annum
2494 636 2865 707 incipientem
2912 639 3128 709 pariter
3162 644 3219 692 et
3247 639 3587 694 recedentem
3617 650 3828 713 spectare

521 732 655 786 felix
697 734 938 786 structor
980 729 1210 799 accepit.
1233 731 1471 782 Antrum
1520 729 1673 783 Jovis
1728 729 1837 799 (12)
1882 730 1936 783 in
1987 730 2150 785 Creta
2253 729 2527 784 videatur.
2558 730 2738 784 Mauri
2770 748 2902 785 vero
2932 732 3229 787 manifeste
3261 748 3420 802 reges
3454 733 3693 789 colunt“5
3719 739 3827 808 (16),

519 825 719 879 visitur
747 826 765 857 ⁸
797 824 931 892 (13),
963 826 1018 877 et
1049 822 1418 893 sepulchrum
1453 822 1574 893 ejus
1614 822 1954 888 ostenditur,
1989 828 2045 876 et
2079 822 2148 876 ab
2250 839 2355 878 nec
2384 824 2498 877 ullo
2522 824 2858 881 velamento
2887 826 2995 879 hoc
3018 842 3229 881 nomen
3261 826 3542 881 obtexunt.

520 936 589 973 eo
618 919 924 973 Saturnum
956 917 1216 986 fugatum
1266 933 1385 968 esse
1415 915 1780 969 manifestum
1801 916 1822 948 9
1879 920 1982 969 est.
2011 916 2147 970 Inde
2321 917 2411 971 III.
2460 917 2591 972 Inde
2646 934 2747 988 per
2794 922 2992 990 gentes
3026 924 3081 973 et
3108 919 3425 989 provincias
3451 920 3684 992 singulas
3706 926 3832 981 varia

518 1012 739 1065 Latium
789 1011 856 1064 de
908 1010 1122 1063 latebra
1149 1010 1193 1042 ¹⁰
1226 1009 1337 1079 (1i)
1373 1008 1493 1079 ejus
1544 1025 1752 1062 nomen
1783 1009 2018 1079 accepit.
2053 1008 2148 1062 llic
2248 1010 2490 1065 deorum
2529 1010 2733 1080 religio
2783 1016 3057 1079 mutatur,
3107 1013 3241 1066 dum
3278 1028 3391 1067 non
3424 1029 3562 1067 unus
3589 1015 3652 1067 ab
3681 1018 3833 1071 omni-

520 1106 738 1160 litteras
780 1104 1129 1173 imprimere,
1177 1102 1267 1156 hic
1313 1103 1540 1172 signare
1570 1103 1610 1136 “
1655 1119 1920 1156 nummos
1952 1102 2061 1173 (15)
2089 1102 2143 1156 in
2247 1101 2355 1159 bus
2382 1104 2520 1158 deus
2566 1105 2791 1174 colitur,
2822 1105 2923 1159 sed
2953 1106 3177 1176 propria
3206 1107 3409 1177 cuique
3437 1107 3700 1177 majorum
3727 1126 3830 1165 suo-

517 1199 647 1252 talia
694 1197 912 1269 primus
972 1195 1218 1249 instituit
1260 1211 1272 1248 :
1327 1194 1455 1249 inde
1479 1195 1524 1228 ¹²
1603 1195 1872 1250 aerarium
1920 1195 2144 1250 Saturni
2250 1213 2375 1251 rum
2421 1198 2647 1252 cultura
2692 1201 2969 1253 servatur.
3024 1200 3133 1253 Hoc
3180 1198 3257 1253 ita
3298 1200 3606 1254 Alexander
3632 1201 3829 1269 Magnus

514 1297 767 1347 vocatur.
814 1291 880 1344 Et
924 1288 1244 1342 rusticitatis
1274 1287 1433 1341 hic‘3
1480 1288 1661 1342 cultor
1692 1288 1795 1341 fuit
1824 1307 1836 1342 :
1869 1288 2000 1343 inde
2040 1288 2147 1342 fal-
2246 1289 2455 1360 insigni
2503 1289 2790 1345 volumine
2839 1292 2912 1345 ad
2960 1299 3203 1346 matrem
3258 1309 3417 1346 suam
3472 1293 3651 1347 scribit
3699 1302 3828 1350 metu

514 1402 638 1441 cem
670 1385 854 1438 ferens
883 1398 1048 1435 senex
1069 1379 1323 1451 pingitur
1344 1381 1405 1434 ’⁵.
1430 1381 1586 1434 Hunc
1608 1381 1868 1451 fugatum
1898 1381 2145 1452 hospitio
2249 1398 2362 1437 suae
2416 1383 2706 1453 potestatis
2741 1384 3031 1455 proditum
3079 1385 3181 1439 sibi
3227 1385 3295 1440 de
3328 1385 3435 1440 diis
3472 1386 3576 1456 (17)
3619 1386 3830 1442 homini-

1886 1541 2097 1604 Variaa
2139 1542 2477 1605 lectiones.

580 1677 598 1707 5
630 1675 900 1736 Resurgat
945 1673 1159 1722 Gronov.
1227 1671 1246 1702 ⁶
1274 1670 1418 1721 (Etaa
1461 1672 1571 1720 Lin.
1609 1672 1727 1721 Tim.
1796 1671 1815 1704 7
1846 1671 2081 1721 Admeto
2120 1674 2333 1721 Gronov.
2369 1673 2545 1721 Routh.
2586 1688 2649 1722 ea:
2689 1688 2797 1722 nov.
2842 1674 2999 1723 Oxon.
3047 1676 3092 1735 1,
3139 1674 3185 1723 2.
3253 1674 3275 1709 ⁸
3302 1673 3531 1725 Videtur
3576 1676 3685 1724 Tha.
3714 1677 3828 1726 Fors.

514 1747 733 1797 Dicitur
763 1746 897 1793 Pem.
942 1742 1073 1789 Voss.
1110 1741 1158 1789 2.
1191 1741 1457 1790 Visitatur
1502 1742 1636 1790 Voss.
1673 1743 1719 1790 4.
1788 1742 2102 1803 9Fugatum
2143 1743 2499 1793 manifestum
2545 1746 2682 1793 Pem.
2724 1746 2855 1794 Voss.
2898 1745 2944 1793 2.
2997 1745 3117 1794 Thu.
3162 1746 3310 1795 Mirh.
3354 1747 3481 1794 Vict.
3552 1747 3586 1776 '°
3621 1746 3831 1795 Latebris

514 1821 650 1867 Pem.
689 1816 820 1862 Voss.
861 1815 906 1863 2.
981 1815 1017 1843 ¹¹
1049 1812 1119 1861 Et
1156 1812 1376 1875 signare
1424 1814 1637 1862 Gronov.
1710 1814 1747 1844 ¹²
1780 1813 1935 1863 Unde
1980 1814 2136 1862 Oxon.
2212 1813 2250 1847 ¹³
2277 1816 2414 1865 Nam
2458 1820 2511 1865 et
2552 1817 2879 1866 rusticitatis
2918 1816 3067 1864 Mich.
3124 1817 3245 1865 Vict.
3324 1819 3360 1848 '4
3393 1817 3588 1866 Ferens
3620 1817 3833 1879 pingitur

512 1889 654 1937 Lam.
688 1884 808 1932 Bod.
850 1884 897 1934 3.
941 1883 1072 1929 Voss.
1111 1882 1159 1931 2.
1196 1882 1334 1943 Spir.
1382 1883 1512 1929 Rem.
1562 1882 1633 1928 Er
1691 1884 1826 1931 Man.
1874 1885 2088 1933 Gronov.

2249 1887 2313 1935 th.
2354 1902 2416 1935 ea:
2466 1886 2584 1937 trib.
2628 1889 2783 1937 Oxon.
2821 1888 2960 1936 novis
3001 1890 3051 1936 et
3089 1885 3239 1935 duob.
3285 1888 3444 1937 Drur.
3498 1886 3610 1935 Tcw.
3655 1886 3828 1935 Mearm.

517 1962 555 1991 ’⁵
582 1956 815 2019 Excepit
845 1956 982 2003 Foss.
1015 1952 1168 2001 Mich.
1208 1953 1333 2001 Vict.
1368 1951 1545 2000 Linrln.
1619 1950 1658 1983 ’θ
1686 1952 1862 2018 Reges
1894 1968 2025 2004 suos
2055 1956 2247 2006 colunt
2275 1958 2465 2020 Rigalt.

1881 2107 2231 2172 Variorum
2262 2115 2457 2173 notae.

513 2258 741 2306 cem,ex
782 2257 891 2307 quo
937 2242 1246 2307 Cyprianus
1272 2242 1551 2305 accepisse
1595 2242 1831 2305 videtur,
1864 2246 2133 2307 scriptum
2162 2261 2214 2310 η
2301 2246 2399 2308 (ll)
2454 2246 2653 2296 Admeti
2708 2260 2877 2310 pecus.
2931 2245 3095 2309 Apud
3144 2244 3636 2306 Commodianum,
3694 2247 3831 2306 prout

511 2322 595 2369 est
621 2332 631 2365 :
660 2333 689 2364 «
728 2315 985 2366 Castores
1018 2314 1242 2362 alternis
1285 2316 1599 2363 moriuntur
1628 2318 1690 2363 ut
1736 2316 1941 2363 vivant.
1985 2334 2012 2359 »
2057 2317 2137 2364 Ita
2162 2314 2214 2331 υ
2247 2316 2431 2366 editus
2460 2320 2542 2365 est
2572 2331 2601 2366 a
2628 2317 2885 2381 Rigaltio,
2924 2317 3122 2380 legitur
3159 2317 3415 2366 instruct.
3450 2317 3499 2365 11
3536 2330 3547 2363 :
3583 2334 3609 2360 «
3639 2314 3830 2363 Admeti

512 2391 675 2441 etiam
708 2387 971 2449 scriptum
1004 2388 1089 2434 est
1127 2385 1181 2433 in
1222 2384 1484 2433 omnibus
1528 2384 1683 2434 libris
1722 2386 2002 2436 veteribus
2030 2391 2138 2436 tam
2243 2401 2466 2451 quoque
2506 2401 2704 2450 pecora
2747 2390 2964 2452 pavisse
3005 2389 3191 2437 fertur.
3226 2405 3252 2431 ››
3286 2388 3358 2436 At
3407 2388 3459 2435 in
3504 2386 3634 2434 libro
3680 2386 3829 2433 sancti

512 2459 715 2509 nostris
759 2471 924 2520 quam
969 2456 1308 2519 Anglicanis,
1366 2468 1478 2504 uno
1526 2460 1756 2519 excepto
1792 2456 2141 2519 Carnotensi,
2242 2460 2431 2509 Albini
2458 2460 2727 2523 scriptum
2765 2463 2850 2510 est
2888 2474 2922 2508 a
2948 2460 3186 2522 primitia
3221 2472 3319 2522 pro
3360 2459 3578 2508 Admeti.
3610 2456 3827 2515 Ovidius,

512 2533 608 2596 qui
662 2529 831 2579 habet
877 2532 939 2576 ut
986 2526 1154 2576 editio
1186 2526 1435 2575 Morellii.
1482 2526 1551 2575 Et
1594 2540 1722 2577 cum
1769 2532 2025 2591 ageretur
2071 2528 2140 2578 de
2241 2530 2335 2580 lib.
2369 2544 2424 2591 ιι,
2450 2530 2512 2580 de
2535 2535 2657 2580 Arte
2678 2531 2911 2580 Amandi
2941 2544 2958 2579 :

513 2598 1286 2693 ῗῗδξθίῖθὲῗῗηδὶἓῖ¹.⁸“η⁰η2³(
1313 2600 1950 2693 ιῗῗὲίῗῖζίὲίθλξῗξῗῖῗῖθ
1974 2599 2143 2693 ΒΡΪῩΣ
2336 2630 2586 2693 Cynthius
2611 2629 2819 2680 Admeti
2855 2643 3040 2680 vaccas
3065 2634 3266 2693 pavisse
3292 2643 3391 2692 per
3409 2632 3559 2678 astus

582 2687 656 2721 ιιι.
696 2682 923 2721 necesse
975 2672 1091 2717 erat
1141 2680 1263 2716 eam
1313 2667 1612 2718 lectionem
1665 2682 1922 2719 revocare
1973 2684 2140 2721 quam

1560 2682 1612 2717 m
1665 2682 1858 2719 revoca
1867 2683 1922 2719 re
1973 2684 2140 2721 quam
2338 2667 2461 2721 ν”.ξζ
2470 2667 2585 2721 If:
2611 2667 2835 2721 1“.“ΞῙ”Ῐ⁸.
2843 2667 3044 2721 _'.f'_"3".".
3054 2667 3139 2721 31f:

513 2687 656 2734 rum,
696 2684 923 2721 necesse
975 2684 1091 2717 erat
1141 2684 1263 2716 eam
1314 2684 1612 2718 iecuonem
1665 2684 1922 2719 revocare
1973 2684 2091 2732 quat

512 2745 627 2793 fere
674 2754 869 2791 omnes
912 2739 1038 2788 libri
1072 2738 1436 2801 manuscripti
1480 2738 1708 2789 habent.
1759 2741 2004 2789 Annotat
2036 2742 2091 2790 D1

2034 2684 2141 2791 Ἐξ
2374 2684 2580 2750 Ῥοτῑιιγ
2608 2705 2659 2750 et
2692 2702 2745 2750 in
2775 2715 2935 2766 parva
2962 2684 3229 2750 delituisse
3259 2684 3398 2750 casa.
3437 2702 3613 2750 BALUZ.

514 2815 758 2872 Cassius,
793 2812 886 2861 lib.
933 2822 1161 2868 xxxv“,
1204 2810 1475 2872 templum
1519 2808 1759 2860 Castoris
1801 2814 1854 2861 et
1902 2811 2142 2862 Pollucis
2306 2807 2403 2870 (1'2)
2432 2811 2655 2857 Antrum
2691 2808 2856 2859 Jovis.
2906 2809 3176 2859 Minutius
3218 2807 3377 2858 Felix
3412 2823 3423 2857 :
3455 2825 3484 2855 «
3524 2806 3712 2857 Adhuc
3748 2818 3827 2854 an-

516 2885 665 2950 quod
701 2884 893 2933 Romm
943 2884 1059 2930 erat
1110 2880 1282 2928 solius
1331 2880 1571 2930 Castoris
1612 2881 1720 2931 dici
1765 2884 2137 2933 consuevisse.
2242 2882 2385 2927 trum
2431 2880 2585 2928 Jovis
2622 2881 2818 2929 visitur
2856 2884 2910 2930 et
2944 2880 3260 2944 sepulcrum
3307 2883 3429 2943 ejus
3472 2879 3827 2930 ostenditur.»

513 2958 653 3006 Vide
684 2952 1072 3004 adnotationes
1101 2951 1317 3000 Erasmi
1356 2953 1411 2999 in
1452 2955 1614 3015 caput
1646 2965 1830 3005 xxvm
1867 2956 2137 3004 Actorum.
2243 2951 2527 3014 Virgilius,
2575 2952 2669 3001 lib.
2719 2966 2775 3004 ιν
2822 2954 3106 3015 Georgicon
3132 2966 3148 3001 :
3173 2969 3203 2999 α
3250 2953 3464 3002 Dictmo
3510 2951 3631 3002 οωιὶ
3670 2962 3826 3014 regem

511 3030 723 3079 BALUZ.
2241 3036 2441 3086 pavere
2476 3023 2582 3073 sub
2616 3027 2791 3073 antro.
2819 3040 2848 3071 »
2878 3023 3058 3083 Ovid,
3098 3023 3192 3073 lib.
3234 3036 3290 3072 ιιι
3319 3025 3585 3082 Amorum,
3611 3021 3735 3084 eleg.
3764 3021 3824 3070 9:

574 3100 643 3161 (9)
704 3093 1041 3157 .rEsculapius
1100 3092 1436 3155 fulminatur.
1494 3093 1815 3144 Lactantius
1843 3132 1855 3156 ,
1924 3096 2020 3145 lib.
2089 3110 2139 3157 ι,
2241 3111 2270 3143 α
2302 3095 2492 3145 Cretes
2522 3096 2730 3145 nutrito
2778 3098 2919 3145 terra
2956 3095 3195 3159 superba
3234 3096 3445 3145 Jove.»
3486 3094 3619 3144 Vide
3656 3093 3827 3142 Hiero-

513 3184 631 3233 cap.
685 3169 759 3227 10,
810 3166 1043 3229 loquens
1074 3165 1142 3213 de
1186 3164 1524 3227 Esculapio,
1566 3180 1599 3213 α
1650 3168 1754 3214 Deo
1803 3170 1991 3216 meruit
2041 3167 2144 3230 ful-
2241 3180 2470 3229 nymum
2539 3166 2594 3214 in
2661 3172 2827 3229 caput
2892 3167 3131 3230 primum
3200 3165 3465 3229 Epistolm
3530 3164 3598 3212 ad
3669 3163 3824 3213 Titum.

515 3240 729 3289 minari.
765 3238 976 3287 Plinius
1022 3236 1115 3286 lib.
1156 3248 1324 3294 xxxx,
1366 3249 1486 3299 cap.
1520 3238 1565 3297 1,
1605 3238 1798 3288 scribit
1832 3240 1987 3289 illum
2034 3239 2137 3289 ful-
2241 3237 2451 3288 BALUZ.

514 3314 662 3363 mine
714 3311 901 3365 ictum,
953 3306 1647 3369 quoniam,Tyndaridam
1708 3316 2016 3360 revocasset
2070 3311 2140 3360 ad
2305 3312 2403 3370 (13)
2458 3309 2671 3358 Visitur.
2721 3308 2885 3372 Apud
2932 3308 3207 3371 Angelum
3259 3308 3609 3368 Politianum,
3634 3320 3740 3369 cap.
3778 3304 3828 3353 3t

512 3385 701 3433 vitam.
735 3378 1026 3429 Cornelius
1060 3375 1257 3426 Celsus
1298 3377 1352 3425 in
1396 3378 1662 3439 prommio
1694 3378 1960 3430 librorum
2004 3395 2140 3431 suo—
2241 3379 2711 3437 Misceltaueot'um,
2743 3381 3010 3443 scriptum
3039 3385 3123 3429 est
3143 3382 3386 3429 mittitur.
3419 3381 3623 3430 BALUZ.

516 3467 636 3503 rum
669 3451 731 3499 de
768 3451 833 3497 Rc
865 3448 1064 3496 nzedira
1108 3447 1182 3496 ait
1210 3447 1586 3510 Esculapium
1623 3450 1853 3499 relatum
1900 3451 1954 3499 in
2002 3451 2140 3502 deo—
2304 3453 2399 3512 (11)
2430 3452 2637 3501 Latium
2675 3451 2738 3499 de
2777 3450 2999 3501 latebra.
3049 3451 3321 3500 Minutius
3363 3450 3517 3500 Felix
3552 3464 3563 3497 :
3593 3466 3620 3498 α
3664 3448 3827 3510 Itaque

517 3539 637 3575 rum
669 3532 988 3580 numerum,
1021 3519 1150 3582 quia
1182 3517 1327 3567 hanc
1366 3520 1651 3570 scientiam
1688 3520 1879 3571 rudem
1919 3528 1973 3572 et
2017 3524 2138 3573 vul—
2240 3522 2503 3573 latebram
2555 3535 2729 3578 suam,
2757 3522 2906 3586 quod
2956 3525 3073 3572 tuto
3115 3522 3389 3579 latuisset,
3437 3520 3615 3570 vocari
3661 3518 3829 3568 maluit

514 3606 701 3660 garem
763 3589 930 3654 paulo
983 3588 1244 3638 subtilius
1310 3591 1581 3660 exposuit.
1643 3592 2016 3643 Tertullianus
2083 3594 2136 3643 in
2163 3634 2212 3660 η
2244 3593 2475 3643 Latium.
2511 3614 2537 3639 »
2575 3593 2854 3658 Virgilius,
2887 3593 2981 3643 lib.
3012 3606 3110 3644 VIII
3140 3593 3399 3643 (Eneirtos
3422 3607 3439 3640 :
3470 3610 3498 3638 «
3535 3592 3826 3653 Latiumque

515 3634 845 3730 ipologetico
881 3659 1073 3710 scribit
1118 3659 1275 3708 illum
1320 3634 1544 3722 [uimine
1584 3663 1927 3724 vindicatum,
1960 3665 2013 3714 id
2055 3671 2137 3715 est
2160 3634 2213 3707 Ο
2241 3666 2425 3715 vocari
2459 3634 2783 3715 maluitohis
2814 3634 3077 3728 quoniam
3105 3665 3359 3713 latuisset
3405 3668 3554 3714 tutus
3586 3664 3636 3712 in
3673 3634 3780 3710 oris.
3805 3676 3827 3702 ν

514 3738 680 3787 deum
727 3734 951 3783 factum.
1005 3731 1140 3781 Haec
1194 3731 1342 3781 enim
1386 3732 1569 3794 lectio,
1623 3748 1790 3798 quam
1843 3736 2141 3797 prwterunt
2242 3734 2487 3796 Ovidius,
2516 3737 2610 3787 lib.
2650 3737 2978 3786 IFastorum
3005 3752 3023 3784 .·
3059 3754 3085 3779 ‹‹
3123 3736 3284 3786 Dicta
3332 3736 3438 3785 fuit
3476 3734 3681 3783 Latium
3709 3735 3826 3780 terra

515 3808 784 3859 editiones
835 3802 990 3853 Beati
1036 3802 1289 3853 Rhenani
1333 3806 1389 3852 et
1441 3803 1688 3863 Pamelti,
1742 3805 1879 3855 mihi
1928 3806 2142 3856 videtur
2240 3807 2446 3857 latente
2476 3807 2596 3857 deo.
2629 3822 2658 3854 »
2684 3808 2825 3857 Vide
2854 3807 3221 3866 Lactantium,
3252 3805 3349 3855 lib.
3383 3820 3422 3871 ι,
3458 3818 3581 3868 cap.
3614 3803 3678 3853 i3.
3705 3801 3826 3851 Hinc

515 3892 637 3931 esse
661 3876 856 3927 melior
890 3888 1057 3938 quam
1102 3886 1166 3923 ea
1208 3887 1335 3937 quae
1378 3873 1548 3925 habet
1577 3875 1899 3939 Iudicatum.
1928 3877 2140 3928 Eodem
2241 3879 2400 3929 collis
2427 3878 2656 3928 Latiaris
2690 3878 2837 3942 apud
2879 3878 3172 3939 Varonem,
3200 3876 3296 3927 lib.
3343 3889 3402 3936 ν.
3428 3876 3490 3926 de
3518 3876 3709 3938 Lingua
3737 3873 3826 3921 La-

511 3964 681 4002 sensu
711 3947 927 3997 Plinius
961 3946 1016 3994 in
1044 3946 1367 4008 Panegyrico
1407 3947 1482 3995 ait
1514 3947 1749 3997 Nervam
1792 3962 1822 3997 a
1852 3948 1958 3998 diis
1997 3951 2139 4000 coelo
2238 3952 2366 3999 tina.
2401 3951 2609 4001 BALUZ.

512 4022 874 4073 vindicatum.
939 4016 1033 4067 Sic
1080 4016 1334 4079 Optatus,
1391 4017 1484 4066 lib.
1538 4031 1573 4078 ι,
1627 4022 1787 4069 vocat
1842 4023 2139 4084 martyrem
2305 4022 2398 4083 (15)
2437 4022 2529 4070 Hic
2560 4021 2756 4070 litteras
2799 4021 3114 4085 imprimere,
3156 4022 3380 4084 signare
3417 4031 3663 4069 nummos.
3706 4017 3824 4065 Puta

508 4093 868 4150 vindicatum,
901 4088 955 4137 id
994 4091 1077 4137 est
1118 4088 1528 4150 canonizatum,
1560 4092 1619 4138 ut
1648 4095 1959 4153 temporum
2008 4106 2138 4142 nos-
2240 4105 2369 4141 vero
2414 4094 2582 4153 saxis,
2636 4092 2991 4153 membranis,
3038 4092 3340 4143 corticibus
3384 4090 3712 4153 impressisse
3752 4087 3823 4134 lit-

514 4171 723 4217 trorum
780 4159 949 4210 verbo
996 4163 1254 4220 utamur,
1299 4172 1426 4208 eum
1472 4174 1639 4223 quem
1696 4162 1988 4211 constabat
2041 4177 2139 4226 pro
2244 4166 2404 4212 teras.
2444 4162 2609 4212 CELL.
2658 4163 2826 4214 Gron.
2864 4167 2914 4211 ct
2956 4164 3186 4226 signare.
3234 4162 3516 4212 LINDNER.
3544 4186 3597 4195 —
3625 4160 3708 4207 Hic
3736 4158 3826 4217 sty-

514 4237 741 4287 nomine
776 4232 982 4282 Christi
1011 4235 1281 4279 tormenta
1313 4243 1635 4293 perpessum
1670 4238 1723 4282 et
1750 4238 1979 4283 mortem
2007 4235 2139 4285 sub-
2241 4248 2388 4283 Imre.
2437 4234 2832 4292 Tertullianus,
2876 4235 2932 4283 in
2977 4234 3304 4297 Apologetico
3333 4250 3349 4281 :
3396 4252 3425 4277 «
3464 4232 3547 4281 Ab
3588 4232 3696 4294 ipso
3734 4228 3825 4292 pri-

513 4311 645 4358 iisse
714 4304 879 4355 ALud
930 4306 984 4352 in
1038 4302 1179 4352 libro
1224 4302 1287 4351 de
1317 4304 1514 4367 Lupsis,
1558 4318 1676 4368 pag.
1714 4307 1820 4364 187,
1866 4308 2139 4369 signiﬁcat
2243 4319 2392 4354 mum
2426 4305 2629 4355 tabula:
2660 4309 2714 4355 et
2755 4306 2994 4369 imagine
3035 4306 3287 4368 signatus
3332 4316 3606 4363 nummus,
3637 4306 3685 4351 et
3720 4297 3827 4348 inde

512 4394 622 4429 vox
676 4376 1005 4435 vindicatur,
1065 4378 1127 4422 ut
1192 4374 1306 4422 illic
1372 4373 1647 4424 adnotavi.
1717 4377 1901 4426 Passio
1962 4380 2137 4428 sancti
2241 4378 2432 4426 aerario
2460 4377 2789 4438 prmsidet.»
2827 4377 2967 4426 Vide
2990 4382 3146 4425 notas
3177 4376 3425 4426 Pamelii.
3459 4377 3657 4425 BALUZ.

514 4449 749 4513 Philippi
782 4446 1025 4510 episcopi
1054 4445 1108 4493 in
1140 4449 1289 4494 tomo
1314 4445 1387 4493 ιν
1412 4445 1780 4496 Analectorum
1812 4448 2136 4507 Mabillonii,
2301 4452 2396 4509 (Hi)
2430 4449 2611 4497 Mauri
2638 4461 2783 4510 rcges
2813 4446 3003 4496 colunt.
3039 4446 3417 4496 Tertullianus
3444 4447 3499 4495 in
3535 4441 3824 4507 Apologetico

511 4537 634 4585 pag.
680 4519 769 4569 1.10
798 4534 808 4566 :
842 4537 867 4561 «
897 4517 1216 4580 Scolapium
1249 4515 1522 4565 medicum
1550 4517 1604 4565 in
1650 4522 1835 4567 monte
1874 4518 2137 4583 Cynusu-
2239 4521 2314 4569 ait
2344 4520 2686 4569 Mauritania:
2716 4519 2933 4581 regulos
2954 4533 2980 4567 a
3010 4520 3230 4582 populis
3251 4520 3355 4568 coli
3381 4522 3442 4567 ut
3462 4517 3609 4572 deos,
3631 4514 3823 4585 Lactant

508 4580 659 4642 ridbs
708 4589 1066 4639 fulminalum
1114 4588 1593 4637 consecrationem
1636 4590 1831 4639 mereri
1879 4580 2134 4654 avgenti-
2242 4593 2367 4649 tius,
2401 4590 2494 4639 lib.
2525 4604 2559 4649 ι,
2593 4604 2712 4653 cap.
2751 4592 2806 4638 18
2839 4604 2850 4637 :
2887 4609 2914 4634 «
2963 4580 3099 4640 Hacv
3129 4591 3345 4640 scilicet
3378 4590 3588 4638 ratione
3624 4580 3826 4635 Romani

507 4664 613 4715 bus
644 4663 789 4712 fecit.
821 4682 846 4705 »
876 4659 1020 4709 Vide
1047 4658 1267 4721 Lylium
1300 4658 1631 4719 Gregorium
1663 4658 1969 4723 Gyraldum
2005 4663 2138 4725 Syn—
2238 4661 2488 4712 Cmsares
2518 4673 2648 4710 suos
2677 4665 3149 4712 consecraverunt
3178 4664 3234 4710 et
3261 4661 3437 4710 Mauri
3463 4671 3616 4723 reges
3647 4665 3775 4704 suos.
3800 4666 3825 4695 >>

507 4739 738 4798 tagmata
764 4744 841 4782 xu
872 4733 1117 4782 Historiae
1149 4732 1393 4779 Deorum.
1434 4731 1644 4781 BALUZ.
2240 4734 2506 4782 Minatius
2522 4732 2678 4782 Felix
2707 4748 2717 4781 :
2742 4749 2773 4782 α
2801 4731 2945 4782 Juba
2976 4732 3183 4782 Mauris
3210 4731 3530 4781 volentibus
3553 4730 3681 4778 deus
3700 4726 3782 4798 est.
3800 4739 3822 4765 ι)

568 4795 665 4869 (10)
696 4806 885 4856 (Eleis.
920 4804 1127 4853 Novem
1158 4801 1283 4851 libri
1316 4807 1531 4852 veteres
1572 4804 1872 4867 praferunt
1898 4804 2134 4856 (vitineis.
2238 4805 2493 4854 Valerius
2531 4804 2805 4854 Maximus
2839 4804 2894 4853 in
2938 4804 3297 4867 praefatione:
3332 4819 3361 4851 «
3402 4802 3659 4865 Reliquos
3697 4795 3821 4869 enim

505 4864 688 4942 Atque
724 4878 796 4925 ita
834 4876 945 4925 t‘cre
970 4875 1239 4936 scriptum
1278 4879 1363 4924 est
1405 4864 1902 4937 apud'Arnobium
1949 4876 2001 4924 in
2036 4890 2136 4926 co-
2238 4876 2373 4927 deos
2398 4877 2733 4938 accepimus,
2762 4864 3008 4927 Ciesares
3034 4876 3333 4925 fecimus.»
3364 4864 3718 4926 Herodianus,
3742 4864 3820 4913 lib.

505 4950 628 4999 dice
660 4949 825 5010 regio.
860 4946 1130 5008 Quamvis
1170 4948 1354 4996 autem
1400 4960 1510 4995 non
1551 4946 1797 4996 dubitem
1839 4947 1972 5009 quin
2013 4946 2202 5010 haac_
2238 4960 2313 5003 ιν,
2346 4948 2423 4996 ait
2451 4947 2621 4995 moris
2662 4960 2785 4996 esse
2830 4947 3093 4996 Romanis
3136 4958 3460 4996 consecrare
3502 4942 3821 5005 imperatores

502 5023 667 5073 lectio
708 5001 842 5071 falsa
879 5001 982 5079 ‘sit,
1029 5023 1161 5083 puto
1210 5024 1393 5070 tamen
1439 5020 1575 5069 mihi
1630 5021 1794 5070 licere
1847 5001 1908 5070 ea
1959 5022 2037 5070 uti
2077 5001 2334 5083 uthui
2360 5018 2751 5081 superstitibus
2781 5017 2912 5067 ﬁliis
2948 5019 3033 5067 vel
3072 5017 3491 5068 successoribus
3522 5001 3821 5083 moriuntur,

504 5094 798 5144 emendem
848 5081 1045 5142 locum
1088 5091 1313 5140 Paciani
1352 5092 1408 5140 in
1459 5090 1598 5140 libro
1645 5093 1708 5141 de
1752 5092 2132 5152 Ptrnitentibus,
2236 5081 2444 5153 eosque
2470 5090 2566 5154 qui
2596 5094 2721 5139 sunt
2750 5090 2858 5140 hoc
2886 5089 3095 5140 honore
3126 5088 3309 5139 aﬂ‘ecti
3340 5088 3450 5138 dici
3484 5085 3675 5136 relatos
3700 5081 3820 5129 inter

500 5167 558 5215 in
607 5179 719 5228 quo
763 5163 1014 5227 legitur:
1067 5181 1093 5207 ‹‹
1139 5162 1390 5212 Estuant
1442 5162 1732 5212 indefessis
1784 5162 2074 5212 ﬂammaru

1076 5181 1093 5207 κ
1139 5162 1390 5212 Estuant
1442 5162 1732 5212 indefessis
1784 5162 2132 5212 ﬂammarum
2235 5161 2407 5211 divos.
2446 5162 2655 5211 BALUZ.

498 5219 740 5301 globulis
790 5219 951 5285 Etna
1002 5238 1058 5284 et
1115 5233 1469 5283 Licaniculus
1529 5237 1584 5282 et
1639 5233 1920 5283 Vesuvius
1967 5234 2131 5284 Cam-
2296 5235 2393 5295 (17)
2428 5234 2501 5281 De
2524 5233 2643 5283 diis.
2675 5231 2783 5282 Hic
2826 5230 2984 5281 locus
3027 5229 3269 5280 multum
3313 5228 3461 5278 varie
3499 5230 3552 5301 et
3585 5219 3817 5301 implicita

498 5293 697 5370 panus.
730 5322 757 5352 ››
794 5308 865 5355 At
894 5307 950 5353 in
978 5304 1151 5355 veteri
1181 5304 1322 5353 libro
1357 5303 1667 5355 Carthusiaa
1707 5306 1928 5369 majoris
1952 5307 2129 5370 scrip-
2230 5293 2496 5368 scriptum
2545 5308 2627 5354 est
2674 5304 2728 5352 in
2774 5301 3186 5365 exemplaribus
3215 5302 3473 5364 antiquis.
3506 5299 3575 5370 In
3607 5293 3818 5370 editione

496 5361 612 5428 tum
645 5381 727 5427 est
756 5392 767 5425 :
795 5394 822 5424 «
852 5376 1050 5425 Ethna
1096 5375 1319 5425 Siculus
1340 5380 1404 5425 et
1440 5376 1688 5425 Vesevus
1734 5361 2080 5439 Cdmpanus.‘
2102 5396 2127 5421 ν)
2230 5361 2359 5439 (ιιιεὲ
2391 5374 2594 5424 dicitur
2624 5374 2809 5425 Gravii
2836 5361 3036 5437 legitur
3062 5372 3126 5422 de
3165 5372 3246 5423 his
3278 5361 3531 5428 omnibus,
3562 5368 3614 5416 in
3636 5361 3819 5439 codice

497 5449 685 5498 Recte.
722 5448 939 5511 Quippe
981 5446 1183 5497 Ethna
1227 5451 1313 5496 est
1356 5447 1410 5495 in
1451 5446 1659 5507 Sicilia,
1693 5452 1746 5497 et
1776 5430 2035 5497 Vesuvus
2069 5448 2125 5497 in
2228 5430 2405 5496 sancti
2454 5445 2617 5509 Eligii
2657 5430 3057 5495 Attrebatensis
3103 5444 3171 5493 ab
3211 5443 3292 5493 his
3333 5440 3584 5497 omnibus,
3631 5430 3817 5511 inlitt-

498 5508 931 5583 Campaniafﬁe
960 5518 1200 5568 Hercule
1229 5522 1425 5568 exusto
1460 5516 1584 5567 vide
1614 5518 1909 5568 Frontonis
1933 5520 2125 5569 Ducaei
2225 5518 2404 5578 xensi,
2457 5508 2789 5574 Turonensi,
2848 5515 3189 5575 Corbeiensi,
3257 5512 3613 5584 Lamoniano,
3663 5508 3711 5555 et
3763 5508 3815 5584 tu

496 5580 656 5642 notas
685 5593 740 5641 in
771 5590 942 5641 libros
984 5588 1277 5653 Theophili
1319 5587 1655 5641 Antiocheni
1693 5591 1763 5641 ad
1793 5590 2122 5655 Autolycum.
2226 5586 2562 5638 editionibus
2602 5589 2829 5638 Manutii
2855 5592 2910 5639 et
2949 5587 3200 5643 Morellii,
3229 5589 3345 5636 tum
3388 5584 3546 5634 etiam
3590 5580 3642 5655 in
3673 5580 3815 5655 varii?

493 5663 710 5714 Festiva
759 5666 812 5713 et
853 5662 1077 5725 elegans
1119 5648 1201 5711 e-st
1248 5660 1476 5711 historia
1516 5661 1774 5713 Herculis
1817 5648 2122 5712 Sutfectani
2223 5660 2557 5710 lectionibus
2608 5660 2800 5722 positis
2856 5659 2913 5709 in
2974 5659 3221 5723 margine
3276 5656 3401 5707 libri
3447 5664 3555 5725 quo
3599 5648 3811 5725 Grylli}?

493 5711 823 5799 inWEpiStnla
860 5711 1156 5796 Augustini
1194 5732 1261 5784 ad
1297 5733 1449 5784 cives
1486 5711 1719 5784 coloniae
1765 5711 2121 5785 suffectanas.
2223 5745 2357 5781 usus
2405 5734 2540 5793 erat,
2583 5711 2645 5780 (Ιέ
2686 5730 2789 5781 diis
2838 5711 3156 5789 homiiiibtis,
3194 5731 3249 5779 in
3300 5711 3596 5799 Sorba-nico
3627 5715 3703 5799 ’σὺ

491 5790 703 5862 ΒΑιῦΖ.
952 5790 978 5796 ⁷
2221 5790 2537 5867 hominibus,
2580 5803 2635 5853 in
2682 5815 2796 5853 uno
2844 5802 3016 5869 regio,
3043 5802 3099 5852 in
3142 5800 3393 5867 Thuano,
3423 5796 3582 5850 etiam
3624 5790 3676 5842 in
3715 5793 3810 5840 uno
