3998 6194
152 261 232 311 589

146 385 228 437 bus
247 401 276 436 a
297 384 576 438 sacerdote
605 390 910 451 secretum,
943 383 1134 457 569
1162 385 1315 455 quod
1345 385 1629 453 majorum
1662 390 1720 439 et

145 494 312 545 regum
356 478 621 532 memoria
663 484 883 534 servata
926 480 999 533 sit
1040 483 1168 549 (l8),
1215 479 1348 533 inde
1395 480 1614 533 colendi
1665 484 1721 533 et

141 570 443 625 sacriﬁcandi
490 571 625 626 ritus
657 569 699 607 ¹⁷
737 573 1054 628 inoleverit.
1086 574 1140 629 Si
1181 578 1374 629 autem
1405 574 1717 645 aliquando

139 664 196 718 dii
235 664 339 717 nati
367 670 498 719 sunt
540 666 669 737 (l9),
717 683 816 721 cur
860 684 971 721 non
1018 667 1307 739 hodieque
1355 668 1719 723 nascuntur?

139 757 221 811 nisi
258 758 299 811 si
344 758 489 813 forte
515 759 731 830 Jupiter
772 760 960 816 senuit
986 759 1119 832 (20),
1172 764 1271 816 aut
1311 763 1507 832 partus
1538 761 1595 815 in
1623 764 1719 819 Ju-

137 867 260 905 none
287 851 513 907 defecit.

190 1045 259 1099 IV.
289 1047 394 1103 Cur
423 1062 554 1101 vero
580 1043 715 1099 deos
744 1047 906 1116 putas
930 1061 1031 1115 pro
1059 1043 1334 1099 Romanis
1362 1060 1548 1115 posse,
1578 1060 1721 1115 quos

130 1151 290 1205 videas
311 1148 355 1181 ¹⁸
386 1142 525 1199 nihil
562 1157 663 1212 pro
692 1139 807 1193 suis
838 1139 966 1207 (2|),
1015 1138 1288 1193 adversus
1327 1154 1525 1192 eorum
1557 1154 1720 1191 arma

1233 254 1428 313 LIBER
1470 255 1560 311 DE
1597 253 1942 312 lDOLORUM
1986 256 2329 313 VANITATE.

3350 262 3451 313 590

1824 384 2061 439 valuisse
2082 386 2108 438 ?
2141 387 2525 439 Romanorum
2561 386 2603 419 ‘9
2634 385 2790 439 enim
2821 387 3150 440 vernaculos
3174 388 3307 441 deos
3337 388 3448 459 (22)

1821 479 2106 534 novimus.
2170 477 2359 550 570
2410 481 2499 533 list
2556 480 2827 533 Romulus
2876 481 3167 551 pejerante
3216 484 3449 536 Proculo

1824 574 1964 628 deus
2005 573 2202 634 factus,
2252 577 2308 625 et
2373 572 2529 625 Picus
2576 574 2704 641 (23),
2764 580 2819 625 et
2870 574 3183 638 Tiberinus,
3242 583 3297 629 et
3356 576 3447 630 l‘i-

1821 667 2070 732 lumnus,
2105 671 2159 721 et
2183 669 2418 732 Consus,
2448 683 2617 736 quem
2642 666 2815 719 Deum
2848 667 3068 721 fraudis
3095 668 3181 721 vel
3220 672 3278 722 ut
3319 686 3453 725 ron-

1821 761 2080 816 siliorum
2113 760 2286 814 deum
2316 760 2448 829 (2i),
2479 759 2584 813 coli
2639 760 2907 813 Romulus
2939 762 3114 816 voluit
3144 766 3443 833 postquam

1822 855 1878 909 in
1900 858 2127 924 raptum
2145 853 2485 907 Sabinarum
2510 852 2739 924 perﬁdia
2762 854 3022 923 provenit
3042 855 3089 887 ²⁰
3111 857 3239 925 (25).
3272 856 3443 910 Deam

1824 964 2051 1019 quoque
2075 946 2397 1000 Cloacinam
2432 948 2535 1015 (26)
2574 946 2761 1000 Tatius
2807 951 2863 1000 et
2907 946 3125 1001 invenit
3168 955 3221 1001 et
3251 950 3442 1008 coluit.

1822 1043 2088 1095 Pavorem
2139 1040 2402 1094 Hostilius
2430 1044 2602 1110 atque
2655 1041 2929 1093 Pallorem
2979 1042 3108 1107 (‘27).
3138 1042 3255 1095 Mox
3284 1061 3315 1095 a
3348 1060 3440 1098 ne-

1820 1136 1934 1189 scio
1964 1151 2077 1205 quo
2107 1134 2301 1188 Febris
2348 1134 2454 1204 (28)
2485 1133 2760 1199 dedicata,
2797 1139 2851 1187 et
2878 1136 3018 1187 Acca
3046 1139 3101 1189 et
3132 1136 3292 1189 Flora
3338 1137 3445 1206 (29)

1493 1288 1703 1352 Variae
1757 1287 2094 1351 lectiones.

179 1437 210 1470 ¹⁷
240 1432 462 1487 Colendi
494 1431 634 1480 ritus
668 1429 778 1477 Ver.
815 1427 936 1476 Thu.
969 1427 1107 1476 Foss.
1147 1424 1294 1476 Corb.
1324 1424 1474 1475 Mich.
1510 1425 1621 1475 Lin.
1692 1423 1731 1456 ’³
1761 1423 1917 1486 Quos
1942 1424 2149 1487 saepius
2185 1422 2376 1473 videas
2407 1423 2621 1472 Gronov.
2696 1424 2733 1453 ‘9
2755 1423 3128 1474 Romanorum
3163 1425 3263 1475 hac
3306 1427 3452 1477 verba

124 1510 180 1559 ad
198 1509 283 1559 ista
309 1522 326 1556 :
350 1506 407 1556 hi
433 1504 513 1555 dii
536 1500 771 1553 Romani
797 1500 947 1548 uncis
979 1498 1189 1547 inclusit
1214 1497 1490 1560 Rigaltius.
1557 1496 1599 1528 ²⁰
1624 1494 1803 1546 Hodie
1830 1508 2055 1559 quoque
2085 1496 2337 1559 pervenit
2367 1494 2488 1544 Bod.
2520 1494 2564 1544 3.
2606 1495 2708 1542 Mli.

1471 1633 1820 1697 Variorum
1866 1638 2061 1695 notas.

125 1794 240 1839 meo,
291 1778 417 1828 aliis
456 1774 773 1835 hominibus,
826 1773 1025 1855 omissa
1083 1771 1475 1856 praepositione
1533 1771 1620 1856 ξιξ..
1656 1771 1717 1856 In
1741 1784 1796 1856 Β
1824 1770 2130 1856 Anastasius
2159 1769 2427 1856 tem’plum
2471 1769 2738 1856 sacellum
2773 1768 3047 1856 effossum
3079 1772 3268 1854 fuisse,
3298 1777 3445 1838 quod

124 1850 411 1902 Carnoteusi
442 1852 499 1898 et
551 1848 606 1896 in
660 1845 927 1896 Beccensi
968 1858 1001 1892 a
1045 1842 1149 1904 piis
1179 1840 1470 1891 hominibus
1537 1840 1720 1900 Eligat

124 1924 263 1973 lector
296 1934 367 1971 ex
394 1919 483 1968 his
519 1918 688 1967 variis
717 1915 1051 1966 lectionibus
1074 1927 1196 1964 eam
1231 1926 1397 1977 quam
1426 1912 1723 1962 aestimabit

123 2007 217 2043 esse
246 1992 549 2041 meliorem.
577 1990 694 2052 Ego
738 1987 902 2038 facile
940 1985 1223 2036 crederem
1270 1997 1391 2035 eam
1441 1996 1560 2033 esse
1594 1984 1721 2031 reti-

123 2065 343 2124 nendam,
403 2064 485 2112 uti
532 2060 756 2120 retinui,
812 2072 979 2125 quam
1038 2057 1313 2106 editiones
1381 2055 1613 2103 Manutii
1668 2056 1721 2101 et

123 2136 317 2186 Morellii
346 2134 671 2198 prmferunt,
698 2144 866 2195 quam
902 2129 1173 2193 Rigaltius
1203 2140 1427 2192 quoque
1475 2127 1720 2177 servavit

124 2213 161 2255 et
183 2206 346 2270 Angli.
375 2206 591 2256 BALUZ.

174 2269 275 2337 (l8)
321 2276 463 2338 Quod
519 2275 790 2337 majorum
843 2277 889 2322 et
944 2285 1121 2335 regum
1184 2269 1435 2319 memoria
1508 2273 1718 2318 servata

124 2350 184 2397 sit.
214 2348 468 2398 Minatius
526 2346 635 2395 hoc
687 2344 855 2394 latius
903 2342 1246 2405 exsequitur,
1292 2345 1347 2390 et
1402 2339 1553 2389 addit
1591 2352 1719 2390 eum

124 2417 380 2466 deduxisse
408 2429 590 2479 genus
633 2414 701 2464 ab
750 2414 934 2464 Urano
973 2424 1155 2476 usque
1194 2410 1260 2460 ad
1298 2411 1510 2460 Jovem.
1547 2410 1716 2460 LIND-

125 2500 227 2539 NER.

170 2560 249 2619 (l9)
283 2556 589 2621 Aliquando
636 2554 715 2605 dii
750 2555 869 2604 nati
902 2557 1039 2607 sunt.
1094 2552 1288 2603 Cicero
1315 2551 1409 2601 lib.
1444 2564 1459 2600 ι
1499 2550 1561 2601 de
1606 2552 1717 2600 Nu-

125 2631 220 2676 tura
265 2630 482 2677 Deorum
542 2641 613 2674 :«
648 2625 705 2676 Si
765 2629 980 2686 natum,
1023 2624 1161 2674 nulli
1212 2622 1287 2671 dii
1360 2626 1490 2671 ante
1548 2634 1715 2685 quam

123 2700 223 2747 nati.
252 2698 312 2748 Et
357 2700 403 2748 si
438 2702 601 2749 ortus
639 2700 722 2747 est
759 2696 1013 2756 deorum,
1066 2695 1324 2745 interitus
1374 2694 1445 2742 sit
1491 2705 1719 2743 necesse

124 2772 201 2818 est.
224 2789 248 2814 ιο
280 2771 486 2821 BALUZ.

171 2841 253 2903 (20)
294 2842 404 2890 Nisi
447 2839 590 2902 forte
635 2838 845 2901 Jupiter
890 2838 1081 2887 senuit.
1116 2836 1199 2885 Ex
1252 2834 1453 2885 Felicis
1500 2847 1618 2896 cap.
1658 2832 1720 2882 9.3

124 2909 489 2973 depromptum.
530 2907 687 2959 Addo
719 2908 852 2958 huic
881 2909 1206 2971 argumento
1232 2906 1503 2969 judicium
1536 2906 1715 2963 Plinii,

124 2980 195 3028 lib.
222 2994 269 3039 tt,
327 2995 446 3045 cap.
474 2983 531 3041 7,
594 2981 665 3028 De
715 2980 818 3029 diis
867 2990 1202 3042 paganOrum
1242 2989 1258 3023 :
1298 2995 1324 3019 «
1374 2976 1718 3024 Matrimonia

124 3051 239 3103 inter
258 3053 383 3103 deos
414 3053 594 3113 credi,
627 3054 890 3115 tantoque
927 3051 1033 3100 aevi
1075 3061 1145 3099 ex
1183 3047 1271 3097 his
1307 3048 1586 3097 neminem
1618 3060 1717 3095 na-

124 3126 200 3185 sci,
238 3129 285 3175 et
329 3127 465 3175 alios
538 3136 660 3174 esse
729 3122 1057 3187 grandaavos
1123 3132 1450 3183 semperque
1530 3133 1715 3179 canos,

124 3194 232 3244 alios
272 3197 509 3259 juvenes
553 3199 719 3259 atque
762 3206 981 3257 pueros,
1025 3193 1124 3241 atri
1189 3192 1410 3252 coloris,
1462 3191 1714 3255 aligeros,

125 3267 334 3326 claudos,
386 3282 497 3318 ovo
555 3266 748 3324 editos,
798 3271 853 3315 et
908 3264 1132 3315 alternis
1204 3262 1401 3312 diebus
1470 3264 1718 3311 viventes

124 3340 524 3407 morientesque,
550 3338 849 3401 puerilium
892 3349 1061 3401 prope
1103 3334 1588 3407 deliramentorum
1616 3335 1714 3382 est.

125 3406 210 3458 Sed
233 3424 388 3474 super
404 3403 645 3461 omnem
668 3407 1089 3473 impudentiam,
1114 3403 1380 3454 adulteria
1412 3403 1718 3465 inter'ipsos

124 3478 414 3543 ﬁngizmox
457 3481 651 3545 jurgia
708 3484 761 3529 et
812 3478 937 3528 odia
975 3493 985 3525 :
1028 3482 1197 3540 atque
1238 3477 1404 3526 etiam
1447 3474 1715 3524 furtorum

123 3562 216 3601 esse
236 3557 285 3602 et.
312 3554 592 3603 scelerum
614 3551 863 3600 numina.
891 3570 919 3595 »
952 3548 1201 3600 CELLAR.

169 3621 246 3683 (21)
280 3624 378 3675 Pro
412 3629 548 3674 suis.
612 3621 852 3684 Quidam
896 3620 1021 3670 libri
1067 3623 1280 3670 veteres
1316 3622 1372 3669 et
1396 3617 1565 3668 editio
1590 3617 1717 3667 Mo-

124 3693 314 3744 relliana
366 3694 581 3744 habent
629 3706 865 3757 prorsus.
933 3692 1043 3742 Ista
1090 3690 1255 3741 lectio
1320 3688 1539 3738 videtur
1594 3700 1716 3738 esse

122 3760 255 3813 bona.
298 3765 557 3816 Viderint
603 3763 806 3816 eruditi
857 3764 1031 3814 critici
1088 3776 1157 3811 an
1210 3758 1549 3823 prasferenda
1625 3760 1711 3807 sit.

122 3832 296 3887 BALUZ.

168 3906 246 3966 (22)
305 3905 623 3958 Vernaculos
672 3906 809 3956 deos.
865 3905 941 3954 Ita
988 3905 1155 3954 etiam
1213 3902 1475 3953 Minutius
1538 3900 1711 3950 Felix.

121 3974 293 4028 BALUZ.

167 4050 251 4111 (23)
288 4050 450 4101 Picus.
519 4049 693 4112 Cujus
741 4061 943 4111 corpus
993 4045 1341 4096 maculosum
1402 4056 1522 4094 esse
1578 4041 1716 4091 dixit

122 4117 413 4171 Prudentius
461 4122 523 4171 in
583 4120 724 4169 libro
786 4121 962 4182 primo
1020 4118 1270 4166 adversus
1330 4114 1709 4177 Symmachum.

120 4188 410 4241 Plutarchus
468 4193 528 4241 iu
590 4189 969 4252 Quantionibus
1044 4189 1284 4238 Romanis
1351 4187 1547 4250 quwrit
1616 4198 1715 4234 cur

120 4259 277 4311 Picum
303 4264 537 4314 Romani
562 4264 909 4311 venerentur.
943 4261 1154 4310 BALUZ.

169 4333 249 4395 (ξι)
290 4334 638 4385 Consiliorum
688 4335 866 4381 Deum.
918 4332 1291 4393 Hieronymus
1332 4330 1389 4378 in
1428 4328 1552 4377 Vita
1612 4328 1712 4377 Hi-

120 4401 312 4455 larionis
341 4421 350 4453 :
377 4425 401 4450 «
444 4407 571 4456 Hoc
622 4404 899 4467 siquidem
940 4404 993 4451 in
1035 4402 1296 4452 Romanis
1338 4400 1570 4449 urbibus
1599 4400 1711 4461 jam

122 4475 289 4526 exinde
315 4483 563 4527 servatur
586 4491 616 4526 a
660 4476 899 4525 Romulo
938 4477 1000 4523 ut
1044 4477 1261 4537 propter
1294 4474 1508 4523 felicem
1546 4473 1709 4523 Sabi-

122 4554 286 4595 narum
334 4553 552 4612 raptum
609 4547 678 4597 ab
736 4549 855 4611 ipso
924 4517 1159 4609 quoque
1193 4545 1549 4594 consiliorum
1607 4517 1789 4594 deoD

122 4616 367 4682 quadrigae
414 4623 646 4683 septeno
683 4619 905 4668 currant
948 4618 1259 4667 circuitu.»
1302 4614 1492 4675 Varro,
1528 4614 1621 4664 lib.
1654 4628 1708 4675 v,

122 4684 171 4731 de
193 4687 374 4751 Lingua
399 4691 587 4741 Latina
621 4704 638 4737 :
669 4707 696 4734 «
728 4688 1027 4739 Consualia
1069 4687 1215 4738 dicta
1256 4702 1287 4737 a
1329 4688 1532 4748 Conso,
1560 4686 1711 4751 quod

123 4758 218 4807 tum
250 4760 389 4812 terim
429 4761 671 4826 publicae
709 4761 758 4811 ei
794 4759 897 4810 deo
935 4764 991 4810 et
1026 4760 1080 4808 in
1124 4760 1273 4809 circo
1310 4758 1378 4807 ad
1418 4772 1567 4807 aram
1594 4760 1712 4819 ejus

123 4827 179 4875 ab
202 4833 565 4883 sacerdotibus
600 4832 741 4881 ﬁunt
779 4832 894 4881 ludi
931 4831 1010 4881 illi
1065 4831 1273 4895 quibus
1314 4830 1555 4893 virgines
1601 4830 1707 4879 Sa-

123 4896 244 4949 binae
279 4909 460 4967 raptae.
500 4919 530 4949 ››
572 4903 823 4961 Ovidius,
867 4902 961 4951 lib.
1009 4915 1065 4951 ιιι
1110 4902 1389 4951 Fastorum
1429 4916 1445 4949 .-
1485 4920 1512 4945 «
1551 4900 1710 4950 Festa

123 4981 227 5030 para
256 4972 449 5034 Conso,
477 4974 695 5024 Consus
719 4973 816 5023 tibi
840 4977 1037 5022 caetera
1067 4972 1233 5022 dicet.
1260 4991 1287 5017 »
1317 4972 1709 5033 Tertullianus,

126 5039 169 5087 in
193 5042 315 5092 libro
344 5046 405 5094 de
431 5045 754 5107 Spectaculis
778 5059 795 5093 :
816 5042 1074 5093 «Exinde
1099 5043 1211 5092 ludi
1246 5043 1527 5093 consualia
1560 5043 1712 5102 dicti,

125 5112 198 5171 qui
224 5114 286 5163 ab
314 5116 469 5165 initio
515 5116 835 5179 Neptunum
872 5115 1232 5164 honorabant.
1263 5115 1537 5164 Eumdem
1564 5114 1710 5163 enim

125 5185 167 5229 Et
206 5184 440 5237 Consum
497 5192 772 5237 vocant.»
814 5187 884 5236 Et
932 5187 1116 5235 statim
1148 5202 1158 5234 :
1192 5204 1219 5231 «
1250 5187 1600 5249 Quamquam
1658 5191 1713 5235 et

125 5258 370 5307 consualia
402 5259 638 5309 Romulo
678 5259 1001 5319 defendunt,
1051 5257 1201 5321 quod
1244 5271 1306 5307 ea
1351 5256 1535 5307 Conso
1566 5256 1714 5306 dica-

1739 3147 1793 3220 C

127 5326 237 5374 verit
264 5327 378 5389 deo,
412 5335 473 5380 ut
504 5329 716 5391 volunt,
755 5330 991 5389 consilii,
1041 5330 1162 5391 ejus
1200 5328 1413 5378 scilicet
1443 5341 1554 5392 quo
1580 5333 1712 5377 tunc

127 5392 419 5451 Sabinarum
452 5402 728 5465 virginum
772 5405 991 5463 raptum
1036 5400 1304 5449 militibus
1342 5400 1458 5449 suis
1504 5401 1560 5449 in
1596 5413 1712 5449 ma-

126 5467 347 5521 trimonia
393 5473 735 5537 excogitavit.
768 5471 953 5522 «Vide
982 5472 1311 5535 Dionysium
1363 5472 1711 5522 Halicarnas-

128 5547 274 5601 seum,
302 5542 391 5593 lib.
424 5557 460 5603 ι,
502 5548 556 5594 et
588 5544 866 5594 Valerium
914 5542 1233 5604 Maximum,
1278 5542 1373 5592 lib.
1423 5557 1480 5601 ιι,
1512 5557 1632 5607 cap.
1664 5544 1713 5601 4,

130 5612 174 5656 et
209 5611 542 5665 Plutarchum
600 5617 653 5665 in
719 5615 858 5666 libro
915 5615 977 5664 de
1026 5614 1403 5674 Quaestionibus
1449 5615 1711 5663 Romanis.

129 5676 293 5750 lfiarrat
328 5684 491 5735 Lilius
530 5686 826 5750 Gregorius
870 5684 1147 5748 Gyraldus
1188 5686 1242 5734 in
1280 5684 1642 5750 Syntagmate
1676 5698 1715 5735 v

133 5748 342 5821 {interim
410 5748 663 5808 Deorum“
711 5758 1031 5808 meminisse
1114 5771 1201 5818 se,
1283 5771 1412 5807 cum
1466 5748 1715 5821 ingratis

134 5817 299 5876 Rome
357 5832 566 5881 atatem
628 5834 847 5897 tereret,
922 5830 993 5881 ad
1043 5817 1232 5896 palatii
1306 5829 1521 5880 radices
1554 5817 1715 5894 ipone

1823 1846 1941 1891 tum
1971 1842 2219 1905 plerique
2251 1841 2417 1891 Consi
2444 1845 2727 1903 putarunt,
2770 1841 2825 1889 id
2870 1846 2953 1890 est
2992 1843 3248 1905 Neptuni,
3276 1860 3447 1911 prop-

1822 1917 1904 1963 ter
1951 1913 2271 1976 frequentes
2329 1912 2572 1961 conchas
2632 1913 2869 1961 marinas
2918 1912 2993 1961 ibi
3041 1918 3303 1977 repertas,
3352 1919 3447 1968 ubi

1820 1988 1873 2033 et
1898 1984 2111 2047 efﬁgies
2137 1983 2276 2032 albae
2313 1983 2515 2047 aquilae
2557 1997 2684 2031 cum
2728 1984 2892 2032 crista
2932 1983 3094 2033 rubra
3150 1986 3203 2034 in
3254 1991 3445 2038 sacelli

1821 2056 2027 2104 fornice
2088 2069 2186 2103 seu
2238 2053 2533 2111 testudine,
2566 2054 2713 2117 quod
2774 2058 2887 2102 tum
2928 2055 3176 2119 plerique
3229 2063 3445 2110 consilii

1819 2123 2137 2187 symbolum
2165 2124 2679 2187 interpretabantur,
2721 2128 2773 2173 et
2804 2124 2982 2173 aedem
3028 2127 3195 2175 Consi
3230 2130 3447 2179 subter-

1820 2208 2043 2245 raneam
2070 2196 2241 2245 fuisse
2287 2197 2343 2244 in
2385 2208 2447 2245 ea
2499 2196 2724 2258 regione
2768 2196 2987 2258 probari
3024 2210 3096 2246 ex
3125 2198 3180 2246 P.
3208 2198 3444 2252 Victore.

1820 2268 2033 2317 BALUZ.

1885 2340 1977 2397 (23)
2016 2338 2241 2401 Perﬁdta
2284 2339 2542 2402 provenit.
2596 2339 2867 2388 Processit
2914 2342 3117 2389 eventu
3164 2354 3444 2405 prospero.

1819 2409 2059 2460 RIGALT.

1882 2480 1982 2541 (26)
2017 2478 2338 2529 Cloacinam.
2368 2480 2708 2535 Lactantius,
2740 2480 2834 2529 lib.
2873 2494 2908 2540 Ι,
2947 2494 3065 2543 cap.
3101 2480 3194 2530 ‘20:
3226 2498 3255 2529 <<
3285 2482 3448 2534 Cloa-

1819 2552 1963 2601 cinae
1990 2551 2349 2600 simulacrum
2382 2551 2437 2599 in
2466 2551 2651 2600 cloaca
2684 2552 2927 2600 maxima
2953 2556 3229 2614 repertum
3256 2554 3448 2605 Tatius

1819 2623 2182 2679 consecravit,
2208 2626 2262 2671 et
2288 2621 2417 2685 quia
2444 2624 2609 2685 cujus
2640 2626 2779 2671 esset
2811 2621 3022 2685 efﬁgies
3044 2624 3347 2687 ignorabat,
3381 2640 3449 2676 ex

1818 2695 1941 2743 loco
1967 2693 2045 2742 illi
2074 2706 2275 2742 nomen
2317 2694 2598 2755 imposuit.
2639 2712 2664 2737 υ
2703 2694 2783 2743 De
2828 2693 3094 2743 Cloacina
3132 2699 3187 2745 et
3235 2694 3447 2747 deabus

1819 2779 1945 2828 quae
1971 2769 2281 2827 sequuntur
2313 2764 2437 2814 vide
2488 2765 2775 2827 epistolam
2824 2766 3119 2827 Augustini
3163 2766 3234 2815 ad
3272 2769 3448 2817 Maxi-

1818 2849 1959 2884 mum
1995 2834 2419 2884 Madaurensem.
2454 2836 2663 2886 BALUZ.

1884 2907 1981 2967 (27)
2011 2907 2261 2955 Pavorem
2311 2912 2464 2969 atque
2509 2904 2784 2956 Pallorem.
2831 2906 3156 2956 Lactantius
3194 2908 3400 2960 ibidem
3433 2928 3443 2961 :

1819 2994 1849 3027 «
1892 2978 2158 3027 Pavorem
2222 2978 2604 3041 palloremque
2645 2978 2843 3027 Tullus
2888 2978 3158 3028 Hostilius
3197 2981 3453 3045 ﬁguravit

1821 3052 1875 3099 et
1904 3048 2093 3097 coluit.
2119 3066 2145 3093 »
2177 3048 2413 3097 Sanctus
2440 3049 2808 3112 Augustinus,
2841 3047 2931 3099 lib.
2964 3063 3047 3099 xx
3068 3056 3255 3101 contra
3290 3055 3452 3104 Faus-

1821 3128 1946 3178 tum,
1984 3133 2101 3181 cap.
2146 3120 2176 3167 9
2214 3132 2281 3165 :«
2341 3119 2474 3167 Nam
2530 3124 2584 3169 et
2646 3120 3017 3181 corporalium
3064 3123 3320 3172 vitiorum
3379 3128 3450 3173 si-

1820 3190 2066 3239 mulacra
2121 3190 2355 3239 Romani
2408 3196 2892 3250 consecraverunt,
2934 3193 3082 3242 sicut
3129 3195 3352 3256 palloris
3399 3201 3454 3246 et

1818 3260 2001 3310 febris.
2036 3279 2063 3305 »
2095 3261 2306 3311 BALUZ.

1877 3333 1973 3389 (28‘,
2006 3330 2198 3380 Febris.
2229 3331 2569 3382 Octavianus
2595 3332 2954 3393 Horatianus,
2987 3333 3082 3383 lib.
3110 3347 3189 3395 ιν,
3228 3348 3349 3400 cap.
3384 3339 3403 3387 1
3435 3354 3444 3386 :

1818 3420 1846 3453 α
1876 3403 2022 3452 Hinc
2055 3406 2138 3452 est
2173 3407 2227 3452 et
2252 3401 2401 3466 quod
2429 3404 2662 3453 Romani
2702 3404 2835 3455 febri
2867 3404 3044 3455 aedem
3076 3411 3445 3460 statuerunt.»

1818 3474 2154 3525 Prudentius
2183 3475 2237 3523 in
2266 3474 2670 3539 Hamartigenia
2702 3492 2717 3524 .-

1836 3624 1843 3631 .
1910 3581 2009 3628 Par
2031 3577 2177 3627 furor
2202 3578 2406 3628 illorum
2437 3592 2568 3642 quos
2597 3580 2750 3629 tradit
2789 3580 2925 3631 fama
2951 3580 3139 3631 dicatis

1907 3652 2248 3700 Consecrasse
2274 3650 2396 3700 deas
2420 3650 2618 3700 febrem
2649 3652 2982 3716 scabiemque
3011 3655 3233 3705 sacellis.

1815 3760 2030 3822 Cicero,
2078 3761 2174 3811 lib.
2202 3774 2239 3810 n
2259 3761 2322 3811 de
2360 3761 2576 3824 Legibus
2616 3777 2632 3811 :
2688 3780 2715 3807 «
2758 3765 2981 3828 Araque
3028 3771 3187 3816 vetus
3230 3771 3340 3819 stat
3390 3771 3448 3820 in

1816 3832 2019 3895 palatio
2061 3832 2309 3881 febris.»
2362 3832 2502 3882 Vide
2558 3833 2835 3882 Valerium
2894 3835 3217 3897 Maximum,
3264 3839 3358 3889 lib.
3410 3855 3449 3891 ιι

1815 3916 1935 3966 cap.
1972 3905 2020 3959 5,
2047 3907 2099 3951 et
2133 3903 2333 3952 Lilium
2367 3902 2694 3967 Gregorium
2734 3904 3043 3967 Gyraldum
3086 3906 3446 3972 Syntagmate

1815 3974 1991 4037 primo
2021 3974 2262 4023 Historia;-
2294 3974 2526 4022 deorum.

1880 4045 1972 4107 (29)
2014 4044 2191 4093 Flora.
2246 4046 2308 4094 In
2365 4048 2483 4108 ejus
2528 4045 2793 4096 honorem
2844 4048 3077 4097 instituti
3136 4054 3266 4099 sunt
3326 4053 3443 4103 ludi

1814 4116 2046 4164 ﬂorales.
2081 4114 2293 4176 Cicero,
2332 4118 2563 4166 Actione
2605 4120 2651 4178 5,
2686 4120 2739 4165 in
2787 4118 3013 4168 Verrem
3047 4120 3183 4168 dixit
3212 4136 3222 4168 :
3253 4140 3277 4165 «
3311 4122 3443 4172 Flo-

1815 4201 1929 4236 ram
1989 4191 2218 4235 matrem
2264 4188 2467 4251 populo
2507 4189 2766 4252 plebique
2806 4188 2870 4239 R.
2910 4190 3166 4239 ludorum
3205 4193 3447 4243 celebri—

1816 4263 1923 4309 tate
1955 4257 2299 4320 placandam.
2334 4278 2360 4303 »
2394 4260 2727 4320 Lactantius,
2757 4261 2851 4310 lib.
2881 4276 2916 4321 1,
2950 4277 3067 4326 cap.
3110 4264 3171 4312 20
3210 4279 3219 4311 :
3257 4284 3283 4308 ‹‹
3314 4266 3446 4315 Flo—

1814 4345 1890 4388 ra,
1926 4344 2053 4379 cum
2094 4344 2320 4392 magnas
2360 4345 2493 4394 opes
2547 4345 2613 4379 ex
2660 4337 2775 4382 arte
2819 4335 3127 4383 meretricia
3164 4338 3456 4398 quaesivis-

1813 4406 1912 4460 set,
1959 4401 2224 4463 populum
2266 4404 2483 4465 scripsit
2538 4402 2835 4457 liaeretlem.
2888 4410 3209 4467 certamque
3270 4421 3443 4469 pecu—

1813 4475 1960 4522 niam
2012 4472 2233 4535 reliquit
2283 4477 2441 4536 cujus
2482 4487 2549 4523 ex
2590 4488 2774 4523 annuo
2812 4477 3019 4525 fmuore
3065 4490 3201 4524 suus
3250 4479 3447 4526 natalis

1814 4546 1929 4596 dies
1978 4544 2352 4595 celebraretur
2404 4540 2645 4595 editione
2694 4547 2949 4595 ludorum
3001 4562 3140 4609 quos
3168 4550 3442 4610 appellant

1812 4617 2038 4667 floralia.
2068 4635 2093 4663 ››
2142 4616 2245 4667 Ubi
2306 4616 2429 4665 vide
2482 4622 2638 4666 notas
2684 4618 2910 4681 Joseplii
2960 4619 3098 4667 lsaai.
3144 4620 3440 4675 Arnobius,

1812 4689 1907 4738 lib.
1939 4702 2013 4738 vn
2062 4703 2073 4735 :
2120 4707 2147 4732 «
2179 4689 2541 4737 Existimatur
2580 4690 2794 4737 tractari
2839 4688 3140 4738 honorifice
3192 4689 3371 4745 Flora,
3400 4694 3444 4739 si

1812 4760 1939 4824 quis
1994 4760 2051 4809 in
2097 4758 2242 4808 lud‘s
2301 4758 2602 4821 ﬂagitiosus
2672 4762 3022 4822 conspexerit
3089 4775 3177 4811 res
3254 4764 3339 4824 agi
3393 4767 3448 4811 et

1813 4832 2030 4893 migrari
2060 4831 2129 4880 ab
2160 4831 2522 4893 lupanaribus
2558 4832 2611 4879 in
2644 4834 2870 4879 theatra.
2906 4850 2931 4875 ››
2964 4830 3202 4881 Sanctus
3229 4836 3445 4897 Augus-

1814 4904 1963 4953 tinus
2015 4905 2070 4951 in
2135 4916 2247 4950 una
2286 4902 2657 4964 Epistolarum
2701 4916 2841 4965 quas
2895 4902 2963 4953 de
3015 4905 3237 4963 negotio
3285 4906 3445 4955 Cala-

1813 4974 1995 5024 mensi
2038 4973 2256 5035 scripsit
2298 4972 2365 5019 ad
2412 4972 2734 5031 Necturium,
2785 4987 2911 5036 quae
2971 4978 3052 5023 est
3096 4975 3177 5034 9|,
3207 4975 3262 5024 in
3306 4991 3446 5027 nova

1813 5045 2092 5095 editione:
2126 5064 2153 5090 «
2200 5044 2409 5093 Horum
2453 5044 2613 5107 plane
2649 5044 2843 5093 ﬂorum
2893 5058 3003 5093 non
3046 5050 3187 5095 terra
3234 5048 3447 5109 fertilis,

1814 5130 1923 5165 non
1956 5116 2139 5178 aliqua
2169 5115 2404 5178 opulens
2431 5116 2621 5173 virtus,
2664 5116 2759 5165 sed
2807 5116 2896 5164 illa
2936 5116 3037 5165 dea
3090 5116 3246 5167 Flora
3281 5119 3446 5180 dignm

1814 5191 1990 5237 mater
2033 5188 2252 5236 inventa
2295 5191 2394 5246 est,
2430 5189 2589 5250 cujus
2636 5187 2753 5236 ludi
2794 5188 2999 5237 scenici
3040 5193 3148 5237 tam
3193 5189 3451 5244 effusiore

1814 5262 1865 5310 et
1916 5259 2205 5309 licentiore
2259 5259 2604 5321 turpitudine
2637 5259 2991 5309 celebrantur
3025 5264 3085 5309 ut
3126 5263 3310 5322 quivis
3366 5268 3442 5314 in-

1816 5330 2027 5393 telligat
2053 5332 2216 5393 quale
2248 5329 2585 5378 daemonium
2617 5331 2687 5379 sit
2715 5330 2864 5393 quod
2903 5331 3107 5394 placari
3140 5332 3299 5383 aliter
3338 5350 3448 5385 non

1814 5405 1993 5466 potest
2022 5401 2126 5449 nisi
2160 5400 2273 5449 illic
2304 5413 2415 5448 non
2444 5413 2590 5460 aves,
2623 5414 2731 5449 non
2764 5401 3174 5464 quadrupedes,
3218 5418 3329 5454 non
3358 5408 3453 5457 de-

1814 5474 1986 5535 nique
2013 5473 2238 5533 sanguis
2263 5471 2563 5531 humanus,
2596 5471 2690 5520 sed
2735 5473 2911 5520 multo
2948 5474 3236 5523 scelestius
3274 5477 3451 5539 pudor

1815 5543 2096 5593 humanus
2126 5548 2403 5605 tamquam
2434 5543 3017 5593 immolatusintereat.
3039 5560 3066 5590 »
3102 5546 3329 5606 Plinius,
3351 5549 3443 5596 lib.

1812 5627 1977 5671 xvm,
2010 5628 2129 5677 cap.
2176 5614 2255 5667 29,
2306 5612 2470 5663 tradit
2506 5614 2741 5663 Numam
2792 5615 3099 5665 instituisse
3154 5616 3360 5667 ﬂoralia
3396 5631 3452 5668 IV

1816 5685 1933 5735 Kal.
1962 5685 2104 5734 Maii.
2131 5684 2361 5735 Ovidius
2390 5684 2483 5734 lib.
2519 5698 2572 5734 IV
2591 5685 2903 5734 Fastorum:
2927 5686 3167 5737 «Exitet
3196 5688 3251 5736 in
3283 5689 3451 5737 Maias

1816 5757 2016 5806 festum
2073 5754 2260 5805 ﬂorale
2304 5755 2594 5805 Kalendas.
2650 5772 2679 5802 »
2737 5756 3057 5817 Suetonius,
3107 5760 3161 5807 in
3225 5758 3444 5809 Galba:

1815 5846 1843 5876 ‹‹
1882 5829 2090 5880 Praetor
2142 5829 2533 5879 commissione
2596 5828 2853 5879 ludorum
2915 5829 3190 5880 ﬂoralium
3239 5843 3448 5881 novum
