3998 6194
531 254 623 313 biit

1538 254 1855 313 CYPRIANI
1897 252 2176 313 OPERUM
2218 250 2390 311 PARS
2430 254 2493 312 ll.
2526 286 2592 296 —-
2623 252 2987 313 OPUSCUIA.
3745 268 3827 321 502

527 380 918 438 meretrices“
949 380 1086 451 (30).
1124 380 1435 449 [interdum
1461 380 1509 414 ²²
1554 397 1689 436 vero
1719 380 1958 435 deorum
1989 396 2149 434 voca-
2177 380 2461 463 AAssyrii
2518 380 2627 451 (36)
2684 386 2740 435 et
2782 381 2925 435 Medi
2980 383 3037 434 et
3096 382 3277 434 Persae
3309 381 3376 443 96.
3431 387 3485 435 et
3535 384 3732 439 Grtrcos
3785 396 3831 441 et

526 478 658 531 bula
687 473 840 546 apud
884 477 1165 529 Romanos
1199 474 1382 546 571
1446 474 1761 545 tinguntur,
1796 481 1857 530 ut
1902 475 1972 529 sit
1999 476 2152 545 apud

526 571 646 624 illos
673 575 731 623 et
774 569 985 623 Viduas
1016 567 1156 622 deus
1200 570 1329 639 (31),
1363 568 1463 639 qui
1489 568 1682 622 anima
1707 585 1910 639 corpus
1938 567 2148 637 viduet,

525 663 624 733 qui
675 662 838 734 quasi
880 662 1073 717 feralis
1114 665 1172 715 et
1199 661 1453 716 funebris
1485 662 1633 716 intra
1679 679 1873 717 muros
1905 678 2018 716 non
2046 662 2149 715 ha-

522 756 725 823 betur;
754 760 812 811 et
838 756 1230 817 nihilominus,
1260 755 1391 826 quia
1417 757 1653 810 extorris
1680 756 1879 823 factus,
1913 757 2152 811 damna-

522 857 616 906 tur
644 851 830 922 potius
856 853 1107 927 Romana
1148 850 1451 919 religione,
1480 865 1655 920 quam
1701 850 1928 904 colitur.
1963 851 2059 903 Est
2094 855 2151 903 et

522 946 766 999 Scansus
812 944 881 998 ab
925 943 1250 998 ascensibus
1282 944 1466 998 dictus
1490 944 1559 1010 23,
1607 948 1663 998 et
1709 943 1975 997 Forculus
2004 960 2036 996 a
2061 943 2145 996 fo-

521 1039 696 1104 ribus,
741 1042 800 1092 et
845 1055 878 1091 a
918 1038 1272 1091 liminaribus
1321 1037 1626 1091 Limentius
1664 1040 1797 1107 (32),
1846 1043 1903 1092 et
1929 1037 2149 1092 Cardea

524 1150 558 1187 a
584 1130 909 1186 cardinibus
931 1134 988 1185 et
1018 1131 1088 1185 ab
1117 1130 1449 1185 orbitatibus
1480 1131 1708 1187 Orbona
1728 1132 1775 1165 3‘
1814 1134 1948 1202 (33).
1974 1131 2037 1184 lli
2070 1130 2145 1185 dii

525 1225 782 1281 Romani.
830 1226 1107 1280 Caeterum
1153 1225 1271 1279 Mar
1314 1225 1606 1293 Thracius,
1655 1231 1712 1279 et
1743 1224 1969 1297 Jupiter
2010 1228 2143 1282 Cre-

518 1320 683 1388 ticus,
733 1325 788 1373 et
827 1321 971 1374 Juno
1013 1319 1101 1372 vel
1130 1319 1337 1389 Argiva
1373 1318 1461 1372 vel
1491 1319 1676 1373 Samia
1722 1319 1808 1373 vel
1858 1320 2045 1386 Poena,
2090 1322 2148 1374 et

520 1414 710 1480 Diana,
743 1414 995 1480 Taurica,
1026 1416 1085 1467 et
1115 1413 1352 1467 deorum
1382 1416 1570 1466 mater
1602 1412 1767 1481 Idaea,
1801 1415 1857 1467 et
1883 1413 2146 1484 zEgyptia

518 1512 802 1579 portenta,
840 1523 952 1561 non
976 1505 1216 1561 numina
1249 1522 1261 1560 :
1290 1522 1420 1578 quae
1449 1505 1642 1578 utique
1672 1507 1717 1560 si
1749 1507 1881 1578 quid
1905 1512 2144 1577 potesta-

450 1654 451 1657 η
517 1603 591 1656 tis
640 1600 984 1669 habuissent,
1030 1618 1132 1655 sua
1178 1618 1242 1656 ac
1289 1617 1522 1656 suorum
1580 1618 1760 1673 regna
1802 1606 2138 1656 servassent.

516 1699 689 1753 Plane
734 1700 868 1750 sunt
910 1695 1060 1766 apud
1094 1698 1379 1750 Romanos
1407 1700 1463 1749 et
1492 1695 1623 1749 victi
1676 1701 1910 1767 penates
1929 1696 1977 1730 ³⁵
2011 1696 2141 1764 (34),

2255 475 2548 545 Egyptios
2576 492 2840 545 regnasse
2870 475 3259 544 cognovimus.
3298 479 3373 528 ita
3404 476 3602 529 vicibus
3631 483 3829 547 potesta-

2253 572 2373 621 tum
2400 569 2766 634 variantibus,
2791 566 2983 640 572
3009 568 3279 622 Romanis
3296 585 3532 638 quoque,
3557 575 3677 624 utet
3697 581 3833 628 crete.

2255 662 2330 715 ris
2363 661 2684 732 imperandi
2713 667 2940 732 tempus
2961 662 3209 716 obvenit.
3230 664 3524 731 Caeterum,
3551 663 3592 716 si
3612 665 3672 718 ad
3691 667 3831 738 origi-

2250 772 2384 809 nem
2416 755 2637 823 redeas,
2672 756 2990 810 erubescas.
3021 755 3265 825 POpulus
3293 756 3360 809 de
3392 757 3660 811 sceleratis
3683 765 3733 812 et
3754 777 3828 813 ne

2250 849 2506 903 centibus
2526 852 2927 919 congregatur,
2952 852 3007 902 et
3026 850 3179 919 asylo
3195 850 3495 903 constituto
3513 849 3635 903 facit
3666 869 3828 906 nume-

2250 959 2374 996 rum
2399 943 2712 1013 impunitas
2733 943 3253 1011 eriminum.Nunc,
3270 949 3336 996 ut
3353 959 3443 996 rex
3467 942 3576 1013 ipse
3596 944 3637 977 ’7
3661 945 3830 1015 princi-

2249 1040 2446 1108 patum
2476 1038 2699 1105 habeat,
2722 1038 2790 1091 ad
2805 1037 3042 1090 crimina
3062 1038 3127 1090 fit
3145 1036 3418 1091 Romulus
3441 1037 3696 1107 parricida
3721 1041 3826 1109 (37).

2248 1134 2451 1202 Atque,
2499 1134 2558 1184 ut
2602 1130 3030 1184 matrimonium
3078 1129 3250 1184 faciat
3275 1130 3344 1198 ’3,
3392 1147 3508 1183 rem
3557 1133 3827 1187 concordia:

2248 1241 2351 1295 per
2396 1224 2707 1278 discordias
2752 1223 3093 1295 auspicatur.
3138 1224 3404 1294 Rapiunt,
3436 1224 3710 1292 ferociunt,
3740 1227 3826 1279 fal-

2247 1318 2387 1380 lunt,
2422 1317 2491 1372 ad
2539 1318 2765 1387 copiam
2810 1316 3052 1371 civitatis
3096 1316 3442 1388 augendam.
3490 1317 3693 1388 Nuptiae
3720 1328 3831 1374 sunt

2246 1411 2356 1465 illis
2386 1416 2550 1482 rupta
2592 1411 2825 1483 hospitii
2856 1411 3071 1465 foedera
3109 1414 3322 1465 etcum
3368 1410 3527 1465 sociis
3562 1411 3692 1465 bella
3718 1428 3823 1466 cru-

2246 1505 2414 1561 delia.
2466 1506 2556 1559 Est
2591 1512 2645 1560 et
2690 1505 2898 1575 gradus
2944 1520 3198 1558 summus
3241 1504 3298 1558 in
3349 1505 3605 1558 Romanis
3627 1505 3826 1560 honori-

2245 1600 2348 1655 bus
2392 1601 2736 1654 consulatus.
2799 1600 2887 1654 Sic
2943 1598 3297 1652 consulatum
3345 1598 3575 1668 cmpisse
3612 1599 3830 1653 videmus

2250 1698 2309 1747 ut
2336 1711 2597 1764 regnum.
2655 1694 2822 1746 Filios
2869 1692 3138 1746 interﬁcit
3182 1693 3387 1746 Brutus
3418 1693 3522 1762 (38)
3552 1698 3610 1745 ut
3649 1698 3833 1747 crescat

519 1808 659 1862 quos
709 1791 912 1844 A'Ineas
949 1762 1232 1861 profugus
1258 1789 1504 1843 advexit.
1534 1791 1628 1844 Est
1676 1762 1731 1843 et
1778 1790 1966 1843 Venus
1992 1762 2145 1843 calva
2170 1762 2223 1833 Β
2248 1788 2317 1842 de
2362 1762 2626 1858 suifragio
2672 1786 2897 1841 sceleris
2947 1786 3375 1840 commendatio
3406 1785 3704 1857 dignitatis.
3730 1786 3829 1839 Non

522 1884 650 1955 (35),
681 1885 857 1938 multo
882 1884 971 1937 hic
1000 1883 1223 1954 turpius
1255 1883 1411 1937 calva
1440 1899 1615 1953 quam
1650 1884 1800 1954 apud
1830 1883 2144 1937 Homerum

517 1979 834 2033 vulnerata.
1384 2024 1396 2034 .

588 2074 649 2127 ν.
697 2074 895 2143 Regna
933 2074 1122 2128 autem
1154 2089 1266 2126 non
1319 2070 1524 2127 merito
1554 2071 1841 2139 accidunt,
1868 2070 1967 2126 sed
1994 2074 2144 2126 sorte

515 2167 826 2222 variantur.
881 2168 1164 2224 Caeterum
1221 2166 1528 2237 imperium
1580 2169 1715 2221 ante
1747 2169 2059 2221 tenuerunt
2089 2168 2148 2221 et

2247 1898 2382 1952 ergo
2428 1882 2497 1935 de
2552 1880 2922 1951 religionibus
2972 1880 3201 1947 sanctis,
3255 1897 3357 1934 nec
3391 1880 3461 1933 de
3487 1879 3729 1950 auspiciis
3751 1886 3832 1933 aut

2245 1974 2499 2045 auguriis
2544 1976 2795 2029 Romana
2845 1990 3017 2044 regna
3056 1977 3380 2041 creverunt,
3432 1973 3525 2027 sed
3566 1976 3825 2042 acceptum

2245 2075 2473 2139 tempus
2503 2052 2656 2123 certo
2701 2067 2812 2122 fine
2840 2068 2949 2138 (39)
2983 2067 3333 2122 custodiunt.
3367 2070 3639 2122 Caeterum
3667 2069 3719 2119 et
3744 2068 3833 2120 Re-

2249 2164 2414 2235 gulus
2453 2165 2558 2231 (40)
2607 2162 2853 2232 auspicia
2881 2161 3144 2227 servavit,
3175 2164 3234 2215 et
3260 2164 3457 2231 captus
3482 2163 3597 2227 est;
3628 2165 3680 2213 et
3704 2160 3829 2213 Man-

1897 2348 2107 2413 Variw
2149 2349 2485 2413 lectiones.

581 2491 621 2521 "
677 2487 1015 2539 Meretrices.
1064 2486 1133 2536 Hi
1180 2486 1254 2536 dii
1301 2486 1423 2536 Bod.
1473 2485 1521 2536 3.
1564 2488 1703 2535 Pam.
1746 2484 1887 2535 Voss.
1922 2485 1971 2543 2,
2031 2486 2078 2535 3.
2120 2486 2252 2535 Pem.
2287 2487 2426 2535 Lam.
2465 2485 2584 2533 T/m.
2642 2486 2779 2534 Foss.
2824 2483 2968 2533 Corb.
3037 2484 3139 2532 νίς.
3195 2484 3335 2531 llinc.

3629 2484 3668 2513 ²¹
3706 2480 3840 2529 Inter-

3397 2483 3504 2532 ΜΠ.

516 2559 699 2608 dum...
735 2558 974 2609 Orboua.
1005 2559 1116 2607 [lac
1138 2561 1332 2620 praeter
1354 2555 1470 2605 edd.
1507 2556 1708 2615 Gravii,
1740 2556 1931 2606 Pamel.
1967 2557 2157 2619 Rigalt.
2185 2557 2235 2605 et
2266 2556 2430 2605 lie/lis
2461 2556 2667 2619 insuper
2705 2556 2936 2618 reperias
2966 2555 3016 2601 in
3053 2552 3379 2602 recentiorib.
3416 2552 3605 2601 Cellar.
3637 2551 3839 2600 Lindner.

519 2630 736 2679 Gronov.
767 2629 1044 2679 Goldhorn.
1077 2630 1168 2692 qui
1197 2634 1362 2678 tamen
1393 2628 1607 2677 Baluzio
1635 2627 1963 2689 adstipulare
1992 2626 2208 2675 videtur.
2276 2628 2317 2658 ³³
2348 2627 2543 2676 Dictus
2566 2626 2704 2675 abest
2729 2644 2759 2675 a
2790 2628 3002 2674 Gronov.
3073 2627 3114 2656 ¹⁴
3144 2624 3484 2675 Suburbana
3515 2639 3624 2672 mss.
3665 2628 3710 2671 et
3740 2627 3838 2685 imp.

504 2702 719 2763 passim.
787 2702 828 2733 ’⁵
860 2700 1005 2750 Victi
1034 2701 1187 2749 Gravi.
1215 2698 1401 2749 Vincti
1431 2697 1602 2746 Camb.
1668 2696 1710 2730 ³⁸
1736 2696 1861 2761 Syri
1886 2700 1938 2748 et
1966 2698 2144 2748 Persae
2178 2698 2288 2747 Lin.
2328 2699 2475 2745 Ebor.
2512 2698 2647 2746 Lam.
2697 2697 2819 2746 Bod.
2864 2697 2911 2745 3.
2949 2696 3069 2745 Thu.
3106 2697 3240 2744 Fors.
3285 2695 3442 2743 Mich.
3480 2695 3544 2743 Et
3582 2695 3703 2758 Tyri
3748 2694 3841 2741 Ver.

522 2771 655 2818 Voss.
678 2771 723 2819 4.
751 2769 935 2833 Syrius
956 2769 1102 2818 codd.
1149 2770 1320 2819 Veron.
1348 2772 1400 2818 et
1423 2769 1594 2819 Atreb.
1631 2769 1702 2818 Et
1724 2768 1873 2820 medi
1906 2771 2078 2818 omilt.
2104 2769 2185 2819 ed.
2218 2771 2451 2832 princeps
2479 2771 2660 2818 Routh.
2692 2784 2754 2817 ea:
2786 2782 2902 2816 mss.
2969 2766 3010 2799 ’⁷
3039 2767 3116 2814 Ita
3154 2781 3270 2815 mss.
3303 2766 3357 2815 In
3390 2767 3523 2815 aliis
3557 2766 3752 2829 expulsa
3782 2767 3842 2811 est

513 2854 610 2889 vox
630 2842 823 2903 prima.
851 2840 1013 2890 Nunc
1043 2840 1188 2888 Deest
1216 2840 1267 2887 in
1287 2838 1471 2888 Lindn.
1542 2836 1584 2871 ³³
1607 2838 1845 2889 Faciunt
1885 2840 2057 2889 Veron.
2086 2838 2231 2902 Quod
2249 2841 2482 2888 convenit
2503 2853 2613 2887 cum
2632 2850 2854 2901 eonseqq.
2885 2837 3142 2900 Rapiunt.

1952 3003 2302 3067 Variorum
2346 3009 2519 3067 notae
2540 3051 2554 3065 .

515 3138 852 3226 speetaeutin
873 3151 1049 3201 genus
1087 3137 1836 3226 ‘elephanntps‘funa‘mbul‘o‘s,
1894 3138 2081 3226 endidit.
2119 3152 2224 3226 »Ο
2312 3139 2411 3226 (Ξῇ)
2447 3138 2575 3219 Victi
2618 3138 2849 3226 Penqtes.
2909 3134 3178 3226 Virgilius
3213 3133 3486 3226 de‘Ena,
3540 3133 3634 3226 lib.
3681 3130 3839 3226 (Ἀπί

516 3211 623 3262 Ubi
657 3208 791 3259 vide
812 3208 1288 3259 Commentarium
1322 3209 1557 3274 Philippi
1586 3211 1859 3261 Bcroaldi.
1899 3211 2145 3270 Tacitus,

516 3282 611 3331 lib.
663 3294 697 3329 II
744 3279 1055 3335 Auno/ium,
1115 3278 1280 3327 tradit
1325 3279 1500 3330 aedem
1546 3282 1722 3332 Florae
1759 3283 1827 3331 ab
1878 3282 2047 3331 Lucio
2093 3286 2149 3331 et

519 3352 704 3403 Marco
756 3349 1022 3399 Publiciis
1061 3349 1318 3399 reditibus
1354 3353 1712 3402 constitutam
1744 3355 1909 3416 juxta
1937 3355 2145 3402 circum

517 3423 844 3472 maximum.
912 3419 1054 3469 Vide
1100 3421 1419 3483 Justinum,
1476 3423 1568 3473 lib.
1621 3437 1807 3480 XLIII;
1872 3423 2148 3473 Velleium

519 3494 893 3551 Paterculum,
951 3490 1043 3540 lib.
1077 3505 1126 3551 I;
1188 3493 1516 3556 Martialem,
1572 3495 1715 3544 lib.I
1763 3496 1934 3558 epigr.
1980 3495 2058 3551 92,
2096 3500 2150 3545 et

515 3564 719 3615 Litium
774 3563 1101 3624 Gregorium
1160 3562 1465 3625 Gyraldum
1558 3564 1920 3629 Syntagmate
1972 3567 2149 3628 primo

517 3638 763 3686 Historiae
791 3637 1032 3683 Deorum.
1061 3634 1381 3698 Fulgentius
1422 3636 1722 3698 Placiades,
1759 3636 1852 3685 lib.
1885 3650 1902 3685 ι
1946 3635 2148 3698 Mytho-

521 3708 642 3771 log.,
679 3705 818 3756 dixit
848 3705 1233 3769 virgunculam
1263 3704 1645 3756 lascivientem
1676 3706 1853 3757 ﬂorali
1894 3706 2148 3770 petulan-

516 3778 610 3827 tia.
642 3776 779 3826 Vide
814 3789 942 3839 quaa
968 3776 1036 3824 de
1065 3775 1212 3825 ludis
1238 3775 1521 3825 tloralibus
1549 3777 1793 3826 diximus
1822 3778 1878 3826 in
1905 3778 2052 3826 notis
2082 3776 2149 3826 ad

513 3847 822 3910 Epistolam
855 3847 927 3895 ad
955 3849 1234 3907 Donatum,
1270 3862 1391 3911 pag.
1428 3849 1538 3897 379.
1563 3848 1774 3899 BALUZ.

582 3919 674 3980 (30)
726 3919 1040 3968 Meretrices.
1084 3917 1223 3980 Quae
1278 3924 1590 3982 sequuntur
1633 3922 1688 3969 in
1734 3919 1977 3971 editione
2026 3933 2152 3983 quas

520 3990 725 4040 dicitur
754 3990 960 4050 Gravii,
994 3991 1050 4038 in
1100 3990 1435 4053 Pameliana,
1486 3991 1816 4054 Rigaltiana,
1856 3995 1911 4041 et
1956 3990 2143 4056 Angli-

519 4074 679 4121 cana,
728 4074 830 4110 nos
876 4060 1228 4122 sustulimus,
1280 4063 1409 4125 quia
1465 4076 1530 4112 ea
1587 4064 1642 4111 in
1688 4062 1843 4111 nullo
1899 4065 2150 4113 veterum

518 4133 919 4196 exemplarium
992 4133 1297 4195 reperimus
1357 4132 1563 4196 quibus
1611 4133 1696 4183 nsi
1753 4147 1968 4191 sumus,
2021 4135 2153 4196 quia

519 4204 722 4252 desunt
758 4204 811 4251 in
844 4202 1097 4265 pluribus
1126 4202 1466 4267 Anglicanis,
1501 4204 1631 4266 quia
1678 4216 1788 4252 non
1829 4208 2052 4253 exstant
2094 4204 2151 4252 in

520 4275 765 4337 antiquis
795 4273 1156 4334 editionibus,
1186 4287 1367 4337 neque
1402 4275 1455 4322 in
1504 4274 1753 4336 Minutio,
1787 4280 1843 4324 et
1869 4278 1999 4339 quia
2028 4289 2154 4325 sen-

521 4357 665 4403 sum,
694 4347 752 4391 ut
786 4342 1054 4405 lt‘:galtius
1078 4344 1171 4401 ait,
1209 4342 1563 4407 abrumpunt.
1602 4345 1806 4395 BALUZ,

582 4417 679 4476 (3t)
743 4414 936 4463 Viduas
991 4414 1133 4463 deus.
1182 4412 1321 4475 Quis
1367 4415 1551 4463 omnia
1614 4415 1846 4465 ridicula
1922 4415 2151 4466 deorum

521 4485 747 4535 nomina
769 4485 1046 4534 enarrabit
1076 4488 1102 4534 (Ι
1128 4485 1276 4535 Talis
1301 4490 1351 4535 et
1389 4489 1614 4536 Sransus
1668 4491 1769 4545 est,
1823 4488 1916 4551 qui
1953 4486 2152 4536 subse-

2250 3227 2278 3254 «
2334 3210 2498 3259 Illum
2546 3210 2601 3258 in
2663 3209 2875 3258 Italiam
2926 3211 3150 3271 portans
3198 3207 3489 3270 victosque
3544 3205 3769 3254 Penates.
3820 3220 3839 3243 »

2250 3282 2451 3332 LlNDN.

2312 3354 2408 3409 (35)
2443 3354 2607 3401 Venus
2633 3350 2802 3401 calva.
2838 3351 3175 3411 Lactantius,
3205 3349 3299 3400 lib.
3331 3362 3371 3410 I,
3404 3362 3523 3412 cap.
3552 3348 3644 3397 20:
3672 3363 3698 3394 ς
3723 3343 3841 3395 Urbe

2250 3440 2280 3474 a
2311 3425 2483 3477 Gallis
2513 3427 2801 3487 occupata,
2840 3422 3053 3472 obsessi
3082 3425 3136 3471 in
3172 3421 3436 3484 capitolio
3475 3418 3711 3478 Romani,
3739 3427 3843 3467 cum

2251 3509 2320 3546 ex
2376 3495 2675 3546 mulierum
2736 3494 2954 3557 capillis
3010 3498 3280 3543 tormenta
3359 3492 3636 3552 fecissent,
3697 3488 3843 3539 edem

2251 3567 2453 3617 Veneri
2480 3567 2654 3616 calvm
2677 3569 3093 3615 consecrarunt.
3117 3580 3147 3609 »
3175 3565 3391 3614 BALUZ.

2312 3640 2408 3699 (36)
2442 3638 2658 3700 Assyrii.
2703 3637 2781 3685 Ita
2820 3642 3035 3685 veteres
3077 3634 3353 3684 editiones
3396 3637 3453 3683 et
3496 3630 3708 3697 quidam
3743 3627 3843 3678 libri

2253 3715 2487 3770 veteres,
2519 3714 2634 3758 tum
2665 3708 2833 3759 etiam
2868 3707 3155 3756 Minutius.
3181 3706 3290 3756 Alii
3331 3710 3548 3756 veteres
3589 3702 3845 3770 prasterunt

2252 3782 2395 3843 Syri.
2434 3768 2540 3828 Alii
2574 3792 2719 3830 XXVI
2756 3781 3014 3827 omittunt
3049 3778 3392 3828 mentionem
3435 3775 3724 3826 Medorum.
3757 3768 3843 3821 Sed

2252 3853 2344 3901 alii
2386 3856 2626 3916 quatuor
2670 3852 2819 3900 illam
2868 3849 3096 3911 habent,
3136 3850 3385 3913 itemque
3425 3847 3697 3899 Minatius.
3729 3844 3845 3893 Prae-

2254 3927 2401 3972 terea
2437 3922 2615 3972 codex
2660 3920 2995 3972 Veronensis
3035 3923 3089 3969 et
3137 3919 3317 3970 codex
3350 3920 3529 3970 sancti
3577 3917 3726 3981 Eligii
3764 3916 3845 3962 At—

2255 3993 2583 4042 trebateusis
2638 3991 2849 4041 addunt
2887 3991 3101 4053 Tyrios.
3154 3989 3441 4040 Medorum
3486 3990 3635 4054 regni
3673 3984 3845 4035 mentio

2253 4064 2408 4114 deest
2461 4064 2624 4113 etiam
2693 4064 2749 4111 in
2826 4061 3164 4113 editionibus
3214 4062 3447 4111 Manutii
3523 4065 3576 4111 et
3635 4055 3844 4108 Morellii.

2254 4136 2465 4199 Assyrii
2514 4136 2610 4198 qui
2663 4135 2841 4199 primo
2896 4133 3029 4184 dicti
3084 4137 3229 4195 sunt,
3284 4139 3474 4197 postea
3549 4131 3686 4194 Syrii
3745 4127 3846 4199 sunt

2255 4193 2547 4270 appellati:
2582 4193 2724 4254 Vide
2774 4205 2969 4256 Renali
3020 4193 3299 4255 Massueti'
3331 4193 3735 4254 dissertationes
3795 4193 3847 4270 ad

2256 4266 2551 4335 Irenaeum,
2600 4291 2721 4341 pag.
2780 4278 2861 4333 7t,
2907 4277 2939 4339 §
2992 4275 3099 4325 142.
3138 4276 3416 4326 Arbactus
3474 4274 3745 4338 imperium
3794 4266 3847 4315 ab

2256 4349 2498 4411 Assyriis
2543 4348 2609 4396 ad
2676 4347 2860 4396 Medos
2908 4346 3201 4407 transtulit,
3243 4350 3298 4395 et
3336 4350 3529 4410 postea
3565 4342 3844 4392 translatum

2256 4425 2339 4469 est
2400 4419 2467 4468 ad
2543 4420 2751 4469 Persas.
2810 4419 2884 4467 Ita
2937 4417 3097 4468 docet
3137 4418 3412 4479 Justinus,
3467 4417 3562 4466 lib.
3608 4429 3622 4465 I
3670 4416 3717 4462 et
3758 4421 3846 4460 XLI.

2259 4492 2469 4541 BALUZ.

524 4558 732 4620 quitur,
779 4555 912 4605 tales
955 4556 1138 4605 caeteri
1190 4557 1302 4605 divi
1349 4556 1621 4620 divaeque.
1684 4544 1884 4606 Multos
1917 4561 1968 4606 et
2014 4544 2233 4620 peneD
2321 4564 2417 4625 (37)
2450 4561 2691 4611 Romulus
2729 4558 3032 4623 parricida.
3082 4559 3481 4622 Hieronymus,
3538 4558 3591 4605 in
3638 4547 3847 4616 Epistula

522 4629 845 4678 innumeros
870 4631 1163 4677 narrarunt
1195 4629 1306 4688 alii,
1335 4629 1632 4688 Arnobius,
1661 4628 1753 4677 lib.
1787 4642 1875 4689 Iv;
1911 4630 2153 4679 Lactan-

523 4701 653 4761 tius,
685 4698 779 4748 lib.
823 4713 857 4757 I,
901 4713 1019 4762 cap.
1073 4698 1163 4760 20;
1217 4700 1589 4764 Augustinus,
1638 4700 1745 4750 Civ.
1794 4701 1892 4749 Dei
1938 4700 2034 4750 lib.
2076 4714 2152 4761 IV,

523 4785 642 4834 cap.
702 4772 770 4829 8;
828 4783 931 4820 nec
995 4782 1124 4820 vero
1192 4771 1487 4835 complecti
1571 4785 1766 4822 omnes
1837 4776 2152 4835 potuerunt.

526 4842 778 4894 CELLAR.

589 4915 692 4978 (32)
718 4915 780 4963 Et
807 4913 1061 4964 Forculus
1108 4930 1138 4963 a
1193 4914 1414 4977 foribus,
1454 4923 1501 4965 et
1550 4915 1892 4965 Limentinus.
1941 4916 2157 4978 Augus-

523 4987 673 5036 tinus
698 4986 760 5034 de
795 4986 902 5034 Civ.
944 4986 1054 5042 Dei,
1090 4985 1186 5035 lib.
1234 5000 1310 5048 Iv,
1358 5000 1479 5050 cap.
1512 4987 1560 5047 8,
1586 4992 1834 5037 extremo
1868 5002 1878 5035 :
1912 5003 1941 5033 «
1971 4986 2157 5036 Unum

527 5060 765 5121 quisque
813 5055 1003 5106 domui
1046 5070 1164 5106 suae
1210 5059 1366 5121 ponit
1406 5059 1710 5118 ostiarium,
1742 5063 1798 5108 et
1832 5058 1960 5121 quia
1991 5056 2158 5107 homo

527 5130 627 5187 est,
657 5128 885 5177 omnino
914 5128 1135 5178 sufﬁcit.
1167 5129 1300 5180 Tres
1331 5129 1465 5178 deos
1489 5130 1577 5178 isti
1603 5133 1921 5192 posuerunt.
1951 5128 2157 5178 Foren-

528 5200 643 5247 lum
671 5199 899 5260 foribus,
951 5199 1217 5249 Cardeam
1250 5201 1479 5261 cardini,
1533 5201 1910 5250 Limentinum
1958 5201 2155 5249 limini.

528 5269 606 5319 Ita
661 5284 771 5319 non
834 5272 1013 5333 potuit
1071 5270 1341 5321 Forculus
1378 5273 1543 5320 simul
1592 5273 1734 5322 fores
1768 5278 1824 5323 et
1875 5272 2158 5322 cardinem

528 5340 816 5403 limenque
861 5353 1162 5391 servare.»
1214 5341 1372 5391 Adde
1432 5342 1755 5391 Tertullian.
1820 5343 1883 5393 de
1933 5343 2157 5403 Corona,

530 5425 647 5475 cap.
679 5413 758 5472 t3,
785 5416 1018 5462 extrem.
1055 5412 1226 5463 CELL.

591 5483 689 5545 (33)
724 5483 797 5532 Ab
818 5484 1136 5535 orbitatibus
1163 5484 1391 5535 Orbona.
1435 5487 1669 5548 Plinius,
1711 5486 1805 5537 lib.
1845 5501 1902 5549 II,
1938 5501 2057 5551 cap.
2087 5489 2115 5537 7
2146 5503 2156 5536 :

531 5571 560 5599 «
583 5554 798 5603 Fanum
830 5556 1073 5605 dicatum
1119 5561 1199 5607 est
1239 5556 1477 5608 Orbonae
1513 5557 1581 5607 ad
1624 5558 1800 5609 aedem
1838 5558 2081 5621 Larium,
2110 5562 2164 5608 et

533 5639 624 5675 ara
652 5626 810 5677 Malae
846 5626 1105 5678 Fortunae
1134 5628 1427 5693 Exquiliis.
1456 5645 1485 5677 ›>
1513 5630 1583 5680 Et
1622 5630 1915 5691 Arnobius,
1948 5630 2041 5681 lib.
2081 5644 2159 5693 Iv,

532 5696 776 5747 clarius:
808 5714 836 5746 (ι
882 5697 943 5746 In
996 5699 1166 5749 tutela
1218 5704 1349 5751 sunt
1395 5700 1636 5751 Orbonm
1718 5702 1895 5753 orbati
1975 5702 2163 5753 liberis

530 5772 786 5833 parentes
829 5784 839 5817 :
891 5769 947 5818 in
992 5770 1218 5834 Nmniaa,
1276 5771 1481 5837 quibus
1522 5777 1769 5824 extrema
1830 5779 1976 5838 sunt,
2022 5779 2160 5825 tem-

529 5853 680 5912 pora.
705 5859 731 5889 »
767 5840 1017 5894 Cacus.

2258 4633 2327 4682 ad
2380 4634 2646 4681 Rusticum
2700 4630 3009 4680 monachum
3061 4645 3077 4678 :
3136 4648 3163 4674 «
3204 4629 3378 4679 Roma
3435 4634 3498 4678 ut
3540 4626 3747 4679 condita
3786 4625 3847 4669 est

2257 4705 2397 4753 duos
2428 4705 2621 4753 fratres
2650 4702 2817 4752 simul
2846 4714 3002 4763 reges
3040 4700 3243 4774 habere
3286 4713 3399 4749 non
3422 4700 3635 4774 _potuit
3671 4701 3720 4744 et
3744 4705 3847 4774 par:

2258 4775 2449 4825 ricidio
2474 4774 2779 4825 dedicatur.
2810 4794 2835 4819 »
2867 4776 3136 4830 Lucanus,
3161 4771 3255 4821 lib.
3285 4785 3301 4821 ι
3326 4787 3337 4820 :
3363 4789 3393 4821 (ς
3420 4771 3678 4820 Fraterno
3718 4771 3846 4829 prim!

2256 4849 2593 4899 maduerunt
2620 4848 2889 4911 sanguine
2917 4846 3075 4895 muri.
3104 4864 3132 4889 »
3159 4845 3370 4896 BALUZ.

2323 4921 2416 4982 (38)
2464 4920 2627 4970 Filios
2696 4918 2943 4980 inter/icit
3007 4918 3222 4966 Brutus.
3283 4916 3339 4966 L.
3406 4911 3845 4987 JuniusiBruttts,

2257 4979 2469 5056 primus
2494 4992 2709 5041 consul.
2739 4979 2843 5040 Adi
2873 4990 3109 5048 Livium,
3139 4988 3231 5037 lib.
3267 5001 3322 5049 II,
3351 5002 3472 5052 cap.
3496 4988 3544 5037 5.
3563 4986 3730 5036 Etiam
3753 4979 3849 5027 Vir-

2257 5064 2424 5126 gilius
2452 5063 2691 5126 attingit,
2727 5063 2804 5112 lib
2853 5076 2928 5121 Vl,
2953 5074 3094 5111 vers.
3125 5061 3219 5109 8t9
3251 5074 3262 5107 :

2350 5134 2592 5184 Consulis
2618 5132 2898 5196 imperium
2924 5132 3007 5181 hic
3039 5132 3239 5194 primus
3266 5145 3535 5195 saevusque
3560 5138 3755 5178 secures

2353 5204 2589 5269 Accipiet
2616 5220 2631 5266 ;
2659 5209 2909 5266 natosque
2940 5207 3085 5266 pater
3114 5216 3251 5251 nova
3277 5203 3417 5251 bella
3445 5204 3722 5257 moventes,

2354 5276 2429 5325 Ad
2461 5289 2666 5337 poenam
2693 5274 2912 5338 pulchra
2936 5288 3030 5338 pro
3053 5274 3294 5324 libertate
3321 5272 3549 5323 vocabit.

2356 5347 2557 5396 Infelix.
3610 5343 3723 5390 CEL.

2325 5420 2427 5479 (39)
2454 5419 2667 5482 Tempus
2727 5424 2863 5468 certo
2901 5418 3002 5482 fine
3040 5417 3111 5467 ad
3154 5423 3351 5481 tempus
3405 5416 3555 5467 idem
3596 5401 3846 5483 esttquod

2261 5496 2396 5540 certe
2465 5481 2582 5554 fine.
2655 5489 2801 5554 Ergo
2862 5481 3098 5540 alterum
3172 5490 3397 5540 alterius
3454 5487 3650 5551 glossa.
3701 5481 3848 5554 Possis

2262 5564 2428 5612 etiam
2460 5551 2777 5619 subaudire,
2803 5565 3022 5625 tempus
3056 5561 3347 5624 imperandi
3373 5562 3660 5621 acceptum
3702 5567 3729 5602 a
3758 5551 3848 5629 D_80

2262 5632 2585 5684 custodiunt
2630 5647 2729 5683 seu
2791 5635 3032 5683 retinent
3074 5636 3226 5683 certo
3279 5632 3409 5692 ﬁne,
3448 5642 3559 5693 quo
3600 5631 3847 5690 appropln‘

2263 5708 2470 5769 quante
2499 5704 2569 5754 ab
2594 5704 2663 5755 iis
2693 5705 2986 5754 auferetur.
3019 5704 3299 5755 LINDnEa.

2326 5775 2425 5839 (40)
2472 5775 2705 5840 Regulus.
2756 5776 2892 5825 Haec
2931 5779 2986 5826 et
3017 5789 3143 5840 quis
3181 5776 3497 5838 sequuntur
3535 5769 3600 5822 ad
3651 5763 3845 5819 verbum

2265 5847 2437 5899 ferme
2458 5851 2677 5913 sumpta
2705 5852 2837 5898 sunt
2863 5858 2931 5897 ex
2959 5846 3212 5899 Minutio.
3246 5845 3454 5898 BALUZ.
