3998 6194
152 256 228 309 593

1214 253 1410 308 LIBER
1454 253 1540 307 DE
1580 252 1916 309 ιηοιοΒυΜ
1972 254 2316 310 VANITATE.

3343 258 3445 315 594

147 380 273 434 riuus
304 376 623 447 religionem
663 376 864 443 tenuit,
907 381 965 431 et
1004 376 1106 430 sub
1134 376 1342 448 jugum
1387 376 1595 432 missus
1637 378 1957 466 estAsunt
2005 376 2272 433 insinceri
2322 379 2435 449 (44)
2478 380 2536 433 et
2579 378 2709 450 vagi
2737 382 2870 449 (45),
2911 381 3029 453 qui,
3082 388 3457 466 posteaquam

147 478 184 528 et
218 472 369 526 victus
396 472 467 505 ³⁸⁸
502 473 621 540 (it).
665 472 846 524 Pullos
887 470 1085 524 edaces
1124 472 1231 541 (42)
1274 471 1472 525 Paulus
1501 470 1719 537 habuit,

141 574 181 621 et
197 565 329 637 apud
355 568 572 620 Cannas
611 568 801 618 tamen
839 580 1015 618 caesus
1041 568 1142 618 est.
1196 563 1391 638 573
1435 566 1496 619 C.
1540 566 1723 620 Cassar

142 678 193 714 ne
216 664 332 713 ante
358 658 621 713 brumam
655 658 711 712 in
737 658 987 713 Africam
1023 658 1254 729 navigia
1290 659 1339 693 ²⁹
1371 658 1719 713 transmitte-

140 758 201 808 ret
235 752 473 823 auguriis
512 758 566 808 et
605 752 870 823 auspiciis
916 752 1323 819 renitentibus,
1373 752 1614 824 sprevit,
1656 769 1722 808 eo

140 846 315 901 facilius
339 850 394 901 et
421 846 703 917 navigavit
729 849 788 901 et
810 845 960 902 vicit.

189 943 260 994 Vl.
310 942 519 994 Horum
571 943 759 995 autem
807 939 1072 995 omnium
1128 941 1269 995 ratio
1314 945 1398 995 est
1447 941 1544 996 illa
1595 957 1722 1013 quae

136 1035 245 1088 fallit
268 1037 319 1089 et
345 1034 571 1105 decipit,
608 1038 664 1088 et
703 1035 1003 1105 praestigiis
1041 1035 1376 1090 cmcantibus
1423 1018 1718 1090 veritatem

133 1128 326 1183 stultum
373 1134 428 1183 et
470 1128 766 1183 credulum
804 1130 913 1200 (43)
958 1130 1156 1201 vulgus
1201 1130 1439 1185 inducit.
1480 1129 1721 1200 Spiritus

1824 471 2062 525 terrenis
2111 471 2259 543 vitiis
2305 472 2559 526 immersi
2608 478 2773 541 sunt,
2820 481 2875 533 et
2922 493 2951 529 a
3002 476 3192 547 vigore
3245 454 3455 533 caelesti

1823 567 2053 619 terreno
2107 565 2369 636 contagio
2420 573 2802 635 recesserunt,
2855 585 2968 623 non
3017 569 3283 624 desinunt
3333 589 3458 642 per—

1823 657 1926 713 diti
1949 659 1996 692 ³⁰
2015 644 2255 729 perdere
2274 664 2326 713 et
2346 660 2638 730 depravati
2666 676 2920 716 errorem
2949 664 3238 732 pravitatis
3264 664 3452 719 infun-

1821 752 1975 807 dere.
2032 754 2140 806 Hos
2192 756 2251 807 et
2301 757 2484 824 poeta:
2540 753 2835 808 dmmonas
2889 760 3130 824 norunt;
3196 760 3454 813 Socrates

1821 845 2022 901 instrui
2043 863 2103 901 se
2126 852 2184 902 et
2205 847 2329 917 regi
2357 847 2426 901 ad
2458 847 2759 901 arbitrium
2790 847 3066 903 daemonis
3093 851 3456 920 praidicabat,

1822 945 1879 995 et
1911 941 2096 1012 magis
2127 940 2260 995 inde
2302 945 2385 995 est
2421 940 2493 995 ad
2535 941 2847 1012 perniciosa
2884 944 2968 997 vel
3014 943 3227 998 ludicra
3261 949 3455 1016 poten-

1820 1040 2001 1101 tatus;
2067 1051 2311 1105 quorum
2373 1037 2567 1089 tamen
2634 1035 2952 1106 praecipuus
3018 1038 3281 1093 llostrmes
3344 1040 3452 1109 (46)

1823 1127 2015 1200 574
2036 1131 2092 1183 et
2110 1128 2348 1182 formam
2380 1128 2497 1182 veri
2523 1126 2618 1182 Dei
2643 1129 2752 1200 (47)
2785 1135 2957 1201 negat
2983 1131 3226 1202 conspici
3261 1148 3445 1202 posse,

1460 1240 1669 1303 Varini
1724 1240 2058 1303 lectiones.

176 1348 229 1381 ³³⁸
249 1350 312 1400 Et
336 1350 521 1399 victus
549 1349 821 1398 transtulit
846 1348 973 1399 edit.
1004 1350 1235 1412 Baluzi'i',
1264 1351 1436 1398 omisit
1463 1349 1639 1399 Routh.
1706 1348 1749 1381 ²⁹
1776 1349 1951 1399 Nauta
1990 1346 2136 1397 Corb.
2207 1348 2247 1381 ³ο
2276 1346 2480 1398 Perditi
2510 1346 2653 1397 abest
2677 1363 2707 1397 α
2739 1349 2952 1398 Gronov.

1471 1458 1820 1522 Variorum
1878 1464 2069 1521 notae.

179 1568 261 1624 lli)
316 1569 377 1617 Et
426 1567 612 1617 victus.
672 1566 875 1616 Addidi
932 1567 1079 1617 istud
1133 1582 1202 1618 ex
1263 1568 1403 1618 libro
1458 1568 1719 1619 Fuxensi.

132 1639 397 1688 Audaciam
450 1640 612 1688 istam
651 1639 788 1689 mihi
846 1641 979 1689 fecit
1022 1640 1308 1699 Minutius,
1360 1640 1503 1704 apud
1554 1655 1721 1705 quem

132 1714 185 1759 ita
209 1711 393 1773 legitur
430 1726 441 1758 :
489 1726 519 1758 α
568 1711 860 1760 Mancinus
905 1712 1227 1774 religionem
1271 1713 1468 1771 tenuit,
1522 1718 1576 1762 et
1617 1714 1722 1762 sub

129 1783 311 1844 signum
346 1783 551 1831 missus
577 1787 659 1832 est
698 1788 754 1831 et
776 1781 1013 1833 deditus.
1045 1800 1072 1829 »
1103 1783 1203 1833 Pro
1238 1798 1303 1833 eo
1350 1784 1499 1848 quod
1541 1785 1721 1834 Minu-
1748 1780 1798 1850 Β
1883 1785 1982 1844 (435)
2033 1785 2184 1846 Vug‘i'.
2231 1782 2684 1841 Commodianus,
2741 1783 2993 1833 Instruat.
3052 1800 3109 1835 IV
3161 1802 3173 1835 :

130 1853 214 1901 tius
233 1852 361 1901 dixit
413 1852 641 1914 deditus,
682 1854 821 1904 liber
870 1854 1148 1904 Fuxensis
1182 1854 1349 1903 habet
1386 1857 1568 1905 rictus.
1604 1855 1719 1905 BA-

131 1936 225 1973 ιρι.

173 1996 255 2055 (42)
290 1994 468 2045 Pullos
509 1995 712 2045 edaces.
761 1996 885 2045 Duo
928 1995 1054 2045 libri
1093 2000 1308 2045 veteres
1351 1995 1559 2045 habent
1608 1995 1722 2044 rul-

131 2070 253 2115 tiim.
282 2065 387 2115 Sed
422 2080 489 2115 ea
514 2066 683 2116 lectio
731 2080 842 2116 non
886 2068 1148 2117 convenit
1194 2080 1324 2117 cum
1363 2067 1606 2116 historia.
1641 2067 1720 2116 Ea

129 2135 383 2187 admodum
414 2138 617 2188 festiva
654 2141 755 2187 est.
788 2138 1047 2188 Referam
1096 2142 1282 2187 autem
1315 2139 1463 2188 illam
1506 2152 1573 2188 ex
1612 2139 1720 2187 Va-

129 2207 234 2256 lerio
279 2206 537 2269 Maximo,
595 2208 689 2257 lib.
739 2221 774 2268 ι,
829 2222 948 2272 cap.
976 2211 1005 2259 4
1038 2224 1107 2257 ;‹‹
1144 2210 1201 2258 Ρ.
1247 2209 1518 2259 Claudius
1570 2208 1720 2259 bello

131 2278 299 2329 Punico
354 2281 557 2344 primo,
610 2293 741 2330 cum
794 2281 1046 2343 prielium
1100 2280 1299 2330 navale
1372 2282 1720 2331 committere

131 2350 275 2409 vellet,
317 2351 753 2415 auspiciumque
796 2364 951 2401 more
1009 2352 1283 2413 majorum
1333 2351 1615 2414 petiisset,
1668 2354 1722 2399 et

130 2420 357 2480 pullarius
381 2434 494 2470 non
549 2422 699 2470 exire
751 2433 918 2470 cavea
964 2421 1147 2485 pullos
1194 2422 1519 2481 nuntiasset,
1556 2420 1719 2484 abjici

130 2503 200 2538 eos
252 2492 300 2540 in
347 2505 499 2541 mare
538 2493 708 2555 jussit
758 2492 949 2542 dicens
983 2508 993 2541 :
1027 2492 1168 2554 Quia
1197 2505 1317 2542 esse
1364 2493 1584 2551 nolunt,
1642 2492 1720 2541 bi-

129 2561 244 2611 bant.
269 2579 294 2608 ii
337 2562 647 2613 Suetonius
687 2564 743 2612 in
789 2562 1010 2612 Tiberio
1044 2578 1055 2610 :
1093 2578 1121 2611 ‹‹
1170 2561 1438 2612 Claudius
1485 2562 1722 2611 Pulcher

131 2633 243 2695 apud
276 2633 525 2685 Siciliam
563 2647 673 2683 non
726 2634 1081 2697 pascentibus
1120 2633 1173 2681 in
1221 2633 1564 2696 auSpicando
1599 2634 1721 2696 pul-

128 2704 193 2762 lis,
237 2718 294 2754 ac
345 2719 442 2767 per
492 2708 880 2767 contemptum
924 2705 1205 2768 religionis
1256 2704 1391 2752 mari
1449 2704 1720 2754 demersis

130 2780 175 2821 ut
218 2773 455 2825 biberent
487 2775 720 2840 quando
756 2788 879 2825 esse
923 2776 1153 2834 nollent,
1207 2775 1462 2837 praetium
1522 2777 1719 2825 navale

129 2845 242 2905 iniit;
289 2852 712 2911 superatusque,
762 2861 892 2896 cum
944 2846 1266 2896 dictatorem
1321 2846 1506 2896 dicere
1552 2858 1587 2895 a‘
1624 2860 1720 2897 se-

128 2921 231 2965 natu
275 2918 585 2979 juberetur,
641 2918 854 2967 llicium
901 2917 1166 2966 viatorem
1231 2929 1396 2965 suum
1455 2916 1625 2965 dedit.
1691 2936 1718 2963 »

132 2987 369 3053 llincjoci
424 2990 586 3039 Pauli
627 2989 772 3052 apud
818 2988 1143 3049 Martialem,
1195 2987 1290 3037 lib.
1345 3000 1383 3048 ι,
1433 2988 1601 3051 epigr.
1638 2987 1716 3036 ‘29.

130 3058 337 3111 Similem
392 3062 573 3112 ferme
619 3060 902 3110 historiam
949 3059 1016 3109 de
1054 3059 1113 3107 C.
1163 3059 1437 3108 Flaminio
1489 3058 1718 3109 consule

129 3137 274 3181 narrat
297 3131 491 3183 Cicero
546 3133 603 3180 in
651 3132 792 3181 libro
840 3132 1018 3194 primo
1062 3130 1126 3178 de
1173 3131 1531 3179 Divinatione.
1581 3130 1716 3180 Haec

127 3208 227 3251 sunt
259 3206 369 3264 ejus
398 3204 573 3253 verba
613 3218 683 3251 :«
732 3202 883 3252 Idem
923 3215 1052 3251 cum
1103 3201 1347 3264 tripudio
1392 3203 1719 3263 auspicare—

128 3278 208 3331 tur,
246 3274 515 3336 pullarius
574 3274 717 3323 diem
765 3273 937 3337 prmiii
986 3273 1363 3322 committendi
1415 3272 1715 3322 differebat.

128 3342 237 3392 Tum
266 3345 572 3396 Flaminius
600 3358 668 3395 ex
711 3358 776 3394 eo
819 3344 1096 3407 quaesivit,
1143 3344 1189 3392 si
1238 3356 1308 3392 ne
1356 3349 1540 3405 postea
1598 3344 1719 3407 qui-

125 3412 221 3464 dem
266 3418 395 3480 pulli
450 3421 844 3481 pascerentur,
886 3414 1020 3478 quid
1069 3414 1387 3465 faciendum
1448 3419 1716 3473 censeret,

126 3499 222 3535 cum
281 3490 367 3538 ille
436 3487 845 3553 quiescendum
929 3487 1323 3548 respondisset,
1391 3486 1715 3547 Flaminius,

128 3559 345 3617 pmclara
396 3574 537 3611 vero
584 3559 850 3621 auspicia,
904 3559 948 3606 si
981 3558 1357 3607 esurientibus
1411 3558 1577 3621 pullis
1633 3572 1719 3608 res

126 3630 213 3687 geri
256 3634 466 3694 poterit,
533 3631 737 3679 saturis
789 3629 928 3678 nihil
980 3634 1215 3692 geretur.
1280 3630 1473 3692 Itaque
1560 3631 1717 3693 signa

129 3703 322 3751 convelli
354 3709 408 3752 et
436 3716 500 3752 se
531 3702 688 3765 sequi
719 3701 900 3763 jussit.
931 3699 1056 3761 Quo
1103 3705 1348 3763 tempore
1389 3713 1514 3749 cum
1554 3701 1719 3763 signi-

127 3768 187 3817 fer
218 3772 361 3833 primi
414 3773 621 3823 hastati
673 3773 893 3834 signum
933 3785 1043 3820 non
1080 3776 1267 3833 posset
1302 3785 1526 3821 movere
1574 3772 1714 3830 loco,

127 3853 207 3891 nec
247 3844 551 3909 quidquam
603 3843 913 3905 proﬁceret,
952 3843 1137 3905 plures
1183 3854 1310 3891 cum
1367 3842 1715 3904 accederent,

128 3909 393 3965 Flaminius
450 3916 771 3965 renuntiata
818 3926 920 3962 suo
972 3926 1125 3962 more
1183 3914 1443 3975 neglexit.
1529 3914 1717 3976 Itaque

128 3982 271 4033 tribus
323 3985 470 4035 horis
517 3985 779 4034 concisus
820 3983 1119 4038 exercitus.
1168 3988 1334 4046 atque
1385 3984 1501 4046 ipse
1551 3985 1717 4034 inter-

125 4053 268 4104 fectus
286 4061 381 4106 est.
409 4078 437 4103 υ
465 4056 613 4105 Vide
648 4056 927 4104 Valerium
960 4054 1284 4114 Maximum,
1330 4053 1425 4102 lib.
1454 4067 1490 4113 ι,
1517 4065 1636 4116 cap.
1666 4057 1712 4104 ϐ.

126 4121 307 4175 leonem
336 4141 527 4177 caveae
549 4130 604 4174 et
628 4125 908 4188 pullorum
952 4138 1020 4175 ex
1066 4126 1309 4188 antiquis
1338 4127 1717 4175 monumentis

126 4195 256 4246 refert
284 4197 537 4257 Rosinus,
564 4196 659 4246 lib.
692 4206 767 4257 ιιι,
809 4210 931 4259 cap.
979 4196 1053 4258 lO,
1092 4196 1480 4259 Antiquitatum
1526 4198 1715 4246 Itoma-

123 4277 297 4317 nariim.
329 4273 538 4321 BALUZ.

172 4338 254 4398 (t3)
300 4342 601 4391 Credulum.
687 4341 761 4389 Ita
824 4339 1185 4390 soribendum
1242 4352 1362 4390 esse
1420 4339 1716 4389 arbitratus

124 4420 239 4467 sum.
262 4415 382 4474 quia
431 4415 507 4463 ita
559 4412 829 4474 scriptum
875 4411 1063 4461 inveni
1103 4412 1157 4460 in
1208 4410 1386 4460 tribus
1426 4410 1715 4462 codicibus

124 4482 237 4529 etin
262 4484 497 4534 editione
524 4497 654 4548 quae
695 4483 896 4533 dicitur
923 4481 1112 4532 Gravii
1158 4496 1254 4545 pro
1290 4496 1356 4532 eo
1401 4482 1549 4545 quod
1596 4483 1712 4532 edi-

125 4549 270 4621 tiones
309 4560 360 4604 et
408 4555 636 4621 quidem
686 4553 810 4603 libri
873 4557 1085 4603 veteres
1140 4552 1349 4603 habent
1408 4553 1709 4616 prodigum'

124 4620 267 4675 Etiam
294 4620 435 4677 falsa
465 4628 631 4678 lectio
674 4625 796 4674 libri
832 4625 1188 4684 Turonensis,
1235 4638 1361 4686 qum
1402 4623 1567 4673 habet
1595 4638 1714 4673 cru-

122 4692 272 4754 delem,
325 4698 563 4748 ostendit
611 4698 772 4746 istam
825 4709 948 4745 esse
992 4709 1195 4745 veram.
1254 4695 1712 4757 Vulgatissimum

123 4770 191 4813 est
240 4768 460 4817 inveniri
508 4771 826 4829 frequenter
869 4767 923 4815 in
972 4766 1254 4817 veteribus
1305 4766 1460 4815 libris
1512 4780 1697 4815 manu

124 4838 306 4898 scriptis
351 4839 630 4888 crudelem
674 4850 771 4899 pro
811 4836 1038 4885 credulo
1085 4838 1140 4886 et
1191 4850 1220 4885 e
1260 4850 1546 4894 converso,
1591 4851 1712 4887 cru-

124 4904 367 4957 delitatem
407 4912 568 4959 etiam
616 4922 714 4971 pro
767 4906 1100 4957 credulitate
1155 4913 1210 4956 et
1259 4921 1289 4957 e
1335 4921 1619 4968 converso,
1652 4912 1713 4957 ut

124 4981 278 5026 monui
314 4981 442 5041 jam.
506 4993 626 5043 pag.
680 4979 790 5029 483.
847 4977 985 5027 Vide
1030 4982 1161 5026 tum.
1202 4979 1248 5026 ll
1285 4977 1707 5040 Capitularium,

126 5060 220 5110 pag.
248 5053 373 5100 illi).
405 5053 466 5100 In
513 5050 854 5109 Corbeiensi,
899 5048 1114 5099 stultum
1158 5054 1202 5097 et
1247 5048 1524 5110 crudelem,
1557 5050 1708 5113 quod

125 5119 331 5178 profecto
356 5122 709 5185 depravatum
740 5125 922 5171 estex
966 5121 1151 5184 aliqua
1196 5124 1379 5171 vetere
1420 5122 1708 5183 scriptura,

123 5204 224 5251 qua:
260 5192 511 5244 habuisse
560 5193 780 5242 Videtur
826 5192 1112 5241 credulum.
1153 5192 1293 5241 Illud
1337 5206 1486 5253 vero,
1533 5193 1709 5256 prodi-

123 5274 238 5323 gum,
260 5264 398 5315 unde
422 5264 718 5328 irrepserit,
759 5276 871 5311 non
911 5262 1089 5313 habeo
1123 5262 1343 5313 dicere:
1392 5265 1499 5313 nisi
1528 5264 1708 5327 scrip-

126 5335 220 5381 tum
265 5336 385 5384 olim
461 5336 631 5384 fuisse
687 5333 990 5396 perditum;
1034 5334 1215 5398 deque
1290 5333 1385 5383 illo
1447 5335 1708 5396 perditum

125 5401 297 5454 iactum
333 5406 400 5456 ab
447 5407 713 5469 imperitis
750 5405 1037 5467 proditum.
1066 5419 1132 5454 ac
1167 5405 1370 5455 deinde
1408 5406 1705 5468 prodigum.

126 5470 293 5590 ἕω·όὶιί
364 5478 613 5527 homines
685 5476 950 5527 dicuntur
1021 5475 1278 5525 scelerati
1360 5488 1427 5526 ac
1492 5477 1706 5525 nefarii.

167 5555 328 5590 ῐΟΑΠΡ.

167 5555 329 5597 ιρΑιτ.

178 5617 263 5674 (Η)
300 5620 515 5681 Spiritus
553 5620 821 5671 insinceri.
859 5621 1039 5684 Supra
1084 5620 1140 5669 in
1184 5619 1430 5682 Epistola
1480 5619 1553 5668 ad
1605 5621 1708 5667 Do-

128 5691 278 5735 muum
339 5705 354 5738 :
408 5692 728 5742 «lmmundi
785 5696 840 5741 et
910 5692 1129 5742 erratici
1198 5690 1523 5754 spiritus.»
1609 5691 1708 5739 Mi-

130 5758 324 5808 ll‘lilllS:
362 5782 387 5806 ει
433 5763 666 5827 Spiritus
722 5767 854 5812 sunt
909 5762 1189 5821 insinceri,
1227 5763 1367 5825 vagi,
1423 5776 1452 5811 a
1499 5762 1707 5812 ccelesti

130 5828 289 5892 vigore
316 5835 532 5886 terrenis
563 5834 784 5887 labibus
829 5838 885 5887 et
909 5833 1304 5901 cupiditatibus
1344 5834 1644 5901 degravati.
1678 5848 1709 5883 »

1734 4509 1791 4579 D

1822 1569 2159 1629 Lactantius,
2211 1570 2308 1619 lib.
2365 1583 2415 1630 ll,
2474 1583 2591 1633 cap.
2652 1571 2707 1619 lt
2766 1583 2777 1615 :
2828 1587 2851 1615 ct
2888 1570 3126 1635 Spiritus
3174 1580 3453 1629 containi—

1822 1642 1931 1689 nati
1979 1653 2044 1690 ac
2090 1640 2285 1705 perditi
2342 1654 2440 1704 per
2465 1653 2685 1690 omnem
2729 1644 2925 1691 terram
2952 1650 3285 1708 vagantur.»
3336 1651 3451 1701 ΒΑ-

1822 1725 1946 1763 LUZ.

3228 1806 3256 1837 «
3299 1792 3451 1843 Unde

1822 1855 1986 1904 modo
2030 1856 2154 1918 vagi
2209 1857 2537 1903 subvertunt
2582 1868 2813 1916 corpora
2870 1857 3123 1905 multa.»
3158 1860 3313 1922 Item,
3362 1864 3453 1912 ln-

1820 1930 2014 1976 strnct.
2047 1926 2148 1975 2-2:
2195 1942 2222 1971 ‹‹
2249 1926 2542 1975 Daemones
2584 1925 2641 1973 in
2675 1925 2883 1974 mundo
2928 1927 3113 1990 vagi.»
3150 1929 3231 1980 Ita
3274 1933 3330 1981 in
3359 1948 3452 1983 ve-

1823 1998 1923 2045 teri
1971 1996 2164 2046 codice
2197 1998 2375 2046 sancti
2418 1995 2623 2046 Albini.
2664 1996 2765 2045 Pro
2807 2010 2919 2059 quo
2962 1997 3234 2061 Rigaltius
3270 2006 3453 2065 posuit

1819 2069 2027 2129 vagari.
2058 2067 2405 2126 Prudentius,
2429 2068 2485 2115 in
2518 2065 2777 2116 Carmine
2801 2066 2868 2117 de
2894 2073 3089 2118 sancto
3123 2071 3449 2125 Vincentio:

1820 2156 1847 2183 «
1882 2138 2105 2187 Adsunt
2129 2142 2182 2187 et
2212 2138 2326 2187 illic
2355 2138 2578 2201 spiritus
2606 2138 2747 2200 vagi,
2784 2138 3132 2201 impotentes,
3164 2144 3386 2195 sordidi.
3424 2163 3453 2193 s

1819 2209 2029 2260 Bawz.

1883 2282 1981 2343 (46)
2016 2282 2289 2329 Hostanes.
2347 2279 2577 2329 Veteres
2631 2278 2902 2330 editiones
2967 2286 3019 2331 et
3094 2295 3287 2335 omnes
3342 2288 3457 2338 fere

1819 2351 1944 2400 libri
2021 2355 2232 2400 veteres
2285 2349 2493 2400 habent
2560 2350 2844 2399 Sosthenes.
2930 2352 3209 2405 Manutius
3269 2360 3455 2420 posuit

1822 2427 2054 2474 Ostanes.
2125 2421 2403 2471 Pamelius
2475 2422 2743 2471 Hostanes.
2796 2423 2865 2471 At
2916 2436 3023 2485 ego
3072 2425 3291 2478 Ostanes
3336 2430 3451 2479 vidi

1819 2494 2085 2555 scriptum
2138 2493 2191 2541 iii
2230 2492 2405 2541 tribus
2448 2493 2691 2556 antiquis
2732 2492 3039 2554 codicibus,
3101 2498 3346 2549 Hostanes
3394 2503 3450 2550 in

1820 2566 2146 2615 Turoneiisi.
2185 2565 2244 2613 In
2288 2578 2399 2612 uno
2436 2577 2560 2612 meo
2600 2565 2768 2612 veteri
2810 2566 3081 2629 scriptum
3129 2571 3304 2631 primo
3328 2572 3449 2621 fue-

1821 2641 1898 2686 rat
1925 2638 2162 2695 Ostanes,
2205 2634 2303 2684 sed
2350 2639 2537 2698 postea
2576 2635 2656 2683 sic
2704 2637 3060 2688 emendatum
3096 2643 3177 2689 est
3206 2642 3451 2706 antiqui-

1821 2714 1910 2757 tus
1938 2712 1997 2757 ut
2041 2707 2427 2756 ostenderetur
2471 2706 2825 2755 scribendum
2866 2721 2989 2758 esse
3022 2712 3279 2762 Sostanes.
3326 2714 3452 2775 Quo

1820 2777 1983 2827 modo
2027 2780 2296 2840 scriptum
2349 2782 2433 2827 est
2478 2777 2642 2826 etiam
2698 2781 2751 2826 in
2813 2779 3344 2843 Gratianopolitano.
3387 2785 3450 2834 In

1821 2849 2073 2911 Apologia
2112 2849 2333 2911 Apuleii
2386 2852 2611 2897 vocatur
2651 2848 2940 2898 llostancs.
2979 2850 3124 2901 Citat
3175 2853 3326 2904 hunc
3375 2855 3451 2905 lo-

1819 2934 1945 2969 cum
1995 2926 2223 2969 sanctus
2262 2920 2629 2982 Augustinus,
2662 2919 2759 2969 lib.
2802 2933 2880 2979 vr,
2928 2922 2999 2969 De
3040 2923 3290 2984 Baptism.
3333 2938 3450 2973 con-

1819 2998 1901 3039 tra
1955 2992 2281 3050 Donatistas,
2344 3004 2465 3054 cap.
2515 2994 2593 3041 Η.
2657 2990 2796 3040 Vide
2866 2991 3186 3053 Seldenum,
3246 2996 3335 3045 lib.
3390 3012 3448 3060 v,

1819 3074 1939 3124 cap.
1999 3063 2074 3119 ll,
2133 3063 2203 3111 De
2250 3061 2380 3109 Jure
2426 3061 2673 3110 naturali
2717 3068 2760 3110 et
2807 3062 3066 3111 Gentium.
3125 3065 3337 3117 BALUZ.
3388 3096 3449 3105 —

1819 3132 1957 3180 Plin.
1985 3132 2080 3180 lib.
2113 3144 2261 3190 xxx,
2294 3146 2411 3195 cap.
2453 3134 2473 3181 1
2508 3148 2519 3181 :
2555 3151 2581 3175 «
2610 3133 2826 3181 Primus
2869 3137 3045 3182 exstat
3092 3141 3171 3185 fut
3222 3139 3448 3200 quidem

1820 3203 2063 3262 invenio)
2101 3206 2504 3252 commentatus
2541 3202 2609 3252 de
2659 3216 2723 3252 co
2774 3203 3023 3264 Ostanes,
3072 3206 3310 3258 Xerxem
3357 3223 3451 3258 re—

1818 3287 1940 3336 gem
1985 3274 2295 3332 Persarum,
2340 3272 2505 3333 bello,
2535 3274 2685 3336 quod
2719 3275 2765 3323 is
2810 3276 2864 3322 in
2923 3275 3194 3325 Graeciam
3246 3280 3449 3341 intulit,

1818 3346 2146 3403 comitatus;
2198 3358 2264 3394 ac
2306 3345 2459 3393 velut
2496 3346 2707 3393 semina
2746 3346 2876 3394 artis
2932 3350 3261 3408 portentosae
3295 3364 3447 3414 spar-
3486 3364 3489 3367 '

1818 3416 1907 3475 sit,
1940 3416 2120 3466 obiter
2162 3417 2386 3471 infecto,
2429 3428 2786 3478 quacumque
2833 3424 3261 3480 commeaverat,
3289 3435 3449 3471 ninn-

1819 3486 1903 3535 do.
1940 3487 2043 3537 Hic
2094 3489 2330 3536 maxime
2378 3486 2611 3536 Ostanes
2662 3486 2730 3535 ad
2782 3487 3008 3547 rabiem,
3058 3502 3167 3538 non
3221 3492 3449 3542 avidita-

1818 3562 1927 3607 tem
1960 3557 2122 3606 rnodo
2150 3559 2397 3607 scientim
2446 3559 2581 3620 ejus,
2624 3558 2946 3607 Graecorum
2998 3561 3233 3622 populos
3262 3564 3389 3626 egit.
3420 3583 3448 3610 is

1818 3627 2055 3679 RIGALT.

1880 3699 1978 3759 (47)
2050 3700 2292 3747 Formam
2356 3698 2468 3747 veri
2510 3698 2617 3746 Dei.
2664 3698 2895 3756 Plinius,
2940 3699 3034 3750 lib.
3088 3714 3141 3761 ll,
3193 3716 3314 3766 cap.
3359 3707 3389 3754 7
3428 3722 3440 3754 :

1819 3788 1844 3812 α
1880 3769 2133 3832 Efﬁgiem
2184 3770 2281 3819 Dei
2341 3769 2684 3833 formamque
2742 3769 2965 3820 credere
3041 3772 3438 3825 imbecillitatis

1816 3840 2076 3890 humanas
2131 3854 2264 3890 reor.
2317 3859 2343 3885 ››
2399 3841 2670 3902 Apuleius
2731 3839 2787 3889 in
2842 3840 3099 3905 Apologia
3156 3858 3172 3892 :
3212 3861 3241 3892 α
3291 3847 3465 3898 Deus‘

1817 3915 2010 3974 paucis
2057 3912 2383 3970 conitabilis.
2420 3913 2630 3961 nemini
2670 3911 2981 3961 effabilis.»
3031 3916 3251 3966 Attalus
3296 3932 3449 3968 mar-

1819 3987 1903 4044 tyr
1928 3983 2072 4045 apud
2103 3983 2383 4041 Rufinum,
2420 3983 2513 4032 lib.
2547 3996 2602 4041 v,
2640 3997 2759 4046 cap.
2799 3984 2847 4042 3,
2882 3985 3251 4049 interrogatus
3295 3990 3445 4052 quod

1816 4065 2019 4103 nomen
2045 4054 2275 4102 haberet
2312 4054 2464 4103 Deus
2516 4054 2798 4116 respondit
2825 4069 2835 4100 :
2866 4070 2893 4102 ‹‹
2924 4054 3031 4117 Qui
3078 4057 3264 4119 plures
3312 4066 3449 4109 sunt

1816 4124 2134 4173 nominibus
2162 4124 2568 4174 discernuntur.
2620 4125 2728 4187 Qui
2775 4138 2922 4174 unus
2963 4130 3047 4175 est
3083 4140 3193 4176 non
3233 4129 3444 4191 indiget

1815 4196 2119 4244 nomine.»
2167 4195 2372 4245 Marius
2405 4195 2723 4245 Victorinus
2776 4197 2931 4246 initio
2993 4197 3116 4247 libri
3168 4198 3241 4248 de
3280 4200 3445 4249 Gene-

1816 4266 2023 4314 ratione
2059 4266 2244 4315 divina
2286 4281 2302 4315 :
2348 4285 2375 4311 «
2425 4267 2507 4316 De
2544 4267 2660 4316 Deo
2708 4266 2895 4318 dicere
2947 4282 3113 4331 supra
3163 4268 3447 4322 hominem

1817 4336 2049 4387 audacia
2103 4343 2203 4386 est.
2268 4356 2295 4383 »
2348 4337 2559 4397 Cicero,
2610 4338 2702 4387 lib.
2764 4352 2777 4387 ι
2831 4339 2894 4389 de
2936 4342 3147 4389 Natura
3201 4344 3449 4407 Deorum,

1817 4408 1893 4456 ait
1930 4409 2173 4471 speciem
2226 4408 2328 4457 Dei
2384 4409 2622 4471 perspici
2672 4410 3022 4472 cogitatione,
3084 4425 3193 4461 non
3257 4426 3446 4464 sensu.

1817 4478 2123 4539 Lucretius,
2158 4479 2253 4529 lib.
2283 4495 2299 4529 I
2334 4495 2345 4528 :
2374 4482 2563 4530 «Deus
2595 4482 2763 4529 animi
2805 4483 2894 4530 vix
2944 4487 3129 4533 mente
3154 4484 3388 4535 videtur.
3418 4504 3447 4532 »

1818 4550 2151 4610 Lactantius,
2185 4553 2239 4600 in
2276 4552 2414 4601 libro
2447 4552 2509 4598 de
2562 4552 2652 4600 Ira
2706 4552 2813 4612 Dei,
2865 4566 2983 4616 cap.
3039 4555 3090 4602 it
3153 4568 3163 4599 :
3222 4572 3251 4598 «
3283 4556 3446 4618 Apud

1816 4622 2243 4685 XenOphontem
2294 4623 2547 4672 Socrates
2597 4623 2886 4685 disputans
2942 4625 3016 4673 ait
3063 4626 3291 4673 formam
3342 4626 3446 4675 Dei

1814 4707 1924 4742 non
1962 4699 2213 4756 Oportei-e
2239 4694 2558 4756 conquiri.»
2585 4692 2884 4753 Arnobius,
2909 4693 3040 4743 lib.i
3072 4710 3083 4742 :
3116 4714 3143 4740 ‹‹
3174 4696 3233 4745 Si
3257 4710 3445 4745 veram

1814 4766 1982 4814 vultis
2033 4766 2220 4814 audire
2268 4766 2619 4824 sententiam,
2668 4769 2760 4813 aut
2803 4765 3014 4815 nullam
3078 4766 3248 4815 habet
3292 4768 3445 4817 Deus

1813 4835 2064 4895 formam,
2096 4840 2191 4884 aut
2210 4836 2254 4883 si
2293 4836 2618 4883 informatus
2648 4839 2730 4885 est
2756 4836 2959 4899 aliqua,
2983 4850 3050 4885 ex
3078 4851 3188 4899 qua
3217 4838 3290 4886 sit
3321 4852 3451 4900 pro-

1813 4907 1956 4956 fecto
1982 4908 2277 4957 nescimus.
2314 4907 2416 4955 Dio
2456 4905 2702 4963 Cassius,
2755 4906 2848 4954 lib.
2899 4920 3129 4963 xxxv”,
3168 4921 3339 4970 agens
3374 4908 3441 4959 de

1810 4978 1927 5027 Deo
1952 4978 2270 5027 Jiidieorum
2301 4978 2376 5024 ait
2410 4976 2532 5024 illos
2560 4978 2738 5026 Deum
2767 4991 2932 5026 suum
2970 4977 3307 5029 ineffabilem
3358 4980 3445 5028 in-

1810 5050 2200 5112 visibilemque
2225 5050 2593 5098 existimasse.
2623 5049 2920 5099 Cassianus
2946 5048 3142 5099 Collat.
3163 5063 3221 5109 v,
3244 5064 3362 5114 cap.
3380 5052 3442 5111 Α,

1806 5120 2065 5183 disputat
2119 5120 2383 5168 adversus
2426 5131 2618 5167 eorum
2660 5121 3070 5183 simplicitatem
3104 5120 3198 5183 qui
3232 5122 3447 5171 incom-

1811 5190 2241 5255 prehensibilem
2289 5191 2399 5239 veri
2452 5190 2699 5237 numinis
2751 5193 3101 5254 majestatem
3179 5190 3285 5240 sub
3342 5194 3446 5241 cir-

1811 5262 2241 5324 cumscriptione
2287 5262 2527 5323 alicujus
2573 5261 2851 5310 mstimant
2890 5261 3247 5310 adorandam.
3301 5262 3444 5314 Vide

1810 5332 2070 5384 eumdem
2098 5332 2195 5381 lib.
2219 5344 2316 5381 Vlll
2337 5332 2397 5380 de
2436 5331 2632 5380 Habitu
2664 5333 3061 5393 Monachorum,
3092 5346 3215 5395 cap.
3243 5335 3288 5382 4.
3320 5333 3444 5384 Sul-

1810 5405 1977 5466 pitius
2008 5403 2260 5459 Severus,
2304 5401 2399 5450 lib.
2439 5415 2475 5449 II
2531 5403 2709 5451 Sacrae
2747 5402 3015 5451 Historiis:
3041 5421 3068 5449 ‹‹
3096 5401 3443 5465 Responsum

1809 5477 1892 5524 est
1946 5475 2179 5523 formam
2240 5474 2342 5523 Dei
2394 5472 2719 5522 mortalibus
2791 5474 2969 5523 oculis
3023 5475 3260 5537 perspici
3329 5488 3440 5523 non

1808 5558 1987 5608 posse.
2045 5560 2073 5591 ii
2124 5543 2287 5606 Apud
2350 5544 2685 5604 Juvencum,
2736 5544 2830 5594 lib.
2882 5557 2917 5594 ii
2985 5546 3114 5595 Hist.
3167 5545 3440 5607 Evangel.,

1810 5616 2068 5668 Christus
2094 5616 2324 5678 loquens
2348 5615 2413 5664 de
2437 5622 2589 5678 petra
2624 5618 2697 5665 ait
2726 5630 2736 5664 :

1872 5689 2035 5751 Hujus
2059 5688 2198 5735 enim
2234 5700 2414 5736 vocem
2445 5702 2725 5750 numquam
2763 5687 3212 5749 comprehendere
3240 5687 3439 5749 quistis,

1871 5762 1974 5809 Nec
2010 5760 2240 5823 speciem
2270 5762 2534 5823 propriam
2570 5761 2826 5810 concessit
2854 5760 3017 5809 visere
3047 5758 3219 5809 vobis.
3278 5816 3281 5817 ν

1809 5832 2047 5886 Ruﬁnus
2076 5831 2172 5884 lib.
2228 5843 2267 5884 ii
2305 5830 2691 5908 Apotogiorum
2727 5845 2745 5883 :
2790 5847 2818 5879 σι
2850 5831 2966 5887 Nec
3006 5830 3176 5897 enim,
3215 5832 3278 5883 ut
3312 5827 3439 5897 qui-
