3998 6194
0 3028 11 3183 ξ

0 3188 15 3357 ἓν

0 3364 5 3509 ξ

577 321 679 378 595
1477 325 1531 381 S.
1573 325 1889 382 CYPRIANI
1925 324 2201 382 OPERUM
2240 326 2412 380 PARS
2451 324 2514 379 ll.
2546 352 2615 366 —-
2652 324 3047 409 OPUSCULAs
3784 341 3866 396 596

579 452 633 504 et
664 451 894 521 angelos
932 465 1092 503 veros
1120 449 1163 484 ³³
1194 447 1312 504 sedi
1341 449 1461 520 ejus
1492 450 1627 506 dicit
1666 452 1942 506 assistere.
1988 454 2047 505 ln
2091 468 2203 523 quo
2227 456 2609 537 Acoguntur.
2652 451 2853 506 Videas
2901 452 3025 506 illos
3073 456 3267 507 nostra
3308 468 3443 507 voce
3484 454 3581 525 (53)
3619 460 3669 513 et
3703 476 3869 533 Opera-

530 554 535 558 ‘
577 549 633 597 et
663 542 820 597 Plato
848 543 969 613 pari
998 544 1216 599 ratione
1244 545 1547 612 consentit,
1579 552 1632 599 et
1668 562 1846 600 unum
1876 546 2056 600 Deum
2084 561 2201 598 ser-

576 652 734 702 vans,
765 640 998 691 caeteros
1028 639 1265 708 angelos
1304 640 1386 693 vel
1429 639 1721 693 daemonas
1767 639 1925 693 dicit.
1972 640 2205 693 Hermes

578 746 802 801 quoque
854 731 1252 801 Trismegistus
1299 749 1479 787 unum
1526 735 1697 787 Deum
1740 733 2010 804 loquitur,
2041 749 2201 787 eum-

574 839 684 894 que
711 825 1353 896 incomprehensibilem
1381 833 1550 898 atque
1584 827 2037 881 inaestimabilem
2068 844 2199 881 con-

572 916 786 973 ﬁtetur.

648 1015 731 1068 Vl.
766 1015 830 1067 Hi
860 1031 997 1085 ergo
1025 1015 1255 1087 spiritus
1280 1015 1382 1069 sub
1424 1016 1625 1071 statuis
1654 1019 1826 1086 atque
1855 1014 2203 1087 imaginibus

576 1109 890 1163 consecrati
947 1110 989 1143 ³¹
1045 1109 1394 1163 delitescunt.
1456 1110 1519 1163 Hi
1585 1108 1777 1164 afﬂatu
1845 1126 1946 1164 suo
2011 1114 2202 1162 vatum

572 1205 801 1272 pectora
832 1202 1131 1273 inspirant,
1175 1208 1429 1257 extorum
1477 1203 1643 1256 ﬁbras
1685 1203 1966 1269 animant,
2010 1201 2199 1256 avium

573 1296 796 1349 volatus
822 1296 1162 1365 gubernant,
1194 1302 1370 1350 sortes
1399 1301 1624 1367 regunt,
1660 1297 1890 1351 macula
1926 1295 2197 1362 efﬁciunt,

572 1382 717 1445 falsa
738 1390 882 1443 veris
914 1406 1137 1460 semper
1163 1389 1453 1444 involvunt
1492 1388 1623 1461 (48),
1656 1406 1786 1443 nam
1829 1395 1885 1443 et
1925 1389 2202 1443 falluntur

572 1490 627 1538 et
666 1483 886 1551 fallunt,
921 1485 1096 1538 vitam
1127 1485 1379 1551 turbant,
1412 1500 1646 1538 somnos
1683 1484 2026 1555 inquietant,
2056 1483 2196 1537 irre-

572 1584 772 1648 pentes
809 1578 977 1632 etiam
1017 1578 1245 1649 spiritus
1282 1580 1386 1650 (49)
1433 1579 1489 1632 in
1534 1578 1867 1649 corporibus
1900 1578 1947 1612 ³³
1984 1578 2198 1631 occulte

572 1676 793 1725 mentes
820 1677 1041 1726 terrent
1066 1675 1196 1742 (50),
1218 1672 1471 1729 membra
1501 1671 1689 1744 5'75
1715 1672 2085 1742 distorquent,
2111 1688 2200 1724 va-

567 1764 883 1819 letudinem
948 1765 1248 1837 frangunt,
1319 1767 1547 1820 morbos
1576 1766 1620 1800 3‘
1653 1765 1957 1831 lacessunt,
2015 1769 2078 1819 ut
2125 1764 2196 1817 ad

572 1860 789 1912 cultum
816 1859 899 1913 sui
927 1865 1148 1931 cogant,
1179 1866 1260 1927 ut,
1290 1860 1491 1914 nidore
1524 1860 1791 1914 altarium
1824 1864 1879 1914 et
1910 1858 2063 1930 rogis
2094 1875 2193 1928 pe-
2218 1838 2272 1909 B

570 1969 767 2007 eorum
812 1951 1075 2023 saginati,
1125 1953 1372 2008 remissis
1419 1970 1546 2025 quae
1590 1954 2053 2008 constrinxerant
2100 1969 2194 2007 cu-

570 2062 723 2100 rasse
752 2046 1073 2101 videantur.
1108 2048 1234 2101 Ηωο
1272 2050 1357 2102 est
1396 2047 1466 2101 de
1510 2047 1623 2101 illis
1653 2048 1871 2102 medela
1909 2063 2037 2102 cum
2083 2047 2199 2101 illo-

569 2156 699 2194 rum
735 2144 915 2195 cessat
943 2140 1052 2211 (51)
1089 2141 1332 2211 injuria;
1373 2156 1475 2195 nec
1510 2141 1664 2195 aliud
1691 2142 1801 2195 illis
1832 2140 2083 2195 studium
2113 2143 2198 2195 est

571 2251 743 2305 quam
775 2252 807 2289 a
837 2236 951 2289 Deo
980 2235 1235 2290 homines
1263 2251 1496 2289 avocare
1536 2239 1592 2290 et
1622 2234 1691 2288 ad
1732 2234 2193 2305 superstitionem

569 2328 657 2382 sui
682 2329 751 2382 ab
773 2330 1062 2383 intellectu
1082 2346 1230 2383 veras
1248 2329 1538 2400 religionis
1558 2332 1835 2397 avertere,
1855 2333 2061 2383 etcum
2084 2330 2197 2384 sint

569 2424 676 2493 ipsi
706 2422 954 2494 poenales
987 2426 1113 2490 (52),
1146 2440 1400 2495 quaerere
1441 2423 1546 2477 sibi
1586 2423 1658 2478 ad
1698 2439 1924 2494 poenam
1964 2424 2196 2478 comites

570 2535 709 2588 quos
737 2518 809 2572 ad
839 2534 1057 2572 crimen
1097 2534 1264 2571 suum
1304 2517 1543 2571 fecerint
1572 2532 1761 2571 errore
1799 2518 1844 2551 ³⁵
1874 2518 2193 2588 participes.

569 2612 631 2666 Hi
656 2614 867 2678 tamen,
899 2611 1142 2682 adjurati
1171 2628 1273 2682 per
1305 2613 1483 2665 Deum
1511 2627 1704 2666 verum
1733 2628 1764 2663 a
1790 2610 1970 2678 nobis,
2004 2612 2194 2665 statim

568 2705 796 2772 cedunt,
831 2706 887 2758 ct
919 2705 1168 2759 fatentur
1194 2707 1253 2758 et
1282 2704 1352 2759 de
1389 2704 1628 2759 obsessis
1670 2703 2000 2775 corporibus
2038 2705 2194 2758 exire

2304 545 2455 599 tione
2482 546 2528 580 ³⁵
2552 546 2863 617 majestatis
2890 548 3123 602 occultae
3148 546 3341 617 ﬂagris
3366 547 3518 617 caedi,
3541 550 3662 620 igne
3682 557 3868 627 torreri,

2303 638 2654 694 incremento
2686 642 2873 712 ρωηώ
2903 641 3267 712 propagantis
3294 632 3530 709 extendi,
3560 644 3765 715 ejulare,
3790 666 3871 720 ge-

2303 749 2481 802 mere,
2512 734 2821 804 deprecari,
2854 735 3000 789 unde
3031 734 3260 789 veniant
3287 737 3344 789 et
3371 736 3584 804 quando
3609 738 3871 811 discedant,

2304 827 2441 898 ipsis
2480 827 2653 881 etiam
2698 828 2797 899 qui
2837 845 2895 882 se
2936 829 3130 883 colunt
3158 827 3519 882 audientibus
3556 834 3807 902 confiteri;
3831 843 3876 893 et

2303 922 2389 977 vel
2420 921 2688 977 exsiliunt
2712 921 2920 989 statim,
2951 923 3037 976 vel
3061 925 3405 977 evanescunt
3432 923 3711 993 gradatim,
3736 937 3876 996 prout

2302 1017 2446 1071 fides
2486 1016 2752 1087 patientis
2793 1017 3027 1087 adjuvat
3055 1020 3153 1070 aut
3190 1016 3372 1087 gratia
3413 1018 3648 1071 curantis
3677 1020 3874 1091 aspirat.

2304 1110 2442 1165 Hinc
2484 1112 2688 1182 vulgus
2730 1112 2786 1166 in
2818 1111 3014 1166 odium
3060 1111 3239 1166 nostri
3288 1110 3533 1164 nominis
3578 1120 3784 1183 cogunt,
3827 1122 3877 1172 ut

2302 1222 2406 1259 nos
2451 1205 2633 1259 odisse
2682 1205 2955 1277 incipiant
2996 1205 3254 1259 homines
3293 1209 3590 1275 antequam
3622 1222 3784 1276 nosse,
3820 1226 3877 1263 ne

2302 1299 2556 1369 cognitos
2585 1302 2683 1353 aut
2721 1299 2930 1353 imitari
2972 1298 3191 1370 possint
3222 1298 3327 1367 (54)
3370 1303 3470 1352 aut
3504 1298 3757 1354 dalnnare
3781 1318 3877 1357 non

2300 1392 2537 1463 possint.

2347 1488 2467 1541 Vill.
2486 1486 3097 1558 Unusigituromnium
3111 1487 3381 1540 Dominus
3394 1489 3478 1540 est
3492 1487 3703 1542 Deus“.
3719 1487 3876 1562 576

2300 1582 2491 1651 Neque
2517 1582 2667 1635 enim
2691 1582 2785 1635 illa
2803 1580 3116 1635 sublimitas
3143 1584 3332 1651 potest
3353 1580 3563 1635 habere
3584 1586 3879 1647 consortem,

2316 1688 2444 1726 cum
2472 1672 2589 1726 sola
2617 1688 2847 1726 omnem
2868 1674 3437 1742 teneatpotestatem.
3459 1671 3536 1725 Ad
3554 1670 3782 1725 divinum
3801 1673 3884 1725 im-

2301 1765 2523 1835 perium
2540 1766 2707 1820 etiam
2722 1766 2791 1820 de
2806 1765 2971 1819 terris
2984 1765 3884 1835 mutuemurexemplum.Quando

2298 1875 2578 1930 umquam
2602 1860 2764 1930 regni
2790 1859 3033 1915 societas
3057 1863 3155 1913 aut
3181 1875 3311 1913 cum
3336 1857 3449 1913 ﬁde
3474 1861 3656 1930 coepit,
3675 1862 3761 1912 aut
3785 1860 3884 1913 sine

2297 1969 2499 2007 cruore
2546 1953 2755 2008 desiit?
2783 1953 2874 2007 Sic
2915 1952 3315 2007 Thebanorum
3350 1953 3397 1987 ³⁷
3429 1952 3758 2023 germanitas
3793 1951 3884 2021 (55)

2297 2053 2483 2118 rupta,
2517 2051 2575 2103 et
2600 2062 2941 2118 permanens
2977 2046 3132 2119 rogis
3168 2045 3568 2101 dissidentibus
3609 2045 3710 2116 (56)
3742 2046 3887 2100 etiam

2296 2141 2355 2196 in
2382 2147 2567 2195 morte
2600 2141 2892 2196 discordia.
2923 2142 2993 2195 Et
3019 2142 3298 2196 Romanos
3327 2139 3584 2212 geminos
3606 2156 3770 2195 unum
3793 2155 3888 2193 non

2297 2234 2732 2307 capitregnum,
2750 2252 2894 2307 quos
2906 2252 3086 2290 unum
3100 2235 3247 2290 uteri
3262 2234 3411 2289 cedit
3427 2234 3742 2305 hospitium.
3758 2234 3892 2287 Pom-

2297 2330 2459 2401 peius
2485 2335 2542 2384 et
2568 2331 2751 2384 Caesar
2774 2330 2971 2384 afﬁnes
2998 2330 3250 2398 fuerunt,
3275 2345 3383 2384 nec
3409 2336 3602 2384 tamen
3621 2327 3887 2382 necessitu-

2298 2423 2443 2477 dinis
2474 2423 2656 2478 foedus
2682 2423 2738 2477 in
2771 2424 2971 2478 aemula
3006 2427 3277 2494 potestate
3315 2425 3644 2478 tenuerunt.
3670 2423 3772 2476 Nec
3801 2421 3890 2474 hoc

2298 2521 2359 2571 tu
2389 2518 2457 2572 de
2484 2517 2718 2572 homine
2741 2516 2985 2585 mireris,
3003 2534 3135 2572 cum
3156 2517 3216 2571 in
3234 2516 3344 2571 hoc
3362 2516 3551 2571 omnis
3572 2520 3763 2571 natura
3779 2530 3887 2568 con-

2296 2611 2526 2665 sentiat.
2570 2613 2684 2666 Rex
2726 2627 2872 2665 unus
2914 2614 3000 2665 est
3039 2611 3261 2682 apibus,
3293 2616 3349 2666 et
3380 2610 3499 2664 dux
3527 2625 3668 2663 unus
3705 2608 3757 2661 in
3790 2623 3892 2677 gre-

2297 2705 2479 2777 gibus,
2510 2708 2568 2760 et
2595 2705 2655 2758 in
2683 2705 2954 2760 armentis
2982 2708 3164 2759 rector
3192 2721 3338 2759 unus
3369 2706 3479 2775 (57)
3504 2721 3517 2758 :
3545 2703 3712 2759 multo
3737 2700 3892 2773 magis

1954 2833 2163 2896 Varize
2218 2833 2557 2896 lectiones.

628 2968 664 2996 ³⁸
699 2963 920 3012 Nostros
952 2975 1060 3009 var.
1093 2960 1230 3007 leclt.
1277 2961 1430 3009 Oxon.
1479 2959 1680 3009 Servos
1725 2962 1949 3023 fortasse
1990 2960 2116 3008 olim
2161 2959 2444 3023 legebatur.
2481 2960 2659 3009 Routh.
2727 2961 2768 2992 “
2794 2958 3123 3025 Congregati
3161 2962 3303 3010 Lam.
3349 2959 3702 3010 Consecratis
3741 2956 3889 3006 Routli.

563 3042 601 3070 ³³
636 3038 698 3084 In
728 3032 1054 3096 corporibus
1086 3031 1321 3092 WOphen.
1355 3033 1407 3079 in
1432 3032 1573 3079 Misc.
1596 3032 1715 3079 erit.
1745 3032 1849 3079 vol.
1879 3032 1948 3091 Χ,
1978 3036 2013 3079 t.
2048 3034 2090 3092 Ι,
2118 3032 2185 3079 ad
2209 3046 2321 3094 cup.
2347 3031 2425 3080 26.
2454 3031 2675 3081 Minutii
2693 3030 3014 3092 particulam
3051 3028 3332 3079 tollendam
3369 3030 3634 3092 opinatur.
3701 3030 3737 3058 ³⁸
3767 3026 3893 3075 Mor-

562 3107 649 3155 bis
673 3106 780 3155 NC.
808 3110 852 3151 2.
887 3102 1063 3152 ltouth.
1132 3105 1171 3133 ³⁵
1198 3102 1428 3150 Terrore
1459 3102 1564 3149 ΝΟ.
1599 3105 1642 3148 3.
1673 3103 1856 3151 Routh.
1926 3101 1966 3134 3‘
1996 3103 2144 3150 Voce
2180 3104 2234 3151 et
2260 3102 2510 3150 oratione
2549 3101 2671 3149 Bod.
2701 3105 2745 3149 3.
2776 3102 2913 3150 Lam.
2948 3100 3073 3150 Tim.
3109 3102 3245 3150 Foss.
3277 3102 3429 3150 Mich.
3473 3102 3588 3150 Lin.
3630 3096 3769 3149 Corb.
3803 3096 3894 3145 Lin.

565 3177 703 3241 Spir.
774 3174 813 3207 ³⁷
844 3173 1116 3224 Dominus
1146 3184 1296 3219 unus
1324 3174 1409 3221 est
1433 3172 1585 3221 Deus
1621 3171 1834 3220 Gronov.
1906 3170 1944 3203 ³⁷
1975 3170 2221 3221 Theban.
2256 3172 2484 3221 fratrum
2524 3171 2632 3220 Ver.
2654 3170 2792 3236 quod
2815 3170 3062 3234 glossema
3089 3171 3296 3220 videtur
3323 3170 3522 3219 (.‘ellar.

1936 3288 2282 3354 Variorum
2329 3296 2525 3355 notae.

558 3432 686 3468 nam
716 3414 1647 3509 putant,‘naturarPeimaliquibus
1708 3414 1944 3509 visibilis
1998 3419 2080 3465 est
2136 3420 2265 3509 etC

572 3493 679 3509 γης-
718 3487 936 3509 :_--:,.:1‘:
966 3487 1009 3509 ἓ..
1074 3501 1098 3509 ,ι
1198 3486 1209 3509 ε
1259 3499 1285 3509 Λ
1379 3490 1495 3509 ,εν-ι..
1548 3486 1654 3509 ει-..ηζ
1720 3491 1811 3509 ,νιΛ
1840 3488 2086 3509 ληηιίι...υ..
2140 3492 2187 3509 At

562 3493 683 3542 aliis
717 3486 1030 3539 invisibilis.
1074 3501 1104 3534 ›>
1146 3485 1287 3535 Vide
1330 3485 1658 3536 Tertulliani
1701 3485 2089 3550 Apotogeticum
2138 3492 2192 3537 et

560 3564 765 3614 librum
815 3559 1103 3609 Novatiani
1152 3556 1215 3605 de
1254 3557 1525 3607 Trinitate.
1582 3556 1721 3607 Vide
1767 3558 1932 3607 etiam
1978 3558 2191 3608 scholia

559 3632 753 3685 Jacobi
796 3629 942 3680 Billii
980 3630 1035 3677 in
1092 3627 1411 3678 Orationem
1455 3628 1702 3690 Gregorii
1749 3628 2077 3679 Nazianzeni
2129 3630 2192 3680 de

559 3705 716 3770 plaga
744 3700 1052 3753 Grandinis.
1084 3700 1295 3749 BALUZ.

625 3778 721 3837 (48)
747 3774 906 3823 Falsa
930 3772 1065 3821 veris
1098 3771 1396 3831 involvunt.
1429 3770 1708 3820 Imitatum
1757 3784 1822 3820 ex
1864 3770 2003 3821 libro
2033 3776 2191 3822 sexto

559 3845 822 3903 zEneidos,
858 3861 883 3889 «
927 3841 1179 3892 obscuris
1209 3854 1338 3892 vera
1368 3840 1672 3891 involvens.
1708 3858 1736 3889 ››
1792 3841 2028 3893 Sanctus
2064 3847 2192 3893 Am-

563 3918 799 3976 brosius,
856 3913 950 3964 lib.
1000 3927 1016 3962 1
1074 3912 1325 3976 0fﬁcior.,
1372 3926 1493 3976 cap.
1555 3914 1631 3974 16,
1676 3932 1703 3957 ‹‹
1761 3912 2027 3964 Obscuris
2065 3928 2193 3965 vera

561 3989 903 4040 involvere.»
919 3984 1204 4035 Commdia
1231 3983 1458 4045 Queroli
1486 4000 1497 4032 :
1529 3984 1728 4033 «Istud
1752 3985 1915 4048 plane
1945 3987 2191 4049 estquod

560 4073 709 4122 saepe
767 4056 971 4114 audivi,
1019 4054 1269 4103 obscuris
1320 4067 1448 4102 vera
1507 4054 1871 4103 involvere.»
1924 4056 2192 4106 minutius

563 4130 756 4181 Felix:
791 4146 819 4176 <‹
854 4128 1041 4178 Sortes
1070 4129 1289 4191 regunt,
1330 4126 1553 4175 oracula
1588 4126 1843 4177 efﬁciunt
1873 4128 2026 4177 falsis
2070 4128 2193 4191 plu-

560 4201 715 4252 ribus
758 4199 1027 4251 involuta.
1077 4212 1107 4243 <<
1152 4195 1543 4257 Tertullianus,
1587 4197 1683 4246 lib.
1722 4210 1761 4257 ι,
1807 4198 1880 4247 ad
1922 4198 2189 4259 Nationes,

561 4293 589 4321 «
622 4277 687 4322 ut
719 4284 832 4321 non
879 4268 1016 4318 falsa
1059 4268 1204 4316 veris
1253 4267 1517 4317 intexant.
1550 4281 1577 4314 δ
1620 4266 1889 4331 Sulpitius
1933 4268 2192 4329 Severus,

561 4344 657 4394 lib.
690 4357 726 4393 ιι
758 4343 934 4392 Sacrae
960 4338 1196 4388 Historiae
1227 4337 1463 4401 loquens
1489 4337 1558 4388 de
1592 4339 1779 4400 Bagua
1809 4338 2053 4402 spadone
2083 4341 2188 4390 ait:

561 4433 589 4460 «
620 4414 952 4463 Intaminata
1003 4408 1072 4458 ab
1112 4422 1206 4459 ore
1259 4412 1517 4473 corrupto
1568 4414 1622 4460 et
1670 4410 1823 4459 falsis
1882 4423 2009 4460 vera
2062 4413 2194 4462 mis—

565 4489 742 4537 cente.
774 4500 803 4528 »
830 4482 1041 4532 BALUZ.

626 4557 719 4617 (49)
750 4557 1036 4614 Irrepentes
1076 4550 1231 4599 etiam
1274 4550 1509 4613 spiritus.
1556 4550 1637 4599 Ita
1679 4553 1892 4601 veteres
1926 4551 2193 4603 editiones

562 4635 689 4682 ante
714 4628 1109 4685 Manutianam,
1144 4626 1198 4674 in
1231 4638 1339 4688 qua
1388 4627 1597 4674 resecta
1644 4628 1697 4674 et
1740 4628 1942 4675 omissa
1977 4631 2061 4676 est
2087 4642 2192 4677 vox

558 4703 791 4767 spiritus.
847 4700 983 4748 Eam
1038 4701 1223 4746 tamen
1265 4694 1534 4746 exhibent
1584 4709 1709 4746 XXII
1758 4701 1945 4749 vetera
2004 4711 2181 4748 exem-

563 4773 752 4838 plaria.
784 4772 994 4821 BALUZ.

2352 3417 2452 3481 (54)
2510 3418 2719 3467 Imitari
2768 3418 2984 3481 possint.
3039 3417 3309 3480 Quamvis
3380 3417 3509 3467 hac
3557 3415 3716 3466 lectio
3787 3422 3894 3481 con-

2291 3492 2442 3539 stans
2470 3490 2543 3539 sit
2570 3489 2628 3538 in
2656 3480 2918 3539 omnibus
2941 3488 3223 3538 veteribus
3259 3487 3421 3537 libris
3470 3490 3526 3538 et
3568 3488 3625 3536 in
3669 3480 3894 3535 omnibus

2291 3561 2648 3622 editionibus,
2719 3562 2886 3611 etiam
2952 3560 3098 3624 apud
3168 3560 3498 3620 Minatium,
3551 3561 3682 3623 puto
3735 3558 3892 3603 tamen

2291 3646 2487 3683 vocem
2532 3633 2733 3697 possint
2779 3646 2891 3682 non
2938 3644 3241 3695 congruere
3290 3631 3431 3682 huic
3480 3631 3604 3680 loco
3659 3631 3709 3678 et
3751 3635 3892 3697 repo-

2291 3704 2533 3754 nendam
2563 3717 2683 3755 esse
2709 3704 2872 3754 aliam
2902 3717 3029 3768 quin
3063 3701 3343 3767 signiﬁcet
3393 3714 3638 3765 paganos
3679 3696 3895 3748 timuisse

2291 3788 2363 3825 ne
2387 3778 2717 3837 cogerentur
2737 3775 2824 3824 vel
2850 3774 3266 3838 impellerentur
3307 3772 3517 3822 imitari
3564 3769 3893 3838 Christianos.

2294 3846 2410 3897 Nisi
2461 3835 2508 3896 si
2558 3860 2665 3896 vox
2748 3846 2841 3896 illa
2919 3835 3163 3896 tollenda
3215 3846 3299 3894 est
3364 3844 3438 3893 ab
3489 3843 3598 3893 hoc
3666 3840 3798 3897 loco,
3845 3835 3895 3883 ut

2292 3918 2508 3982 legatur
2547 3917 2889 3982 simpliciter,
2941 3935 2967 3960 «
3006 3929 3076 3965 ne
3126 3917 3379 3977 cognitos
3441 3918 3539 3965 aut
3581 3910 3773 3963 imitari
3818 3910 3894 3956 aut

2293 3981 2557 4038 damnare
2586 4002 2697 4039 non
2729 3990 2953 4052 possint.
2986 4003 3015 4034 ›)
3038 3988 3267 4046 Seneca,
3308 3987 3482 4050 Epist.
3516 3987 3544 4033 7
3589 3999 3600 4032 :
3627 4002 3654 4029 «
3690 3981 3894 4031 Necesse

2293 4063 2372 4111 est
2397 4064 2493 4109 aut
2517 4060 2752 4109 imiteris
2777 4062 2871 4109 aut
2902 4059 3106 4110 oderis.
3142 4076 3170 4102 »
3206 4059 3423 4109 BALUZ.

2355 4131 2457 4191 (55)
2490 4129 2843 4179 Thebanorum
2872 4128 3211 4192 germanitas.
3244 4128 3389 4179 Vide
3421 4126 3645 4193 Rigaltii
3674 4123 3895 4173 observa-

2294 4202 2471 4250 tiones
2497 4200 2566 4249 ad
2596 4201 2910 4261 Minutium,
2934 4214 3054 4263 pag.
3090 4200 3193 4250 189.
3232 4201 3447 4251 BALUZ.

2357 4272 2451 4333 (56)
2507 4272 2656 4335 Regis
2711 4262 3101 4321 dissidentibus.
3183 4270 3447 4321 Eteocles
3523 4272 3579 4319 et
3636 4262 3895 4329 Polynices

2293 4358 2423 4394 cum
2460 4345 2671 4394 mutuis
2709 4343 3032 4394 vulneribus
3071 4344 3471 4407 exspirassent,
3516 4341 3668 4391 illius
3699 4335 3892 4401 quidem

2293 4428 2494 4479 corpus
2541 4414 3013 4465 concremandum
3064 4426 3196 4477 rogo
3252 4412 3688 4476 imponebatur;
3755 4407 3893 4483 διήιξε

2293 4475 2423 4536 vero
2460 4499 2661 4549 corpus
2698 4485 2898 4545 Creon,
2944 4475 3166 4537 Menmti
3206 4475 3378 4545 ﬁlius,
3430 4484 3731 4548 sepulturae
3779 4475 3894 4528 tradi

2292 4558 2488 4618 vetuit,
2534 4558 2683 4621 quod
2734 4558 2965 4621 patriam
3006 4563 3390 4622 Oppugnatum
3452 4556 3679 4606 venerit.
3733 4552 3894 4610 Neque

2295 4632 2476 4678 tamen
2523 4642 2588 4678 eo
2628 4629 2810 4678 secius
2849 4628 3122 4691 Antigona
3165 4641 3319 4677 soror
3373 4633 3431 4678 et
3481 4626 3647 4690 Argia
3701 4622 3892 4685 conjux.

2295 4698 2437 4747 clam
2490 4702 2654 4747 noctu
2708 4698 2991 4761 Polynicis
3033 4711 3235 4760 corpus
3280 4698 3593 4756 sublatum,
3638 4697 3690 4745 in
3731 4692 3893 4743 eadem

2295 4782 2445 4831 pyra.
2476 4782 2586 4832 qua
2640 4768 2891 4818 Eteocles
2933 4770 3331 4831 imposuerunt.
3380 4769 3571 4818 Refert
3612 4766 3715 4815 hoc
3749 4761 3894 4824 Hygi-

625 4811 1209 4906 imentem
1240 4844 1453 4887 terrent.
1500 4839 1581 4888 Ex
1624 4838 1930 4889 Veronensi
1966 4840 2187 4903 optimo.
2607 4811 3349 4898 vi'oisiér1331;837:318,

561 4916 743 4978 Vulgo
798 4917 1003 4960 mentes.
1069 4910 1422 4972 Quamquam
1475 4913 1527 4959 et
1579 4910 1863 4969 MinutiuS,
1916 4924 2034 4974 οῖψ-
2109 4912 2189 4973 27,

560 4990 693 5036 sect.
725 4986 773 5045 3,
802 4982 950 5032 unde
978 4982 1100 5032 haec
1124 4982 1449 5044 transcripta
1476 4980 1752 5044 videntur,
1783 4986 1973 5032 mentes
2007 4982 2189 5033 habet.

545 5057 813 5107 ~CELLAR.

626 5127 725 5189 (51)
778 5124 992 5174 Illorum
1040 5127 1222 5171 cessat.
1273 5122 1336 5171 In
1391 5120 1685 5173 duodecim
1741 5123 1896 5173 libris
1951 5124 2193 5187 antiquis

565 5198 769 5261 legitur
800 5209 810 5241 :
836 5211 863 5241 «
895 5194 1036 5244 Cum
1063 5193 1285 5242 illorum
1325 5194 1602 5243 cultorum
1630 5198 1809 5244 cessat
1860 5196 2056 5259 injuria
2091 5194 2196 5259 [vel

562 5268 818 5330 insania].
851 5285 877 5313 »
910 5267 1120 5315 BALUZ.

623 5339 718 5401 (52»
758 5338 884 5386 Cum
916 5337 1017 5385 sint
1047 5333 1149 5395 ipsi
1176 5333 1427 5397 poenales,
1459 5348 1621 5398 pcena
1661 5336 1831 5399 digni.
1880 5336 2189 5397 Salvianus,

562 5409 624 5458 de
647 5408 867 5459 Gubern.
921 5406 1031 5464 Dei,
1060 5404 1154 5453 lib.
1199 5417 1275 5465 v1,
1311 5419 1432 5469 pag.
1481 5408 1589 5466 2:20,
1630 5408 1824 5457 scelera
1870 5408 2187 5472 poenaliora.

560 5479 675 5530 Nec
725 5479 893 5529 veteri
937 5476 1265 5526 auctoritate
1322 5477 1552 5527 verbum
1602 5484 1766 5528 caret.
1814 5479 2042 5536 Plinius.
2092 5481 2188 5531 lib.

563 5565 723 5611 xvni,
779 5566 895 5615 cap.
948 5551 999 5598 tl
1053 5562 1063 5595 :
1122 5564 1149 5590 «
1183 5546 1461 5599 'I‘unditur
1507 5550 1645 5601 alica
1684 5552 1814 5615 pilo,
1874 5554 2188 5603 vinctorum

559 5623 763 5687 pmnali
790 5636 972 5686 opera,
1000 5641 1027 5666 »
1058 5619 1111 5667 id
1144 5624 1226 5668 est
1252 5634 1417 5684 opera
1448 5638 1568 5687 qua:
1594 5638 1776 5687 paenae
1812 5626 1934 5675 loco
1963 5630 2061 5675 est.
2098 5626 2191 5677 Sic

560 5693 913 5755 Prudentius,
940 5695 996 5740 in
1022 5692 1317 5753 I.aurentio,
1337 5707 1477 5743 vers.
1496 5697 1584 5745 193
1609 5696 1749 5746 dixit
1773 5695 1998 5760 ptcnalis
2018 5696 2186 5757 labor,

558 5765 627 5816 de
661 5766 935 5815 damnatis
964 5763 1018 5813 in
1041 5761 1281 5811 metalla.
1316 5762 1564 5816 CELLAR.

621 5836 716 5897 (53)
754 5836 946 5886 Nostra
1006 5846 1138 5883 voce.
1191 5831 1381 5884 Codex
1446 5836 1802 5898 Veronensis,
1848 5850 1957 5888 non
2006 5842 2190 5889 nostra

555 5920 693 5970 voce,
725 5908 815 5958 sed
843 5907 1169 5974 opera-tione.
1208 5904 1419 5959 BALL‘Z.
1496 5932 1515 5947 -η
1627 5919 1631 5922 '

2298 4908 2472 4959 Thebis
2521 4908 2684 4971 funus
2735 4915 3021 4971 separatur
3070 4909 3178 4972 legi
3240 4908 3466 4969 debere,
3545 4921 3655 4957 non
3722 4905 3893 4965 [uncus-

2296 4981 2432 5030 Nam
2461 4980 2622 5043 [unus
2668 4986 2816 5030 certe
2852 4994 2883 5028 a
2927 4979 3206 5030 Thebanis
3254 4985 3595 5044 separatum,
3649 4990 3754 5027 non
3783 4976 3891 5044 item

2291 5042 2467 5113 fumus
2519 5066 2549 5102 e
2593 5065 2724 5114 rogo
2778 5051 3103 5102 ascendens.
3148 5042 3446 5116 Siquidem
3500 5053 3674 5113 pietas
3721 5042 3895 5097 sororis

2292 5127 2345 5173 et
2377 5124 2562 5173 uxoris
2591 5122 2819 5182 obstitit,
2857 5124 3156 5186 quominus
3184 5123 3238 5171 id
3270 5123 3448 5173 fieret.
3489 5122 3734 5173 CELLAR.

2354 5196 2454 5257 (57)
2491 5196 2591 5244 Rex
2616 5205 2755 5242 unus
2790 5184 3098 5256 est'apibus.
3150 5194 3535 5258 Hieronymus
3575 5194 3629 5242 in
3680 5184 3895 5258 Epistula

2290 5267 2361 5316 ad
2408 5267 2668 5317 Rusticum
2716 5266 3021 5315 monachum
3071 5281 3089 5314 :
3150 5282 3177 5313 ‹‹
3214 5257 3398 5315 Etiam
3462 5269 3618 5314 muta
3666 5257 3894 5312 animalia

2290 5344 2345 5388 et
2409 5339 2649 5389 ferarum
2706 5350 2897 5402 greges
2951 5336 3209 5388 ductores
3257 5341 3576 5402 sequuntur
3642 5344 3779 5383 suos.
3843 5328 3892 5402 lt!

2290 5409 2488 5474 apibus
2521 5396 2989 5474 principes'sunt.
3018 5426 3045 5453 »
3081 5408 3271 5470 Varro,
3307 5396 3409 5458 lib.
3451 5422 3526 5467 ιιι,
3571 5419 3689 5469 cap.
3743 5402 3812 5462 l6,
3846 5396 3895 5446 de

2291 5483 2355 5530 Re
2382 5482 2583 5531 rustica
2619 5496 2636 5529 :
2671 5499 2699 5526 «
2739 5482 2945 5545 Regem
2988 5492 3152 5530 suum
3194 5483 3516 5544 sequuntur
3564 5480 3893 5545 quocumque

2290 5553 2348 5608 it,
2384 5556 2438 5601 et
2466 5553 2673 5602 fessum
2698 5539 3015 5612 sublEVant,
3057 5556 3110 5601 et
3146 5552 3192 5600 si
3240 5539 3437 5615 nequit
3474 5539 3673 5605 volare,
3704 5539 3892 5615 succol-

2288 5622 2482 5671 lant.»
2538 5624 2667 5673 Vide
2718 5624 3084 5683 Lactantium,
3136 5622 3231 5672 lib.
3285 5614 3367 5683 Ill,
3422 5635 3542 5684 cap.
3597 5618 3695 5678 10;
3749 5614 3894 5665 Sene-

2289 5707 2430 5755 cam,
2476 5694 2510 5742 l.
2549 5708 2565 5743 ι
2615 5695 2678 5743 de
2718 5693 3024 5753 Clementia,
3074 5707 3195 5757 cap.
3243 5694 3311 5753 9;
3375 5691 3658 5747 Ovidium,
3709 5687 3795 5737 lib.
3840 5692 3891 5757 tu

2286 5753 2581 5827 Fastorum,
2623 5770 2678 5817 et
2720 5767 2956 5817 Dionem
2990 5753 3477 5829 Chrysostomum,
3518 5765 3651 5813 orat.
3691 5761 3717 5811 4
3754 5760 3801 5810 et
3828 5753 3889 5803 68.

2288 5838 2497 5889 ΒΑιυΖ.
