3998 6194
151 286 235 339 597
596 248 603 251 ⁷
954 276 963 279 “
1218 287 1420 344 LIBER
1459 285 1548 340 DE
1586 266 1936 340 lDOLORUM
1977 252 2353 338 vannum.~
3376 278 3476 334 598

145 411 314 466 mundi
337 429 474 469 unus
493 417 577 470 est
595 420 796 487 rector,
818 417 915 490 qui
936 417 1197 473 universa
1212 431 1587 489 quaecumque
1605 419 1735 468 sunt
1756 424 1816 497 Α
1837 414 1929 465 rit.
1969 414 2152 482 Atque
2194 411 2315 465 haec
2348 412 2432 464 est
2478 424 2706 464 summa
2744 405 2953 476 delicti,
2984 405 3132 462 nolle
3164 421 3476 478 agnoscere

145 505 284 559 verbo
303 505 481 575 jubet,
512 510 732 565 ratione
763 511 1072 583 dispensat,
1109 512 1314 566 virtute
1346 513 1721 563 consummat.
1838 522 2008 576 quem
2037 504 2301 575 ignorare
2336 521 2447 558 non
2479 504 2675 574 possis.

198 600 268 652 lli.
314 600 409 654 Hie
452 618 554 656 nec
592 603 773 658 videri
814 609 1017 676 potest,
1057 605 1178 659 visu
1221 605 1423 659 clarior
1461 609 1571 671 est;
1623 618 1727 657 nec
1898 600 1957 653 X.
2000 598 2159 663 Quod
2204 614 2332 652 vero
2372 597 2623 653 Christus
2661 597 2749 663 sit,
2782 601 2839 649 et.
2875 596 3101 666 quando
3148 612 3252 667 per
3282 596 3470 665 ipsum

139 693 531 764 comprehendi,
564 699 714 751 tactu
747 698 947 769 purior
972 701 1084 766 est;
1115 715 1218 753 nec
1246 697 1533 766 aestimari,
1558 713 1727 751 sensu
1829 692 1995 746 nobis
2024 692 2173 745 salus
2192 708 2357 744 vene:
2376 691 2436 758 it,
2461 690 2540 743 sic
2572 695 2655 743 est
2684 689 2843 755 ordo,
2864 690 2940 743 sic
2965 693 3049 743 est
3072 690 3236 742 ratio.
3265 686 3472 743 Judaeis

137 787 289 857 major
316 792 527 844 estzet
552 790 680 846 ideo
706 791 784 846 sic
822 809 954 846 eum
996 792 1170 863 digne
1214 792 1560 847 aestimamus
1589 791 1727 845 dum
1828 786 2078 857 primum
2130 785 2236 855 (64)
2286 786 2410 838 erat
2463 783 2609 854 apud
2686 783 2863 836 Deum
2919 782 3119 852 gratia.
3177 781 3263 835 Sic
3327 780 3466 832 olim

133 879 552 937 inﬂﬁmabilem
587 883 847 939 dicimus.
875 884 1029 949 Quod
1057 901 1191 940 vero
1218 885 1493 956 templum
1515 884 1727 939 habere
1822 879 1962 951 justi
2013 884 2195 944 erant,
2245 878 2321 931 sic
2369 878 2611 947 majores
2663 892 2863 930 eorum
2914 874 3288 943 religionibus
3332 873 3463 927 obe-

131 974 280 1044 possit
318 976 467 1030 Deus
501 978 569 1044 3°,
602 978 762 1048 cujus
802 980 1080 1049 templum
1126 983 1273 1034 totus
1313 984 1397 1034 est
1443 979 1729 1033 mundus?
1828 972 2064 1027 diebant
2122 973 2190 1025 ⁵³.
2246 971 2379 1024 lude
2435 970 2541 1023 illis
2576 974 2631 1023 et
2682 968 2845 1039 regni
2889 966 3205 1021 sublimitas
3251 965 3470 1032 tlornit,

128 1076 169 1122 et
203 1085 323 1123 cum
367 1070 544 1125 homo
588 1072 754 1126 latius
801 1073 850 1106 ⁴⁰
904 1078 1136 1127 maneat
1182 1074 1311 1144 (58),
1363 1073 1514 1127 intra
1556 1089 1729 1127 unum
1831 1065 2056 1136 generis
2083 1067 2129 1099 “
2165 1063 2499 1136 magnitudo
2538 1062 2821 1134 provenit.
2853 1061 2958 1116 Sed
2996 1061 3073 1114 illi
3117 1058 3471 1128 negligentes

126 1162 392 1217 mdiculam
462 1164 575 1219 vim
636 1169 803 1221 tanta:
870 1167 1184 1237 majestatis
1244 1167 1529 1222 includam
1585 1167 1730 1237 (59)?
1831 1164 1885 1212 et
1915 1158 2450 1229 indisciplinatimii)
2483 1161 2539 1210 et
2560 1156 2790 1227 superbi
2825 1153 3190 1226 postmodum
3233 1151 3388 1217 facti,
3420 1157 3480 1204 et

128 1256 170 1309 Ιη
198 1261 381 1309 nostra
407 1257 754 1315 dedicandus
786 1262 896 1332 (60)
926 1267 1010 1315 est
1266 1267 1481 1330 mente,
1514 1261 1572 1315 in
1604 1276 1731 1315 uos-
1832 1253 2036 1307 ﬁducia
2078 1256 2299 1323 patrum
2340 1250 2532 1323 578
2569 1250 2769 1316 inflati,
2803 1250 2939 1303 dum
2970 1247 3159 1301 divina
3186 1250 3474 1316 praecepta

122 1354 193 1402 iro
231 1352 643 1407 consecrandus
677 1358 764 1408 est
809 1359 1061 1426 pectore.
1110 1356 1221 1409 Nec
1264 1372 1477 1410 nomen
1524 1356 1634 1409 Deo
1682 1355 1725 1388 ιι
1832 1350 2229 1412 contemnunt,
2258 1345 2443 1399 datam
2471 1344 2575 1397 sibi
2604 1344 2844 1414 gratiam
2874 1342 3263 1413 perdiderunt.
3289 1338 3468 1402 Quam

121 1458 314 1513 qumras
343 1445 452 1515 (tit)
488 1462 502 1499 :
534 1448 677 1501 Deus
706 1464 915 1503 nomen
945 1451 1028 1503 est
1064 1448 1145 1504 illi
1183 1449 1315 1520 (6‘2).
1347 1447 1463 1503 lllic
1496 1447 1733 1503 vocabu.
1832 1457 1963 1495 vero
1991 1440 2164 1493 fuerit
2192 1440 2296 1492 illis
2324 1439 2560 1510 profana
2604 1438 2737 1504 vita,
2768 1452 2894 1507 quae
2933 1440 3221 1489 contracta
3251 1432 3321 1486 sit
3355 1432 3469 1485 vio-

119 1536 172 1589 lis
206 1553 340 1607 opus
377 1544 464 1593 est
507 1540 604 1594 ubi
644 1542 890 1613 propriis
919 1544 1371 1614 appellationum
1414 1542 1734 1613 insignibus
1833 1534 1960 1588 ῙίιῑεΒ
2002 1533 2296 1604 religionis
2329 1532 2568 1597 οίΥθηδέι,
2613 1530 2720 1601 il“Ri
2763 1545 2989 1600 quoque
3031 1530 3314 1582 ίθδίδυίυν
3355 1525 3474 1596 (ἰαί,

128 1630 406 1685 multitudo
448 1633 765 1689 dirimenda
804 1641 889 1690 est
923 1653 936 1690 ;
982 1637 1113 1704 Deo,
1161 1636 1256 1707 qui
1294 1635 1445 1691 solus
1484 1642 1588 1704 ρει,
1633 1637 1733 1693 Dei
1836 1627 1938 1681 etsi
1971 1643 2103 1680 voce
2132 1629 2339 1694 tacent,
2376 1626 2534 1679 exitu
2564 1624 2925 1678 conﬁtentur.
2959 1621 3211 1691 Dispersi
3241 1618 3468 1689 etpala-

128 1723 435 1779 vocabulum
468 1726 575 1797 (63)
601 1733 779 1783 totum
805 1736 908 1784 est.
942 1731 1090 1800 Ergo
1123 1747 1272 1784 unus
1299 1735 1403 1797 est,
1438 1733 1495 1783 et
1522 1730 1707 1801 ubiqui

1894 1720 2013 1774 indi
2041 1724 2354 1791 vagantur;
2392 1718 2495 1772 soli
2526 1723 2582 1772 et
2616 1717 2738 1771 coeli
2766 1716 2850 1770 sui
2879 1714 3126 1786 profugi,
3158 1729 3261 1784 per
3287 1713 3471 1783 hospi-

128 1816 254 1865 tutus
278 1814 518 1869 ditfusus
546 1822 629 1871 est
656 1817 722 1871 η.
758 1819 896 1871 Nam
927 1822 982 1873 et
1011 1797 1211 1889 vulgus
1240 1818 1297 1872 in
1333 1818 1526 1873 multis
1553 1797 1727 1873 Deum
1756 1797 1808 1867 Β
1836 1814 1913 1867 tia
1941 1814 2127 1867 aliena
2145 1813 2451 1882 jactentur.

127 1903 439 1959 naturaliter
476 1905 795 1969 conﬁtetur,
823 1923 951 1961 cum
992 1924 1153 1962 mens
1182 1913 1233 1961 et
1261 1907 1451 1961 anima
1487 1906 1569 1961 sui
1607 1923 1733 1960 auc-
1905 1908 1987 1961 Xl.
2032 1908 2265 1960 Necnon
2320 1906 2471 1959 Deus
2515 1906 2645 1958 ante
2693 1902 3038 1974 praidixerat
3075 1902 3197 1955 fore
3234 1905 3311 1967 ut,
3348 1915 3467 1953 ver-

126 1995 240 2048 toris
266 1999 321 2050 et
360 1997 641 2070 principis
678 1999 1030 2055 admonetur.
1066 2000 1179 2053 Dici
1211 2000 1542 2071 frequenter
1569 1999 1731 2053 audi-
1837 2006 2002 2071 gente
2033 2001 2235 2054 saeculo
2276 2003 2332 2053 et
2370 1996 2571 2053 mundi
2601 1996 2715 2050 ﬁne
2736 1998 2853 2067 jam
2896 1996 3184 2066 proximo,
3209 2010 3273 2047 ex
3308 1992 3471 2047 omni

126 2105 248 2158 nius,
279 2090 321 2145 Ο
357 2093 526 2159 Deus,
578 2096 635 2146 et
676 2095 817 2147 Deus
858 2093 1017 2155 vidit,
1062 2099 1116 2147 et
1157 2096 1261 2148 Deo
1301 2094 1627 2160 commendo,
1680 2100 1736 2147 et
1836 2099 2010 2165 gente
2041 2100 2097 2147 et
2124 2094 2333 2164 populo
2365 2096 2421 2145 et
2457 2091 2578 2145 loco
2615 2090 2857 2144 cultores
2890 2088 2991 2143 sibi
3023 2089 3295 2158 allegaret
3322 2087 3469 2139 Deus

124 2185 235 2237 Deus
262 2186 363 2239 tibi
383 2186 608 2248 reddat,
645 2192 700 2241 et
720 2186 872 2252 Quod
895 2188 1012 2241 vult
1045 2189 1204 2254 Deus,
1238 2191 1295 2241 et
1324 2187 1386 2242 Si
1419 2191 1552 2242 Deus
1582 2188 1737 2243 dede-
1839 2187 2020 2240 multo
2074 2186 2358 2240 ﬁdeliores
2404 2188 2513 2255 (66)
2565 2188 2622 2238 et
2668 2182 2918 2237 melioris
2968 2180 3223 2253 obsequii
3275 2181 3320 2215 ³⁵
3372 2178 3471 2249 qui

1491 2364 1701 2427 Varias
1743 2363 2082 2427 lectiones.

172 2509 205 2540 ³⁷
230 2509 322 2559 Dei
357 2510 523 2558 Oxon.
589 2512 631 2542 ⁴⁰
657 2511 860 2560 Laxius
887 2512 1019 2572 fari.
1054 2512 1231 2561 Roulh.
1297 2512 1337 2545 ⁴¹
1364 2511 1465 2561 Dei
1506 2511 1624 2560 Tim.
1665 2513 1800 2561 Foss.
1838 2511 1994 2560 Mich.
2049 2511 2174 2558 Vict.
2240 2511 2283 2542 ⁴¹
2314 2508 2531 2571 Ubique
2568 2508 2685 2571 ipse
2724 2505 2959 2556 diﬁ‘usus
2992 2506 3127 2554 Pem.
3165 2504 3284 2553 Thu.
3328 2504 3466 2552 Foss.

128 2579 218 2626 Ver.
244 2580 362 2628 Bod.
394 2581 448 2631 3.
517 2581 560 2613 ⁴³
589 2579 955 2632 Obediebant.
988 2582 1097 2633 Sed
1130 2583 1271 2631 Cum.
1337 2584 1379 2614 ⁴⁴
1410 2581 1626 2632 Genere
1663 2584 1800 2631 Man.
1838 2583 1970 2630 Man.
2037 2582 2079 2614 ⁴⁵
2106 2580 2175 2629 Et
2208 2579 2452 2628 melioris
2491 2577 2745 2639 obsequii
2792 2576 2893 2624 haec
2925 2576 3074 2625 verba
3116 2575 3169 2622 in
3206 2573 3472 2622 nonnullis

121 2646 215 2696 edd.
234 2650 411 2698 desunt
447 2652 502 2699 in
531 2651 747 2700 Gronov.
770 2652 977 2701 adsunt.
1003 2652 1257 2703 Meliores
1287 2652 1557 2715 obsequio
1588 2656 1644 2703 et
1668 2652 1777 2703 ﬁde
1807 2652 2061 2703 fortiores
2093 2650 2170 2700 ed.
2202 2650 2334 2712 Lips.
2369 2649 2582 2699 itaut/tio
2610 2649 2827 2711 placuit,
2852 2660 2915 2695 ea:
2949 2643 3097 2693 codd.
3128 2657 3237 2691 nov.
3272 2644 3385 2698 012,
3417 2646 3464 2703 1,

121 2717 156 2766 2.
189 2720 296 2769 Tew.
327 2720 495 2768 Drur.
529 2720 772 2772 Melioris
800 2722 1053 2788 obsequii
1087 2725 1142 2774 et
1164 2722 1292 2773 ﬁdei
1320 2722 1579 2773 fortioris.

1472 2872 1819 2936 Variorum
1862 2873 2056 2933 notae.

170 3008 251 3067 (58)
282 3009 344 3057 Et
368 3021 488 3056 rum
523 3006 674 3056 homo
701 3006 861 3057 latius
888 3012 1118 3056 maneat.
1153 3007 1446 3068 Minatius,
1476 3021 1597 3069 cap.
1627 3007 1688 3058 32
1719 3022 1730 3055 :
1836 3022 2003 3071 quam
2030 3007 2106 3056 ibi
2142 3007 2235 3056 Dei
2269 3004 2610 3067 scripsimus,
2647 3002 2946 3051 Meursium
2969 3002 3179 3060 secuti;
3208 3000 3303 3065 qui
3332 3015 3461 3049 vero

122 3098 143 3122 α
167 3079 292 3128 Cum
318 3080 492 3129 homo
520 3079 703 3128 laxius
748 3092 1018 3128 maneam.
1054 3096 1080 3122 »
1125 3078 1217 3127 Sic
1253 3078 1328 3127 ibi
1367 3092 1494 3128 cum
1538 3079 1734 3129 Fulvio
1835 3081 2072 3131 lectione
2100 3078 2380 3142 Cypriani,
2410 3090 2536 3139 quae
2562 3074 2733 3124 dubia
2764 3077 2865 3134 est,
2897 3077 2959 3123 ut
2980 3072 3240 3132 vidimus,
3269 3074 3460 3135 prieci-

124 3150 293 3239 limine
318 3152 727 3239 expressimus,
757 3152 888 3215 quia
921 3150 1137 3239 Ciqero,
1163 3164 1330 3213 quem
1364 3151 1564 3199 imitari
1587 3151 1733 3239 solet
1753 3168 1807 3239 Ο
1832 3165 1941 3216 pue
1975 3151 2272 3201 nitebatur.
2304 3148 2552 3198 Cacum.

124 3221 379 3280 Minatius,
404 3221 658 3271 habitare
692 3222 834 3281 laxe,
864 3234 967 3285 pro
993 3220 1159 3269 domo
1189 3234 1289 3270 sua
1321 3234 1441 3284 cap.
1471 3222 1532 3270 44
1569 3221 1728 3271 dixit.
1755 3215 1807 3239 υ
1840 3215 1848 3216 ί
1900 3222 1994 3283 {62)
2036 3223 2168 3270 Deus
2211 3233 2398 3269 nenien
2436 3228 2503 3267 est
2547 3217 2645 3266 illi.
2679 3217 2822 3266 Infra
2860 3216 2952 3265 lib.
2990 3228 3027 3265 ιι
3072 3215 3459 3271 Testimonium,

123 3290 329 3342 Codices
363 3306 502 3342 vero
552 3306 744 3342 omnes
787 3291 1070 3355 Cypriani,
1117 3292 1161 3339 si
1197 3292 1539 3355 transcripsit
1580 3293 1731 3341 Feli-
1832 3308 1934 3356 cap
2009 3296 2055 3352 7,
2112 3306 2179 3341 ex
2242 3291 2381 3340 Isaia
2424 3305 2435 3337 :
2490 3290 2601 3349 Ego
2658 3288 2910 3337 Dominus
2973 3287 3129 3344 Deus,
3183 3286 3276 3335 hoc
3333 3286 3459 3335 mihi

121 3374 236 3421 cem,
273 3376 384 3425 prus
421 3377 485 3413 se
520 3362 679 3412 latius
708 3363 908 3421 ferunt,
938 3367 999 3411 ut
1047 3361 1301 3411 dubitare
1350 3363 1630 3425 incipiam,
1661 3376 1731 3413 an
1832 3376 2021 3413 nomen
2060 3368 2151 3412 est.
2196 3362 2264 3411 Et
2311 3362 2366 3410 in
2417 3360 2636 3409 Psalmo
2679 3371 2877 3409 vau:
2932 3359 3070 3407 Deus
3118 3370 3308 3406 nomen
3356 3356 3455 3406 illi.

122 3445 206 3483 nec
248 3437 392 3498 prior
440 3435 540 3484 ille
587 3433 760 3494 latius,
806 3437 868 3483 ut
918 3434 1152 3484 Sabinus
1202 3437 1255 3484 et
1304 3434 1391 3483 Fr.
1426 3433 1730 3486 Balduinus
1831 3433 2040 3485 BALUZ.

121 3504 299 3567 legunt,
329 3505 636 3569 scripserit.
671 3503 919 3555 CELLAR.
1894 3506 1986 3567 (63)
2046 3504 2137 3552 Dei
2188 3502 2520 3552 vocabulum.
2580 3500 2857 3550 Pamelius
2908 3500 3091 3563 posuit
3151 3500 3301 3550 Deus.
3362 3499 3455 3550 Sic

170 3578 253 3637 (59)
312 3576 607 3627 Includum.
671 3576 744 3625 lta
806 3588 999 3624 omnes
1056 3578 1270 3624 veteres
1346 3576 1618 3626 editiones
1675 3581 1730 3626 et
1829 3578 1994 3625 etiam
2038 3576 2308 3637 Rigaltius
2341 3577 2395 3623 et
2440 3573 2609 3623 editio
2656 3572 2976 3636 Anglicana.
3023 3572 3095 3619 At
3118 3584 3311 3620 omnes
3343 3572 3454 3621 fere

120 3648 278 3698 omnia
332 3652 529 3699 vetera
593 3646 961 3709 exemplaria,
1025 3645 1311 3696 Pithmano
1381 3650 1437 3696 et
1496 3647 1726 3698 Metensi
1828 3647 1953 3696 libri
1984 3651 2198 3695 veteres
2227 3651 2282 3696 et
2323 3643 2594 3695 editiones
2634 3643 2864 3694 Manutii
2904 3646 2959 3692 et
2988 3642 3222 3691 Morellii
3252 3639 3457 3691 habent

120 3720 360 3782 exceptis,
413 3720 475 3767 in
528 3717 732 3781 quibus
778 3717 1044 3780 scriptum
1092 3722 1178 3766 est
1230 3716 1511 3766 includam.
1566 3718 1728 3767 Hanc
1834 3719 1939 3768 Dei.
1969 3716 2131 3780 Quod
2157 3719 2304 3767 certe
2337 3716 2535 3764 melius
2565 3727 2685 3764 esse
2717 3713 2876 3763 facile
2915 3713 3319 3763 animadvertat
3356 3714 3453 3777 qui

120 3787 387 3839 lectionem
432 3788 683 3853 praetulit
722 3788 1018 3847 Manutius,
1063 3791 1119 3838 et
1164 3786 1255 3836 alii
1303 3793 1427 3851 post
1469 3802 1615 3837 eum.
1664 3790 1725 3839 In
1828 3802 1941 3837 rem
1974 3792 2181 3837 attente
2212 3786 2655 3836 consideraverit.
2688 3784 2895 3832 BALL’Z.

120 3859 355 3911 Beccensi
422 3861 695 3923 scriptum
766 3864 851 3909 est
916 3859 1249 3909 includatur.
1315 3860 1377 3909 ln
1442 3861 1726 3922 Fuxensi,
1891 3860 1991 3920 (61)
2030 3859 2225 3906 Iudaeis
2267 3857 2510 3919 primum.
2557 3855 2933 3903 Tertullianus
2979 3853 3034 3901 in
3077 3854 3447 3918 Apologelico:

119 3948 141 3973 α
163 3931 293 3981 Intra
330 3946 512 3982 unam
542 3931 837 3981 aediculam
883 3931 994 3978 vim
1041 3935 1207 3980 tantas
1253 3932 1553 3994 majestatis
1584 3946 1726 3981 con-
1827 3946 1855 3972 ‹‹
1887 3929 2098 3978 Judaeis
2125 3932 2235 3976 erat
2264 3926 2408 3990 apud
2452 3926 2631 3974 Deum
2662 3924 2835 3988 gratia
2864 3924 2935 3973 ob
2969 3925 3244 3987 insignem
3280 3928 3448 3989 justi-

119 3999 246 4051 cludi
269 4005 534 4053 aestimas.
563 4020 591 4047 »
627 4001 773 4052 Sane
802 4000 948 4064 apud
978 4001 1267 4050 Minatium
1289 4001 1506 4064 legitur,
1533 4020 1559 4046 «
1583 4003 1725 4051 Intra
1826 4000 1956 4048 tiam
1988 4005 2043 4048 et
2072 3999 2236 4047 ﬁdem
2268 3997 2618 4061 originalium
2646 3999 2957 4045 auctorum.
2987 4014 3013 4039 ››
3046 3995 3257 4045 BALUZ.

118 4084 261 4121 unam
303 4072 609 4123 aediculam
652 4072 760 4120 vim
812 4075 981 4121 tantas
1021 4072 1322 4134 majestatis
1366 4072 1663 4121 includam.
1695 4091 1723 4117 »
1890 4072 1983 4131 (65)
2012 4070 2353 4133 Negligentes.
2387 4068 2620 4117 Multum
2652 4068 2866 4116 variant
2891 4066 2946 4115 in
2975 4066 3081 4116 hoc
3110 4067 3236 4117 loco
3262 4071 3448 4118 vetera

120 4141 211 4190 Sed
249 4143 357 4193 illic
401 4144 515 4192 alia
543 4147 624 4191 est
658 4143 998 4191 constructio
1038 4142 1353 4192 verborum.
1387 4143 1726 4192 Novatianus
1826 4142 2177 4205 exemplaria.
2230 4141 2433 4189 Eorum
2488 4138 2757 4187 nonnulla
2806 4142 2860 4187 et
2912 4141 3123 4187 veteres
3177 4138 3448 4189 editiones

119 4212 162 4260 in
208 4213 341 4263 libro
394 4214 464 4263 de
517 4213 775 4261 Trinitate
809 4226 925 4275 cap.
967 4214 998 4262 6
1047 4228 1057 4260 :
1106 4230 1133 4256 «
1177 4213 1292 4263 Nec
1343 4218 1526 4264 tamen
1576 4215 1726 4264 Deus
1826 4212 2033 4262 habent
2062 4211 2374 4273 negligentes
2393 4209 2683 4273 disciplina:
2708 4206 2916 4269 superbi
2944 4208 3270 4272 postmodum
3300 4209 3446 4272 facta.

120 4284 239 4332 intra
273 4283 700 4335 tabernaculum
736 4283 928 4333 clusus
954 4285 1289 4333 continetur.
1322 4302 1349 4329 υ
1381 4284 1592 4344 Cicero,
1625 4284 1721 4334 lib.
1824 4282 1948 4331 Alia
1984 4282 2245 4330 omittunt
2289 4292 2479 4329 vocem
2527 4278 2837 4340 negligentes
2876 4281 2931 4327 et
2978 4292 3171 4328 vocem
3215 4280 3446 4341 superbi,

119 4366 149 4402 ll
189 4356 244 4404 dc
292 4357 560 4420 Legibus:
607 4373 634 4399 α
677 4355 904 4404 Patrum
946 4353 1175 4404 delubra
1218 4367 1339 4405 esse
1386 4356 1443 4404 in
1490 4355 1724 4405 urbibus
1824 4355 2030 4405 habent
2068 4360 2254 4403 autem
2308 4358 2522 4404 tantum
2574 4358 2620 4402 et
2670 4351 3054 4415 indisciplinoti
3098 4354 3442 4416 postmodum.

118 4438 305 4485 nosco;
335 4441 443 4477 nec
469 4439 672 4490 sequor
708 4439 898 4489 magos
942 4426 1251 4485 Persarum,
1283 4425 1488 4489 quibus
1534 4431 1723 4476 aucto-
1824 4429 2097 4489 Fuxense,
2125 4444 2155 4474 ‹‹
2189 4427 2287 4476 sed
2323 4427 2401 4475 illi
2441 4426 2783 4489 negligentes
2808 4424 3158 4489 disciplinam
3201 4430 3445 4489 postmo-

118 4496 250 4547 ribus
293 4498 512 4548 Xerxes
554 4496 926 4546 inﬁammasse
973 4497 1174 4560 templa
1218 4497 1448 4548 Graecia:
1501 4497 1954 4560 dicitur,ndum
2000 4497 2380 4549 inobedientes
2422 4499 2566 4546 lacti.
2606 4517 2632 4542 »
2679 4498 2883 4546 BALUZ.
2932 4523 2992 4532 —
3036 4496 3441 4560 lndiseiplinuti.

118 4530 250 4547 ...ιω
295 4530 512 4548 ac.-.”
554 4530 926 4546 ,υηυιωμυοου
974 4530 1174 4560 “mp...
1219 4530 1448 4548 υιιυυιω
1501 4530 1718 4555 meum,
1823 4530 1954 4548 υυμ,
2000 4530 2380 4549 ,ιιυυυυιεμιυο
2422 4530 2566 4546 me...
2606 4530 2632 4542 η
2679 4530 2883 4546 unus“.
2933 4530 2991 4532 γ
3036 4530 3441 4560 ...ωσωμυηωη

117 4568 244 4629 quod
287 4568 594 4632 parietibus
647 4568 1005 4618 includerunt
1058 4568 1213 4626 deos,
1270 4568 1475 4632 quibus
1531 4570 1717 4618 omnia
1742 4530 1799 4601 D
1824 4570 1968 4621 Usus
1992 4571 2099 4621 hoc
2125 4571 2293 4620 verbo
2321 4575 2401 4619 est
2427 4571 2590 4619 etiam
2618 4568 2891 4630 Vulgatus
2914 4568 3186 4629 interpres
3215 4570 3441 4630 sapien-

116 4639 357 4689 deberent
419 4652 543 4689 esse
589 4640 831 4702 patentia
872 4642 925 4689 et
974 4639 1167 4699 libera,
1222 4653 1576 4703 quorumque
1627 4640 1719 4690 hic
1819 4645 1910 4691 tite
1947 4642 2091 4702 libri,
2121 4655 2169 4691 c.
2215 4643 2291 4699 t7,
2319 4654 2518 4690 comm.
2554 4652 2587 4698 ι,
2622 4638 2800 4689 Gloss.
2844 4641 2950 4687 vet.
2999 4637 3442 4701 indisciptinatus,

116 4711 339 4760 mundus
365 4712 550 4761 omnis
594 4710 862 4773 templum
904 4715 1047 4760 esset
1088 4714 1141 4760 et.
1177 4710 1447 4761 domus.»
1492 4713 1718 4762 Tacitus
1820 4712 2017 4777 ἀμαθὴς.
2050 4725 2321 4763 LINDNER.

117 4780 179 4829 ita
205 4782 267 4831 de
308 4781 601 4834 Germanis
639 4781 871 4831 scribit:
916 4800 942 4826 «
986 4780 1262 4832 Caeterum
1310 4795 1413 4832 nec
1459 4783 1718 4833 cohibere
1880 4784 1980 4847 (66)
2026 4784 2191 4833 Multo
2237 4782 2512 4845 ﬁdeliores.
2572 4779 2945 4829 Tertullianus
3002 4779 3057 4828 in
3112 4779 3440 4844 Apologelt'co

118 4852 400 4912 parietibus
449 4851 582 4902 deos
624 4866 806 4916 neque
858 4853 912 4900 in
956 4852 1125 4901 ullam
1166 4853 1394 4901 humani
1445 4854 1553 4902 oris
1593 4867 1715 4914 spe-
1819 4854 2052 4917 loquens
2098 4854 2165 4904 de
2215 4854 2442 4913 Judaeis,
2489 4854 2584 4915 qui
2628 4853 2791 4915 culpa
2829 4865 2931 4901 sua
2976 4852 3273 4902 amiserant
3315 4867 3439 4917 gra-

116 4923 239 4970 ciem
300 4923 606 4973 assimilare
668 4936 735 4972 ex
783 4923 1165 4985 magnitudine
1217 4924 1525 4974 caelestium
1570 4925 1716 4975 arbi-
1818 4928 1948 4975 tiam
1989 4927 2109 4984 Dei,
2156 4940 2282 4974 cum
2312 4925 2436 4976 caeli
2468 4929 2521 4973 et
2560 4923 2661 4973 soli
2705 4923 2792 4972 sui
2840 4928 3086 4972 extorres
3131 4927 3334 4984 essent,
3366 4926 3443 4973 ait

118 4994 324 5043 trantur.
348 5016 374 5039 »
409 4996 585 5045 Elius
616 4994 981 5058 Lampridius,
1010 4996 1064 5043 in
1106 4994 1419 5044 Alexandro
1464 4995 1669 5046 Severo
1702 5012 1712 5044 :
1817 5003 2037 5046 sanctas
2065 5012 2230 5047 voces
2272 4997 2382 5046 illis
2420 4996 2818 5059 prmnuntiasse
2841 5013 2867 5038 α
2916 4995 2994 5043 uti
3030 4993 3136 5043 sub
3175 4996 3439 5045 extremis

115 5080 137 5106 α
194 5065 463 5116 Adrianus
520 5067 727 5129 templa
790 5067 847 5114 in
908 5065 1169 5114 omnibus
1224 5066 1542 5117 civitatibus
1598 5069 1716 5117 sine
1818 5069 2108 5118 curriculis
2137 5067 2329 5118 saeculi
2366 5082 2431 5116 ex
2476 5080 2640 5115 omne
2675 5069 2838 5128 gente
2878 5069 2931 5115 et
2976 5065 3181 5129 pOpulo
3230 5071 3282 5116 et
3317 5067 3439 5117 loco

116 5134 445 5187 simulachris
488 5140 727 5200 jusserat
780 5136 917 5185 ﬁeri.
975 5155 1003 5181 ››
1055 5135 1293 5185 Sanctus
1348 5138 1714 5201 Augustinus,
1816 5140 2055 5189 cultores
2105 5140 2211 5189 sibi
2272 5138 2550 5200 adlegeret
2604 5139 2754 5188 Deus
2815 5136 2992 5185 multo
3056 5135 3349 5188 ﬁdeliores.
3410 5154 3440 5185 ››

116 5204 307 5257 lib.vm
332 5209 581 5269 Con/ess,
612 5222 658 5258 c.
688 5208 719 5257 2
750 5223 760 5256 :
793 5226 820 5251 «
847 5206 991 5271 Ergo
1018 5207 1256 5270 parietes
1284 5208 1499 5258 faciunt
1529 5208 1716 5260 Chris-
1815 5211 2150 5270 Lactantius,
2194 5224 2313 5273 cap.
2346 5211 2406 5258 43
2440 5209 2740 5273 Epitomes,
2788 5227 2814 5253 ‹‹
2861 5209 3025 5257 aliam
3065 5208 3169 5257 sibi
3219 5209 3440 5272 plebem

117 5276 291 5327 tianos.
322 5299 348 5324 »
381 5280 591 5330 BALUZ.
1814 5280 2118 5331 ﬁdeliorem
2167 5281 2234 5332 de
2280 5281 2484 5331 exteris
2526 5280 2785 5339 gentibus
2830 5283 3206 5343 congregaret.
3243 5300 3270 5325 »
3305 5282 3436 5331 Plu-

169 5348 256 5407 (60)
320 5352 379 5399 In
436 5356 620 5400 nostra
681 5349 1021 5399 dedicandus.
1072 5349 1411 5411 Lactantius,
1456 5363 1573 5414 cap.
1630 5351 1711 5411 23,
1817 5364 1902 5401 res
1945 5352 2069 5402 libri
2109 5357 2320 5403 veteres
2363 5355 2415 5401 et
2460 5352 2733 5401 editiones
2776 5350 2867 5400 hic
2909 5350 3056 5414 apud
3095 5350 3439 5415 Cyprianum

118 5417 169 5463 de
193 5421 275 5468 Ira
305 5421 401 5470 Dei
428 5437 441 5470 :
469 5440 502 5470 κ
531 5421 612 5472 Sit
641 5421 801 5470 nobis
834 5421 986 5470 Deus
1015 5434 1125 5470 non
1164 5422 1217 5469 in
1263 5421 1499 5485 templis,
1529 5421 1625 5472 sed
1656 5423 1711 5471 in
1814 5424 2116 5486 praeferunt
2136 5424 2290 5472 multo
2321 5423 2573 5486 meliores.
2608 5423 2666 5471 In
2708 5421 2949 5471 Fuxensi
2981 5422 3201 5485 legitur,
3236 5442 3262 5467 «
3288 5424 3436 5473 mul-

117 5489 260 5539 corde
300 5497 485 5542 nostro
528 5496 899 5543 consecratus.
947 5508 975 5537 »
1024 5490 1173 5542 Idem
1220 5491 1314 5541 lib.
1344 5506 1421 5542 vn
1469 5494 1711 5555 Institut,
1816 5484 1870 5544 to
1901 5495 2156 5544 meliores
2183 5495 2447 5558 obsequio
2467 5484 2538 5543 'et
2579 5493 2688 5543 ﬁde
2728 5494 2999 5543 fortiores.
3026 5484 3058 5539 ὅ
3087 5494 3145 5541 In
3177 5494 3438 5555 Burgun-

119 5571 221 5629 ρει).
256 5563 301 5621 8,
332 5564 403 5612 ait
440 5564 536 5614 Dei
585 5564 848 5626 templum
892 5575 1001 5611 non
1047 5576 1167 5611 esse
1201 5564 1255 5612 in
1300 5564 1579 5627 lapidibus
1620 5568 1715 5614 aut
1814 5567 1958 5628 dico,
1984 5568 2040 5615 in
2075 5567 2431 5627 Tornacensi,
2464 5572 2519 5616 et
2559 5568 2612 5614 in
2660 5566 3186 5629 GratianOpolitano,
3220 5583 3248 5612 «
3290 5566 3439 5614 Mul-

119 5628 236 5701 luto,
268 5635 359 5684 sed
406 5634 684 5686 hominem
731 5637 913 5699 ipsum
954 5635 1048 5699 qui
1093 5635 1322 5698 ﬁguram
1366 5637 1469 5686 Dei
1516 5640 1708 5701 gestat.
1814 5641 1867 5687 to
1907 5638 2149 5686 melioris
2190 5637 2442 5699 obsequii
2495 5641 2548 5687 et
2595 5637 2723 5686 ﬁdei
2772 5638 3088 5687 fortioris.»
3135 5638 3317 5699 Atque
3364 5638 3439 5684 ita

119 5699 304 5753 BALUz.
1526 5699 1540 5701 νὴ
1813 5723 1873 5759 se
1916 5708 2115 5771 legisse
2167 5709 2223 5757 in
2268 5710 2499 5772 antiquo
2552 5708 2853 5771 exemplari
2898 5712 3129 5757 testatur
3171 5707 3441 5769 Rigaltius

176 5772 267 5835 (6t)
308 5777 408 5826 Nec
451 5791 629 5829 nomen
678 5780 781 5831 Deo
833 5791 1063 5842 quaeras.
1118 5778 1210 5829 Sic
1254 5779 1496 5842 optimus
1540 5778 1710 5830 Vero-
1812 5782 1867 5829 in
1926 5780 2426 5831 Obscrvationibus
2483 5781 2599 5830 suis
2651 5780 2719 5829 ad
2784 5780 3170 5843 Apologeticum
3221 5778 3438 5828 Tertul—

122 5845 329 5897 nensis:
371 5852 426 5899 et
449 5849 735 5903 Minutiani
780 5849 1007 5919 quidam
1049 5849 1195 5912 libri,
1240 5863 1359 5916 cap.
1402 5851 1477 5914 £8,
1515 5864 1711 5917 quam-
1811 5851 1960 5904 liani.
2005 5853 2117 5906 Alii
2163 5855 2273 5903 tres
2311 5851 2546 5916 antiqui,
2577 5868 2603 5897 «
2636 5850 2806 5903 Multo
2844 5848 3108 5905 ﬁdelioris
3150 5852 3203 5903 et
3242 5847 3442 5901 melio-
