3998 6194
491 313 593 371 599

1409 319 1463 374 S.
1506 320 1819 376 CYPRIANI
1857 321 2131 376 OPERUM
2172 320 2340 375 PARS
2379 320 2438 374 Il.
2462 309 2548 360 ’-
2588 321 2952 377 OPUSCULA.
3711 338 3795 394 300

488 442 903 515 indulgentiam
956 445 1026 500 de
1078 444 1281 500 divinis
1329 446 1665 500 muneribus
1713 446 2011 502 haurirent
2051 448 2349 531 “,Arum
2407 445 2650 517 populus
2703 446 3024 518 intelligere
3082 462 3198 503 non
3251 448 3457 519 potuit,
3506 451 3797 518 delictorum

490 554 661 610 quam
704 544 990 609 acceptam
1034 539 1168 611 (67),
1214 540 1395 594 Judaei
1445 541 1784 611 contemptis
1836 542 2118 612 religioni-

490 629 615 697 bus,
661 631 1058 702 perdidissent.
1093 633 1266 702 Hujus
1316 632 1489 703 igitur
1534 634 1731 703 gratiae
1782 633 2121 704 disciplinas-

491 740 603 794 que
658 725 869 780 arbiter
914 728 959 761 ‘7
1003 732 1056 781 et
1110 726 1389 797 magister
1437 726 1635 781 Sermo
1689 732 1746 781 et
1797 728 1968 781 Filius
2020 727 2122 782 Dei

489 819 752 885 mittitur,
782 820 876 891 qui
906 837 1008 891 per
1032 821 1343 891 prophetas
1369 806 1568 875 omnes
1597 827 1746 875 retro
1770 820 2123 876 illuminator

491 917 549 967 et
605 913 804 969 doctor
858 914 966 985 (68)
1022 914 1254 968 humani
1309 915 1533 985 generis
1593 915 2003 986 praedicabatur
2051 916 2119 971 ⁵⁸.

490 1008 588 1062 Hic
627 1013 713 1062 est
757 1008 927 1063 virtus
969 1009 1086 1075 Dei,
1134 1010 1223 1063 hic
1262 1009 1425 1072 ratio,
1464 1008 1555 1062 hic
1590 1009 1865 1080 sapientia
1901 1010 2022 1080 ejus
2067 1013 2124 1063 et

490 1103 689 1174 gloria.
728 1104 824 1157 Hic
851 1104 909 1157 in
937 1104 1216 1174 virginem
1248 1103 1497 1157 illabitur
1526 1104 1594 1171 ‘9,
1623 1119 1856 1157 carnem
1882 1103 2121 1175 Spiritus

493 1196 601 1269 (69)
658 1200 887 1252 sanctus
940 1197 1216 1264 induitur,
1266 1198 1408 1251 Deus
1455 1213 1586 1251 cum
1645 1195 1835 1270 5'79
1888 1197 2120 1252 homine

491 1290 777 1345 miscetur.
834 1293 927 1345 llic
971 1293 1117 1346 Deus
1162 1295 1373 1358 noster,
1422 1291 1512 1344 hic
1559 1290 1814 1345 Christus
1866 1294 1967 1359 est,
2023 1292 2121 1362 qui

486 1386 770 1440 mediator
796 1386 1060 1453 duorum,
1091 1385 1385 1439 hominem
1414 1385 1615 1450 induit,
1644 1401 1817 1456 quem
1846 1384 2119 1457 perducat

487 1480 559 1534 ad
588 1482 830 1534 Patrem.
862 1479 1026 1543 Quod
1054 1479 1226 1534 homo
1267 1483 1351 1533 est
1386 1495 1505 1533 esse
1546 1478 1800 1535 Christus
1832 1480 2026 1547 voluit,
2060 1486 2122 1534 ut

484 1578 540 1629 et
570 1575 736 1627 homo
769 1572 943 1644 possit
970 1589 1089 1628 esse
1117 1573 1269 1644 quod
1298 1574 1550 1628 Christus
1578 1579 1684 1627 est.

557 1668 672 1722 XII.
722 1666 982 1723 Sciebant
1022 1672 1079 1721 et
1115 1667 1295 1723 Judaei
1342 1667 1447 1737 (70)
1495 1667 1782 1724 Christum
1832 1684 1951 1721 esse
1993 1684 2124 1722 ven-

484 1765 696 1817 turum.
747 1762 886 1815 Nam
938 1761 1026 1815 hic
1072 1762 1179 1814 illis
1210 1762 1259 1795 ⁵ο
1286 1777 1531 1832 semper,
1584 1760 1877 1832 prophetis
1922 1761 2118 1815 admo-

2222 540 2494 595 meritum
2535 540 2662 593 fuit.
2705 541 2796 595 Sic
2842 544 3006 595 erant
3052 541 3345 612 sapientiae
3394 543 3495 614 (7i)
3537 554 3587 602 et
3621 551 3799 608 intelli-

2224 633 2433 704 gentia!
2471 633 2726 688 cmcitate
2772 634 3046 701 mulctati,
3086 639 3151 689 ut
3189 635 3287 706 qui
3338 636 3448 691 vita
3495 639 3694 714 indigni
3736 664 3803 702 es.

2222 729 2348 782 sent
2376 726 2658 781 haberent
2680 728 2855 782 vitam
2882 731 3011 782 ante
3042 729 3235 784 oculos
3266 746 3371 785 nec
3397 731 3652 790 viderent.

2291 821 2425 875 XIII.
2476 823 2697 892 Itaque,
2749 838 2881 876 cum
2933 818 3192 878 Christus
3234 824 3409 891 Iesus,
3456 830 3734 887 secundum
3775 851 3803 889 a

2222 914 2521 985 prophetis
2569 918 2701 969 ante
2757 916 3050 987 praedicta,
3097 916 3267 971 verbo
3312 923 3369 971 et
3415 920 3550 975 vocis
3594 921 3802 996 imperio

2224 1007 2506 1065 daemonia
2550 1010 2621 1065 de
2664 1010 2996 1065 hominibus
3034 1014 3356 1078 excuteret,
3390 1014 3697 1085 paralyticos
3731 1038 3805 1075 re-

2220 1103 2555 1173 stringeret,
2615 1105 2864 1174 leprosos
2914 1108 3213 1175 purgaret,
3261 1104 3600 1162 illumiuaret
3638 1127 3804 1181 caecos,

2221 1196 2434 1250 claudis
2475 1212 2731 1267 gressum
2776 1198 2955 1265 daret,
3012 1204 3264 1253 mortuos
3313 1215 3502 1254 rursus
3547 1203 3805 1277 animaret,

2221 1292 2451 1359 cogeret
2481 1290 2587 1344 sibi
2614 1292 2896 1344 elementa
2924 1291 3215 1358 famulari,
3243 1292 3451 1347 servire
3484 1299 3678 1365 ventos,
3707 1315 3805 1353 ma-

2221 1384 2303 1436 ria
2330 1383 2582 1450 obedire,
2618 1384 2834 1439 inferos
2863 1385 3087 1452 cedere,
3112 1386 3313 1452 Judaei,
3354 1386 3452 1456 qui
3480 1387 3629 1443 illum
3655 1393 3810 1446 credi-

2221 1476 2425 1531 derant
2464 1478 2765 1531 hominem
2806 1476 2998 1551 580
3032 1485 3255 1533 tantum
3289 1479 3401 1550 (72)
3433 1480 3497 1535 de
3526 1481 3808 1539 humilitate

2220 1571 2407 1625 carnis
2435 1574 2493 1625 et
2518 1572 2792 1643 corporis,
2833 1572 3234 1627 existimabant
3270 1589 3500 1644 magum
3532 1575 3595 1631 de
3618 1576 3814 1633 licentia

2219 1665 2533 1735 potestatis.
2576 1667 2730 1720 Hunc
2777 1666 3032 1736 magistri
3083 1682 3277 1721 eorum
3331 1671 3501 1738 atque
3547 1670 3807 1739 primores,

2220 1758 2325 1812 hoc
2356 1763 2459 1828 est,
2480 1775 2622 1829 quos
2649 1763 2706 1813 et
2726 1758 2985 1813 doctrina
3014 1759 3101 1814 ille
3133 1766 3190 1814 et
3213 1760 3487 1832 sapientia
3508 1762 3811 1831 revincebat,

485 1855 786 1920 neniibus,
844 1854 1313 1909 annuntiabatur.
1370 1853 1477 1908 Sed
1536 1853 1849 1924 significato
1909 1842 2439 1926 dupliciBaccensi
2481 1853 2568 1907 ira
2598 1853 2646 1887 ⁵³
2679 1859 2736 1907 et
2789 1853 3189 1925 indignatione
3242 1854 3557 1926 provocati,
3608 1856 3815 1912 insecuti

485 1950 609 2019 ejus
648 1950 911 2016 adventu,
943 1964 1057 2002 uno
1095 1947 1192 2019 qui
1223 1947 1494 2002 exercitio
1539 1950 1595 2001 et
1631 1949 1896 2019 exemplo
1932 1948 2117 2002 homi-

484 2043 574 2097 nis
621 2044 976 2115 fungeretur,
1016 2042 1197 2096 altcro
1245 2041 1343 2113 qui
1387 2044 1562 2096 Deum
1605 2041 1973 2110 fateretur“,
2003 2058 2119 2096 non

486 2136 862 2207 intelligendo
920 2137 1170 2208 primum
1213 2136 1551 2202 adventum,
1596 2135 1692 2207 qui
1743 2135 1803 2188 in
1856 2135 2120 2207 passione

484 2230 773 2301 prmcessit
810 2230 1079 2298 occultus,
1113 2245 1291 2283 unum
1336 2234 1557 2283 tantum
1599 2229 1840 2283 credunt
1876 2228 1971 2300 qui
2012 2228 2121 2282 erit

484 2325 543 2379 in
590 2326 865 2396 potestate
913 2323 1265 2379 manifestus.
1311 2322 1469 2387 Quod
1512 2328 1701 2377 autem
1740 2322 1849 2378 hoc
1891 2322 2117 2377 Judazo-

2219 1950 2353 2001 sunt
2391 1946 2461 2011 ⁸³,
2507 1949 2566 2000 et
2599 1951 2890 2017 postremo
2934 1946 3224 2002 detentum
3270 1948 3468 2003 Pontio
3511 1948 3693 2015 Pilato,
3734 1950 3816 2020 qui

2220 2044 2354 2093 tunc
2382 2055 2450 2093 ex
2484 2047 2643 2110 parte
2671 2041 2933 2096 Romana
2962 2040 3186 2112 Syriam
3216 2042 3554 2112 procumbat
3578 2042 3699 2112 (73),
3728 2048 3816 2096 tra-

2220 2131 2508 2201 diderunt,
2539 2149 2767 2188 crucem
2798 2134 2923 2204 ejus
2959 2139 3015 2189 et
3045 2138 3293 2189 mortem
3323 2134 3602 2206 suffragiis
3627 2136 3816 2191 violen-

2220 2227 2290 2282 tis
2315 2242 2381 2281 ac
2407 2226 2786 2297 pertinacibus
2810 2228 2856 2262 5‘
2882 2227 3209 2298 ﬂagitantes
3237 2228 3308 2282 ⁵⁵.

2291 2320 2420 2375 XIV.
2450 2321 2563 2375 Hoc
2589 2336 2683 2376 eos
2720 2320 2968 2376 facturos
2998 2325 3053 2376 et
3078 2321 3196 2392 ipse
3233 2321 3595 2393 praedixerat,
3627 2328 3679 2378 et
3703 2339 3817 2394 pro-

1860 2479 2071 2543 Varial.
2135 2478 2477 2541 lectiones.

538 2617 581 2650 ⁴⁶
610 2617 925 2678 Haurirent,
960 2616 1128 2680 hujus
1175 2616 1294 2665 Tim.
1340 2615 1492 2664 Μυσὴ,
1539 2615 1665 2664 Vict.
1733 2616 1777 2647 ⁴⁷
1812 2615 2193 2677 Indulgentia),
2232 2614 2441 2677 gratias,
2483 2613 2904 2679 disciplinaeque
2950 2614 3157 2665 arbiter
3207 2615 3367 2665 Oxon.
3414 2616 3604 2664 Pamel.
3649 2616 3819 2678 Rigalt.

478 2687 716 2736 Lindner.
745 2686 1115 2750 Indulgentiae
1146 2687 1313 2749 igitur
1338 2689 1393 2735 et
1426 2687 1615 2749 gratim
1646 2686 1848 2735 arbiter
1883 2687 2017 2750 Lips.
2085 2685 2128 2720 ⁴³
2167 2685 2506 2735 Prasdicatur
2536 2686 2654 2735 Thu.
2697 2688 2826 2736 Vict.
2862 2688 3010 2737 Mich.
3049 2687 3336 2737 Deductor
3373 2688 3483 2737 ΝΟ.
3517 2689 3564 2746 1,
3595 2691 3640 2735 2.
3687 2688 3818 2735 Drur.

482 2759 527 2805 i.
568 2758 687 2805 Tcw.
718 2758 910 2806 Cet/ar.
940 2760 1153 2806 Gronov.
1189 2755 1426 2804 Lindner.
1458 2756 1636 2804 Routh.
1702 2756 2059 2806 “Delabitur
2087 2758 2217 2805 Pem.
2258 2756 2395 2803 Lam.
2445 2755 2551 2805 Ver.
2588 2758 2701 2806 Ten.
2736 2758 2893 2805 Drur.
2922 2758 3126 2805 Mearm.
3172 2762 3273 2806 tres
3311 2772 3423 2806 nov.
3463 2759 3617 2806 Oxon.
3653 2756 3821 2805 Cellar.

482 2828 658 2876 Lindn.
694 2827 870 2875 [lout/2.
940 2830 979 2858 5’
1013 2828 1132 2876 Hoc
1159 2827 1269 2875 illis
1298 2828 1434 2875 Pam.
1476 2827 1582 2874 Vir.
1615 2829 1828 2877 Gronov.
1865 2828 2219 2877 Moneutibus
2243 2830 2269 2875 7
2295 2827 2442 2874 codd.
2470 2827 2596 2875 edit.
2628 2828 2797 2889 princ.
2835 2827 3012 2874 Routh.

3084 2830 3122 2859 5‘
3159 2828 3473 2877 Fateretur.
3505 2827 3622 2876 Non
3658 2824 3817 2874 Linde.

478 2896 519 2930 ⁵²
545 2900 793 2947 Accensa
819 2898 896 2947 ira
921 2901 977 2948 et
1002 2896 1377 2959 indignatione
1411 2903 1707 2960 provocata
1738 2899 1857 2947 T/m.
1896 2899 2030 2947 Foss.
2069 2899 2193 2946 Vict.
2233 2897 2382 2946 Mich.
2420 2894 2597 2945 Lindn.
2666 2898 2706 2928 ⁵³
2736 2896 2975 2946 Insecuti
3013 2899 3144 2946 sunt
3172 2901 3227 2945 et
3270 2896 3596 2946 addiderunt
3647 2895 3746 2944 Bal.
3782 2897 3823 2942 ct

482 2969 651 3017 [iniit/1.
690 2984 788 3033 qua
823 2966 887 3017 dc
918 2983 1069 3017 causa
1105 2970 1287 3023 nescio,
1316 2970 1485 3031 inquit
1512 2969 1791 3018 Goldtorn.
1859 2968 1900 3002 ⁸⁴
1930 2967 2221 3029 Suffrogiis
2246 2965 2641 3030 pertinacibus.
2672 2966 2868 3016 Cetera
2898 2966 3143 3031 rejiciunt
3174 2967 3313 3016 Pem.
3358 2968 3479 3016 Tim.
3524 2967 3654 3016 F039.
3688 2966 3819 3015 llic/1.

493 3039 620 3089 Vict.
654 3038 818 3101 Corb.;
850 3040 992 3088 uncis
1020 3038 1242 3087 includit
1276 3037 1512 3086 Lindncr.
1585 3039 1623 3070 ⁵⁵
1650 3038 1983 3102 Flagitarent
2019 3039 2157 3087 Lam.
2201 3037 2331 3086 Vict.

1871 3181 2221 3244 Variorum
2265 3184 2459 3244 notas.

484 3335 560 3385 ris
597 3332 870 3397 obsequii.
896 3348 924 3377 ››
958 3330 1300 3381 Turonensis
1335 3346 1346 3379 :
1374 3348 1400 3377 ‹‹
1428 3330 1600 3380 Multo
1629 3330 1759 3380 ﬁdei
1791 3331 2058 3381 fortiores.
2088 3346 2115 3378 ››
2139 3323 2193 3395 C
2220 3330 2487 3395 Spiritum
2547 3333 2821 3381 sanctum.
2887 3330 3122 3381 Hermas
3150 3368 3163 3392 ,
3222 3330 3320 3381 lib.
3383 3345 3440 3381 III
3463 3369 3477 3392 ,
3527 3328 3725 3380 similit.
3773 3328 3823 3387 5,

487 3406 863 3464 Carnotensis,
886 3421 915 3450 «
938 3403 1112 3452 multo
1130 3402 1420 3453 faciliores.
1445 3419 1471 3448 »
1494 3405 1565 3452 At
1591 3401 1850 3465 feliciores
1867 3416 1964 3466 pro
1984 3401 2119 3463 faci-

489 3477 644 3528 liores
669 3477 936 3539 scriptum
967 3478 1049 3524 est
1073 3475 1131 3522 in
1159 3474 1351 3523 codice
1376 3474 1553 3522 sancti
1580 3473 1873 3536 Arnulphi.
1904 3474 2115 3523 BALUZ.

549 3549 645 3607 (67)
702 3549 870 3608 Quam
919 3550 1203 3609 acceptam.
1254 3544 1446 3595 Codex
1494 3544 1786 3605 Fuxensis,
1824 3560 1854 3592 α
1901 3558 2009 3608 qua
2066 3548 2120 3594 et

487 3622 713 3681 accepta
740 3617 923 3667 Judaei
951 3620 1004 3666 et
1035 3621 1345 3680 contempta
1380 3618 1667 3679 majestate
1701 3618 1819 3679 ejus
1856 3615 2115 3680 perdide-

490 3696 619 3741 runt
644 3689 1067 3752 indulgentiam.
1094 3689 1280 3752 .lgitur
1325 3687 1396 3738 ob
1438 3688 1597 3737 istius
1644 3689 1831 3751 gratim
1868 3687 2117 3750 discipli-

486 3776 615 3812 nam
638 3761 858 3819 arbiter,
889 3763 1043 3809 veto.
1088 3759 1150 3808 In
1185 3759 1379 3810 codice
1420 3761 1598 3809 sancti
1646 3757 1921 3822 Arnulpbi
1970 3763 2025 3808 et
2062 3759 2117 3807 in

489 3833 757 3882 Beccensi
784 3832 984 3881 desunt
1011 3831 1132 3891 ista,
1160 3846 1189 3878 «
1222 3830 1403 3892 Quam
1441 3833 1727 3892 acceptam
1767 3829 1952 3879 Judaei
1981 3843 2117 3880 con-

490 3904 713 3965 temptis
744 3902 1103 3966 religionibus
1133 3901 1520 3964 perdidissent.
1545 3919 1572 3946 ››
1604 3901 1817 3950 BALUZ.

553 3977 651 4037 (68)
711 3974 1049 4023 lltuminator
1114 3979 1159 4022 et
1233 3974 1428 4023 doctor.
1497 3971 1639 4022 Vide
1710 3972 2118 4022 Tertullianum

488 4048 613 4098 loco
642 4061 771 4096 mox
805 4046 1049 4096 laudato.
1085 4047 1294 4096 BALUZ.
1320 4070 1375 4080 -—
1410 4045 1504 4095 Sic
1545 4045 1932 4108 antiquissimo
1972 4058 2117 4108 quo-

491 4130 601 4182 que
653 4117 795 4165 libro
846 4130 1017 4165 manu
1065 4120 1290 4166 exarato
1332 4114 1569 4177 legitur:
1622 4114 1958 4177 Vulgaribus
1998 4114 2118 4164 doc—

492 4195 594 4239 tor.
642 4186 751 4238 Sed
797 4191 1038 4251 praastat,
1066 4186 1213 4250 quod
1256 4186 1563 4248 antiquius,
1607 4185 1737 4248 quia
1785 4198 1853 4235 ex
1898 4185 2117 4235 Tertul-

489 4260 622 4308 liani
650 4258 974 4321 Apotogctico
1008 4257 1204 4306 hausta
1241 4255 1426 4315 verba,
1469 4269 1581 4319 quo
1629 4255 1826 4305 eadem
1875 4255 1983 4306 hoc
2024 4270 2119 4305 or—

490 4330 619 4380 dine
649 4343 767 4392 cap.
800 4330 855 4378 ‘21
895 4328 1156 4391 leguntur
1185 4343 1196 4376 :
1225 4345 1252 4373 «
1292 4328 1476 4390 Hujus
1515 4328 1682 4390 igitur
1722 4327 1912 4389 gratias
1951 4327 2118 4376 disci-

491 4401 771 4464 pliuaaque
831 4399 1036 4449 arbiter
1093 4403 1149 4449 et
1197 4400 1501 4461 magister,
1560 4398 1900 4448 illuminator
1952 4404 2120 4463 atque

491 4471 757 4521 deductor
787 4471 1004 4534 generis
1028 4470 1258 4520 humani
1283 4470 1458 4519 Filius
1484 4469 1584 4519 Dei
1610 4469 2062 4519 annuntiabatur.
2089 4488 2117 4515 »

491 4543 765 4593 LINDNER.

555 4615 654 4677 (69)
693 4614 910 4663 Carnem
957 4612 1195 4676 spiritus.
1244 4612 1327 4661 Ita
1367 4611 1642 4676 Rigaltius
1690 4611 1747 4659 in
1790 4612 1967 4674 prima
2020 4625 2119 4661 sua

485 4686 612 4735 libri
675 4686 834 4734 istius
889 4684 1134 4734 editione
1195 4684 1397 4732 emissa
1451 4696 1580 4733 cum
1636 4681 1867 4731 Minutio
1915 4681 2116 4740 Felice,

481 4762 658 4819 atque
716 4758 791 4806 ita
839 4755 1045 4805 habere
1093 4754 1165 4803 ait
1220 4755 1520 4803 vetustiora
1575 4752 1931 4815 exemplaria.
1974 4754 2119 4802 Non-

488 4828 629 4877 nulli
690 4831 905 4876 veteres
951 4825 1078 4875 libri
1139 4828 1193 4875 et
1246 4825 1488 4889 vulgatae
1549 4823 1819 4873 editiones
1874 4823 2118 4883 habent,

490 4920 517 4943 «
582 4899 818 4948 Carnem
882 4898 1090 4960 Spiritu
1145 4901 1339 4946 sancto
1387 4899 1716 4959 cooperante
1773 4894 2038 4943 induitur.
2092 4912 2118 4939 »

488 4971 655 5019 Deest
718 4966 855 5016 illud
913 4970 1213 5027 cooperante
1258 4969 1313 5017 in
1364 4966 1505 5015 libro
1547 4964 1829 5015 Beccensi.
1887 4964 2120 5015 Codices

492 5039 900 5102 Remigianus,
960 5038 1315 5086 Divionensis
1351 5072 1365 5096 ,
1427 5048 1620 5087 recens
1685 5036 2002 5086 Victorinus
2064 5040 2120 5085 et

489 5124 638 5159 unus
691 5109 896 5171 Regius
942 5108 1170 5167 habent,
1222 5128 1249 5152 ι
1304 5106 1482 5157 Carne
1534 5106 1742 5169 Spiritu
1791 5112 1986 5157 sancto
2033 5107 2119 5155 in-

492 5183 698 5229 duitur.
743 5202 768 5223 »
812 5180 905 5231 Sic
940 5181 1105 5230 etiam
1136 5177 1491 5227 emendatum
1533 5182 1617 5226 est
1653 5190 1722 5227 ex
1762 5178 1901 5227 libro
1943 5178 2120 5227 veteri

488 5252 546 5299 in
601 5251 850 5313 margine
909 5249 1167 5299 editionis
1220 5246 1606 5310 Lugdunensis
1652 5249 1784 5297 anni
1832 5250 1968 5299 15H.
2029 5249 2121 5299 Sic

491 5323 655 5373 etiam
693 5323 959 5384 scriptum
1000 5326 1115 5371 erat
1150 5321 1204 5368 in
1241 5320 1380 5369 libro
1426 5319 1587 5368 Flori.
1623 5317 1812 5369 Codex
1856 5322 2122 5384 antiquus

492 5394 994 5454 Sangermanensis
1041 5392 1263 5455 optimas
1306 5395 1454 5439 notae
1502 5391 1585 5440 sic
1630 5390 1831 5440 habet:
1866 5409 1893 5437 «
1941 5392 2121 5442 Carne

493 5464 736 5527 Spiritus
766 5468 995 5513 sanctus
1040 5461 1365 5511 induitur.»
1419 5461 1596 5523 Quam
1640 5462 1968 5524 scripturam
2016 5463 2119 5512 Pa-

490 5536 692 5586 melius
746 5536 949 5598 reperit
1006 5534 1061 5582 in
1113 5536 1351 5597 quatuor
1400 5546 1529 5582 mss.
1581 5534 1845 5584 Erasmus
1895 5535 2123 5585 retinuit

490 5607 774 5669 vulgatam
818 5605 1137 5666 lectionem,
1164 5604 1261 5653 sed
1295 5605 1351 5652 in
1395 5606 1659 5668 margine,
1684 5607 1887 5667 posuit,
1913 5623 1940 5651 ‹‹
1980 5606 2119 5657 Car-

489 5692 619 5727 nem
672 5678 912 5740 Spiritus
957 5680 1186 5725 sanctus
1234 5674 1500 5725 induitur.
1541 5691 1569 5721 »
1614 5674 1960 5726 Prmferenda
1998 5676 2120 5725 haec

488 5749 674 5807 lectio,
722 5752 835 5796 tum
870 5747 999 5811 quia
1044 5747 1239 5796 nititur
1284 5746 1566 5796 veteribus
1611 5746 1786 5805 libris,
1826 5750 1943 5794 tum
1991 5746 2121 5809 quia

490 5833 593 5867 vox
642 5818 732 5867 illa
777 5823 1089 5881 conparantes
1144 5818 1364 5866 videtur
1399 5830 1522 5865 esse
1559 5817 1852 5878 glossema.
1886 5816 1983 5864 Est
2025 5829 2122 5864 au—

488 5895 600 5941 tem
659 5890 905 5955 antiquis
958 5888 1215 5941 Patribus
1271 5888 1542 5939 familiare
1595 5887 1878 5936 Christum
1922 5899 2121 5936 vocare

2220 3404 2300 3452 sic
2328 3403 2575 3466 loquitur
2603 3401 2671 3451 de
2698 3400 2904 3451 Christi
2929 3415 3163 3465 corpore
3197 3417 3209 3450 :
3241 3420 3269 3447 «
3302 3403 3429 3453 Hoc
3467 3415 3597 3466 ergo
3631 3411 3824 3463 corpus,

2219 3474 2274 3522 in
2304 3473 2453 3536 quod
2502 3472 2765 3522 inductus
2812 3478 2895 3522 est
2928 3473 3170 3537 Spiritus
3220 3479 3476 3525 sanctus.
3529 3492 3557 3519 »
3599 3474 3828 3523 Justinus

2219 3544 2442 3619 Apolog.
2468 3557 2551 3619 n:
2580 3560 2609 3619 ς(
2637 3542 2915 3619 Spiritum
2967 3557 3096 3619 ergo
3138 3558 3204 3595 ac
3254 3547 3522 3619 virtutem
3570 3544 3667 3594 Dei
3694 3541 3826 3619 uetas

2220 3619 2305 3665 est
2335 3614 2487 3664 aliud
2516 3614 2774 3678 intelligi,
2801 3616 2909 3665 nisi
2949 3615 3202 3676 verbum,
3233 3634 3261 3661 »
3302 3612 3414 3668 etc.
3462 3617 3717 3673 Irenasus,
3744 3612 3825 3661 lib.

2219 3700 2275 3747 ν,
2321 3700 2441 3748 cap.
2489 3687 2535 3745 i,
2580 3690 2873 3750 postquam
2909 3687 3067 3745 dixit,
3116 3705 3144 3732 α
3184 3687 3432 3751 Spiritus
3483 3692 3704 3737 sanctus
3742 3683 3829 3732 de-

2220 3755 2437 3806 scendit
2492 3756 2549 3805 in
2602 3757 2847 3819 Mariam,
2902 3775 2930 3802 »
2978 3758 3161 3807 statim
3212 3758 3489 3821 subjicit:
3530 3777 3557 3804 α
3610 3755 3826 3805 Verbum

2221 3827 2397 3876 Patris
2431 3829 2483 3876 et
2519 3825 2758 3889 Spiritus
2795 3826 2898 3876 Dei
2935 3825 3199 3877 adunitus
3239 3830 3496 3893 antiquae
3533 3823 3829 3877 substantiae

2219 3897 2603 3960 plasmationis
2661 3897 2816 3958 Adae,
2871 3897 3153 3947 viventem
3207 3903 3261 3948 et
3313 3899 3626 3961 perfectum
3670 3895 3830 3945 eti‘ecit

2218 3966 2523 4017 hominem.
2567 3985 2595 4012 »
2644 3968 3035 4029 Tertullianus,
3084 3968 3179 4018 lib.
3232 3969 3297 4017 de
3345 3970 3525 4019 Carne
3560 3965 3759 4021 Christi,
3783 3977 3827 4009 ιι.

2221 4041 2281 4089 18
2310 4055 2322 4088 :
2350 4055 2380 4087 α
2421 4040 2514 4090 Sic
2556 4040 2798 4104 denique
2842 4039 3011 4089 homo
3054 4053 3182 4090 cum
3238 4041 3381 4102 Deo,
3415 4040 3551 4091 dum
3595 4052 3715 4090 caro
3744 4035 3830 4085 ho-

2219 4111 2386 4161 minis
2424 4124 2551 4161 cum
2595 4110 2805 4173 Spiritu
2852 4111 2972 4160 Dei.
3005 4127 3033 4155 λ»
3070 4112 3233 4161 Plura
3278 4113 3411 4163 vide
3459 4111 3607 4176 apud
3647 4108 3832 4160 doctis-

2218 4181 2423 4230 simum
2455 4182 2675 4231 Petrum
2716 4180 3005 4231 Constant.
3041 4182 3386 4232 monachum
3430 4180 3830 4234 Benedictinum

2220 4252 2276 4300 in
2315 4253 2633 4315 praefatione
2676 4252 2744 4301 ad
2773 4267 2937 4316 opera
2982 4255 3159 4303 sancti
3219 4254 3424 4303 Hilarii
3472 4251 3713 4318 episcOpi
3758 4248 3832 4297 Pi-

2222 4323 2521 4384 taviensis,
2577 4323 2608 4385 §
2661 4324 2742 4373 57.
2817 4323 3095 4374 Caeterum
3173 4324 3265 4374 hic
3348 4324 3501 4375 addo
3574 4321 3833 4382 theologos

2219 4393 2584 4445 scholasticos
2643 4394 2923 4457 disputare
2995 4409 3064 4444 an
3122 4394 3368 4458 Spiritus
3453 4400 3679 4446 sanctus
3739 4388 3830 4439 dici

2220 4466 2390 4528 possit
2431 4466 2591 4515 Pater
2622 4466 2755 4516 Jesu
2789 4464 3011 4516 Christi.
3043 4466 3185 4517 Vide
3213 4467 3495 4518 Thomam
3538 4467 3605 4517 de
3647 4468 3832 4526 Argen—

2220 4538 2350 4597 tina,
2404 4536 2499 4586 lib.
2554 4550 2629 4597 iii,
2687 4536 2813 4586 dist.
2865 4540 2913 4597 4,
2971 4542 3070 4587 art.
3122 4543 3167 4587 4.
3225 4540 3445 4590 BALUZ.
3494 4538 3597 4602 (Ct.
3641 4531 3831 4586 Nourrii

2220 4607 2434 4657 observ.
2482 4607 2551 4656 ad
2584 4608 2643 4656 h.
2678 4609 2714 4656 l.
2755 4609 2993 4667 Dissert.,
3026 4614 3154 4658 tom.
3188 4610 3433 4672 prteced.
3470 4614 3526 4661 et
3566 4610 3623 4659 in
3660 4608 3830 4666 Lump.

2221 4678 2349 4727 Hist.
2386 4680 2438 4726 P.
2477 4680 2532 4727 P.
2578 4683 2617 4728 t.
2669 4679 2764 4741 XI,
2795 4693 2849 4743 p.
2886 4680 2975 4729 116
3020 4684 3076 4730 et
3118 4682 3318 4744 seqq).
3349 4708 3415 4716 —
3462 4681 3557 4731 Sic
3606 4692 3635 4729 e
3682 4679 3833 4727 Bene-

2221 4753 2456 4800 ventano
2508 4750 2701 4801 codice
2745 4767 2756 4799 :
2823 4752 3027 4811 caeteri,
3085 4765 3302 4802 carnem
3359 4754 3597 4811 Spiritus
3646 4752 3833 4799 sanctus

2216 4821 2481 4878 induitur,
2521 4836 2648 4885 quae
2705 4824 2749 4870 si
2808 4825 3048 4885 genuina
3103 4823 3384 4887 scriptura
3436 4824 3698 4887 Cypriani
3746 4821 3832 4875 est,

2220 4890 2451 4953 Spiritus
2512 4892 2627 4958 ipse
2700 4892 2856 4953 Λόγος
2907 4894 3243 4957 intelligatur
3302 4899 3547 4958 oportet.
3608 4889 3833 4953 Vulgatis

2217 4962 2486 5011 insertum
2533 4954 2860 5026 cooperante,
2914 4954 3277 5028 quod—abest
3337 4954 3369 5015 ξι
3422 4965 3664 5029 scriptis.
3716 4960 3831 5010 Tres

2221 5033 2465 5093 insignes
2487 5033 2788 5094 delabitur;
2816 5036 2926 5093 alii,
2954 5035 3214 5085 illabitur.
3242 5038 3533 5088 LINDNER.

2282 5104 2381 5165 (70)
2412 5103 2650 5153 Sciebant
2679 5110 2723 5152 et
2752 5105 2944 5153 Judaei.
2978 5106 3086 5155 Ista
3106 5112 3161 5156 et
3188 5121 3319 5170 quae
3342 5110 3663 5171 sequuntur
3686 5103 3834 5151 ferme

2220 5180 2443 5239 sumpta
2469 5179 2600 5224 sunt
2629 5175 2814 5225 omnia
2844 5189 2911 5226 ex
2942 5178 3119 5241 capite
3162 5192 3242 5229 xu
3282 5178 3613 5243 Apotogctici
3639 5171 3833 5225 Tertul-

2219 5246 2371 5295 liani.
2408 5246 2620 5297 BALUZ.

2286 5318 2384 5381 (7i)
2413 5318 2712 5380 Sapientiae.
2751 5318 2811 5367 In
2841 5317 3035 5368 codice
3076 5319 3443 5384 Burgundico
3474 5320 3733 5383 scriptum
3767 5314 3835 5363 cst

2220 5388 2535 5450 insipientia:
2568 5390 2795 5438 caecitate
2819 5388 3049 5437 multati.
3079 5390 3292 5441 Bawz.

2287 5459 2380 5521 (72)
2419 5459 2770 5510 Crediderunt
2793 5460 3049 5509 hominem
3077 5466 3304 5511 tantum.
3333 5461 3614 5523 Rufﬁnus,
3637 5462 3691 5508 in
3714 5454 3833 5507 Paul.

2219 5543 2277 5590 ιι,
2298 5529 2366 5580 de
2390 5529 2612 5580 Christo
2643 5531 2939 5580 adversum
2961 5532 2988 5581 J
2997 5531 3189 5582 udzeos
3205 5547 3216 5580 :
3232 5533 3425 5594 «Quia
3436 5533 3592 5583 hunc
3611 5533 3667 5581 in
3692 5538 3835 5580 carne

2219 5601 2489 5651 humilem
2522 5602 2801 5660 viderunt,
2827 5601 3067 5666 superbo
3099 5603 3266 5653 corde
3307 5609 3364 5653 et
3390 5617 3544 5654 caeco
3573 5607 3833 5662 contemp-

2217 5676 2425 5721 serunt.
2458 5692 2485 5716 »
2516 5672 2654 5722 Item
2692 5674 2748 5722 in
2782 5674 2921 5723 Psul.
2959 5687 3060 5725 xm
3093 5690 3105 5722 :
3147 5692 3176 5722 α
3205 5673 3636 5738 Contempsistis
3673 5670 3834 5721 humi-

2219 5744 2330 5793 lem
2354 5743 2654 5793 adventum
2681 5744 2807 5794 Filii
2830 5746 2949 5795 Dei.
2977 5764 3004 5790 »
3035 5747 3244 5797 BALUZ-

2283 5815 2376 5877 (73)
2436 5815 2650 5878 Syriam
2701 5816 3042 5879 procurabat.
3098 5819 3268 5877 Bene,
3320 5817 3670 5881 procumbat,
3721 5813 3834 5877 (ἰυίει

2222 5887 2449 5937 Tacitus
2502 5886 2765 5938 Pontium
2812 5887 3053 5939 Pilatum
3103 5894 3512 5953 procuratorem
3556 5888 3709 5948 dixit,
3740 5882 3831 5958 lib.
