3998 6194
442 267 543 325 603

1390 269 1446 327 S.
1487 260 1803 327 CYPBlANI
1839 269 2114 325 OPERUM
2151 268 2323 326 PARS
2360 268 2428 324 Il.
2470 295 2539 308 --
2575 268 2940 326 OPUSCULA.
3032 298 3033 301 η
3665 275 3751 333 604

438 393 568 447 lutis
617 395 930 461 auctorem,
975 392 1182 449 coelum
1238 394 1455 466 pariter
1510 400 1568 448 et
1634 396 1861 449 Patrem
1911 412 2065 466 quau
2096 401 2263 483 Atos
2310 394 2520 447 erimus
2561 391 2887 462 Christiani,
2931 391 2978 446 si
3027 389 3317 447 Christum
3362 390 3614 449 fuerimus
3650 397 3753 453 imi~

438 486 693 543 rentibus
714 490 771 541 et
798 486 1162 542 credentibus
1186 488 1563 558 pollicentem.
1588 487 1753 553 Quod
1784 493 1868 542 est
1888 487 2074 544 Chris-

2174 487 2279 541 tati
2300 488 2343 521 δι
2374 487 2506 557 (83).

1814 626 2023 691 νεινὶεὲ
2079 626 2415 690 lectiones.

493 757 532 789 ⁶¹
564 755 754 807 Secuti
785 757 922 806 Pem.
957 757 1092 805 Lam.
1129 756 1245 805 Thu.
1287 756 1411 805 Vict.
1447 755 1566 805 Foss
1611 754 1760 805 Mich.
1788 755 1916 804 Nov.
1949 755 2055 805 ΝΟ.
2089 757 2247 805 Drur.
2281 757 2322 804 t.
2358 756 2560 804 Mearm.
2609 754 2881 804 Vindobon.
2910 753 3069 803 Remb.
3106 752 3318 803 Froben.
3349 754 3557 819 Hernag.
3590 758 3752 809 Lindn.

441 826 618 875 Routh.

1827 887 2177 951 Variorum
2220 894 2414 951 notas.

502 1014 601 1077 (83)
626 1015 686 1064 Si
716 1015 981 1065 Christum
1012 1014 1268 1077 fuerimus
1294 1015 1503 1064 imitati.
1537 1015 1762 1065 Veteres
1802 1014 2075 1066 editiones
2167 1017 2417 1066 Faustini
2447 1031 2458 1064 :
2488 1034 2515 1062 α
2544 1016 2728 1066 Perdit
2757 1017 2906 1066 enim
2938 1016 2992 1064 in
3017 1027 3078 1064 se
3107 1013 3408 1064 Christiani
3435 1015 3656 1064 nominis
3678 1029 3756 1079 ap-

447 1088 500 1133 et
536 1084 720 1146 plures
749 1085 874 1134 libri
896 1090 1107 1135 veteres
1131 1085 1340 1135 habent
1366 1087 1542 1135 secuti.
1569 1086 1748 1135 Aliam
1772 1087 2072 1137 lectionem
2164 1087 2521 1149 pellationem
2559 1088 2656 1151 qui
2687 1085 2892 1137 Christi
2922 1098 3033 1134 non
3078 1085 3333 1148 sequitur
3365 1082 3704 1148 disciplinam.
3731 1102 3756 1134 s

448 1155 635 1203 inveni
666 1156 721 1203 in
744 1156 987 1206 editione
1004 1170 1131 1220 quia
1156 1157 1361 1205 dicitur
1376 1156 1562 1208 Gravii
1585 1161 1637 1206 et
1660 1158 1715 1205 in
1742 1157 1955 1220 aliquot
1978 1170 2072 1208 ve-

449 1227 611 1276 tustis
645 1228 1079 1292 exemplaribus.
1121 1228 1365 1278 Libellus
1406 1241 1634 1292 precum
1673 1227 1979 1279 Marcellini
2015 1231 2069 1277 et

2162 1157 2370 1207 BALUZ.

1302 1541 1527 1666 DE
1638 1539 2919 1669 MORTALITATE

1894 1784 2232 1877 LIBER
2280 1769 2350 1832 (¹)

439 2157 833 2213 ARGUXENTUM.
863 2190 931 2200 ——
961 2163 1159 2217 Paucis
1187 2169 1564 2231 argumentum
1592 2164 1827 2235 explicat
1860 2167 1922 2219 D.
1954 2166 2184 2219 Pontius
2210 2167 2268 2217 in
2305 2166 2432 2219 Vita
2465 2164 2734 2233 Cypriani
2763 2182 2779 2217 :
2810 2184 2837 2213 α
2871 2166 2915 2219 Α
2946 2180 3070 2233 quo,
3098 2165 3299 2233 inquit,
3336 2164 3626 2219 Christiani
3652 2164 3771 2217 mol-

515 2247 668 2301 lioris
696 2250 916 2316 affectus
946 2253 1090 2304 circa
1116 2255 1459 2307 amissionem
1485 2269 1706 2308 suorum
1733 2261 1853 2316 aut,
1886 2255 2032 2323 quod
2057 2255 2234 2323 majus
2260 2261 2358 2321 est,
2386 2254 2515 2323 ﬁdei
2534 2256 2827 2323 parcioris,
2857 2255 3259 2308 consolarentur
3281 2270 3374 2323 spe
3397 2256 3714 2321 futurorum.
3745 2276 3769 2301 »

430 2408 446 2423 ‘
514 2338 579 2389 In
604 2338 797 2406 primis
822 2342 985 2401 enim,
1018 2340 1115 2394 ubi
1132 2342 1424 2410 praedictas
1452 2342 1633 2396 docuit
1656 2343 1974 2411 ejuscemodi
2013 2345 2341 2412 afflictiones
2385 2360 2419 2398 a
2458 2342 2689 2406 Christo,
2732 2359 2842 2397 non
2886 2343 3177 2397 timendam
3216 2343 3369 2397 docet
3412 2343 3771 2396 mortalitatem

513 2445 604 2484 seu
630 2435 850 2499 pestem,
885 2447 942 2486 eo
982 2433 1125 2502 quod
1154 2434 1229 2487 ad
1254 2436 1722 2490 immortalitatem
1755 2435 1936 2500 ducat,
1970 2440 2134 2504 atque
2173 2435 2305 2489 adeo
2338 2434 2497 2503 ﬁdem
2537 2435 2625 2488 illi
2664 2434 2839 2488 deesse
2866 2435 2965 2501 qui
3003 2448 3112 2486 non
3160 2433 3233 2487 ad
3270 2433 3495 2487 meliora
3538 2434 3766 2499 festinat.

512 2522 694 2588 Neque
722 2522 920 2575 mirum
948 2523 1090 2590 quod
1117 2522 1423 2578 Christiano
1461 2538 1581 2578 cum
1610 2524 1900 2591 gentilibus
1927 2526 2040 2578 sint
2067 2524 2214 2578 mala
2243 2524 2407 2591 hujus
2432 2525 2556 2577 vita:
2581 2524 2906 2584 communia,
2938 2538 3054 2575 cum
3078 2523 3205 2591 plus
3230 2524 3436 2576 czteris
3456 2522 3564 2575 illis
3597 2523 3655 2574 in
3684 2535 3771 2574 sw-

512 2609 630 2664 culo
658 2612 729 2663 sit
755 2610 1111 2666 laborandum
1142 2631 1158 2666 :
1187 2618 1350 2682 atque
1374 2614 1608 2683 proinde
1644 2615 1883 2684 exemplo
1917 2619 2227 2669 sanctorum
2255 2615 2351 2667 Job
2391 2619 2441 2667 et
2481 2613 2673 2674 Tobiae,
2702 2615 2971 2682 patientia
3006 2627 3139 2682 Opus
3182 2628 3313 2673 esse,
3341 2627 3512 2681 neque
3549 2626 3767 2665 murmu-

521 2700 777 2753 randum.
807 2702 930 2756 Nisi
951 2704 1091 2755 enim
1115 2706 1442 2771 praecesserit
1465 2718 1678 2772 pugna,
1708 2719 1817 2757 non
1836 2719 1990 2773 posse
2014 2705 2296 2758 victoriam
2321 2705 2646 2771 contingere,
2677 2708 2728 2757 et
2755 2703 3101 2771 quantumvis
3130 2698 3325 2773 583
3359 2702 3532 2755 morbi
3567 2715 3773 2754 commu-

513 2804 607 2842 nes
634 2794 745 2843 sint
770 2790 1066 2845 virtutibus
1090 2793 1363 2861 vitiisque,
1391 2798 1615 2846 mortem
1639 2799 1818 2847 tamen
1844 2809 2171 2848 communem
2203 2809 2309 2847 non
2334 2808 2472 2857 esse;
2503 2792 2576 2847 ad
2601 2794 2951 2861 refrigerium
2972 2794 3114 2846 enim
3138 2792 3335 2860 justas,
3365 2790 3439 2844 ad
3469 2790 3773 2858 supplicium

511 2881 642 2948 rapi
670 2879 919 2946 injustas.
948 2880 1155 2935 Deinde
1184 2882 1472 2950 objectioni
1504 2885 1680 2937 tacitae
1717 2884 1863 2953 quod
1886 2899 1989 2954 per
2029 2885 2169 2937 hanc
2208 2884 2598 2936 mortalitatem
2631 2884 2988 2951 privarentur
3028 2883 3313 2949 martyrio,
3353 2880 3654 2949 respondet,
3680 2894 3771 2930 non

511 2983 617 3022 esse
648 2970 708 3021 in
732 2974 914 3021 nostra
933 2973 1200 3036 potestate
1229 2972 1572 3037 martyrium.
1601 2976 1651 3024 et
1678 2972 1760 3025 vel
1785 2974 2033 3026 animum
2066 2971 2141 3025 ad
2171 2973 2499 3039 martyrium
2526 2975 2835 3039 promptum
2872 2972 2978 3022 Deo
3002 2968 3191 3036 judice
3226 2970 3497 3021 coronari.
3528 2970 3772 3022 Postremo

507 3071 613 3110 non
639 3059 721 3110 ita
750 3056 1007 3124 lugendos
1037 3058 1187 3112 docet
1214 3063 1447 3113 mortuos
1474 3064 1533 3113 ut
1554 3061 1842 3127 gentilibus
1865 3061 2121 3114 seandalo
2152 3063 2339 3126 simus,
2374 3065 2637 3128 tanquam
2676 3075 2766 3128 spe
2807 3059 3206 3113 resurrectionis
3245 3071 3545 3111 careamus.
3574 3057 3706 3122 Quin
3736 3054 3776 3107 si

508 3152 557 3199 et
585 3152 778 3200 nostrze
807 3149 1177 3201 accersitionis
1206 3150 1320 3201 dies
1355 3152 1579 3215 venerit,
1614 3150 1826 3204 lubente
1854 3154 2036 3203 animo
2061 3152 2133 3205 ad
2174 3152 2461 3204 Dominum
2490 3150 2613 3203 hinc
2648 3149 3045 3218 cmigrandam,
3077 3149 3379 3216 praesertim
3414 3161 3534 3199 cum
3576 3144 3646 3197 ad
3682 3160 3771 3212 pa-

514 3235 677 3287 trium
715 3237 1159 3303 transmigrumus
1189 3250 1203 3285 :
1234 3237 1327 3289 ubi
1355 3252 1446 3290 nos
1485 3253 1710 3306 magnus
1751 3239 2034 3292 charbrum
2066 3254 2324 3293 numerus
2354 3242 2646 3306 exspectat,
2685 3239 2944 3307 frequens
2973 3242 3022 3290 et
3058 3238 3267 3304 capiosa
3309 3233 3471 3287 turba
3505 3231 3774 3290 desiderat,

496 3321 616 3389 jam
644 3322 712 3376 de
739 3336 841 3375 sua
871 3323 1276 3378 immortalitate
1321 3340 1530 3387 secura,
1562 3332 1612 3380 et
1650 3327 1827 3380 adhuc
1865 3328 1930 3380 de
1966 3332 2151 3381 nostra
2188 3328 2364 3381 salute
2399 3327 2652 3380 sollicita.
2684 3326 2833 3378 Facit
2871 3328 3053 3376 autem
3092 3324 3419 3375 occasionem
3454 3334 3561 3388 qua
3597 3318 3775 3370 librum

510 3410 655 3463 hunc
683 3412 899 3479 scripsit
926 3413 1245 3467 mentionem
1271 3414 1529 3469 Eusebius
1564 3417 1620 3468 in
1659 3415 1916 3470 Chronico
1946 3434 1958 3471 :
1996 3436 2022 3467 (ι
2056 3418 2317 3471 Pestilens
2351 3416 2590 3476 morbus,
2622 3416 2824 3483 inquit,
2861 3414 3025 3467 totius
3057 3412 3203 3465 orbis
3247 3410 3450 3463 multas
3494 3406 3774 3477 provincias

507 3501 811 3569 occupavit,
837 3501 1179 3570 maximeque
1198 3503 1593 3558 Alexandriam
1622 3509 1673 3559 et
1701 3506 2014 3575 Egyptum,
2047 3512 2109 3560 ut
2133 3506 2323 3560 scribit
2347 3505 2664 3572 Dionysius,
2694 3508 2745 3557 et
2770 3503 3033 3572 Cypriani
3061 3501 3141 3554 de.
3160 3500 3500 3554 Mortalitate
3535 3497 3671 3551 testis
3711 3501 3776 3549 est

508 3588 664 3642 liber.
695 3610 722 3637 n

503 3706 840 3777 LEtsiapud
858 3707 1129 3777 plurimos
1156 3710 1648 3781 vestrum,fratres
1684 3711 2135 3802 dilectissimi;B
2159 3711 2324 3783 plebe
2368 3711 2646 3783 quosdam
2698 3709 2786 3764 vel
2836 3708 3236 3763 imbecillitate
3282 3705 3486 3771 animi,
3530 3702 3613 3802 vel
3661 3699 3774 3755 ﬁdei

431 3818 595 3856 mens
620 3800 798 3855 solida
820 3803 906 3855 est
931 3804 987 3855 et
1014 3801 1149 3856 ﬁdes
1178 3803 1338 3857 ﬁrma
1362 3810 1420 3859 et
1449 3805 1644 3859 anima
1679 3806 1896 3873 devota,
1929 3822 2057 3877 quas

430 3895 502 3949 ad
534 3896 829 3965 praesentis
871 3895 1233 3950 mortalitatis
1264 3896 1336 3967 (2)
1381 3898 1603 3969 copiam
1631 3916 1747 3954 non
1777 3906 2054 3968 movetur,

429 3989 527 4043 sed
565 3995 840 4060 tauquam
880 3994 1038 4060 petra
1076 3988 1237 4043 fortis
1279 3996 1333 4044 et
1382 3991 1602 4045 stabilis
1643 3992 1899 4047 turbidos
1940 3993 2056 4047 im-

426 4086 592 4153 petus
623 4081 822 4136 mundi
854 4087 909 4137 et
946 4082 1221 4137 violentos
1265 4084 1451 4138 saeculi
1492 4086 1695 4140 ﬂuctus
1721 4086 1933 4159 frangit
1960 4102 2058 4157 po-

425 4175 537 4229 tius
585 4176 704 4246 ipsa
753 4192 857 4228 nec
902 4175 1210 4246 frangitur,
1254 4179 1312 4230 et
1350 4179 1763 4233 tentationibus
1794 4197 1907 4235 non
1933 4181 2055 4234 vin-

428 4268 591 4336 citur,
634 4268 733 4323 scd
790 4267 1079 4339 probatur,
1126 4275 1317 4325 tamen
1369 4270 1500 4342 quia
1547 4272 1943 4328 animadverto
1995 4274 2055 4328 in

2159 3805 2454 3877 parvitate,
2499 3805 2583 3858 vel
2632 3803 2937 3857 dulcedine
2981 3801 3265 3855 saecularis
3315 3800 3466 3866 vitae,
3511 3798 3598 3851 vel
3626 3809 3772 3849 sexus

2158 3899 2415 3964 mollitie,
2462 3899 2568 3966 vel,
2611 3896 2761 3968 quod
2793 3896 2974 3966 majus
3020 3900 3123 3960 est,
3158 3893 3412 3948 veritatis
3461 3906 3648 3946 errore
3680 3886 3773 3941 mi-

2158 4010 2265 4047 nus
2305 3999 2457 4047 stare
2488 3991 2716 4047 fortiter
2761 4006 2865 4045 nec
2897 3988 3142 4061 pectoris
3183 3988 3272 4042 sui
3322 3986 3587 4041 divinum
3614 3984 3767 4052 atque

2158 4088 2428 4140 invictum
2459 4086 2529 4155 (3)
2578 4084 2753 4139 robur
2777 4099 3070 4148 exercere,
3111 4080 3532 4136 dissimulanda
3560 4094 3646 4132 res
3670 4090 3772 4129 non

2157 4180 2263 4234 fuit
2310 4196 2415 4233 nec
2457 4178 2697 4233 tacenda
2743 4194 2855 4248 quo
2902 4176 3095 4230 minus
3120 4178 3405 4246 quantum
3459 4178 3647 4227 nostra
3674 4184 3773 4221 me-

2159 4273 2425 4328 diocritas
2451 4272 2656 4327 sufﬁcit
2685 4271 2783 4343 (4),
2807 4269 2998 4342 vigore
3017 4270 3187 4341 pleno
3209 4274 3265 4324 et
3285 4283 3556 4322 sermone
3584 4265 3649 4319 de
3676 4265 3771 4317 llo-

1727 4400 1950 4481 Steph.
1999 4399 2242 4463 Baluzii
2288 4403 2481 4461 notae.

493 4550 556 4612 (ι)
584 4549 767 4613 Hujus
810 4549 937 4600 libri
981 4562 1111 4600 cum
1154 4549 1320 4601 laude
1364 4551 1701 4603 mentionem
1745 4565 1893 4616 saepe
1931 4526 2135 4603 facile
2161 4551 2532 4615 pestilentiam
2594 4549 2871 4600 Eusebius
2926 4549 3081 4612 ponit
3157 4550 3281 4610 post
3335 4547 3572 4616 mortem
3631 4549 3770 4604 papta

428 4625 656 4672 sanctus
710 4621 1076 4685 Augustinus.
1133 4622 1188 4671 in
1241 4622 1434 4685 primis
1493 4637 1626 4673 vero
1684 4626 1738 4673 in
1791 4624 1932 4674 libro
1990 4625 2053 4675 dc

429 4694 898 4742 Praedeslinationc
951 4698 1286 4748 sanctorum.
1336 4706 1385 4743 c.
1441 4696 1529 4755 tt,
1578 4696 1836 4758 inquiens
1899 4696 2058 4745 illum

427 4765 619 4813 multis
667 4777 731 4813 ac
778 4777 918 4827 pene
966 4764 1227 4813 omnibus
1264 4765 1359 4828 qui
1402 4765 1810 4815 ecclesiasticas
1852 4766 2059 4815 litteras

428 4840 616 4884 amant
655 4834 1009 4885 laudabiliter
1036 4840 1248 4884 notum.
1280 4836 1429 4886 Idem
1468 4837 1523 4884 in
1567 4836 1813 4899 Epistola
1858 4836 1928 4885 ad
1978 4836 2059 4885 Vi-

431 4906 586 4955 talem
625 4907 701 4955 ait
744 4905 1007 4968 Cypriani
1045 4906 1101 4954 in
1145 4906 1251 4955 hoc
1298 4906 1423 4956 loco
1474 4910 1643 4956 totam
1688 4908 2057 4957 intentionem

429 4989 551 5026 esse
600 4980 661 5026 ut
707 4977 950 5026 sciamus
996 4976 1159 5025 bonis
1191 4975 1450 5026 ﬁdelibus
1499 4976 1891 5042 gratulandum
1937 4990 2057 5028 esse

427 5049 810 5111 morientibus,
841 5048 1064 5113 quando
1095 5049 1222 5098 vitae
1254 5049 1650 5098 tentationibus
1698 5051 2049 5110 auferuntur,

426 5118 690 5181 deinceps
743 5120 798 5168 in
850 5119 1166 5169 beatissima
1227 5121 1522 5169 securitate
1581 5122 1845 5169 mansuri.
1894 5120 2057 5185 Ejus-

427 5190 555 5240 dem
601 5191 723 5240 libri
756 5193 1011 5241 meminit
1052 5191 1350 5252 Eusebius,
1380 5192 1434 5239 in
1486 5192 1735 5241 Chronico
1761 5209 1779 5242 :
1810 5209 1836 5238 α
1883 5194 2057 5242 Pesti-

427 5261 547 5311 lens
582 5262 826 5324 morbus,
855 5262 1053 5326 inquit,
1086 5262 1290 5311 multas
1333 5263 1504 5311 totius
1543 5263 1693 5312 orbis
1737 5265 2057 5326 provincias

426 5333 751 5395 occupavit,
798 5336 1153 5397 maximeque
1204 5333 1598 5383 Alexandriam
1655 5337 1709 5383 et
1756 5335 2055 5398 Egyptum

424 5407 487 5451 ut
538 5402 727 5452 scribit
782 5404 1115 5467 Dionysius,
1169 5409 1223 5453 et
1277 5404 1541 5467 Cypriani
1604 5403 1671 5454 de
1727 5405 2055 5457 Mortalitate

428 5474 582 5523 testis
617 5478 700 5524 est
726 5474 879 5525 liber.
911 5495 936 5520 »
978 5476 1084 5525 Ubi
1130 5474 1256 5524 vide
1291 5479 1451 5524 notas
1493 5474 1725 5538 Josephi
1770 5475 2051 5539 Scaligeri.

428 5545 637 5595 Eadem
682 5545 849 5595 habet
896 5547 1059 5597 etiam
1112 5546 1425 5596 Jornandes
1477 5548 1530 5594 in
1591 5546 1731 5595 libro
1783 5546 1843 5595 de
1902 5545 2055 5595 rebus

429 5618 639 5673 Geticis,
668 5619 764 5668 ubi
806 5618 999 5670 scribit
1035 5619 1182 5669 hanc
1225 5618 1438 5669 cladem
1492 5619 1924 5682 lacrymabiliter
1964 5632 2056 5669 ex-

428 5690 662 5751 positam
692 5704 721 5739 a
755 5690 1042 5753 Dionysio,
1070 5710 1097 5737 «
1134 5705 1300 5755 quam
1340 5696 1396 5740 et
1434 5696 1639 5751 noster,
1682 5690 1883 5753 inquit,
1926 5703 2054 5739 con-

427 5761 647 5823 soripsit
679 5762 1005 5812 venerabilis
1035 5767 1244 5826 martyr
1274 5762 1479 5813 Christi
1503 5762 1800 5825 episcopus
1822 5760 2055 5825 Cypria-

427 5844 533 5882 nus
582 5832 637 5882 in
672 5832 812 5885 libro
856 5834 948 5887 cui
992 5834 1191 5885 titulus
1237 5837 1323 5888 est
1367 5835 1429 5886 de
1479 5832 1817 5887 Mortalitale.
1856 5850 1883 5879 »
1912 5830 2050 5885 Eam

2159 4623 2421 4682 Cornelii,
2458 4622 2736 4679 Petavius,
2778 4619 2873 4669 lib.
2922 4631 3021 4668 xm
3066 4618 3130 4690 de
3181 4615 3429 4690 Doctrina
3479 4621 3769 4690 temporum.

2159 4707 2304 4744 anno
2364 4681 2663 4757 superiore.
2710 4690 2778 4740 Et
2830 4695 3014 4739 tamen
3068 4687 3504 4751 Christophorus
3547 4681 3769 4757 sandius

2158 4765 2311 4814 hunc
2336 4755 2597 4828 Cypriani
2622 4765 2917 4834 tractatum
2950 4760 3165 4834 reponit
3198 4760 3342 4834 inter
3380 4770 3479 4807 eos
3526 4755 3771 4834 quius‘upf

2158 4836 2318 4900 positi
2377 4822 2507 4885 sunt
2558 4838 2751 4883 sancto
2819 4822 3043 4894 Martyri
3116 4830 3353 4893 Egregie
3385 4839 3597 4900 _rvero_
3628 4822 3770 4899 illum

2158 4896 2358 4955 refutat
2386 4906 2731 4955 clarissimus
2762 4902 3094 4953 Pearsonius
3120 4902 3174 4949 in
3212 4898 3517 4950 Annalibus
3562 4896 3770 4956 Cypria-

2156 4979 2306 5027 nicis.
2359 4978 2537 5026 Nimia
2598 4976 2824 5025 miseria
2880 4978 2962 5024 est
3009 4971 3279 5023 audacem
3333 4982 3456 5020 esse
3506 4965 3768 5017 hominem

2157 5063 2344 5098 nurus.

2220 5121 2285 5183 (ἑ)
2364 5119 2639 5169 Praesentis
2713 5116 3071 5166 mortalitatis.
3153 5112 3434 5164 Describit
3508 5108 3768 5183 eleganter

2158 5174 2303 5241 hanc
2354 5191 2612 5239 miseram
2649 5186 2863 5238 cladem
2911 5186 3141 5236 Pontius
3188 5184 3243 5233 in
3289 5183 3414 5232 Vita
3457 5179 3630 5230 sancti
3676 5174 3769 5237 Cy-

2197 5275 2351 5311 riam.

2157 5277 2585 5393 Prlginlnvictam.
2618 5330 2742 5379 Duo
2771 5326 2896 5377 libri
2928 5331 3143 5377 veteres
3168 5326 3552 5388 incorruptum.

2222 5404 2287 5464 (4)
2333 5400 2554 5465 Sufﬁcit.
2606 5401 2700 5451 Sic
2752 5398 3112 5449 scribendum
3157 5409 3278 5447 esse
3326 5394 3620 5467 arbitratus
3662 5400 3767 5467 sum

2156 5463 2382 5539 prepter
2410 5463 2810 5522 auctoritatem
2850 5469 3061 5521 codicis
3099 5468 3436 5519 Veronensis
3473 5469 3528 5514 et
3557 5463 3767 5539 §eguie-

2157 5534 2317 5604 riani,
2371 5547 2427 5593 et
2467 5544 2597 5606 quia
2654 5543 2847 5592 eadem
2894 5541 3055 5591 lectio
3101 5539 3373 5604 reperitur
3426 5539 3482 5587 in
3534 5534 3658 5606 aliis
3698 5534 3771 5577 vi-

2155 5616 2291 5681 ginti
2340 5604 2501 5664 libris
2549 5615 2750 5665 nostris
2801 5616 2857 5665 et
2903 5615 2957 5663 in
3008 5612 3199 5663 decem
3245 5609 3589 5681 Anglicanis.
3618 5604 3765 5681 vetet

2154 5672 2243 5737 res
2309 5685 2584 5737 editiones
2649 5690 2703 5737 et
2776 5686 3028 5751 quinque
3092 5684 3218 5735 libri
3288 5686 3506 5734 veteres
3576 5672 3766 5725 habent

2154 5762 2333 5823 potest.
