3998 6194
235 284 323 337 603
1454 277 1650 333 LIBER
1690 277 1777 333 DE
1817 275 2308 333 MORTALITATE.

3463 271 3564 326 606

231 405 417 461 minica
440 403 674 459 lectione
701 405 971 475 concepto
1001 401 1252 458 delicatae
1271 401 1478 457 mentis
1506 401 1580 473 (5)
1615 401 1834 472 ignavia
1856 417 1910 489 Β
2006 402 2091 456 lll.
2123 399 2412 470 Scriptum
2438 400 2524 453 est
2563 397 2716 453 enim
2759 398 2979 469 justum
3006 397 3119 453 ﬁde
3149 395 3335 453 vivere
3369 397 3565 466 (Rom.,

228 498 637 570 comprimatur,
671 503 725 552 et
772 498 871 569 qui
900 498 1074 552 homo
1107 497 1205 559 Dei
1251 499 1307 552 et
1330 496 1539 553 Christi
1568 511 1688 550 esse
1709 496 1834 567 jam

225 592 398 663 coepit,
434 593 545 646 Deo
575 596 630 646 et
661 592 883 647 Christo
914 592 1125 663 dignus
1156 590 1450 645 habeatur.

288 683 346 735 ll.
393 684 717 751 Agnoscere
762 681 914 735 enim
964 696 1021 734 se
1079 679 1268 749 debet,
1327 680 1531 734 fratres
1590 678 1832 733 dilectis-

224 774 358 844 simi,
384 772 574 847 584
608 773 704 845 qui
741 776 852 829 Deo
877 773 1104 842 militat,
1136 773 1234 845 qui
1268 774 1481 844 positus
1506 773 1565 828 in
1594 773 1831 828 caelesti-

220 869 315 923 bus
355 869 549 923 castris
593 868 843 923 divinam
865 868 991 939 jam
1024 870 1216 940 sperat
1240 868 1336 938 (6),
1365 872 1429 922 ut
1458 866 1530 922 ad
1559 867 1836 938 procellas

219 968 271 1018 et
306 962 559 1017 turbines
606 963 804 1016 mundi
852 961 1151 1032 trepidatio
1210 961 1362 1016 nulla
1409 961 1481 1016 sit
1536 961 1593 1015 in
1648 961 1831 1028 nobis,

218 1056 358 1111 nulla
390 1055 637 1111 turbatio
674 1055 772 1127 (7),
803 1056 1033 1127 quando
1082 1055 1205 1110 haec
1234 1058 1477 1109 ventura
1508 1054 1837 1125 praedixerit

218 1150 479 1205 Dominus
503 1150 756 1221 provide
783 1150 935 1203 vocis
966 1149 1195 1203 hortatu
1226 1148 1515 1202 instruens
1541 1152 1597 1202 et
1627 1148 1836 1202 docens

216 1251 264 1297 et
302 1260 626 1314 praeparans
658 1253 828 1314 atque
871 1242 1249 1297 corroborans
1290 1241 1549 1298 Ecclesiae
1595 1259 1711 1297 suae
1739 1259 1837 1313 po-

216 1334 402 1404 pulum
430 1333 502 1387 ad
542 1349 773 1388 omnem
802 1333 1165 1388 tolerantiam
1196 1333 1526 1388 futurorum
1558 1334 1656 1403 (8),
1688 1333 1838 1389 bella

216 1432 264 1480 et
304 1427 485 1481 fames
529 1433 586 1481 et
626 1431 792 1482 terra:
838 1430 1024 1481 motus
1068 1432 1126 1481 et
1182 1428 1534 1497 pestilentias
1587 1444 1690 1500 per
1713 1429 1838 1483 loca

213 1520 429 1591 singula
460 1536 767 1591 exsurgere
812 1520 1222 1591 prtenuntiavit
1268 1525 1324 1575 et
1368 1522 1574 1576 cecinit
1632 1522 1726 1593 (9).
1772 1523 1839 1577 Et

216 1630 281 1668 ne
323 1613 654 1685 inopinatus
708 1630 810 1668 nos
860 1620 925 1669 ‘et
968 1630 1145 1668 novus
1196 1631 1392 1669 rerum
1442 1615 1838 1670 infestantium

214 1707 384 1757 metus
412 1708 698 1774 quateret,
727 1704 914 1775 magis
941 1719 1004 1758 ac
1032 1703 1216 1775 magis
1240 1704 1300 1759 in
1328 1704 1656 1760 novissimis
1692 1711 1835 1760 tem-

1935 512 1973 561 ι,
2008 494 2114 565 17).
2163 494 2222 548 Si
2254 493 2442 564 justus
2485 508 2562 562 es,
2601 495 2659 546 et
2706 492 2814 546 ﬁde
2845 492 3002 561 vivis,
3034 492 3079 546 si
3126 508 3255 547 vere
3284 491 3343 545 in
3376 489 3568 547 Chris-

1936 591 2056 642 tum
2103 587 2303 655 credis,
2350 602 2452 641 cur
2499 602 2617 640 non
2658 602 2786 640 cum
2830 586 3052 641 Christo
3100 586 3330 639 futurus
3386 588 3441 638 et
3496 582 3567 637 de

1935 680 2161 735 Domini
2209 679 2623 751 pollicitatione
2674 695 2903 733 securus
2946 678 3099 749 quod
3154 679 3228 733 ad
3269 676 3562 734 Christum

1935 774 2153 829 voceris
2179 773 2558 844 amplecteris,
2589 777 2645 828 et
2671 773 2821 844 quod
2842 772 3065 826 diabolo
3093 788 3281 826 careas
3311 771 3563 843 gratula—

1934 869 2013 922 ris
2031 868 2058 922 ?
2088 868 2316 923 Simeon
2343 866 2592 938 denique
2614 866 2709 920 ille
2728 866 2937 937 justus,
2966 865 3064 936 qui
3084 880 3213 920 vere
3228 866 3416 936 justus
3432 863 3565 931 fuit,

1937 962 2035 1033 qui
2052 960 2163 1016 ﬁde
2184 962 2353 1032 plena
2367 960 2468 1015 Dei
2489 965 2773 1032 prmcepta
2787 958 3045 1025 servavit,
3069 959 3207 1012 dum
3230 958 3281 1012 ei
3302 958 3567 1012 divinitus

1935 1071 2271 1126 responsum
2297 1054 2494 1109 fuisset
2525 1054 2682 1126 quod
2732 1070 2844 1107 non
2878 1055 3012 1107 ante
3041 1054 3363 1106 moreretur
3393 1039 3566 1121 quam

1933 1149 2219 1204 Christum
2264 1148 2515 1218 vidisset,
2557 1152 2614 1202 et
2654 1148 2907 1202 Christus
2949 1145 3139 1200 infans
3188 1146 3244 1199 in
3289 1144 3566 1214 templum

1936 1258 2065 1297 cum
2096 1244 2275 1297 matre
2310 1241 2579 1309 venisset,
2613 1240 2845 1312 agnovit
2882 1241 2942 1294 in
2969 1239 3184 1311 Spiritu
3215 1240 3418 1292 natum
3448 1252 3568 1291 esse

1930 1336 2055 1408 jam
2084 1334 2273 1408 585
2303 1335 2608 1404 Christum,
2649 1337 2718 1390 de
2751 1351 2862 1406 quo
2896 1334 3001 1388 sibi
3032 1334 3220 1388 fuerat
3247 1337 3381 1387 ante
3420 1347 3479 1401 p1
3493 1347 3565 1384 a2—

1938 1429 2195 1498 dictum;
2237 1445 2350 1500 quo
2390 1429 2536 1497 viso,
2590 1429 2745 1484 scivit
2802 1445 2860 1483 se
2903 1428 3014 1482 cito
3040 1443 3160 1481 esse
3202 1425 3565 1481 moriturum.

1938 1524 2120 1578 Laetus
2143 1523 2338 1594 itaque
2366 1522 2437 1578 de
2480 1525 2666 1577 morte
2698 1523 2824 1593 jam
2874 1521 3161 1593 proxima,
3192 1525 3249 1575 et
3286 1519 3357 1573 de
3384 1517 3569 1573 vicina

1936 1616 2305 1672 accersitione
2340 1632 2590 1685 securus,
2630 1617 2849 1688 accepit
2876 1616 2934 1670 in
2980 1632 3186 1669 manus
3214 1628 3481 1684 puerum,
3511 1614 3570 1666 et

1937 1709 2282 1765 benedicens
2328 1710 2636 1764 Dominum
2682 1709 3016 1764 exclamavit
3055 1711 3113 1763 et
3149 1707 3295 1761 dixit
3343 1725 3354 1760 :
3404 1708 3566 1761 Nunc

212 1796 434 1866 poribus
523 1797 757 1852 adversa
812 1797 1171 1852 crebrescere
1244 1802 1378 1854 ante
1462 1791 2168 1869 prmmonuiLBdimittis
2221 1819 2431 1859 servum
2479 1808 2650 1865 tuum,
2693 1806 2947 1869 Domine,
2996 1803 3291 1857 secundum
3343 1799 3565 1855 verbum

212 1889 366 1944 Fiunt
415 1905 554 1944 ecce
605 1906 734 1962 quae
775 1891 925 1945 dicta
950 1894 1120 1957 sunt;
1173 1895 1231 1946 et
1256 1892 1486 1964 quando
1531 1893 1679 1947 ﬁunt
1704 1909 1833 1965 quas

208 1987 325 2038 ante
350 1984 626 2055 praedicta
670 1988 821 2053 sunt,
849 1987 1163 2056 sequentur
1193 1989 1252 2039 et
1280 2002 1662 2058 quacumque
1693 2003 1830 2058 pro-

212 2077 370 2132 missa
411 2083 573 2143 sunt,
620 2077 862 2132 Domino
923 2078 1043 2149 ipso
1092 2079 1391 2149 pollicente
1437 2084 1495 2135 et
1538 2081 1765 2135 dicente
1816 2098 1829 2136 :

213 2171 335 2227 Cum
376 2177 567 2227 autem
601 2159 851 2227 videritis
896 2172 1006 2226 haec
1048 2175 1228 2227 omnia
1274 2176 1411 2243 ﬁeri,
1460 2176 1645 2230 scitote
1695 2191 1831 2246 quo-

212 2270 349 2321 niam
399 2269 461 2320 in
506 2268 762 2337 promimo
813 2270 891 2320 est
934 2282 1160 2335 regnum
1208 2269 1304 2322 Dei
1347 2268 1522 2338 (Luc.,
1568 2286 1674 2332 xv1,
1722 2270 1829 2339 31).

215 2361 470 2430 Regnum
509 2360 637 2424 Dei,
686 2360 886 2415 fratres
930 2360 1043 2431 (10)
1086 2360 1463 2432 dilectissimi,
1514 2380 1638 2418 esse
1664 2364 1836 2434 cmpit

214 2453 262 2506 in
312 2454 599 2525 proximo.
654 2455 961 2508 Praemium
1013 2455 1140 2509 vita:
1192 2460 1247 2510 et
1308 2455 1581 2525 gaudium
1637 2458 1834 2511 salutis

211 2549 452 2613 aeternae,
486 2553 550 2602 et
578 2551 857 2618 perpetua
886 2548 1227 2615 securitas‘,
1271 2554 1329 2603 et
1358 2551 1637 2619 possessio
1666 2568 1831 2620 para-

214 2637 308 2693 disi
337 2656 528 2712 nuper
548 2641 781 2708 amissa,
812 2642 1026 2696 mundo
1071 2646 1403 2696 transeunte
1415 2643 1536 2712 jam
1560 2645 1832 2712 veniunt;

207 2734 316 2803 jam
361 2733 611 2789 terrenis
655 2736 899 2790 coelestia
943 2739 1001 2789 et
1048 2751 1257 2806 magna
1308 2737 1497 2806 parvis
1519 2741 1578 2791 et
1610 2737 1835 2793 caducis

210 2831 409 2882 aeterna
450 2828 769 2883 succedunt
832 2828 969 2892 Quis
1001 2828 1090 2882 hic
1133 2829 1436 2884 anxietatis
1467 2832 1524 2884 et
1565 2830 1835 2885 sollicitu-

211 2921 344 2974 dinis
369 2923 531 2976 locus
559 2926 645 2975 est
670 2922 698 2975 ‘?
732 2921 868 2986 Quis
898 2922 1050 2975 inter
1075 2922 1197 2975 hac
1227 2922 1481 2993 trepidus
1509 2926 1565 2977 et
1605 2930 1835 2979 Incestus

214 3019 307 3081 est,
338 3015 446 3069 nisi
472 3016 568 3069 cui
598 3032 727 3087 spes
757 3025 812 3069 et
830 3016 971 3069 tides
996 3016 1204 3069 deest?
1232 3016 1365 3086 Ejus
1391 3022 1472 3071 est
1500 3017 1654 3072 enim
1686 3035 1834 3073 mor-

1937 1902 2089 1953 tuum
2127 1899 2185 1952 in
2221 1913 2374 1968 pace,
2421 1900 2683 1967 quoniam
2725 1898 2984 1952 vide-runt
3014 1897 3160 1951 oculi
3184 1896 3290 1950 mei
3324 1894 3569 1949 salutafe

1934 1996 2088 2046 tuum
2118 1992 2286 2059 (Luc.,
2328 2008 2386 2053 ll,
2428 1994 2517 2058 29,
2555 1992 2646 2062 30)
2665 2009 2681 2060 ;
2712 1990 2959 2062 probans
2986 1990 3199 2045 scilicet
3224 1991 3399 2059 atque
3430 2001 3565 2040 con-

1933 2088 2147 2140 testans
2191 2087 2324 2139 tunc
2369 2101 2489 2140 esse
2533 2085 2707 2139 servis
2746 2084 2846 2139 Dei
2888 2100 3104 2155 pacem,
3136 2089 3272 2138 tunc
3298 2080 3566 2145 liberam,

1934 2184 2071 2235 tunc
2087 2178 2445 2251 tranquillam
2463 2179 2737 2250 quietem,
2758 2178 3007 2249 quando,
3025 2176 3095 2232 de
3112 2176 3230 2231 istis
3246 2174 3445 2230 mundi
3460 2176 3577 2227 tur-

1933 2272 2165 2327 binibus
2190 2274 2449 2340 extracti,
2472 2272 2623 2328 sedis
2654 2278 2712 2327 et
2740 2271 3062 2327 securitatis
3082 2272 3311 2324 aeternas
3332 2270 3569 2339 portum

1934 2366 2199 2437 petimus,
2245 2367 2479 2438 quando
2516 2369 2803 2437 expuncta
2850 2365 2960 2436 (l2)
2995 2365 3098 2419 hac
3143 2367 3326 2418 morte
3364 2361 3437 2416 ad
3459 2361 3567 2414 im-

1933 2460 2334 2515 mortalitatem
2364 2460 2647 2515 venimus.
2684 2459 2781 2513 llla
2801 2463 2886 2513 est
2916 2458 3070 2513 enim
3104 2473 3239 2511 vera
3260 2458 3281 2491 ³
3316 2472 3444 2527 pax,
3475 2454 3572 2508 illa

1933 2553 2045 2607 tida
2086 2554 2495 2625 tranquillitas,
2544 2554 2638 2608 illa
2683 2552 2900 2607 stabilis
2926 2556 2983 2606 et
3014 2552 3178 2606 ﬁrma
3207 2556 3264 2605 et
3294 2552 3573 2621 perpetua

1936 2647 2236 2702 securitas.

2012 2742 2093 2795 IV.
2171 2743 2490 2809 Caeterum,
2562 2740 2699 2811 quid
2768 2739 2921 2793 aliud
2984 2738 3043 2792 in
3114 2737 3328 2792 mundo
3395 2750 3571 2807 quam

1935 2851 2133 2906 pugna
2172 2835 2441 2889 adversus
2484 2833 2772 2888 diabolum
2804 2831 3062 2904 quotidie
3109 2831 3347 2901 geritur,
3397 2844 3573 2900 quam

1933 2928 2209 2982 adversus
2239 2929 2429 2998 jacula
2461 2928 2582 2999 ejus
2631 2933 2687 2981 et
2735 2928 2847 2981 tela
2892 2924 3407 2981 conﬂictationibus
3436 2921 3570 2975 assi-

1934 3021 2059 3076 duis
2118 3021 2477 3076 dimicatur?
2538 3023 2679 3077 Cum
2731 3021 2969 3075 avaritia
3011 3022 3119 3090 (13)
3174 3018 3355 3085 nobis,
3430 3032 3566 3069 cum

214 3114 316 3161 tem
350 3109 563 3163 timere
601 3109 699 3181 qui
729 3109 800 3162 ad
852 3108 1137 3163 Christum
1173 3110 1313 3164 nolit
1355 3109 1459 3165 ire.
1491 3111 1626 3180 Ejus
1652 3116 1737 3166 est
1762 3112 1834 3166 ad
1859 3160 1909 3186 η
1936 3115 2313 3186 impudicitia,
2385 3132 2515 3170 cum
2584 3115 2686 3181 ira,
2719 3131 2848 3169 cum
2916 3113 3234 3168 ambitione
3292 3127 3568 3181 congres-

214 3202 488 3257 Christum
533 3203 684 3257 nolle
729 3203 814 3256 ire
860 3202 955 3273 qui
986 3218 1045 3258 se
1091 3219 1202 3257 non
1234 3204 1426 3259 credat
1451 3220 1581 3259 cum
1610 3205 1835 3262 Christo

216 3295 461 3367 incipere
486 3296 601 3367 (11)
629 3311 892 3367 regnare.

1857 3160 1910 3232 C

1938 3208 2018 3264 sio
2068 3212 2173 3275 est,
2227 3225 2358 3263 cum
2414 3209 2735 3263 carnalibus
2789 3208 2935 3262 vitiis
2995 3207 3129 3277 (14),
3187 3221 3319 3260 cum
3378 3205 3571 3258 illece-

1934 3302 2052 3357 bris
2117 3303 2476 3358 saecularibus
2522 3303 2745 3357 assidua
2785 3302 2895 3374 (15)
2942 3307 2999 3355 et
3053 3301 3287 3356 molesta
3337 3297 3575 3352 luctatio

1598 3433 1807 3498 Variae
1862 3433 2207 3500 lectiones.

275 3540 286 3567 '
319 3537 555 3588 Laetitia.
587 3563 648 3609 -έ
666 3540 751 3609 ita
777 3537 923 3609 edd._
946 3552 1105 3609 prope
1122 3552 1312 3609 omnes,
1341 3544 1391 3588 et
1425 3541 1703 3604 Augustin.
1740 3546 1918 3592 contra
1960 3543 2093 3593 duas
2126 3546 2273 3607 epist.
2316 3545 2490 3609 Pelag.
2529 3544 2621 3606 IV,
2652 3545 2700 3594 8.
2748 3543 2931 3595 Baluz.
2976 3544 3180 3592 ratione
3221 3555 3316 3592 non
3358 3539 3529 3590 allata
3560 3553 3576 3587 :

212 3604 486 3657 Securitas
517 3607 842 3671 (Goldhorn.)
908 3607 929 3641 ³
957 3609 1042 3658 Sic
1074 3608 1246 3658 Baluz.
1275 3611 1477 3660 ratione
1504 3624 1604 3660 non
1622 3612 1839 3676 prodita
1865 3628 1882 3661 :
1920 3614 2097 3663 caeteri
2120 3604 2290 3664 omnes
2318 3604 2514 3666 Nostra
2540 3604 2665 3680 pax.

1503 3732 1730 3813 Steph.
1779 3732 2023 3797 Baldzii
2066 3740 2265 3798 notas.

271 3858 330 3918 (5)
366 3856 618 3907 Delicata:
643 3857 1234 3908 mantis.’l‘ertullianus
1259 3858 1315 3907 in
1354 3858 1497 3909 libro
1523 3859 1585 3909 de
1624 3865 1840 3924 Specta-

214 3927 335 3976 cutis
377 3943 394 3976 :
440 3946 473 3976 α
520 3929 805 3979 Delicatus
846 3942 922 3988 es,
959 3928 1291 3989 Christiane,
1338 3931 1384 3979 si
1432 3933 1487 3980 et
1534 3932 1589 3979 in
1633 3932 1840 3981 saeculo

215 3999 551 4063 voluptatem
582 4000 951 4063 concupiscis.
983 4016 1012 4047 ››

273 4073 335 4131 (6)
371 4072 585 4135 Sperat.
615 4072 778 4135 Angli
813 4075 1120 4135 posuerunt
1161 4071 1332 4135 spirat
1367 4074 1695 4123 auctoritate
1722 4088 1843 4138 sep-

215 4144 315 4191 tem
346 4149 601 4194 veterum
624 4144 1044 4206 exemplarium.
1071 4144 1211 4206 Quaa
1236 4158 1369 4194 sane
1389 4146 1553 4195 lectio
1574 4145 1718 4195 bona
1738 4152 1840 4203 est,

216 4226 441 4277 eamque
488 4213 820 4264 confirmant
854 4214 966 4264 duo
1010 4219 1196 4264 nostra
1231 4220 1433 4266 vetera.
1464 4215 1669 4266 Verum
1710 4218 1843 4281 quia

215 4284 417 4348 reliqua
448 4289 511 4335 et
547 4286 670 4335 alia:
715 4285 987 4336 editiones
1023 4286 1232 4336 habent
1277 4292 1479 4351 sperat,
1506 4302 1633 4353 quae
1676 4287 1843 4339 lectio

214 4368 428 4420 quoque
458 4357 611 4406 bona
642 4361 742 4417 est,
770 4361 986 4407 mutare
1015 4358 1317 4409 noluimus.

269 4429 330 4490 (7)
377 4428 654 4478 Turbalio.
702 4431 878 4478 Antea
929 4429 1216 4493 legebatur
1260 4431 1536 4481 cunctatio.
1588 4430 1697 4481 Sed
1741 4444 1843 4494 ego

216 4495 349 4547 hanc
377 4498 686 4549 lectionem
719 4513 833 4549 non
863 4501 1041 4563 reperi
1080 4502 1187 4550 nisi
1223 4502 1280 4550 in
1330 4501 1509 4551 tribus
1552 4501 1843 4551 codicibus

1939 3875 2087 3911 mam
2118 3862 2413 3913 lectionem
2438 3862 2628 3925 accepi
2658 3874 2727 3912 ex
2761 3862 3009 3926 margine
3055 3859 3314 3911 editionis
3347 3856 3573 3922 Lugdu-

1940 3935 2129 3983 nensis
2172 3934 2301 3982 anni
2351 3935 2510 3993 15M;
2556 3934 2653 3983 ubi
2696 3934 2893 3996 positas
2932 3936 3064 3981 sunt
3109 3931 3178 3981 ab
3229 3932 3418 3994 aliquo
3460 3931 3574 3977 viro

1941 4005 2156 4055 erudito
2182 4005 2349 4054 varias
2372 4005 2644 4055 lectiones
2671 4005 2859 4067 petitae
2904 4017 2973 4054 ex
3011 4002 3256 4066 antiquis
3286 3999 3576 4051 codicibus

1941 4074 2356 4137 manuscriptis.
2388 4074 2532 4124 Cum
2563 4087 2657 4123 eas
2693 4074 2893 4137 allego,
2935 4076 2999 4121 ut
3040 4072 3093 4121 id
3139 4084 3363 4135 quoque
3398 4070 3575 4121 obiter

1941 4144 2142 4205 dicam,
2167 4158 2364 4195 moneo
2391 4145 2718 4209 simpliciter
2738 4157 2826 4194 me
2846 4144 3151 4207 sumpsisse
3174 4157 3241 4192 ex
3264 4154 3375 4191 uno
3400 4140 3579 4191 veteri

1940 4215 2101 4277 libro,
2136 4228 2207 4265 ne
2242 4216 2368 4279 quis
2394 4217 2710 4267 existimare
2742 4217 2913 4279 possit
2937 4227 3027 4265 me
3070 4214 3258 4264 fallere
3292 4213 3423 4277 quia
3462 4224 3575 4261 non

1943 4286 2069 4336 dico
2095 4287 2246 4337 unde
2277 4290 2503 4351 accepta
2528 4288 2598 4337 sit
2627 4287 2815 4337 lectio.

2006 4358 2100 4422 (12)
2152 4360 2455 4422 Εωρυηεια.
2512 4358 2623 4409 Sex
2676 4358 2802 4407 libri
2860 4357 3083 4418 nostri,
3137 4359 3378 4421 quatuor
3440 4356 3573 4405 item

1942 4443 2086 4493 quos
2136 4430 2413 4480 Pamelius
2455 4430 2661 4490 laudat,
2711 4443 2859 4479 unus
2917 4428 3274 4480 Morellianus
3325 4432 3382 4478 et
3426 4440 3575 4477 unus

1943 4501 2288 4564 Anglicanus
2345 4501 2554 4551 habent
2603 4506 2931 4564 expugnata,
2990 4501 3082 4550 alii
3137 4499 3249 4549 duo
3297 4499 3575 4559 exstincta,

215 4569 465 4633 antiquis.
496 4571 637 4620 Eam
668 4585 835 4635 quam
864 4562 1069 4621 retinui
1100 4572 1309 4622 habent
1332 4585 1478 4622 xxxv
1512 4571 1638 4621 libri
1668 4571 1841 4622 nostri
1861 4562 1921 4634 D
1944 4562 2088 4623 alius
2132 4572 2370 4636 expulsa.
2420 4574 2530 4623 Nos
2569 4562 2762 4623 secuti
2785 4585 2984 4622 sumus
3030 4571 3286 4621 meliores
3334 4568 3573 4629 codices,

216 4642 265 4687 et
288 4644 498 4703 septem
530 4642 847 4705 Anglicani,
874 4648 927 4692 et
958 4645 1014 4691 in
1045 4644 1237 4706 primis
1268 4643 1620 4699 Veronensis.

272 4713 337 4771 (8)
400 4712 762 4761 Toterantiam
832 4712 1157 4775 futurorum.
1220 4713 1366 4765 Citat
1429 4713 1583 4763 hunc
1655 4713 1841 4763 locum

222 4780 547 4833 Hincmarus
601 4788 729 4833 tom.
783 4785 823 4844 Ι,
873 4799 992 4848 pag.
1039 4786 1118 4845 7:3,
1169 4797 1238 4835 ex
1291 4784 1435 4835 libro
1482 4785 1547 4834 tte
1589 4784 1842 4834 Mortali-

217 4855 330 4912 tate,
356 4854 455 4903 ubi
483 4859 671 4905 tamen
697 4855 1026 4905 Sirmondus
1053 4860 1240 4905 monet
1276 4857 1332 4905 in
1363 4856 1613 4919 margine
1641 4869 1837 4919 sump-

218 4926 326 4973 tum
394 4940 519 4976 esse
575 4940 645 4976 ex
725 4926 865 4976 libro
918 4927 982 4976 de
1038 4927 1246 4977 Unitate
1297 4926 1573 4986 Ecclesiae,
1617 4927 1723 4977 sub
1774 4927 1841 4977 fl-

221 5008 359 5045 nem.

277 5068 341 5129 (9)
368 5069 585 5117 Cecinit.
640 5068 705 5117 Et
749 5068 895 5117 istud
932 5081 1157 5133 quoque
1194 5070 1518 5133 ponendum
1548 5070 1653 5120 fuit
1679 5083 1840 5133 pr0p-

221 5140 294 5187 ter
343 5140 727 5190 auctoritatem
782 5144 1032 5189 veterum
1087 5140 1354 5191 librorum
1411 5145 1464 5191 et
1515 5141 1840 5191 editionum.

223 5208 475 5260 Erasmus
526 5212 746 5275 scripsit
795 5212 989 5267 docuit,
1020 5213 1268 5277 itemque
1321 5213 1620 5262 Manutius.
1682 5213 1842 5263 Hanc

220 5293 340 5331 vero
387 5281 685 5333 lectionem
731 5296 832 5347 ego
873 5296 985 5332 non
1021 5283 1198 5346 reperi
1239 5282 1346 5332 nisi
1389 5283 1445 5331 in
1476 5282 1654 5332 tribus
1691 5282 1843 5333 codi-

221 5351 371 5402 cibus
414 5355 676 5417 antiquis.
726 5355 925 5416 Aliam,
971 5368 1098 5418 quae
1151 5357 1234 5404 est
1286 5358 1495 5413 nostra,
1540 5354 1843 5417 praferth

222 5424 599 5475 novemdecim
628 5424 756 5475 libri
789 5426 966 5474 nostri
1002 5430 1056 5474 et
1086 5424 1347 5475 undecim
1386 5424 1698 5489 Anglicani.
1733 5424 1842 5475 Ve—

226 5496 470 5544 ronensis
494 5495 567 5544 ita
593 5496 758 5545 etiam
789 5495 1045 5545 habebat.

278 5566 369 5627 (l0)
392 5568 622 5630 Regnum
657 5568 764 5627 Dei,
802 5567 1018 5629 fratres.
1050 5568 1238 5618 Refert
1270 5567 1424 5619 hunc
1469 5568 1656 5619 locum
1687 5579 1841 5617 sanc-

227 5637 307 5685 tus
336 5639 678 5701 Augustinus
707 5639 803 5689 lib.
844 5652 901 5689 1v
922 5642 1115 5689 contra
1148 5639 1291 5689 duas
1310 5639 1570 5704 epistolas
1598 5638 1842 5703 Pelagia-

230 5716 413 5757 norum
444 5722 560 5771 cap.
588 5712 639 5759 8.

283 5779 374 5840 (Il)
397 5782 636 5841 Incipere.
669 5780 858 5833 Codex
904 5781 1247 5833 Sorbonicus
1290 5784 1347 5831 in
1384 5786 1632 5846 perpetuo
1684 5783 1841 5832 Alius

232 5852 380 5900 vetus
406 5865 520 5902 cum
549 5853 754 5904 Christo
781 5860 1033 5919 perpetuo
1056 5858 1419 5920 regnaturum.
1449 5856 1609 5907 Hanc
1637 5858 1842 5920 postre-

1943 4647 2040 4709 qui
2066 4645 2275 4696 habent
2305 4650 2584 4709 expuncta.

2002 4716 2098 4776 (l3)
2157 4716 2282 4765 Cum
2330 4715 2586 4765 avaritia.
2645 4715 2811 4764 Hunc
2864 4715 3052 4764 locum
3111 4714 3275 4764 refert
3345 4714 3573 4761 sanctus

1940 4788 2289 4852 Augustinus
2334 4786 2430 4836 lib.
2479 4799 2556 4847 IV,
2602 4791 2789 4835 contra
2833 4785 2967 4834 duas
3014 4783 3282 4848 Epistolas
3332 4782 3572 4845 Pelagia-

1940 4872 2145 4918 norum,
2182 4870 2301 4920 cap.
2331 4857 2408 4914 10,
2436 4860 2491 4906 et
2518 4855 2613 4905 lib.
2644 4868 2682 4905 ll
2725 4861 2911 4905 contra
2938 4854 3231 4911 Julianum,
3257 4866 3377 4917 cap.
3398 4854 3445 4901 8.

2008 4930 2103 4991 (lt;
2147 4927 2471 4978 Carnutibus
2516 4927 2680 4977 vitiis.
2737 4927 3107 4991 Augustinus,
3153 4924 3249 4974 lib.
3282 4937 3339 4976 v1
3389 4924 3573 4987 Operis

1944 5000 2255 5061 imperfecti,
2284 5003 2476 5049 contra
2516 4998 2822 5058 Julianum,
2868 5010 2987 5060 cap.
3024 4998 3120 5055 l4;
3152 5014 3181 5041 ‹‹
3221 4995 3328 5045 Hic
3365 4998 3449 5045 est
3482 4993 3575 5045 ille

1947 5070 2240 5121 conflictus
2268 5082 2436 5133 quem
2462 5071 2797 5118 memoratus
2831 5071 3038 5131 martyr
3058 5068 3115 5116 in
3142 5065 3284 5116 libro
3314 5079 3481 5130 quem
3508 5064 3576 5114 de

1943 5140 2273 5191 Mortalitate
2299 5140 2631 5203 conscripsit
2674 5138 2969 5203 diligenter
3011 5142 3063 5188 et
3110 5138 3441 5202 eloquenter
3470 5150 3576 5187 ex-

1943 5214 2131 5275 plicat,
2157 5212 2349 5262 dicens
2383 5213 2526 5262 inter
2552 5215 2750 5263 caetera
2783 5211 2932 5276 quod
2957 5210 3120 5261 nobis
3145 5210 3219 5259 sit
3239 5224 3367 5260 cum
3388 5222 3578 5260 carna-

1942 5282 2090 5332 libus
2124 5284 2278 5333 vitiis
2324 5287 2492 5347 atque
2539 5282 2824 5334 illecebris
2852 5281 3215 5333 Stecularibus
3253 5281 3476 5332 assidua
3520 5283 3576 5329 et

1943 5354 2175 5404 molesta
2202 5353 2454 5404 luctatio.
2485 5374 2513 5400 ,›

2002 5425 2100 5486 (15)
2154 5425 2399 5475 Assidue.
2460 5425 2689 5475 Veteres
2750 5424 3019 5475 editiones
3078 5428 3134 5474 et
3178 5428 3396 5487 septem
3448 5421 3573 5470 libri

1941 5502 2159 5549 veteres
2186 5498 2395 5548 habent
2424 5516 2453 5544 α
2491 5499 2732 5549 Assidua
2772 5503 2825 5550 et
2859 5499 3008 5563 jugis
3051 5503 3105 5549 et
3150 5499 3395 5547 molesta.
3426 5515 3451 5542 ι)
3485 5494 3579 5545 Sic

1943 5570 2112 5620 etiam
2156 5573 2394 5634 quatuor
2446 5571 2759 5634 Anglicani.
2819 5570 2928 5621 Sed
2979 5570 3156 5620 multo
3219 5569 3403 5632 plures
3463 5579 3573 5614 non

1942 5639 2152 5691 habent
2191 5646 2238 5690 et
2278 5642 2441 5704 jugis.
2483 5641 2622 5705 Quae
2673 5641 2877 5692 desunt
2918 5644 3081 5693 etiam
3127 5641 3273 5705 apud
3316 5637 3577 5701 Augusti-

1942 5725 2075 5762 num
2112 5712 2167 5761 in
2207 5712 2347 5761 locis
2382 5725 2513 5762 mox
2554 5711 2917 5763 adducendis.
2974 5713 3044 5762 Et
3087 5717 3271 5762 tamen
3317 5711 3373 5757 in
3414 5707 3575 5757 initio

1942 5783 2068 5832 libri
2092 5783 2155 5832 de
2182 5785 2346 5846 Opere
2378 5789 2425 5833 et
2454 5783 2833 5848 Eleemosynis,
2854 5798 2977 5851 pag.
3006 5783 3115 5845 337,
3136 5782 3353 5849 legitur,
3375 5793 3404 5825 <‹
3423 5777 3577 5831 Assi-

1941 5853 2051 5906 dua
2081 5859 2135 5906 et
2154 5856 2301 5921 jugis
2330 5856 2593 5923 operatio.
2624 5874 2651 5904 ››
