3998 6194
420 243 521 299 607

1322 248 1377 303 8.
1416 248 1733 306 CYPRIANI
1770 246 2042 304 OPERUM
2083 245 2256 302 PARS
2291 244 2356 300 ll.
2388 273 2457 287 —-
2493 243 2864 302 OPUSCULA.

3635 254 3722 313 608

413 372 518 422 ost.
571 369 802 426 Obsessa
863 386 1023 427 mens
1085 371 1334 427 hominis
1392 377 1449 427 et
1518 373 1767 443 undique
1825 371 2190 454 diaboliAcl
2225 375 2279 422 tu
2325 368 2580 422 dubitas!
2630 370 2741 423 Hoc
2792 373 2873 424 est
2924 369 3104 423 Deum
3152 365 3385 423 omnino
3412 386 3515 427 non
3547 392 3724 448 nosse;

411 461 773 518 iuiestatioue
816 466 1054 520 vallata3
1094 467 1181 520 vix
1224 467 1468 521 occurrit
1509 464 1769 536 singulis,
1813 466 1902 520 vix
1948 482 2036 519 re-

412 555 577 609 sistit.
628 558 681 610 Si
728 559 962 613 avaritia
1024 564 1306 630 prostrata
1350 563 1469 625 est,
1522 560 1780 630 exsurgit
1824 559 2038 625 libido;

409 648 454 701 si
499 649 667 703 libido
708 667 1032 722 compressa
1070 660 1173 719 est,
1214 653 1464 708 succedit
1510 653 1788 719 ambitio;
1835 654 1880 706 si
1925 669 2042 707 am-

411 740 549 795 bitio
577 748 899 816 contempta
945 750 1047 813 est,
1079 747 1156 800 ira
1209 752 1522 817 exasperat,
1554 746 1715 800 inﬂat
1752 746 2039 817 superbia,

409 834 725 890 vinolentia
753 838 1208 907 invitat,invidia
1239 839 1601 894 concordiam
1631 839 1865 910 rumpit,
1898 839 2038 894 ami-

411 927 604 983 citiam
651 932 803 985 zelus
864 933 1167 987 abscindit.
1215 933 1442 1003 Cogeris
1494 933 1837 987 maledicere
1887 932 2041 1004 quod

409 1020 593 1076 divina
639 1023 726 1078 lex
773 1026 1059 1096 prohibet,
1110 1027 1467 1098 compelleris
1506 1027 1701 1097 jurare
1734 1027 1884 1098 quod
1928 1043 2040 1081 non

413 1113 566 1169 licet.

484 1209 543 1262 V.
574 1211 673 1265 Tot
721 1214 1137 1282 persecutiones
1180 1214 1407 1269 animus
1453 1214 1709 1286 quotidie
1757 1216 1975 1285 patitur
1995 1216 2038 1283 θ,

407 1303 493 1355 tot
539 1304 802 1373 periculis
846 1311 1038 1377 pectus
1070 1311 1341 1378 urgetur;
1395 1313 1451 1363 et
1479 1309 1724 1363 delectat
1750 1308 1841 1362 hic
1891 1307 2041 1362 inter

413 1394 625 1451 diaboli
658 1388 880 1469 gladios
920 1402 1026 1471 (16)
1073 1402 1168 1456 diu
1203 1405 1372 1469 stare,
1408 1419 1537 1456 cum
1569 1401 1747 1473 magis
1773 1401 2037 1472 concupi-

406 1491 676 1545 scendum
706 1492 778 1548 sit
803 1495 859 1547 et
877 1496 1195 1566 optandum
1226 1496 1296 1550 ad
1326 1496 1636 1563 Christum,
1670 1495 2040 1550 subveniente

405 1584 651 1639 velocius
672 1591 857 1642 morte
877 1588 919 1655 ⁵,
945 1604 1270 1660 properare,
1297 1590 1416 1660 ipso
1439 1590 1754 1645 instruente
1775 1606 1875 1644 nos
1893 1594 1946 1643 et
1964 1588 2041 1643 di-

406 1681 644 1733 cente“:
684 1679 875 1754 586
907 1686 1094 1745 Amen,
1135 1700 1289 1737 amen
1327 1684 1445 1738 dico
1470 1684 1619 1738 vobis
1659 1686 1918 1753 quoniam
1944 1699 2038 1737 ros

2142 463 2248 518 hoc
2296 468 2381 516 est
2410 462 2717 529 Christum,
2749 461 3105 541 credentium
3134 463 3154 495 ⁹
3199 460 3487 519 dominum
3527 472 3580 521 et
3619 487 3725 527 ma-

2142 556 2406 626 gistrum,
2456 559 2679 626 peccato
2723 555 3134 609 incredulitatis
3180 554 3500 626 otl'endere;
3543 561 3637 616 hoc
3659 571 3733 621 est

2142 649 2199 701 in
2244 648 2496 703 Ecclesia
2543 649 2937 717 constitutum,
2974 648 3145 703 ﬁdem
3198 648 3255 702 in
3292 647 3455 704 domo
3484 652 3601 709 fidei
3626 674 3727 713 non

2141 742 2369 796 habere.

2215 837 2321 890 Vll.
2375 836 2659 900 Quantum
2715 837 2892 908 prosit
2946 836 3100 891 exire
3147 836 3217 891 de
3261 837 3463 892 saaculo
3506 839 3733 899 Christus

2142 928 2259 999 ipse
2306 930 2501 985 salutis
2550 933 2720 1001 atque
2771 930 3029 985 utilitatis
3081 932 3190 1001 (18)
3246 936 3441 985 noster
3491 936 3734 1004 magister

2143 1023 2428 1089 ostendit;
2478 1023 2605 1095 qui,
2645 1040 2775 1078 cum
2837 1023 3096 1095 discipuli
3139 1023 3261 1094 ejus
3300 1024 3735 1084 contristarentur

2140 1117 2291 1187 quod
2334 1132 2395 1171 se
2438 1118 2561 1188 jam
2612 1117 2826 1173 diceret
2870 1133 3250 1185 recessurum,
3297 1117 3514 1174 locutus
3558 1124 3636 1175 est
3675 1124 3734 1177 ad

2141 1226 2237 1266 eos
2290 1210 2485 1265 dicens
2518 1228 2530 1265 :
2562 1211 2627 1266 Si
2667 1227 2749 1265 me
2798 1212 3150 1274 dilemissetis,
3201 1211 3501 1280 gaudentis
3542 1217 3733 1284 utique,

2141 1307 2399 1372 quoniam
2443 1305 2583 1358 vado
2620 1305 2695 1359 ad
2732 1306 2948 1359 Patrem
3003 1306 3208 1371 (Joan.,
3253 1321 3366 1370 xxv,
3418 1305 3525 1373 23),
3555 1307 3739 1362 docens

2139 1396 2355 1451 scilicet
2384 1400 2440 1451 et
2483 1397 2811 1475 ostendens,
2859 1414 2987 1451 cum
3043 1396 3230 1470 587
3286 1398 3444 1452 chari
3470 1416 3603 1470 quos
3626 1400 3737 1455 dili-

2142 1490 2330 1561 gimus
2357 1491 2426 1544 de
2473 1492 2675 1545 smculo
2725 1492 2953 1558 exeunt,
2987 1491 3355 1563 gaudendum
3381 1493 3559 1562 potius
3587 1509 3739 1565 quam

2140 1584 2471 1638 dolendum.
2522 1585 2694 1655 Cujus
2741 1585 2821 1639 rei
2864 1602 3088 1640 memor
3109 1586 3313 1640 beatus
3340 1586 3615 1656 apostolus
3642 1589 3737 1659 (19)

2140 1678 2345 1732 Paulus
2391 1677 2447 1732 in
2496 1678 2738 1749 Epistola
2780 1695 2883 1732 sua
2926 1679 3088 1749 ponit
3122 1683 3181 1733 et
3212 1679 3391 1733 dicit:
3433 1681 3560 1734 Mihi
3587 1683 3743 1736 virere

397 1772 688 1841 plorabitis
708 1781 757 1829 et
790 1778 1081 1845 plangctis,
1122 1778 1379 1832 saeculum
1409 1782 1589 1832 autem
1612 1778 1874 1847 gaudebit
1901 1795 1917 1841 ;
1948 1794 2037 1832 vos
2064 1762 2113 1833 Β
2140 1773 2381 1827 Christus
2426 1778 2521 1834 cst.
2573 1778 2623 1826 εί
2670 1775 2808 1827 νηί)νὶ
2849 1774 3057 1828 lucrum
3110 1774 3397 1843 (Philippa
3425 1791 3460 1838 1,
3517 1774 3635 1842 2¹);
3665 1775 3740 1828 ιιι-

408 1869 584 1922 tristes
623 1871 791 1931 eritis,
838 1870 931 1924 sed
972 1872 1197 1925 tristitia
1237 1877 1417 1925 vestra
1462 1874 1520 1925 in
1565 1872 1815 1925 laetitiam
1865 1874 2039 1925 rcniet

407 1960 611 2030 (Joun..
637 1978 746 2031 xv1,
773 1965 881 2033 20).
913 1964 1046 2028 Quis
1074 1981 1187 2018 non
1218 1964 1450 2019 tristitia
1467 1981 1665 2019 carere
1691 1966 1893 2036 optet?
1913 1965 2038 2035 quis

405 2065 522 2103 non
551 2051 622 2104 ad
653 2052 912 2123 laetitiam
945 2052 1137 2107 venire
1179 2052 1457 2108 festinet?
1486 2054 1721 2117 Quando
1752 2056 1944 2108 autem
1977 2054 2037 2107 in

401 2142 660 2198 lwtitiam
729 2146 917 2200 veniat
982 2152 1174 2201 nostra
1236 2146 1469 2201 tristitia
1521 2146 1798 2201 Dominus
1845 2147 2035 2201 denuo

400 2235 521 2307 ipse
544 2237 795 2293 declarat
816 2240 1011 2294 dicens
1035 2260 1048 2295 :
1083 2243 1286 2294 Iterum
1306 2242 1325 2274 τ
1354 2241 1545 2295 videbo
1564 2255 1674 2302 vos,
1703 2246 1754 2295 et
1778 2241 2035 2309 gaudebit

402 2346 491 2385 cor
515 2337 770 2399 vestrum,
813 2340 862 2387 et
891 2334 1158 2402 gaudium
1188 2340 1421 2388 vestrum
1452 2349 1604 2388 nemo
1630 2337 1847 2402 auferet
1878 2351 1909 2387 α
1939 2350 2032 2408 vo-_

401 2425 479 2479 bis
504 2426 686 2495 (Ibid.,
718 2428 831 2497 22).
878 2429 1019 2483 Cum
1049 2444 1188 2498 ergo
1216 2427 1505 2484 Christum
1551 2427 1748 2482 videre
1776 2428 2031 2497 gaudere

401 2519 490 2586 sit,
516 2536 619 2572 nec
644 2521 821 2590 possit
847 2537 969 2575 esse
994 2521 1267 2592 gaudium
1290 2524 1551 2575 nostrum
1581 2520 1687 2575 nisi
1719 2537 1849 2575 cum
1878 2521 2029 2575 vide-

399 2611 577 2666 rimus
609 2613 717 2684 (17)
748 2614 1055 2680 Christum,
1089 2631 1216 2686 quae
1249 2614 1473 2669 ceccitas
1500 2614 1678 2668 animi
1708 2631 1905 2685 quaeve
1931 2614 2029 2668 dc-

398 2707 613 2761 mentia
658 2712 742 2761 est
788 2724 977 2762 amare
1022 2724 1317 2778 presseras
1360 2715 1417 2762 et
1448 2725 1643 2778 pmnas
1675 2711 1732 2761 et
1757 2709 2032 2779 lacrymas

400 2800 623 2867 mundi,
668 2807 722 2856 et
770 2818 880 2856 non
928 2802 1197 2856 festinare
1247 2801 1438 2873 potius
1468 2803 1537 2856 ad
1574 2802 1847 2873 gaudium
1877 2802 2030 2872 quod

397 2910 712 2965 numquam
739 2896 910 2966 possit
934 2896 1191 2949 auferri?

469 2990 554 3042 Vl.
588 2989 698 3043 Hoc
742 2993 935 3043 autem
967 2990 1048 3056 lit,
1083 2990 1287 3044 fratres
1316 2988 1695 3054 dilectissimi,
1727 2990 1857 3060 quia
1886 2989 2029 3044 iides

2140 1881 2302 1920 crum
2342 1866 2659 1920 maximum
2706 1872 3044 1938 computans
3078 1867 3199 1937 jam
3242 1867 3433 1921 saeculi
3463 1868 3507 1901 ¹⁰
3547 1867 3745 1939 laqueis

2140 1975 2253 2013 non
2325 1959 2547 2025 teneri,
2591 1961 2714 2031 jam
2765 1961 2936 2015 nullis
2990 1962 3236 2032 peccatis
3289 1968 3347 2015 et
3395 1961 3540 2015 vitiis
3582 1963 3746 2015 carnis

2137 2052 2449 2107 obnoxium
2520 2054 2663 2121 fieri,
2739 2057 3073 2124 exemptum
3146 2053 3427 2125 pressaris
3498 2055 3742 2125 augenti-

2143 2146 2268 2213 bus,
2317 2150 2374 2201 et
2423 2147 2719 2201 venenatis
2779 2147 2983 2202 diaboli
3012 2150 3053 2182 “
3110 2148 3371 2202 faucibus
3422 2148 3742 2213 liberatum,

2140 2239 2212 2293 ad
2263 2240 2524 2295 laetitiam
2573 2240 2770 2295 salutis
2812 2245 3044 2296 aeternae
3072 2241 3298 2296 Christo
3323 2244 3559 2296 vocante
3588 2241 3744 2311 proﬁ-

2139 2332 2292 2387 cisci.

2206 2427 2334 2482 Vlll.
2393 2426 2619 2481 Atenim
2671 2428 2952 2498 quosdam
3012 2435 3205 2483 movet
3256 2429 3413 2499 quod
3470 2430 3745 2501 aequaliter

2133 2535 2265 2573 cum
2312 2520 2579 2590 gentibus
2624 2524 2849 2575 nostros
2892 2521 3073 2575 morbi
3111 2521 3272 2575 istius
3304 2522 3554 2576 valitudo
3582 2521 3745 2575 corri-

2133 2613 2285 2684 piat;
2320 2613 2479 2683 quasi
2526 2613 2593 2667 ad
2638 2614 2741 2667 hoc
2798 2614 3105 2669 crediderit
3135 2615 3513 2684 Christianus,
3543 2621 3620 2680 ut,
3651 2616 3742 2667 im-

2133 2707 2321 2760 munis
2373 2724 2405 2760 a
2464 2712 2732 2761 contactu
2782 2709 3102 2771 malorum,
3171 2709 3393 2763 mundo
3442 2715 3497 2762 et
3552 2708 3744 2762 saeculo

2129 2799 2369 2854 feliciter
2399 2800 2743 2871 perfruatur,
2778 2804 2837 2854 et
2865 2818 2976 2854 non
3019 2801 3212 2855 omnia
3253 2802 3346 2855 hic
3375 2802 3601 2855 adversa
3628 2816 3743 2871 per-

2130 2909 2357 2963 pessus,
2418 2894 2485 2947 ad
2550 2894 2799 2947 futuram
2869 2894 3116 2948 lmtitium
3191 2903 3530 2949 reservetur.
3583 2895 3748 2948 Movet

2128 2986 2408 3057 quosdam
2453 2987 2608 3057 quod
2661 2987 2734 3040 sit
2792 2986 2953 3041 nobis
2998 3004 3128 3041 cum
3183 2988 3407 3043 caeteris
3452 2987 3747 3043 mortalitas

397 3082 577 3151 deest,
628 3083 763 3154 quia
808 3100 976 3137 nemo
1018 3083 1201 3137 credit
1248 3099 1373 3136 vera
1420 3100 1540 3136 esse
1590 3100 1717 3153 quae
1752 3084 2030 3153 promittit
2054 3133 2100 3154 η
2131 3081 2232 3134 ista
2259 3081 2603 3134 communis.
2634 3080 2783 3145 Quid
2812 3082 2965 3135 enim
2990 3081 3153 3136 nobis
3182 3081 3239 3135 in
3261 3082 3373 3136 hoc
3404 3081 3617 3135 mundo
3644 3096 3745 3135 non

395 3176 559 3242 Deus,
591 3176 691 3246 qui
738 3192 902 3230 verax
931 3182 1032 3243 est,
1062 3177 1221 3245 cujus
1249 3193 1433 3230 sermo
1466 3177 1825 3230 credentibus
1853 3180 2020 3230 acter-
2050 3133 2102 3205 C
2128 3190 2437 3227 commune
2482 3190 2614 3227 cum
2646 3175 2861 3229 castoris
2905 3175 3178 3245 quamdiu
3212 3175 3422 3242 adhuc,
3450 3173 3747 3228 secundum

396 3286 503 3322 nus
530 3276 586 3323 et
634 3270 829 3322 tirmus
876 3274 979 3323 est.
1028 3270 1086 3324 Si
1131 3270 1229 3323 tibi
1265 3270 1347 3323 vir
1395 3271 1582 3341 gravis
1624 3278 1680 3323 et
1723 3270 2022 3323 laudabilis
2122 3268 2309 3337 legem
2343 3267 2539 3337 prima:
2588 3268 2923 3334 nativitatis,
2960 3275 3157 3322 manet
3195 3286 3325 3322 caro
3371 3270 3478 3323 ista
3506 3284 3744 3323 commu-

394 3362 607 3432 uliquid
682 3363 1078 3433 polliceretur,
1138 3364 1378 3416 haberes
1440 3364 1634 3434 utique
1688 3364 2020 3433 pollicenti8

392 3456 584 3521 ﬁdem,
620 3472 720 3510 nec
765 3459 817 3509 te
861 3456 975 3510 falli
1019 3458 1118 3510 aut
1146 3457 1326 3527 decipi
1357 3456 1429 3509 ab
1461 3472 1529 3510 eo
1558 3456 1816 3510 crederes
1847 3473 2017 3527 quem

394 3553 540 3603 stare
585 3549 641 3603 in
688 3550 1047 3605 sermonibus
1095 3557 1265 3622 atque
1319 3551 1374 3605 in
1422 3551 1639 3604 actibus
1682 3551 1797 3603 suis
1825 3550 2016 3605 scires.

390 3644 550 3697 Nunc
581 3644 722 3697 Deus
752 3648 942 3698 tecum
973 3643 1225 3715 loquitur
1250 3662 1266 3713 ;
1318 3651 1376 3699 et
1404 3651 1461 3698 tu
1509 3647 1701 3699 mente
1729 3644 2018 3698 incredula

391 3736 641 3806 perﬁdus
684 3737 962 3791 ﬂuctuasl
1009 3739 1152 3792 Deus
1180 3737 1280 3792 tibi
1329 3742 1398 3791 de
1448 3738 1556 3791 hoc
1604 3737 1820 3791 mundo
1862 3754 2015 3791 rece-

394 3829 553 3884 denti
578 3831 1066 3886 immortalitatem
1086 3836 1256 3903 atque
1278 3831 1654 3886 aeternitatem
1678 3831 2014 3903 pollicetur;

2122 3361 2254 3415 nis?
2297 3361 2677 3432 Quoadnsque
2734 3362 2858 3415 istic
2906 3362 2964 3415 in
3000 3362 3210 3415 mundo
3252 3380 3472 3428 sumus,
3519 3377 3639 3415 cum
3666 3376 3749 3430 ge-

2123 3472 2256 3508 nere
2282 3456 2535 3509 humano
2560 3455 2742 3509 carnis
2759 3456 3082 3526 aequalitate
3106 3457 3543 3527 conjungimur,
3563 3455 3747 3525 spiritu

2121 3565 2479 3619 separamur.
2514 3550 2733 3620 Itaque,
2762 3549 2945 3604 donec
2970 3550 3364 3620 corruptivum
3392 3549 3537 3604 istud
3568 3549 3747 3602 induat

2120 3642 2632 3713 incorruptionem,
2678 3648 2735 3697 et
2779 3643 3017 3697 mortale
3066 3644 3169 3697 hoc
3197 3645 3439 3714 accipiat
3466 3644 3744 3697 immorta-

2121 3737 2333 3791 litatem
2362 3737 2404 3807 (l
2450 3739 2592 3805 Cor.,
2634 3754 2724 3803 xv,
2770 3737 2882 3805 52),
2929 3743 2985 3791 et
3023 3737 3280 3793 Christus
3310 3738 3355 3772 ¹²
3404 3754 3511 3791 nos
3549 3735 3743 3807 perdu-

2120 3833 2211 3884 cat
2244 3830 2354 3900 (20)
2382 3830 2451 3884 ad
2494 3831 2674 3884 Deum
2721 3832 2962 3897 Patrem,
2995 3847 3381 3902 quaecumque
3415 3840 3549 3885 sunt
3573 3828 3745 3885 carnis

1767 3974 1976 4038 Variae
2030 3974 2367 4038 lectiones.

450 4103 467 4130 ³
503 4098 725 4149 Circum
751 4101 950 4151 vallata
981 4103 1118 4153 Lam.
1156 4101 1304 4151 Ebor.
1334 4102 1456 4152 Bod.
1488 4102 1535 4164 3,
1566 4105 1609 4151 5.
1676 4104 1697 4134 ⁴
1732 4102 1839 4151 Tot
1870 4099 2353 4165 persecutionibus
2397 4115 2556 4152 mens
2595 4102 2843 4167 quotidie
2886 4104 3129 4168 quatitur
3174 4106 3308 4155 Voss.
3346 4106 3392 4154 1.
3439 4103 3546 4153 ΝΟ.
3590 4106 3635 4150 2.
3675 4101 3745 4168 Ita

386 4168 543 4216 etiam
575 4172 626 4217 in
655 4170 794 4219 libro
822 4172 883 4221 de
911 4173 1191 4221 Patientia.
1260 4176 1277 4207 ⁵
1308 4173 1496 4223 Veloci
1524 4177 1700 4223 morte
1731 4172 1865 4221 Pem.
1902 4174 2034 4221 Voss.
2064 4172 2112 4221 2.
2143 4172 2236 4222 ΝΟ
2286 4172 2333 4221 2.
2399 4172 2419 4203 ⁸
2448 4172 2515 4222 Et
2540 4177 2802 4223 monente
2824 4167 2962 4221 Lam.
3001 4175 3134 4221 Voss.
3160 4175 3202 4222 1.
3232 4172 3384 4222 Ebor.
3415 4174 3525 4223 ΝΟ.
3559 4173 3601 4221 1.
3631 4167 3743 4219 lio"-

387 4238 436 4308 2,
461 4239 507 4286 3.
578 4238 596 4269 ⁷
634 4241 840 4289 Iterum
867 4246 1049 4291 autem
1084 4245 1220 4291 Lam.
1264 4246 1396 4293 Voss.
1430 4244 1476 4292 1.
1508 4244 1659 4292 Ebor.
1692 4244 1800 4292 ΝΟ.
1827 4245 1870 4293 1.
1922 4246 2054 4293 Voss.
2090 4245 2134 4293 1.
2167 4244 2214 4293 2.
2281 4244 2303 4278 ⁸
2332 4243 2581 4294 Haberes
2605 4244 2890 4308 pollicenti
2931 4244 3070 4292 Lam.
3108 4243 3253 4293 Ebor.
3294 4246 3400 4294 ΝΟ.
3444 4246 3486 4294 1.
3541 4245 3664 4292 Voss.
3704 4239 3743 4296 1,

385 4306 432 4355 2.
496 4309 517 4341 ⁸
546 4308 802 4359 Credenti
838 4314 1159 4375 magistrum
1185 4315 1363 4361 Veron.
1395 4314 1509 4362 Ben.
1550 4314 1717 4361 Paris.
1747 4316 1883 4363 Lam.
1922 4313 2072 4363 Ebor.
2098 4316 2205 4364 Lin.
2233 4316 2340 4364 ΝΟ.
2380 4317 2425 4373 1,
2454 4316 2507 4365 (1.
2548 4306 2682 4364 Voss.
2716 4317 2757 4375 1,
2779 4316 2826 4363 2.
2856 4314 2978 4364 Bod.
3007 4314 3056 4374 2,
3079 4316 3126 4364 4.
3158 4316 3357 4363 Manut.
3387 4313 3743 4366 Credentium

387 4380 713 4442 magistrum
744 4388 974 4442 peccato
1000 4383 1175 4431 Bouth.
1210 4383 1488 4432 Goldhorn.
1563 4387 1599 4414 ¹⁰
1629 4383 2009 4435 Sascularibus
2038 4388 2128 4433 Ar.
2162 4387 2275 4434 Ben.
2308 4386 2424 4435 Boil.
2460 4388 2506 4448 1,
2532 4386 2579 4447 2,
2607 4386 2655 4444 3,
2681 4387 2727 4435 4.
2766 4387 2899 4435 Voss.
2930 4386 2975 4446 1,
3000 4385 3046 4434 2.
3072 4386 3212 4434 Lam.
3238 4384 3397 4434 Ebor.
3470 4387 3507 4417 υ
3539 4381 3745 4432 Venan-

386 4449 456 4498 tis
487 4449 691 4500 diaboli
717 4453 895 4501 Morel.
972 4458 1007 4486 "
1032 4452 1271 4517 Spiritus
1298 4468 1414 4505 nos.
1445 4455 1609 4504 Lectio
1636 4458 1773 4520 vutg.
1810 4458 1965 4506 Oxon.
1998 4457 2177 4505 Routh.
2209 4458 2343 4522 Lips.

1687 4576 1914 4658 Steph.
1962 4576 2213 4639 Baluzii
2255 4583 2450 4639 notae.

450 4680 550 4741 (16)
610 4680 827 4775 Dinboli
876 4683 1101 4775 gladios.
1158 4684 1458 4775 Inlco'diJce
1507 4686 1765 4775 Laetiensi
1799 4686 2090 4775 legiturD

390 4752 603 4817 laqueos
633 4758 685 4803 et
721 4768 885 4818 supra
914 4755 1118 4805 lineam
1161 4755 1240 4805 vel
1283 4755 1509 4819 gladios.
1542 4757 1689 4806 Hinc
1733 4762 1850 4806 orta
1898 4757 2011 4805 dis-

387 4826 668 4888 crepantia
718 4825 1018 4875 lectionum
1071 4828 1128 4875 in
1204 4827 1358 4876 libris
1422 4828 1716 4877 veteribus.
1774 4827 2016 4890 Quidam

387 4896 535 4944 enim
590 4898 904 4947 maluerunt
952 4898 1186 4961 laqueos,
1235 4899 1330 4947 alii
1379 4898 1603 4962 gladios.
1652 4898 1808 4949 Unus
1858 4912 2017 4949 meus

384 4965 552 5016 habet
603 4967 818 5032 laqueos
862 4974 907 5018 et
954 4968 1174 5032 gladios.
1226 4970 1503 5020 Admonet
1569 4975 1756 5020 autem
1811 4971 2012 5029 Pame-

383 5037 492 5085 lius
535 5052 593 5087 se
642 5039 845 5089 vidisse
887 5039 1103 5103 laqueos
1148 5040 1418 5103 scriptum
1466 5042 1521 5089 in
1568 5046 1806 5104 quatuor
1852 5041 2010 5090 libris

382 5111 681 5172 veteribus,
712 5111 806 5162 sed
831 5112 996 5161 aliam
1022 5111 1320 5162 lectionem
1340 5112 1651 5173 retinuisse,
1676 5114 1808 5177 quia
1838 5117 2017 5162 exstat

384 5181 529 5244 apud
555 5184 954 5244 Augustinum.

447 5255 551 5314 (l7)
597 5254 724 5303 Cum
758 5254 1066 5303 viderimus.
1117 5253 1324 5317 Viginti
1382 5267 1479 5304 sex
1524 5253 1739 5317 antiqui
1792 5254 2014 5306 codices

384 5323 593 5374 habent
628 5326 750 5388 quis
776 5326 860 5374 vel
887 5326 980 5389 qui
1004 5324 1195 5373 viderit
1243 5325 1350 5373 Alii
1374 5325 1797 5389 quatuordecim
1823 5328 2015 5389 praefe-

382 5399 509 5446 runt
534 5396 782 5446 credendi
812 5396 897 5446 vel
925 5396 1150 5445 credere.
1714 5438 1719 5443 .

445 5468 540 5530 (18)
579 5466 847 5517 Utilitatis.
896 5466 1141 5517 Dubium
1172 5469 1255 5515 est
1300 5481 1365 5516 an
1410 5467 1515 5530 legi
1568 5467 1767 5518 debeat
1802 5469 2014 5518 utilita-

383 5540 450 5589 tis
502 5540 586 5589 vel
640 5539 976 5588 humilitatis.
1045 5538 1180 5588 Nam
1238 5543 1475 5602 quatuor
1539 5539 1661 5588 libri
1713 5540 2014 5602 praeferunt

380 5612 624 5661 utilitatis
665 5614 719 5659 et
764 5622 928 5673 supra
981 5610 1186 5661 lineam
1242 5609 1321 5658 vel
1371 5610 1703 5659 humilitatis.
1748 5612 1871 5659 Duo
1922 5610 2015 5660 alii

380 5683 625 5731 utilitatis
677 5686 907 5731 tantum.
952 5682 1057 5730 Alii
1103 5681 1214 5729 duo
1259 5681 1574 5730 humilitatis
1626 5685 1857 5730 tantum.
1909 5682 2013 5731 Ita-

379 5767 489 5817 que
530 5754 765 5803 liberum
810 5754 911 5802 fuit
958 5753 1194 5803 librariis
1243 5766 1448 5817 ponere
1494 5753 1791 5803 lectionem
1846 5767 2015 5816 quam

378 5825 625 5879 mallent.
674 5823 791 5889 Ego
842 5823 1102 5885 lubenter
1144 5825 1469 5899 praeferrem
1513 5823 1856 5887 humilitatis,
1884 5823 2018 5889 quia

2113 4689 2324 4736 certum
2351 4689 2433 4735 est
2464 4683 2750 4736 Christum
2778 4684 2950 4734 fuisse
2995 4683 3282 4734 doctorem
3331 4687 3389 4734 et
3431 4683 3739 4745 magistrum

2116 4757 2480 4817 humilitatis,
2534 4760 2596 4806 ut
2638 4756 2757 4819 ipse
2803 4754 3117 4819 Cyprianus
3155 4769 3285 4805 eum
3336 4759 3503 4805 vocat
3539 4754 3595 4802 in
3641 4748 3742 4813 epi-

2118 4828 2259 4877 stola
2304 4828 2386 4885 36,
2443 4841 2563 4890 pag.
2605 4828 2686 4885 91,
2738 4826 2810 4876 ad
2854 4826 3245 4886 Ttiibaritanos,
3276 4825 3655 4887 Hieronymus
3694 4820 3743 4867 in

2123 4898 2369 4962 Epistola
2419 4898 2490 4947 ad
2536 4897 2852 4958 Antonium,
2902 4897 3248 4960 Augustinus
3281 4934 3294 4957 ,
3350 4909 3476 4958 cap.
3518 4895 3569 4943 3t
3625 4890 3740 4940 libri

2114 4969 2177 5018 de
2242 4968 2558 5033 Virginitate
2606 4972 2661 5018 et
2697 4968 2849 5029 alibi,
2891 4972 3118 5018 sanctus
3157 4968 3495 5017 Ambrosius
3538 4964 3629 5014 lib.
3670 4974 3738 5020 ιιι,

2116 5053 2236 5103 cap.
2281 5041 2327 5101 7,
2371 5040 2435 5089 de
2481 5040 2624 5101 Fide,
2666 5043 2721 5089 et
2770 5038 3050 5089 Caesarius
3102 5040 3448 5089 Arelatensis
3495 5040 3548 5086 in
3599 5033 3740 5084 calce

2115 5110 2430 5161 undecimte
2459 5112 2714 5161 Homilies
2746 5124 2939 5160 earum
2982 5124 3107 5173 quae
3134 5125 3163 5159 ει
3202 5111 3367 5160 nobis
3405 5108 3565 5158 editas
3602 5110 3738 5155 sunt.

2118 5182 2311 5232 Petrus
2338 5184 2614 5233 Blesensis
2637 5195 2893 5232 sermone
2918 5182 3078 5232 tertio
3118 5196 3245 5231 eum
3283 5185 3452 5231 vocat
3483 5178 3738 5228 humilem

2114 5255 2439 5316 magistrum
2506 5259 2561 5303 et
2634 5254 2917 5303 doctorem
2998 5252 3349 5302 humilitatis.
3421 5252 3547 5301 Huc
3621 5245 3739 5296 facit

2114 5325 2263 5388 quod
2312 5325 2692 5375 Tertullianus
2751 5325 2808 5373 in
2859 5324 3000 5372 libro
3050 5324 3114 5373 de
3166 5323 3467 5387 Virginibus
3512 5316 3740 5371 vetandis

2116 5397 2192 5445 ait
2224 5396 2364 5445 nihil
2396 5409 2516 5447 esse
2542 5396 2659 5446 Deo
2685 5395 2907 5455 charius
2937 5394 3268 5444 humilitate.
3304 5394 3532 5444 Retinui
3563 5396 3735 5440 tamen

2114 5467 2380 5528 utilitatis,
2412 5469 2541 5531 quia
2585 5468 2708 5517 haec
2757 5468 2923 5517 lectio
2967 5466 3114 5517 bona
3149 5471 3230 5517 est
3272 5471 3331 5517 et
3378 5466 3644 5529 reperitur
3686 5460 3735 5507 in

2115 5538 2274 5588 libris
2299 5537 2791 5589 emendatioribus.

2181 5610 2278 5669 (19)
2319 5611 2507 5659 Beatus
2563 5609 2851 5672 apostolus.
2889 5608 3035 5659 Citat
3084 5609 3235 5660 hunc
3283 5608 3474 5658 locum
3527 5606 3739 5654 sanctus

2116 5682 2463 5742 Augustinus
2480 5680 2575 5729 lib.
2594 5694 2653 5731 1v
2674 5687 2861 5730 contra
2883 5682 3019 5730 duas
3042 5680 3287 5744 epistolas
3318 5679 3738 5742 Pelagianorum,

2116 5753 2342 5815 cap.lO.
3366 5790 3369 5793 .

2178 5814 2281 5887 (ἑο)
2333 5823 2573 5879 Christus
2631 5836 2730 5877 nos
2779 5824 3053 5891 perducat.
3118 5824 3211 5879 Sic
3263 5821 3466 5887 scripsi
3526 5832 3591 5872 ex
3637 5814 3737 5868 ﬁde
