3998 6194
233 252 320 308 609

1472 232 1669 294 LIBER
1710 237 1796 293 DE
1836 228 2327 291 MORTALITATE.

3465 234 3569 291 610

222 371 561 430 incommoda
600 374 732 425 sunt
772 366 936 422 nobis
978 383 1106 421 cum
1152 366 1402 420 bumauo
1434 379 1643 434 genere
1672 377 1826 415 com-
1852 372 1909 444 Α
1931 362 1999 420 ei,
2036 359 2177 412 nihil
2210 359 2452 426 peccavit
2490 357 2586 410 Job
2618 356 2775 409 labiis
2805 357 3005 427 suis-,in
3042 362 3323 427 conspectu
3356 361 3574 413 Domini

221 469 414 523 munia.
477 467 584 530 Sic,
635 480 764 517 cum
823 462 958 516 fietu
1023 460 1199 514 sterili
1260 466 1407 513 terra
1452 457 1651 527 jejuna
1708 458 1827 521 est,

214 562 486 618 neminem
566 559 741 613 fames
807 559 1049 627 separat.
1119 554 1235 619 Sic,
1302 569 1432 606 cum
1506 549 1828 621 irruptione

215 655 382 712 hostili
442 653 634 708 civitas
687 651 880 721 aliqua
936 664 1191 720 possessa
1237 653 1350 715 est,
1413 661 1624 720 omnes
1664 642 1829 696 simul

210 749 487 821 captivitas
515 748 715 800 vastat.
749 745 817 798 Et
854 742 1083 813 quando
1117 741 1364 795 imbrem
1405 738 1598 793 nubila
1631 753 1832 791 serena

207 842 565 914 suspendunt,
606 838 872 894 omnibus
908 836 1127 889 siccitas
1164 851 1274 887 una
1316 838 1419 887 est.
1452 834 1516 886 Et
1553 847 1681 885 cum
1730 847 1826 882 na-

205 954 317 993 vem
364 934 663 1006 scopulosa
711 949 844 986 saxa
887 928 1292 999 constringunt
1332 928 1397 993 '3,
1429 923 1831 995 navigantibus

202 1030 551 1100 naufragium
621 1027 741 1081 sine
807 1024 1141 1095 exceptione
1213 1035 1516 1076 commune
1588 1023 1694 1071 est.
1765 1016 1831 1069 Et

203 1125 485 1180 oculorum
531 1122 709 1186 dolor,
759 1122 815 1173 et
860 1119 1112 1188 impetus
1153 1114 1424 1178 febrium,
1472 1118 1529 1166 et
1569 1110 1829 1165 omnium

200 1218 435 1272 valitudo
494 1214 890 1270 membrorum
931 1227 1061 1265 cum
1108 1209 1326 1264 caeteris
1380 1205 1700 1261 communis
1746 1209 1832 1257 est

198 1311 349 1367 nobis
374 1308 649 1381 quamdiu
678 1309 939 1379 portatur
967 1304 1023 1358 in
1051 1303 1256 1358 saeculo
1287 1317 1418 1356 caro
1442 1299 1549 1354 ista
1577 1313 1829 1353 commu-

202 1405 302 1459 nis.

262 1500 339 1553 IX.
388 1496 753 1564 Quinimmo,
786 1495 831 1548 si
864 1510 978 1565 qua
1021 1490 1369 1558 conditione,
1398 1504 1510 1560 qua
1542 1487 1668 1557 lege
1710 1500 1831 1539 cre-

204 1592 401 1646 diderit
440 1588 795 1645 Christianus
834 1591 1032 1642 noscat
1059 1591 1116 1639 et
1144 1586 1356 1651 teneat,
1387 1581 1527 1636 sciet
1563 1581 1688 1651 plus
1728 1571 1833 1632 sibi

202 1701 363 1757 quam
406 1684 629 1743 caeteris
658 1682 711 1737 in
742 1682 946 1736 saeculo
985 1677 1378 1743 laborandum,
1412 1674 1502 1729 cui
1539 1672 1724 1744 magis
1763 1671 1837 1725 sit

1931 453 2066 520 (Job,
2126 470 2184 517 ll,
2240 452 2348 519 l0).
2400 452 2594 519 Itaque
2646 450 2725 503 illi
2786 449 3058 503 Dominus
3108 451 3253 505 Deus
3306 453 3568 522 perhibet

1932 545 2321 600 testimonium
2365 544 2556 598 dicens
2589 561 2599 595 :
2637 544 3091 598 Animadvertisti
3118 561 3355 614 puerum
3393 563 3569 602 meum

1929 641 2027 694 Job
2045 643 2071 693 ?
2096 642 2214 695 Non
2239 640 2379 692 enim
2410 642 2485 690 cst
2503 637 2699 690 similis
2726 637 2813 689 illi
2847 638 2955 707 (23)
2987 640 3275 706 quisquam
3300 642 3358 693 in
3382 644 3567 701 terris,

1932 735 2084 787 homo
2114 736 2234 787 sine
2270 731 2520 801 querela,
2557 746 2714 784 verus
2755 732 2847 785 Dei
2888 732 3061 784 cultor
3101 732 3284 799 (Ibid.,
3330 750 3366 801 ι,
3398 735 3470 805 8).
3504 736 3572 787 Et

1930 827 2149 891 Tobias,
2205 831 2332 896 post
2389 840 2561 895 opera
2619 823 2951 893 magnifica,
2998 829 3123 893 post
3162 825 3568 881 misericordiae

1932 937 2048 974 sum
2098 920 2278 973 multa
2317 920 2374 972 et
2405 917 2643 988 gloriosa
2682 916 2988 987 prazconia,
3035 918 3345 973 cascitatem
3390 920 3562 974 lumi-

1934 1030 2070 1068 num
2134 1029 2371 1083 passus,
2432 1011 2635 1065 timens
2689 1015 2746 1063 et
2798 1009 3143 1064 benedicens
3199 1012 3257 1064 in
3315 1012 3569 1068 adversis

1936 1109 2130 1172 Deum,
2184 1122 2287 1176 per
2330 1105 2507 1175 ipsam
2559 1105 2814 1175 corporis
2865 1103 2952 1157 sui
3000 1103 3221 1158 cladem
3272 1107 3449 1161 crevit
3499 1108 3569 1163 ad

1933 1201 2189 1267 laudem;
2220 1215 2393 1270 quem
2439 1202 2496 1252 et
2539 1198 2725 1267 ipsum
2756 1213 2901 1251 uxor
2945 1213 3046 1251 sua
3091 1197 3398 1270 depravare
3438 1204 3565 1256 ten-

1934 1293 2073 1347 tavit
2116 1292 2306 1347 dicens
2351 1308 2364 1345 :
2421 1292 2524 1345 Ubi
2565 1296 2695 1344 sunt
2730 1290 2967 1359 justitiz
3016 1295 3120 1345 tuae
3143 1291 3233 1346 15?
3272 1295 3401 1348 Ecce
3453 1308 3572 1363 quae

1929 1389 2136 1457 pateris
2187 1387 2363 1457 (Tob.,
2414 1401 2472 1451 ιι,
2526 1382 2633 1453 14).
2691 1388 2757 1439 At
2804 1384 2915 1451 ille,
2962 1384 3110 1439 circa
3155 1384 3425 1440 timorem
3470 1386 3571 1442 Dei

1934 1481 2146 1535 stabilis
2171 1482 2228 1533 et
2256 1479 2475 1545 ﬁrmus,
2501 1483 2556 1532 et
2585 1477 2657 1532 ad
2686 1493 2923 1532 omnem
2956 1477 3319 1533 tolerantiam
3353 1481 3567 1550 passio-

1934 1575 2023 1628 nis
2050 1574 2157 1627 lide
2197 1572 2490 1643 religionis
2526 1577 2804 1639 armatus,
2845 1571 3143 1626 tentationi
3177 1573 3368 1627 uxoris
3406 1574 3567 1628 inva-

1940 1668 2066 1722 lidie
2096 1668 2151 1721 in
2173 1667 2373 1721 dolore
2398 1682 2512 1721 nou
2539 1665 2723 1730 cessit,
2753 1665 2852 1719 sed
2876 1665 3058 1736 magis
3085 1667 3260 1720 Deum
3289 1667 3565 1737 patientia

204 1753 383 1851 ᾖδε
412 1794 544 1832 cum
578 1776 786 1830 diaboli
828 1771 1259 1845 impugnatione
1287 1769 1635 1824 luctandum.
1667 1767 1834 1820 Docet
1856 1753 1912 1823 Β
1938 1762 2154 1831 majore
2181 1760 2519 1832 promeruit.
2562 1760 2740 1823 Quem
2783 1758 3144 1830 postmodum
3183 1760 3437 1831 Raphael
3463 1777 3566 1816 an-

202 1876 251 1927 et
290 1875 612 1944 prtemonet
653 1869 950 1939 Scriptura
990 1866 1183 1921 divina
1224 1865 1418 1920 dicens
1456 1881 1469 1917 :
1520 1863 1644 1923 Fili,
1685 1875 1828 1914 acce-

202 1967 320 2022 dens
350 1967 424 2021 ad
462 1967 778 2021 servitutem
820 1964 933 2029 Dei,
961 1967 1048 2016 sta
1087 1963 1144 2014 in
1176 1960 1407 2028 justitia
1447 1962 1498 2011 et
1538 1958 1746 2015 timore,
1783 1958 1833 2007 et

195 2077 439 2132 praepara
481 2061 730 2114 animam
772 2064 923 2110 tuam
957 2056 1031 2109 ad
1070 2054 1432 2108 tentationem.
1474 2051 1542 2103 Et
1580 2049 1826 2103 iterum:

203 2157 259 2208 In
302 2155 489 2209 dolore
532 2155 761 2211 sustine,
813 2156 862 2205 et
914 2152 974 2204 in
1020 2149 1327 2202 humilitate
1376 2152 1471 2199 tua
1506 2145 1833 2213 patientiam

203 2249 345 2316 habe,
372 2249 637 2318 quoniam
674 2248 733 2298 in
760 2248 884 2314 igne
916 2243 1188 2314 probatur
1225 2255 1420 2295 aurum
1461 2243 1512 2292 et
1549 2240 1835 2305 argentum

209 2344 266 2409 “,
291 2344 532 2396 homines
570 2355 693 2394 vero
731 2337 1062 2407 receptibiles
1096 2338 1155 2389 in
1189 2335 1398 2389 camino
1439 2330 1835 2385 humiliationis

207 2436 405 2507 (Eccli.,
434 2433 509 2501 u,'
530 2438 547 2488 1
568 2476 581 2501 ,
617 2434 669 2499 4,
698 2437 773 2500 5).

267 2532 323 2583 Χ.
369 2529 463 2584 Sic
506 2527 611 2582 Job
649 2531 775 2598 post
816 2540 1008 2579 rerum
1057 2523 1282 2588 damna,
1344 2522 1469 2591 post
1524 2518 1832 2589 pignorum

208 2623 425 2689 funera,
488 2620 820 2675 vulneribus
870 2633 1098 2689 quoque
1147 2620 1203 2670 et
1253 2613 1540 2669 vermibus
1586 2610 1837 2681 graviter

208 2717 457 2785 afﬂictus,
496 2732 617 2770 non
658 2714 835 2767 victus
878 2717 980 2779 est,
1010 2710 1110 2765 sed
1148 2708 1448 2780 probatus;
1480 2706 1577 2777 qui
1616 2706 1674 2759 in
1704 2703 1837 2775 ipsis

208 2808 708 2865 conﬂictationibus
751 2811 807 2862 et
847 2805 1138 2861 doloribus
1176 2803 1293 2857 suis
1330 2800 1662 2872 patientiam
1700 2798 1833 2852 reli-

209 2906 369 2976 giosze
415 2903 631 2958 mentis
677 2901 985 2956 ostendens
1024 2898 1144 2953 ait:
1174 2896 1365 2953 Nudus
1391 2896 1536 2949 exivi
1577 2894 1644 2948 de
1686 2898 1837 2946 utero

207 3001 404 3060 matris,
450 2996 640 3051 nudus
676 2997 841 3049 etiam
876 2994 966 3047 ibo
1017 2991 1127 3063 (21)
1174 2990 1270 3045 sub
1310 2994 1531 3044 terram.
1583 2988 1840 3041 Dominus

208 3093 375 3154 dedit,
432 3093 702 3164 Dominus
759 3088 1007 3142 abstulit.
1060 3086 1209 3141 Sicut
1253 3085 1475 3139 Domino
1515 3083 1687 3136 visum
1740 3083 1834 3142 est,

210 3189 279 3240 ita
317 3188 539 3253 factum
582 3189 675 3239 est.
726 3183 810 3237 Sit
850 3195 1042 3235 nomen
1083 3176 1293 3234 Domini
1332 3176 1658 3231 benedictum
1698 3173 1835 3243 (Job,

209 3296 243 3345 ι,
279 3283 385 3347 21).
416 3281 652 3333 Etcum
690 3292 823 3331 eum
867 3291 1014 3329 uxor
1043 3288 1273 3344 quoque
1321 3268 1716 3340 compelleret,
1757 3270 1840 3333 ut,

212 3372 256 3426 vi
291 3373 505 3427 doloris
553 3368 879 3441 impatiens,
907 3366 1121 3438 aliquid
1164 3364 1428 3419 adversus
1477 3363 1653 3416 Deum
1701 3376 1840 3432 que-

208 3469 324 3522 rula
387 3470 446 3522 et
512 3464 785 3520 invidiosa
840 3478 978 3517 voce
1041 3461 1393 3530 loqueretur,
1446 3455 1741 3527 respondit
1789 3461 1846 3508 et

212 3562 341 3616 dixit
368 3580 381 3615 :
414 3556 709 3630 Tanquam
738 3574 850 3612 una
876 3572 943 3611 em
965 3555 1166 3626 ineptis
1196 3552 1306 3624 (22)
1328 3551 1644 3606 mulieribus
1667 3550 1845 3604 locuta

211 3673 274 3711 es.
313 3658 373 3713 Si
407 3658 554 3710 bona
596 3655 898 3722 excepimus
947 3651 1013 3705 de
1056 3665 1223 3704 manu
1274 3648 1504 3709 Domini,
1546 3645 1695 3698 mala
1749 3658 1847 3697 cur

214 3766 307 3804 non
362 3749 759 3805 tolerabimus?
807 3748 872 3800 In
926 3746 1006 3799 his
1043 3743 1285 3799 omnibus
1331 3757 1450 3811 quze
1508 3739 1847 3807 contigerunt

1931 1856 2088 1926 gelus
2126 1855 2409 1908 collaudat
2451 1859 2508 1907 et
2544 1853 2681 1907 dicit
2710 1870 2723 1907 :
2755 1851 2930 1922 Opera
2967 1855 3065 1907 Dei
3100 1853 3210 1924 (24)
3240 1857 3478 1911 revelare
3517 1862 3569 1910 et

1931 1951 2168 2019 conﬁteri
2196 1949 2543 2015 honoriﬁcum
2581 1951 2674 2001 est.
2709 1948 2869 2009 Nam,
2913 1947 3132 2016 quando
3172 1948 3368 2002 arabas
3417 1956 3477 2002 tu
3519 1954 3571 2004 et

1930 2046 2071 2100 Sara
2103 2059 2272 2097 nurus
2314 2047 2409 2095 tua
2442 2040 2573 2112 (25),
2610 2054 2705 2109 ego
2745 2040 2918 2094 obtuli
2956 2043 3265 2095 memoriam
3306 2045 3569 2098 orationis

1936 2135 2129 2209 589
2176 2141 2364 2191 vestraD
2406 2137 2463 2189 in
2511 2141 2785 2203 conspectu
2837 2134 3106 2189 claritatis
3157 2137 3271 2189 Dei.
3328 2138 3395 2189 Et
3451 2152 3571 2190 cum

1933 2232 2183 2300 sepelires
2209 2235 2269 2283 tu
2295 2235 2535 2283 mortuos
2560 2229 2897 2298 simpliciter,
2927 2233 2977 2282 et
3002 2230 3134 2298 quia
3172 2243 3280 2283 non
3318 2244 3372 2283 es
3407 2245 3574 2286 cunc-

1938 2331 2086 2380 tatus
2131 2338 2412 2393 eacsurgere
2455 2329 2504 2377 et
2545 2323 2915 2391 derelinquere
2955 2322 3261 2391 prandium
3305 2327 3477 2386 tuum,
3523 2328 3574 2379 et
3655 2376 3663 2381 .

1937 2419 2103 2473 abisti
2128 2423 2176 2472 et
2202 2417 2493 2471 condidisti
2527 2420 2817 2477 mortuum,
2858 2417 3056 2471 missus
3091 2431 3210 2470 sum
3249 2421 3455 2471 tentare
3501 2422 3571 2485 te,

1936 2518 1987 2567 et
2018 2515 2214 2566 iterum
2254 2526 2335 2565 me
2368 2513 2516 2565 misit
2548 2513 2686 2565 Deus
2724 2524 2917 2563 curare
2957 2516 3007 2563 te
3044 2514 3095 2564 et
3134 2508 3331 2565 Suram
3372 2526 3575 2566 nurum

1938 2611 2103 2660 tuam.
2138 2608 2247 2673 Ego
2277 2606 2417 2658 enim
2453 2619 2572 2658 sum
2607 2603 2851 2672 Raphael
2878 2617 3018 2657 unus
3047 2618 3114 2657 ea:
3135 2608 3332 2673 septem
3366 2606 3573 2672 angelis

1936 2701 2137 2754 sanctis
2162 2701 2258 2767 qui
2279 2699 2580 2752 assistimus
2608 2702 2659 2752 et
2697 2711 3077 2751 conversamur
3104 2702 3232 2751 ante
3260 2697 3572 2754 claritatem

1938 2796 2039 2848 Dei
2066 2793 2237 2862 (Tub.,
2270 2808 2366 2857 xu,
2398 2792 2610 2859 11-15).

2008 2886 2096 2941 ΧΙ.
2155 2886 2306 2940 Hanc
2355 2882 2720 2939 tolerantiam
2760 2882 2898 2954 justi
2946 2898 3173 2955 semper
3220 2883 3580 2956 habuerunt,

1939 2980 2085 3035 hanc
2124 2979 2366 3051 apostoli
2404 2977 2766 3049 disciplinam
2805 2977 2877 3031 de
2919 2977 3148 3032 Domini
3194 2976 3323 3050 lege
3370 2982 3574 3035 tenue-

1940 3076 2094 3144 runt,
2140 3090 2257 3129 non
2305 3072 2604 3126 mussitare
2653 3071 2710 3126 in
2752 3071 3019 3141 adversis,
3068 3072 3164 3128 sed
3215 3088 3575 3145 quaecunque

1940 3123 2094 3144 ___--,
2140 3123 2257 3129 --η
2655 3123 2709 3126 ,η
3070 3123 3163 3128 -__
3222 3123 3458 3144 1----“
3508 3123 3574 3129 η

1860 3123 1915 3197 C
1943 3169 2003 3223 in
2046 3169 2249 3223 saeculo
2293 3166 2556 3221 accidunt
2597 3165 2820 3220 fortiter
2861 3168 2918 3219 et
2957 3164 3243 3237 patienter
3289 3123 3577 3238 accipei'e,

1943 3280 2073 3318 cum
2122 3260 2451 3316 Judaeorum
2509 3260 2753 3331 papulas
2806 3259 2938 3314 hinc
2995 3276 3218 3331 semper
3275 3259 3579 3317 offenderit

1944 3357 2098 3428 quod
2164 3355 2433 3410 adversus
2498 3356 2675 3409 Deum
2741 3352 3091 3424 frequentius
3152 3360 3576 3425 murmuraret,

1943 3450 2090 3505 sicut
2139 3452 2373 3504 testatur
2425 3447 2481 3501 in
2524 3446 2780 3501 Numeris
2832 3445 3105 3501 Dominus
3147 3448 3292 3503 Deus
3328 3448 3522 3503 dicens
3564 3467 3578 3504 :

1945 3545 2167 3599 Desinat
2205 3544 2563 3597 murmuratio
2607 3556 2790 3596 eorum
2833 3556 2869 3594 a
2908 3556 3010 3604 me,
3049 3545 3102 3595 et
3136 3557 3243 3596 non
3279 3545 3584 3598 morientur

1944 3640 2147 3710 (Nam,
2201 3653 2351 3705 xvm,
2400 3636 2511 3707 25).
2561 3635 3033 3690 Murmurandum
3082 3652 3198 3690 non
3238 3639 3324 3691 cst
3365 3636 3475 3708 (26)
3524 3638 3581 3691 in

1947 3730 2218 3800 adversis,
2267 3732 2474 3785 fratres
2516 3728 2886 3797 dilectissimi,
2924 3728 3026 3783 sed
3062 3729 3346 3800 patienter
3381 3736 3436 3785 et
3472 3730 3581 3785 for-

1588 3882 1798 3947 Variee
1865 3878 2201 3942 lectiones.

273 4033 308 4063 "
335 4029 717 4091 Confringunt
740 4027 880 4075 Lam.
914 4026 1022 4075 Lin.
1056 4025 1161 4075 ΝΟ.
1194 4025 1235 4073 1.
1271 4020 1414 4072 Ebor.
1446 4020 1569 4073 Bod.
1594 4021 1641 4070 4.
1712 4020 1751 4051 ¹⁴
1778 4020 1841 4068 Λι

1949 4021 2102 4068 itum.
2135 4010 2229 4061 Sic
2256 4010 2363 4062 Job
2387 4010 2531 4061 Lam.
2569 4008 2719 4059 liber.
2748 4009 2856 4058 Lin.
2883 4008 2992 4058 ΝΟ.
3023 4009 3069 4069 1,
3097 4007 3144 4057 2.
3173 4006 3343 4056 Paris.
3385 4004 3508 4056 Bod.
3534 4004 3583 4069 Ξ,

215 4104 256 4159 3,
288 4104 332 4151 4.
402 4102 441 4133 ιε
473 4099 548 4149 Et
574 4099 948 4158 eleemosynaa
984 4098 1123 4145 Voss.
1154 4094 1202 4144 2.
1234 4094 1367 4143 Pem.

1511 4211 1735 4293 Steph.
1778 4210 2014 4273 Baluzii
2056 4215 2249 4273 notae.

216 4350 445 4409 quatuor
476 4348 727 4395 veterum
765 4343 1185 4408 exemplarium,
1230 4355 1328 4405 pro
1374 4354 1439 4390 eo
1482 4337 1632 4403 quod
1679 4340 1838 4388 antea

215 4416 494 4479 legebatur
516 4417 765 4479 Spiritus.
801 4416 860 4463 In
903 4413 1124 4463 duobus
1162 4416 1348 4462 autem
1392 4424 1460 4461 ex
1498 4412 1564 4459 iis
1606 4412 1843 4473 quatuor

1944 4339 2094 4389 tione
2132 4335 2382 4386 Morellii.

2007 4410 2100 4471 (23)
2127 4408 2245 4459 Non
2280 4410 2355 4456 est
2379 4401 2569 4455 similis
2599 4399 2700 4471 illi.
2738 4396 2969 4448 Ovidius
3015 4396 3109 4446 lib.
3146 4408 3163 4444 ῐ
3198 4391 3584 4455 Μθιαηιονρὴιο

217 4470 501 4537 codicibus
536 4470 801 4550 scriptum
832 4498 953 4535 esse
994 4484 1243 4543 Christus,
1289 4496 1355 4532 eo
1404 4480 1569 4530 modo
1615 4470 1726 4542 quo
1747 4492 1844 4541 per
1869 4503 1928 4573 D
1950 4470 2073 4531 scan
2094 4481 2333 4544 loquens
2360 4477 2428 4526 de
2459 4470 2806 4523 Deucalione
2835 4484 2846 4516 ε

230 4572 239 4573 κ
465 4561 502 4573 ς.
826 4558 869 4573 νιν
975 4570 989 4573 _
1056 4557 1186 4573 ,ΑΙΑΑ
1264 4554 1427 4573 --μεμε
1497 4552 1721 4573 οΛέηἰι..-
1799 4554 1846 4573 ηδ

220 4561 607 4625 compendium
661 4558 996 4623 quandoque
1052 4557 1191 4605 solet
1263 4554 1430 4604 scribi
1490 4552 1741 4625 Spiritus,
1797 4554 1852 4599 et

221 4623 371 4694 supra
394 4633 601 4681 lineam
646 4632 914 4693 scriptum
957 4631 1041 4678 est
1076 4626 1155 4676 vel
1202 4626 1449 4688 Spiritus.
1491 4623 1659 4672 Porro
1705 4632 1851 4694 saape

222 4692 547 4766 inventiquis
594 4692 886 4750 codicibus
931 4697 1324 4758 manuscriptis
1379 4694 1624 4758 Operam
1673 4692 1849 4743 sancti

223 4764 477 4835 Cypriani
509 4777 565 4823 et
591 4772 827 4822 aliorum
864 4776 1114 4820 veterum
1145 4770 1479 4830 scriptorum
1515 4764 1852 4816 ecclesiasti-

224 4853 405 4892 corum
432 4844 547 4893 vidi
580 4844 848 4906 scriptum
889 4841 1118 4904 Spiritus
1156 4852 1253 4902 pro
1297 4838 1532 4887 Christus
1575 4841 1630 4886 et
1659 4850 1689 4886 θ
1724 4848 1854 4885 con-

225 4927 391 4975 verso,
433 4917 489 4963 in
523 4917 715 4979 primis
741 4928 870 4964 vero
899 4911 1047 4976 apud
1082 4915 1367 4960 auctorem
1398 4908 1522 4957 libri
1562 4908 1624 4956 de
1652 4906 1854 4968 ltebap—

228 4986 443 5045 tismate,
504 4977 599 5050 qui
646 5000 768 5050 pag.
828 4986 922 5035 364
969 4984 1211 5033 referens
1264 4981 1451 5031 locum
1491 4992 1559 5029 ex
1605 4977 1854 5040 Epistola

225 5057 391 5119 prima
432 5059 767 5106 Joannisin
819 5072 931 5120 quo
979 5056 1182 5117 legitur
1236 5052 1471 5102 Christus
1513 5055 1583 5099 est
1632 5050 1851 5107 veritas,

227 5130 399 5190 posuit
424 5128 657 5193 Spiritus
686 5134 755 5178 est
776 5128 992 5177 veritas.
1032 5126 1161 5176 Scio
1184 5123 1466 5175 Christum
1499 5120 1855 5193 alibiivocari

228 5190 494 5262 spiritum,
528 5200 693 5249 etiam
727 5198 875 5262 apud
906 5197 1276 5261 Cyprianum;
1320 5193 1435 5255 sed,
1482 5205 1611 5243 cum
1648 5190 1855 5240 habea-

230 5282 347 5319 mus
401 5270 570 5321 aliam
615 5271 909 5320 lectionem
962 5268 1295 5325 faciliorem,
1352 5277 1581 5314 necesse
1626 5276 1737 5311 non
1771 5265 1857 5311 est

230 5354 341 5392 eam
378 5345 612 5394 retinere
648 5355 775 5407 quas
813 5345 994 5405 potest
1040 5338 1246 5389 habere
1273 5336 1660 5386 difficultatem
1697 5338 1751 5383 et
1778 5334 1858 5383 in-

232 5413 423 5465 ducere
448 5414 863 5465 obscuritatem.

290 5485 380 5548 (21)
438 5485 624 5535 Nudus
668 5484 771 5535 ibo.
817 5483 955 5533 Vide
994 5481 1291 5532 Frontonis
1335 5478 1526 5529 Ducaii
1582 5480 1746 5526 notas
1800 5476 1856 5524 in

234 5547 512 5607 humiliam
538 5570 594 5609 v1
622 5556 1004 5620 Cbrysostomi
1053 5552 1126 5602 ad
1166 5550 1419 5618 populum
1457 5547 1856 5599 Antiochenam.

236 5626 366 5678 Vide
394 5632 560 5679 etiam
590 5629 681 5679 lib.
704 5641 761 5678 ιιι
802 5627 1253 5682 Testimoniorum,
1284 5637 1403 5686 cap.
1430 5622 1477 5671 ϐ.

296 5699 391 5759 (22)
470 5702 675 5763 Ineptis.
728 5700 845 5764 Ego
902 5698 1133 5758 mutavi,
1190 5709 1318 5745 cum
1370 5698 1532 5744 antea
1586 5691 1863 5755 legeretur

243 5768 617 5835 insipientibus,
660 5772 789 5837 quia
830 5771 1019 5834 ineptis
1053 5768 1320 5832 scriptum
1371 5765 1486 5814 vidi
1528 5764 1583 5812 in
1622 5765 1863 5837 septem-

246 5841 416 5898 decim
463 5833 616 5898 libris
667 5833 888 5908 nostris,
934 5844 992 5894 in
1043 5844 1168 5894 octo
1215 5837 1541 5906 Anglicanis
1574 5839 1630 5890 et
1663 5836 1721 5885 in
1745 5833 1863 5886 edi-

2075 4580 2185 4628 Nou
2224 4578 2312 4625 illo
2343 4573 2527 4624 melior
2551 4568 2825 4633 quisquam
2856 4580 2957 4615 nec
2985 4562 3246 4614 amantior
3268 4561 3405 4624 inqui

2077 4651 2170 4699 Vir
2198 4648 2308 4697 fuit.

2015 4753 2111 4815 (24)
2170 4752 2342 4814 Opera
2402 4747 2510 4795 Dei.
2560 4744 2639 4793 Ita
2690 4741 2857 4815 etiam
2910 4738 2967 4787 in
3023 4735 3166 4815 libro
3220 4734 3309 4815 de.
3344 4732 3593 4815 Dratione

1958 4806 2236 4874 Dominic't
2257 4835 2310 4884 ι).
2354 4819 2463 4868 214.
2497 4819 2642 4865 Ante
2672 4825 2803 4863 vero
2836 4810 2961 4884 base
2996 4806 3163 4884 verba
3206 4806 3475 4868 scriptum
3507 4807 3592 4883 est

1953 4897 2012 4946 in
2035 4894 2228 4945 codice
2260 4875 2586 4941 .Turonensi
2643 4887 2698 4935 et
2743 4885 2801 4932 in
2835 4882 3101 4939 Fuxensi,
3156 4881 3410 4927 secretum
3448 4875 3591 4946 regis

1952 4945 2125 5017 celare
2154 4966 2359 5015 bonum.
2390 4957 2551 5022 Quod
2574 4955 2791 5005 videtur
2820 4966 2939 5002 esse
2968 4964 3035 5001 ex
3068 4950 3440 5022 glossemate;
3460 4945 3589 5022 Ideo

1953 5051 2065 5088 non
2096 5017 2497 5085 nddidimusvin
2542 5030 2824 5087 contextu,
2851 5022 3104 5088 quamvis
3130 5022 3186 5070 in
3213 5033 3261 5070 c.
3289 5030 3370 5069 xu
3398 5017 3588 5067 Tobia:

1956 5110 2223 5172 scriptum
2272 5106 2344 5154 sit
2397 5103 2662 5152 Secretum
2707 5097 2844 5161 regis
2899 5092 3221 5144 abscondere
3271 5090 3464 5139 bonum
3501 5096 3590 5138 est.

1958 5181 2216 5230 Horatius
2242 5176 2418 5239 Epist.
2449 5184 2586 5222 xvm
2618 5185 2629 5218 :

2083 5291 2343 5337 Arcanum
2369 5294 2538 5345 neque
2564 5283 2619 5328 tu
2646 5274 2891 5326 scrutaris
2925 5271 3082 5322 ullius
3110 5282 3374 5334 umquam.

2025 5398 2119 5460 (‘25)
2149 5396 2327 5445 Nurus
2353 5398 2466 5442 tua.
2502 5389 2602 5439 Has
2643 5386 2771 5436 dum
2816 5395 2983 5460 voces
3022 5379 3221 5430 desunt
3262 5379 3318 5428 in
3342 5389 3594 5460 inoxem—

1960 5449 2138 5521 decim
2166 5466 2320 5515 libris
2348 5462 2553 5512 nostris
2578 5464 2633 5509 et
2676 5461 2732 5507 in
2762 5454 3026 5505 undecim
3058 5450 3402 5515 Anglicanis.
3433 5449 3593 5498 Certe

1960 5540 2291 5592 necessariae
2342 5547 2453 5585 non
2500 5534 2649 5589 sunt,
2713 5541 2842 5578 cum
2896 5526 3029 5575 satis
3084 5524 3155 5573 sit
3230 5534 3324 5592 eas
3390 5521 3595 5592 positas

1962 5590 2089 5666 esse
2139 5609 2304 5675 paulo
2355 5607 2496 5670 post,
2535 5602 2630 5653 ubi
2685 5602 2843 5650 locus
2888 5599 3009 5647 istae
3061 5606 3231 5644 sacrm
3293 5590 3593 5653 Scriptura:

1963 5686 2215 5737 refertur.

2027 5730 2598 5819 létililliurmurandum
2640 5746 2888 5819 nonest.
2941 5738 3315 5819 hieronymus
3359 5733 3413 5781 in
3442 5730 3597 5819 “Epﬂi-

1964 5800 2121 5882 stdla'
2150 5800 2254 5878 ad
2294 5800 2689 5875 Pammachium
2733 5817 2787 5867 et
2821 5815 3085 5864 Oceanum
3134 5806 3397 5858 adversus
3442 5800 3601 5855 Ruﬁ-
