3998 6194
446 261 540 318 6H

1352 258 1409 317 S.
1452 260 1766 320 CYI’RlANI
1803 218 2074 320 OPER‘UM
2120 264 2288 320 PARS
2329 264 2390 320 ll.
2425 297 2491 306 -—
2522 262 2890 324 UPUSCULA.

3656 286 3741 341 61?.

434 391 567 444 titer
617 387 894 460 quidquid
932 388 1200 443 acciderit
1236 388 1667 454 sustinendum,
1714 406 1842 444 cum
1885 390 2065 462 scrip-
2091 405 2144 474 Α
2170 392 2353 445 lilium
2379 391 2665 461 jubcreris
2691 392 2991 448 occidere?
3012 393 3096 450 Ad
3118 395 3313 449 omnia
3332 403 3572 465 paratum
3590 403 3748 463 facere

432 488 567 538 tam
593 483 663 537 sit
701 504 711 537 :
743 484 1079 550 Sacriﬁcium
1118 484 1224 536 Deo
1262 485 1488 552 spiritus
1527 483 1945 547 contribulatus,
1981 500 2071 537 cor

430 579 719 632 contritum
763 579 814 630 et
856 576 1205 630 humiliatum
1244 578 1384 630 Deus
1422 592 1530 630 non
1567 577 1796 646 despicit
1826 578 1989 645 (Psal.
2019 593 2070 644 ιι,

436 671 556 741 19);
588 670 646 723 in
679 668 1120 723 Deuteronomio
1166 686 1394 740 quoque
1441 674 1670 723 moneat
1705 687 1806 740 per
1845 671 2067 741 Moysen

431 763 679 834 Spiritus
735 766 961 821 sanctus
1005 769 1060 818 et
1113 763 1264 816 dicat
1317 765 1362 798 ¹⁶
1404 780 1416 817 :
1457 766 1719 818 Dominus
1765 767 1902 818 Deus
1946 769 2072 818 tuus

428 857 647 912 versabit
687 861 755 918 te,
799 863 849 911 et
891 858 1093 923 famem
1134 856 1340 925 injiciet
1382 858 1502 919 tibi,
1548 863 1596 911 ct
1635 863 1974 925 cognoscetur
2011 860 2072 911 in

433 951 592 1006 corde
614 948 804 1022 590
830 955 920 1005 tuo
942 952 993 1005 si
1012 950 1138 1005 bene
1166 951 1482 1005 custodieris
1504 956 1778 1019 praecepta
1804 950 1937 1018 ejus,
1963 952 2072 1005 sive

429 1059 539 1097 non
578 1046 779 1114 (Deut.,
826 1059 944 1111 vin,
973 1041 1051 1114 2).
1079 1044 1147 1097 Et
1172 1043 1378 1097 iterum
1416 1059 1428 1097 :
1468 1045 1663 1097 Tentat
1702 1058 1794 1097 vos
1833 1042 1944 1113 (27)
1972 1045 2073 1098 Do-

429 1140 610 1191 minus
651 1137 787 1190 Deus
809 1142 999 1196 vester,
1026 1142 1087 1189 ut
1113 1138 1249 1190 sciat
1271 1138 1317 1190 si
1341 1136 1575 1204 diligitis
1599 1139 1884 1191 Dominum
1905 1140 2071 1191 Deum

427 1234 664 1285 vestrum
692 1246 759 1284 ea:
795 1234 902 1284 toto
946 1229 1104 1284 corde
1143 1234 1314 1286 vestro
1340 1234 1389 1284 et
1427 1245 1492 1284 ea:
1524 1235 1637 1285 tota
1662 1232 1850 1285 anima
1891 1234 2071 1284 vestra

431 1323 635 1393 (Deut.,
663 1339 779 1390 xm,
807 1323 882 1394 4).

504 1417 614 1494 Xll.
661 1417 748 1472 Sic
792 1416 1082 1472 Abraham
1124 1417 1238 1471 Deo
1276 1416 1511 1488 placuit,
1548 1417 1668 1489 qui,
1711 1422 1776 1472 ut
1818 1417 2072 1488 placeret

432 1510 570 1577 Deo,
603 1526 709 1564 nec
745 1509 1012 1564 amittere
1053 1508 1235 1564 ﬁlium
1275 1510 1487 1578 timuit,
1520 1526 1625 1565 nec
1661 1527 1860 1583 gerere
1893 1510 2071 1583 parri-

431 1601 645 1657 cidium
693 1602 977 1658 recusavit
1011 1603 1184 1671 (Gen,
1220 1603 1337 1673 xx).
1381 1604 1492 1668 Qui
1532 1604 1712 1659 ﬁlium
1755 1621 1867 1659 non
1908 1610 2070 1675 potes

429 1695 559 1767 lege
595 1699 652 1751 et
689 1699 843 1752 sorte
879 1696 1244 1752 mortalitatis
1277 1697 1567 1766 amittere,
1608 1698 1747 1769 quid
1781 1698 1998 1753 faceres
2022 1698 2067 1752 si

2175 484 2344 538 timor
2388 486 2484 538 Dei
2534 490 2591 540 et
2639 486 2782 540 ﬁdes
2836 487 3027 541 debet.
3073 488 3155 543 Sit
3205 489 3333 543 licet
3374 492 3449 544 rei
3501 494 3748 556 familiaris

2173 578 2400 633 amissio
2440 580 2571 649 (28),
2619 582 2691 635 sit
2733 580 2801 635 de
2848 581 3248 636 iufestantibus
3304 584 3505 639 morbis
3555 592 3750 649 assidua

2174 672 2571 727 membrorum
2617 677 2674 728 et
2710 681 2942 729 cruenta
2982 675 3224 744 vexatio,
3270 675 3339 730 sit
3383 676 3447 731 de
3485 696 3660 750 uxore,
3695 688 3751 742 de

2171 764 2384 830 liberis,
2436 767 2505 821 de
2554 768 2958 823 excedentibus
3002 768 3188 822 charis
3230 769 3479 825 funebris
3515 778 3567 828 et
3608 778 3754 834 tristis

2171 855 2417 925 avulsio;
2472 873 2584 911 non
2630 858 2742 910 sint
2786 857 2886 912 tibi
2928 858 3192 913 scandala
3239 858 3374 926 ista,
3422 861 3513 915 sed
3558 867 3749 937 praelia;

2174 964 2275 1002 nec
2306 948 2605 1005 debilitent
2630 955 2729 1005 aut
2759 952 3030 1022 frangant
3065 952 3367 1007 Christiani
3398 954 3556 1010 ﬁdem
3585 960 3644 1027 ‘7,
3675 963 3754 1016 sed

2171 1036 2359 1107 potius
2410 1040 2712 1094 ostendant
2762 1040 2820 1093 in
2872 1040 3271 1096 colluctatione
3323 1041 3595 1113 virtutem,
3646 1064 3753 1104 cum

2172 1135 2398 1188 contem
2409 1134 2594 1188 nenda
2613 1133 2684 1188 sit
2699 1132 2884 1189 omnis
2900 1134 3107 1205 injuria
3131 1136 3408 1189 malorum
3432 1141 3753 1207 praesentium

2172 1226 2380 1283 ﬁducia
2400 1227 2724 1282 futurorum
2747 1227 3055 1283 bonorum.
3076 1228 3188 1282 Nisi
3214 1231 3556 1299 praecesserit
3572 1249 3754 1304 pugna,

2170 1338 2288 1377 non
2345 1318 2536 1392 potest
2590 1336 2709 1375 esse
2756 1321 2993 1376 victoria
3033 1338 3047 1376 :
3091 1337 3223 1377 cum
3272 1322 3443 1377 fuerit
3482 1324 3535 1378 in
3577 1342 3757 1398 pugna:

2172 1415 2577 1487 congressione
2627 1414 2887 1482 victoria,
2942 1420 3077 1470 tunc
3117 1415 3284 1470 datur
3330 1416 3660 1473 vincentibus
3711 1427 3760 1477 et

2172 1525 2401 1564 corona.
2433 1508 2597 1564 Navis
2625 1508 2671 1542 ¹⁸
2698 1507 3046 1579 gubernator
3071 1508 3179 1581 (29)
3218 1508 3275 1563 in
3308 1514 3626 1580 tempestate
3649 1513 3756 1584 dig-

2172 1603 2450 1671 noscitur,
2497 1602 2555 1657 in
2606 1603 2725 1657 acie
2776 1602 2943 1657 miles
2985 1602 3275 1674 probatur.
3328 1603 3566 1658 Delicata
3603 1605 3759 1676 jacta-

2171 1697 2252 1752 tio
2281 1696 2388 1768 (30)
2420 1700 2504 1753 est
2532 1712 2662 1751 cum
2700 1696 3021 1767 periculum
3061 1713 3178 1751 non
3220 1700 3323 1752 est.
3355 1698 3683 1794 Coutlicotatio
3710 1701 3759 1754 in

1796 1840 2008 1903 Varia
2068 1839 2407 1904 lectiones.

489 1973 528 2005 ¹⁶
553 1971 798 2024 Monet...
834 1969 990 2022 dicit.
1021 1968 1200 2020 Routh.
1231 1984 1294 2019 ea:
1319 1969 1351 2019 5
1373 1970 1525 2020 codd.
1596 1968 1637 2004 ¹⁷
1668 1970 2044 2023 Christianam
2078 1970 2245 2021 ﬁdem
2281 1970 2458 2021 Routh.
2482 1984 2545 2019 ea:
2583 1970 2704 2021 trib.
2737 1971 2846 2021 cod.
2921 1972 2958 2005 ‘3
2984 1973 3123 2023 Nam
3164 1973 3515 2038 gubernator.
3549 1975 3704 2024 Prisca
3725 1980 3768 2025 et

424 2043 643 2109 probata
670 2044 821 2093 lectio
850 2043 988 2106 Lips.
1016 2042 1155 2092 Nam
1181 2047 1231 2091 et
1255 2043 1415 2092 navis
1444 2045 1693 2105 emunxit
1725 2042 1901 2091 Rauth.

1754 2125 1980 2261 Steph.
2018 2176 2266 2243 Baluzii
2296 2182 2490 2242 note.

426 2333 562 2371 num
618 2336 628 2369 ε

426 2391 778 2442 dissimulare
815 2392 1215 2442 conscientiam
1270 2396 1321 2440 et
1380 2390 1562 2441 cordis
1615 2390 1885 2441 nubilum.
1918 2392 2061 2440 fron-

429 2464 499 2513 tis
528 2464 826 2514 serenitate
856 2463 1150 2514 discutere.
1185 2478 1214 2510 »
1245 2464 1396 2513 Inter
1429 2461 1685 2511 mandata
1733 2476 1857 2525 quas
1900 2475 2060 2512 sanc-

427 2537 517 2584 tus
543 2534 878 2595 Ludovicus,
926 2546 1021 2583 rex
1059 2534 1416 2593 Francorum,
1469 2533 1713 2583 moriens
1760 2533 1911 2582 dedit
1944 2533 2061 2583 ﬁlio

423 2618 545 2666 suo,
574 2603 719 2653 istud
752 2604 1023 2667 imprimis
1064 2606 1333 2669 reperitur
1365 2619 1376 2651 :
1403 2621 1431 2653 α
1465 2605 1746 2665 Praeterea,
1790 2605 1837 2654 si
1876 2606 2061 2654 Domi-

420 2690 529 2726 nus
579 2676 681 2725 tibi
719 2675 965 2740 aliquam
1008 2676 1422 2726 tribulationem
1477 2674 1683 2725 habere
1730 2676 2057 2738 permiserit,

418 2747 660 2811 benigne
713 2749 766 2794 et
814 2758 944 2796 cum
990 2748 1288 2809 gratiarum
1337 2746 1553 2795 actione
1625 2746 1795 2795 debes
1878 2746 2057 2795 susci-

419 2831 626 2883 pere.»
678 2816 1009 2881 Fulgentius
1055 2816 1356 2877 Placiades,
1399 2816 1495 2867 lib.
1543 2830 1578 2866 ιι
1628 2817 2056 2881 Mythologicon:

420 2909 449 2937 α
469 2888 703 2951 Sapiens
732 2889 880 2938 enim
907 2888 1153 2937 dolorem
1192 2901 1358 2936 suum
1408 2891 1507 2936 aut
1546 2886 1878 2952 benignitati
1904 2902 2057 2937 com-

422 2958 650 3010 mendat
679 2962 776 3007 aut
807 2958 1095 3009 oblivioni.
1129 2977 1157 3004 »
1189 2958 1341 3009 Idem
1381 2972 1547 3023 supra
1576 2958 1792 3008 dixerat
1829 2959 2059 3009 oblivio-

421 3044 551 3081 nem
577 3042 697 3081 esse
745 3029 1082 3080 medicinam
1121 3030 1487 3080 miseriarum.
1534 3030 1813 3092 Horatius,
1867 3030 1962 3079 lib.
1999 3044 2056 3092 ιι,

576 3183 797 3247 Equam
828 3187 1097 3233 memento
1123 3182 1285 3232 rebus
1309 3182 1362 3233 in
1388 3182 1562 3232 arduis

576 3255 793 3303 Servare
824 3256 1074 3303 mentem.

418 3335 668 3401 Epistola
699 3335 936 3384 (Enonis
961 3334 1030 3384 ad
1060 3324 1332 3396 Paridem,
1368 3333 1519 3397 apud
1548 3333 1807 3385 Ovidium
1841 3350 1851 3383 :

481 3415 688 3464 Leniter
709 3428 774 3463 ex
801 3413 984 3463 merito
1010 3413 1263 3477 quidquid
1303 3415 1491 3477 patiare
1518 3414 1789 3464 ferendum
1820 3419 1897 3465 est
1931 3431 1945 3465 :

664 3487 788 3545 Quae
814 3485 956 3535 venit
982 3484 1198 3549 indigno
1227 3500 1402 3550 pcena,
1433 3487 1658 3537 dolenda
1682 3488 1840 3537 venit.

417 3565 560 3617 Vide
596 3568 659 3617 Α.
687 3565 952 3628 Gellium,
991 3564 1089 3615 lib.
1131 3578 1254 3627 xm,
1295 3578 1415 3630 cap.
1457 3567 1539 3629 26,
1585 3570 1638 3618 et
1687 3581 1811 3631 quas
1842 3567 1911 3618 ad
1946 3569 2055 3619 eri-

423 3637 668 3705 gendum
699 3637 944 3686 animum
971 3635 1257 3688 Ciceronis
1293 3638 1503 3687 exsulis
1536 3642 1591 3689 et
1637 3638 1847 3697 afﬂicti,
1878 3639 2054 3690 disse-

421 3711 493 3760 rit
523 3708 800 3759 Philiscus
831 3706 977 3771 apud
1011 3708 1247 3758 Dionem
1270 3706 1525 3759 Cassium
1551 3708 1647 3758 lib.
1676 3722 1925 3760 XXXVIII.

487 3779 583 3843 (27)
613 3780 793 3829 Tentat
818 3790 926 3827 vos.
956 3778 1035 3827 Ita
1075 3779 1241 3827 etiam
1294 3780 1350 3828 in
1390 3779 1531 3829 libro
1578 3780 1641 3829 de
1674 3780 2060 3831 Exhortatione

419 3850 699 3912 Martyrii,
735 3863 854 3913 cap.
888 3850 936 3910 9,
978 3853 1034 3899 et
1077 3848 1172 3899 lib.
1210 3862 1266 3899 ιιι
1324 3850 1769 3913 Testimoniorum,
1806 3865 1926 3916 cap.
1979 3854 2052 3902 15.

425 3920 567 3971 Vide
600 3925 760 3971 notas
794 3925 1012 3971 nostras
1034 3921 1100 3971 ad
1134 3921 1511 3986 Agobardum,
1553 3936 1604 3985 p.
1632 3924 1665 3973 9

481 3992 581 4053 (28)
623 3992 701 4041 Sit
768 3991 882 4041 licet
927 3992 1004 4040 rei
1052 3991 1341 4053 familiaris
1382 3994 1619 4043 amissio.
1683 3993 1933 4054 Ruﬁnus,
1999 3995 2058 4043 in

423 4064 564 4113 Psal.
594 4074 712 4113 xcv
768 4078 778 4110 :
825 4081 854 4108 α
899 4063 1177 4113 Turbetur
1212 4068 1372 4125 terra,
1424 4064 1679 4116 turbetur
1719 4080 1888 4124 mare.
1941 4069 2055 4115 tur-

416 4133 620 4185 bentur
645 4134 831 4183 omnia
858 4134 1132 4185 elementa
1160 4149 1172 4193 ;
1203 4136 1305 4186 Dei
1351 4150 1544 4187 servus
1588 4138 1899 4201 intrepidus
1942 4151 2055 4187 ma—

416 4210 562 4256 neat.
588 4223 617 4252 »

487 4276 583 4336 (29)
628 4276 799 4326 Navis
853 4275 1190 4340 gubernator.
1242 4278 1405 4328 Hunc
1462 4279 1669 4340 locum,
1727 4283 1886 4330 antea
1938 4292 2058 4329 mu-

425 4347 607 4406 tilum,
635 4361 760 4397 cum
789 4346 1063 4411 legeretur
1108 4360 1234 4397 nam
1282 4362 1380 4412 pro
1431 4352 1601 4412 navis,
1641 4364 1743 4399 nos
1781 4350 2057 4413 supplevi-

421 4432 548 4468 mus
581 4431 684 4481 ope
731 4417 967 4469 duorum
1026 4425 1276 4469 veterum
1319 4421 1739 4485 exemplarium.
1792 4422 1853 4470 In
1879 4421 2057 4471 tribus

421 4489 578 4538 deest
603 4489 935 4540 vocabulum
970 4503 1112 4550 nam,
1139 4490 1290 4555 quod
1336 4491 1470 4542 alibi
1523 4496 1577 4542 et
1619 4493 1674 4541 in
1719 4491 2056 4543 editionibus

419 4562 644 4624 ponitur
691 4564 819 4611 ante
884 4559 1218 4623 gubernator.
1278 4561 1442 4611 Error
1502 4567 1599 4613 est.
1670 4562 1781 4614 Sed
1871 4567 2056 4613 tamen

421 4644 572 4682 error
602 4633 694 4681 ille
723 4632 965 4682 ostendit
992 4645 1176 4681 veram
1229 4646 1348 4683 esse
1392 4633 1689 4684 lectionem
1734 4648 1900 4699 quam
1954 4648 2056 4684 nos

413 4700 714 4753 atferimus.
750 4704 1066 4753 Lactantius
1104 4703 1199 4753 lib.
1255 4716 1332 4763 ιιι,
1371 4719 1473 4769 cap
1542 4706 1607 4755 13
1642 4721 1653 4754 :
1684 4726 1709 4750 «
1736 4706 1901 4755 Navis
1935 4707 2055 4756 sine

417 4773 787 4835 gubernatore
821 4772 936 4822 abit
979 4786 1216 4835 pessum.
1264 4794 1290 4819 »
1323 4776 1432 4825 Leo
1478 4790 1619 4840 papa
1655 4777 1674 4826 Ι
1726 4778 1780 4825 in
1823 4776 2055 4840 epistola

416 4845 488 4893 ad
528 4845 791 4895 Rusticum
850 4858 862 4891 :
911 4862 938 4889 α
974 4843 1112 4906 Quis
1156 4847 1299 4895 inter
1354 4845 1562 4897 ﬂuctus
1632 4849 1797 4898 maris
1854 4859 2052 4897 navem

414 4918 632 4981 diriget,
678 4918 723 4966 si
778 4916 1116 4979 gubernator
1154 4917 1469 4969 abscedat?
1508 4935 1537 4967 »
1573 4919 1785 4970 Seneca
1832 4921 1884 4969 in
1916 4920 2055 4970 libro

412 4989 476 5037 de
533 4988 890 5047 Providentia,
946 5001 1068 5050 cap.
1104 4989 1185 5037 ιε
1236 5006 1261 5029 α
1308 4988 1745 5041 Gubernatorem
1800 4993 1855 5041 in
1914 4996 2051 5041 tem-

417 5064 649 5122 pestate,
715 5060 769 5107 in
822 5059 940 5108 acie
999 5059 1231 5108 militem
1285 5061 1638 5125 intelligas.»

414 5130 508 5177 108
539 5145 549 5177 :
582 5147 607 5173 α
638 5130 757 5179 Νοιι
807 5130 982 5192 magis
1020 5129 1153 5178 mihi
1200 5135 1381 5193 potest
1411 5134 1704 5198 quisquam
1754 5134 1881 5183 talis
1916 5147 2050 5197 pro-

415 5200 578 5249 desse
623 5204 947 5263 praaceptor,
984 5214 1153 5263 quam
1209 5202 1543 5264 gubernator
1614 5205 1671 5253 in
1723 5208 2049 5268 tempestate

412 5270 865 5320 nauseabundus.
904 5271 1233 5323 Tenendum
1295 5278 1377 5323 est
1438 5277 1683 5339 rapiente
1727 5276 1901 5327 fluctu
1940 5291 2049 5339 gu-

412 5342 796 5399 bernaculum,
849 5342 1176 5393 luctandum
1224 5358 1349 5395 cum
1389 5346 1507 5409 ipso
1563 5348 1719 5408 mari,
1764 5347 2045 5411 eripienda

413 5415 546 5461 sunt
586 5418 753 5462 vento
801 5414 940 5463 vela.
988 5429 1018 5461 »
1067 5415 1261 5466 Cicero
1317 5416 1411 5466 lib.
1467 5431 1505 5467 ιι
1555 5418 1619 5467 de
1671 5420 2044 5470 Divinatione:

412 5500 441 5527 «
476 5483 730 5534 Medicus
764 5484 1019 5535 morbum
1062 5488 1537 5550 ingravescentem
1579 5492 1791 5542 ratione
1845 5494 2049 5555 praevi—

409 5554 520 5616 det,
573 5556 800 5605 insidias
850 5557 1160 5620 imperator,
1207 5562 1565 5624 tempestates
1608 5554 1959 5625 gubernator.
2020 5582 2047 5610 »

411 5626 660 5678 Joannes
715 5626 1151 5692 Chrysostomus
1194 5631 1251 5680 in
1305 5632 1536 5695 epistola
1598 5634 1705 5696 18:2,
1755 5636 1827 5685 ad
1896 5637 2049 5686 Vene-

411 5700 575 5759 rium,
627 5698 704 5747 ait
764 5698 1191 5762 gubernatorem
1253 5702 1311 5751 in
1369 5708 1697 5767 tempestate
1762 5706 2044 5769 cognosci,

407 5769 693 5819 medicum
751 5772 1022 5834 optimum
1070 5774 1350 5835 graviores
1403 5776 1648 5838 corporis
1695 5776 1915 5828 morbos
1960 5778 2047 5827 in-

407 5838 611 5893 dicare.
659 5841 945 5906 Sidonius,
980 5841 1076 5894 lib.
1116 5856 1230 5907 vm,
1276 5844 1432 5909 epist.
1483 5846 1539 5896 10
1572 5861 1584 5896 :
1622 5865 1649 5893 (κ
1693 5846 1944 5900 Medicus
1990 5850 2048 5899 in

1694 5062 1845 5113 Idem
1893 5063 2049 5126 epist.
2073 5045 2131 5117 D

689 2336 717 2368 α
775 2319 1065 2369 Prudentis
1138 2318 1381 2370 hominis
1431 2321 1531 2378 est,
1595 2319 1809 2369 etiamsi
1858 2310 2564 2383 doleat,Bdesperatione,
2617 2319 2954 2384 gubernator
3009 2321 3065 2371 in
3128 2321 3457 2383 tempestate
3514 2320 3773 2383 cognosci-

2164 2393 2324 2439 tur.»
2366 2389 2780 2451 Quintilianus,
2832 2390 2928 2440 lib.
2985 2403 3064 2448 ιν,
3123 2403 3243 2454 cap.
3293 2391 3314 2440 1
3373 2403 3385 2436 :
3431 2407 3460 2436 «
3519 2389 3773 2440 Pessimus

2162 2464 2313 2510 certe
2349 2459 2686 2525 gubernator
2730 2462 2825 2524 qui
2866 2474 3086 2522 navem,
3135 2460 3269 2510 dum
3328 2463 3546 2523 portum
3576 2461 3769 2523 egredi-

2161 2534 2268 2590 tur,
2324 2531 2596 2596 impegit;
2661 2551 2688 2578 »
2734 2537 2789 2583 et
2843 2545 2961 2596 cap.
3012 2532 3071 2582 10
3125 2548 3155 2581 a
3220 2531 3413 2581 Bonus
3466 2530 3775 2595 gubernator

2160 2615 2450 2666 nunquam
2507 2602 2639 2654 fecit
2700 2603 3145 2667 naufragium.»
3214 2603 3503 2668 Vegetius,
3567 2602 3658 2656 lib.
3707 2616 3774 2662 ιν,

2163 2676 2313 2737 «qui
2352 2674 2595 2723 amiserit
2623 2674 2849 2725 clavum
2871 2676 2899 2723 ‘t
2926 2690 2955 2722 >>
2991 2673 3284 2726 Cornelius
3335 2677 3518 2742 Nepos
3566 2681 3620 2729 in
3666 2676 3775 2724 Vita

2160 2746 2331 2795 Attici
2377 2760 2388 2792 :
2442 2763 2469 2790 «
2529 2745 2881 2796 Gubernator
2922 2745 3202 2810 pracipua
3252 2747 3424 2798 laude
3474 2751 3659 2801 fortior
3693 2745 3777 2811 qui

2159 2829 2357 2865 navem
2400 2829 2470 2866 ex
2498 2816 2683 2868 hieme
2723 2818 2974 2881 marique
2995 2818 3293 2882 scopuloso
3323 2825 3524 2871 servat.
3545 2821 3775 2872 sSeneca

2160 2887 2314 2948 epist.
2371 2886 2485 2935 30:
2544 2904 2571 2932 «
2627 2887 2861 2953 Magnus
2908 2889 3246 2957 gubernator
3302 2895 3357 2941 et
3410 2893 3582 2942 scisso
3638 2888 3775 2939 navi-

2159 2960 2249 3020 gat
2300 2957 2457 3017 velo;
2506 2961 2556 3007 et
2609 2960 2655 3007 si
2702 2961 3023 3021 exarmavit,
3062 2964 3245 3009 tamen
3276 2962 3549 3026 reliquias
3590 2958 3778 3023 navigii

2157 3031 2307 3090 aptat
2357 3029 2427 3078 ad
2472 3043 2776 3080 cursum.»
2828 3031 3228 3092 Theodoretus,
3284 3033 3447 3096 epist.
3478 3035 3556 3095 79,
3602 3030 3777 3083 scribit

2158 3099 2326 3147 maris
2366 3100 2722 3161 agitationem
2738 3102 2968 3165 prodere
2984 3101 3409 3165 gubernationis
3452 3102 3775 3153 industriam.

2159 3169 2316 3229 Nam,
2349 3171 2411 3218 ut
2453 3171 2528 3219 ait
2566 3170 2961 3235 Hieronymus,
3016 3171 3111 3222 lib.
3157 3186 3174 3221 ι
3220 3172 3493 3223 Adversus
3538 3172 3777 3235 ﬂuﬁnum,

2157 3251 2356 3289 navem
2408 3254 2570 3303 agere
2608 3244 2834 3307 ignarus
2870 3243 3059 3292 navita
3110 3245 3286 3293 timet.
3326 3244 3494 3308 Apud
3549 3247 3775 3301 Avitum,

2157 3310 2312 3373 epist.
2346 3310 2403 3361 31
2450 3312 2689 3375 legitur:
2721 3329 2752 3361 ‹‹
2781 3312 2936 3363 Alias
2986 3318 3174 3365 autem
3222 3328 3355 3377 qua;
3409 3315 3551 3366 ultio
3597 3318 3692 3374 est,
3739 3313 3779 3362 si

2157 3383 2315 3431 navis
2361 3384 2417 3432 in
2458 3385 2785 3446 magistrum
2827 3386 3010 3435 ventis
3062 3386 3383 3436 furentibus
3434 3400 3547 3438 non
3587 3387 3699 3435 sine
3726 3384 3777 3433 il-

2154 3454 2335 3504 lorum
2389 3456 2637 3519 periculo
2692 3456 2927 3507 cedatur
2976 3457 3081 3506 isto
3134 3456 3484 3509 discrimine.
3532 3476 3560 3504 ››
3604 3456 3779 3507 Melius

2156 3526 2403 3575 fortassis
2442 3527 2500 3576 in
2545 3527 2740 3577 codice
2787 3528 3082 3589 Marnmsii,
3118 3528 3174 3577 in
3211 3541 3327 3592 quo
3364 3531 3635 3593 scriptum
3672 3530 3778 3576 est:

2157 3611 2187 3644 α
2222 3595 2279 3647 Si
2320 3601 2507 3648 nautm
2540 3598 2664 3648 sine
2699 3598 2961 3662 magistro
3002 3598 3225 3650 fuerint.
3266 3601 3395 3650 Non
3429 3602 3553 3651 sine
3579 3600 3779 3650 illorum

2154 3669 2403 3732 periculo
2443 3670 2660 3720 ceditur
2698 3670 2789 3719 isti
2832 3668 3156 3720 discrimini.
3188 3689 3216 3716 »
3244 3670 3412 3721 Hanc
3450 3684 3612 3735 porro
3650 3666 3782 3720 Aviti

2157 3739 2449 3802 epistolam
2473 3740 2539 3790 R.
2568 3741 2622 3789 P.
2663 3740 3005 3799 Harduinus,
3038 3745 3076 3790 t.
3104 3741 3153 3790 II
3185 3741 3570 3802 Conciliat-um,
3602 3756 3651 3804 p.
3681 3740 3781 3794 981.

2157 3809 2328 3859 edidit
2359 3815 2624 3874 tanquam
2654 3824 2854 3861 novam
2873 3825 2945 3862 ex
2974 3812 3168 3863 codice
3190 3815 3580 3877 manuscripto
3600 3810 3781 3861 biblio-

2157 3881 2334 3931 theca:
2384 3882 2589 3946 Regius.
2631 3883 2702 3932 Et
2758 3888 2943 3934 tamen
2987 3885 3135 3935 edita
3192 3885 3379 3936 fuerat
3426 3899 3457 3935 a
3503 3878 3782 3935 Sirmundo

2155 3965 2301 4001 anno
2330 3953 2469 4002 1613.

2218 4024 2317 4086 (30)
2380 4024 2619 4073 Deticata
2669 4026 2915 4087 jactatio.
2972 4027 3358 4078 Tertullianus
3416 4030 3475 4077 in
3540 4024 3675 4074 libro
3728 4019 3782 4069 de

2159 4094 2371 4144 Corona
2404 4111 2414 4144 :
2444 4118 2469 4140 «
2502 4096 2639 4145 Novi
2681 4101 2928 4160 pastores
2963 4111 3153 4148 eorum
3203 4099 3259 4148 in
3306 4112 3453 4164 pace
3493 4098 3696 4151 leones,
3734 4093 3781 4140 in

2156 4165 2347 4229 praelio
2386 4179 2594 4216 cervos.
2631 4185 2658 4211 »
2695 4165 2976 4231 Sidonius,
3016 4169 3112 4218 lib.
3149 4183 3205 4231 v,
3248 4172 3416 4234 epist.
3455 4171 3484 4218 7
3532 4183 3543 4215 :
3587 4182 3617 4215 α
3654 4165 3781 4215 Cum

2156 4237 2267 4286 sint
2305 4237 2358 4286 in
2402 4239 2671 4301 praetoriis
2716 4239 2925 4299 leones,
2966 4242 3021 4289 in
3066 4242 3263 4291 castris
3307 4242 3552 4304 lepores.
3592 4255 3620 4285 »
3662 4236 3784 4287 Mar-

2157 4308 2305 4356 tinus
2362 4309 2637 4372 Magistri,
2695 4311 2749 4359 in
2810 4310 2953 4361 libro
3007 4311 3070 4362 de
3124 4313 3499 4373 Fortitudine,
3550 4310 3641 4359 fol.
3697 4310 3781 4377 8_:

2157 4395 2184 4423 ‹‹
2220 4378 2378 4429 Multi
2425 4385 2558 4429 sunt
2602 4383 2697 4445 qui
2754 4383 2810 4431 iu
2866 4383 3114 4433 absentia
3174 4384 3568 4447 periculorum
3626 4378 3785 4429 multa

2154 4456 2490 4513 proponunt,
2544 4455 2713 4502 etiam
2776 4454 2897 4503 sine
2954 4454 3068 4504 ulla
3132 4456 3304 4505 animi
3370 4454 3621 4513 ﬁctione,
3680 4447 3784 4514 qui.

2157 4520 2357 4571 oblatis
2393 4523 2670 4586 periculis,
2708 4539 2738 4573 a
2776 4528 2927 4575 recto
2961 4530 3015 4574 et
3048 4530 3252 4576 sancto-
3280 4528 3574 4589 proposito
3612 4523 3786 4571 disce-

2155 4592 2311 4649 dunt,
2340 4594 2813 4657 quemadmodum
2851 4596 2908 4645 in
2948 4596 3252 4661 Evangelio
3292 4598 3544 4661 legimus
3582 4595 3649 4644 de
3691 4593 3785 4641 Pe-

2155 4668 2255 4725 tro,
2286 4667 2381 4728 qui
2411 4667 2466 4714 in
2513 4666 2769 4717 absentia
2797 4668 3027 4731 periculi
3058 4668 3125 4719 de
3160 4682 3335 4733 prope
3363 4673 3555 4719 tamen
3587 4668 3788 4733 instanj

2154 4736 2225 4784 tis
2273 4736 2495 4786 dicebat
2544 4736 2764 4787 Christo
2825 4753 2836 4786 :
2890 4740 3111 4788 Etiamsi
3167 4731 3470 4802 apo—rtuerit
3527 4752 3604 4786 me
3663 4731 3787 4783 mori

2154 4809 2339 4866 tecum,
2377 4820 2484 4857 non
2515 4814 2562 4857 te
2597 4809 2833 4872 negabo;
2864 4823 2991 4859 cum
3024 4815 3208 4860 autem
3241 4811 3488 4861 vidisset
3518 4809 3785 4861 Christum

2154 4878 2424 4940 vinctum,
2468 4879 2534 4928 ad
2571 4894 2766 4930 vocem
2815 4880 3096 4931 ancillulas
3139 4881 3282 4931 dixit
3319 4896 3384 4932 se
3421 4895 3539 4932 non
3581 4879 3785 4929 novisse

2153 4961 2300 4999 eum.
2338 4965 2367 4996 θ
2404 4950 2567 5013 Apud
2615 4953 2677 5000 T.
2727 4952 2965 5011 Livium,
3009 4953 3101 5003 lib.
3137 4966 3215 5013 ιν,
3252 4950 3495 5003 Vectius
3546 4950 3784 5005 Messius,

2155 5020 2388 5070 Volscos
2446 5024 2757 5086 increpans,
2806 5025 2883 5073 ait
2942 5024 3064 5073 illos
3122 5025 3176 5073 in
3234 5027 3357 5075 otio
3418 5024 3787 5074 tumultuosos

2154 5104 2293 5153 esse,
2327 5094 2381 5141 in
2414 5092 2560 5143 bello
2599 5108 2813 5158 segnes.
2857 5095 3081 5145 Tacitus
3106 5097 3170 5147 .in
3216 5096 3368 5146 libro
3416 5098 3598 5160 primo
3623 5093 3785 5143 Histo-

2148 5164 2358 5213 riarum
2383 5181 2399 5213 :
2431 5184 2458 5211 κ
2491 5167 2888 5230 lgnavissimus
2937 5169 3176 5232 quisque
3218 5172 3294 5227 et,
3348 5173 3414 5218 ut
3462 5182 3552 5219 res
3590 5164 3785 5220 docuit,

2148 5234 2205 5283 in
2248 5237 2495 5298 periculo
2542 5251 2652 5287 non
2686 5252 2943 5299 ausurus,
2981 5239 3139 5288 nimii
3174 5239 3385 5299 verbis,
3415 5241 3624 5303 lingua:
3663 5238 3789 5286 fero-

2149 5320 2260 5357 ces.
2300 5326 2328 5352 »
2378 5308 2445 5358 Et
2489 5310 2627 5358 infra
2677 5323 2688 5357 :
2728 5326 2757 5354 «
2803 5310 2885 5359 Illi
2926 5315 3053 5361 ante
3104 5312 3419 5361 discrimen
3466 5312 3696 5365 feroces,
3738 5306 3786 5353 in

2148 5380 2397 5441 periculo
2452 5380 2653 5442 pavidi.
2706 5399 2732 5428 n
2782 5381 2887 5431 Dio
2935 5381 3180 5442 Cassius,
3235 5382 3337 5433 lib.
3387 5394 3530 5433 XLVI
3578 5376 3789 5431 adnotat

2147 5450 2325 5501 solere
2383 5452 2679 5515 plerosque
2730 5456 3030 5517 antequam
3088 5456 3143 5503 in
3201 5460 3585 5519 conspectum
3630 5455 3788 5513 atqne

2148 5524 2546 5584 experientiam
2612 5524 2845 5587 periculi
2917 5526 3275 5588 pervenerint
3346 5526 3598 5576 audaces
3656 5533 3784 5572 esse.

2151 5590 2368 5643 Seneca
2399 5594 2620 5644 Trotide.

2274 5688 2312 5735 0
2339 5687 2561 5750 tumide,
2588 5702 2761 5739 rerum
2794 5688 2919 5739 dum
2947 5690 3300 5740 secundarum
3333 5695 3502 5741 status

2275 5758 2489 5808 Extollit
2516 5760 2740 5820 animos,
2769 5761 2948 5811 timide
2973 5774 3092 5811 cum
3130 5761 3408 5825 increpuit
3438 5764 3629 5812 metus.

2211 5853 2338 5905 Huc
2376 5866 2603 5920 quoque
2641 5854 2831 5906 referri
2872 5858 3109 5920 possunt
3144 5856 3248 5907 ista
3279 5868 3354 5907 ex
3390 5857 3575 5921 capite
3617 5853 3786 5920 primo
