3998 6194
188 212 279 263 613

1426 201 1618 275 LIBER
1659 206 1745 259 ne
1787 195 2275 261 MOHTALITATE.

3411 205 3514 261 6M

182 330 347 404 591
390 331 635 385 adversis
661 330 921 402 probatio
963 338 1047 385 est
1082 329 1427 383 veritatis”.
1457 330 1636 383 Arbor
1663 328 1776 398 (31)
1803 330 2155 410 Aaspectus,
2199 327 2268 380 ad
2310 326 2716 382 documentum
2756 327 2977 399 proficit
3007 328 3138 384 ﬁdei
3190 329 3394 385 Contra
3433 335 3514 385 tot

174 442 285 495 qua:
312 426 421 478 alta
450 425 637 479 radice
686 424 922 478 fundata
954 429 1057 491 est,
1102 424 1282 477 ventis
1318 422 1779 477 incumbentibus

169 535 270 572 non
303 522 589 586 movetur;
632 522 689 573 et
729 518 885 572 navis
927 534 1054 588 quae
1100 516 1227 571 forti
1277 533 1553 588 compage
1602 516 1781 570 solida

167 617 239 666 est
261 612 308 646 ²⁰
344 613 603 683 pulsatur
657 612 939 679 ﬂuctibus,
992 628 1093 665 nec
1144 611 1388 679 foratur;
1435 613 1492 665 et
1544 610 1776 682 quando

163 721 281 759 area
322 706 515 777 fruges
564 705 716 774 terit,
766 712 963 760 ventos
1006 721 1180 775 grana
1235 704 1397 758 fortia
1440 710 1495 758 et
1547 703 1779 758 robusta

162 802 540 867 contemnunt,
587 800 785 853 inanes
828 799 1003 869 paleae
1049 799 1187 852 ﬂatu
1235 801 1493 869 portante
1542 797 1774 868 rapiun-

159 899 258 947 tur.

214 986 345 1040 XIII.
375 985 461 1040 Sic
493 991 548 1039 et
574 986 858 1056 apostolus
888 985 1113 1052 Paulus,
1143 989 1273 1056 post
1304 984 1623 1055 naufragia,
1653 987 1778 1055 post

151 1078 375 1150 ﬂagella,
406 1084 534 1150 post
560 1079 746 1133 carnis
774 1085 830 1134 et
860 1080 1113 1150 corporis
1145 1079 1323 1132 multa
1352 1084 1406 1132 et
1437 1077 1629 1147 gravia
1661 1081 1773 1131 tor-

150 1177 347 1239 menta,
382 1188 496 1225 non
539 1172 726 1226 vexari
757 1171 858 1226 sed
899 1170 1194 1226 emendari
1232 1188 1290 1225 se
1328 1170 1463 1225 dicit
1505 1171 1772 1237 adversis,

151 1268 221 1330 ut,
251 1264 388 1319 dum
420 1264 607 1335 gravis
633 1265 932 1336 afﬂigitur,
965 1264 1153 1319 verius
1182 1264 1521 1335 probaretur
1550 1280 1562 1318 :
1596 1266 1774 1318 Datus

152 1362 218 1412 est
240 1360 389 1423 mihi,
421 1358 628 1429 inquit,
652 1360 901 1413 stimulus
927 1360 1109 1412 carnis
1133 1373 1283 1420 mea,
1312 1358 1536 1425 angelus
1559 1359 1776 1414 Satanae

153 1454 242 1523 qui
272 1468 355 1506 me
392 1451 715 1522 colaphizet,
754 1458 815 1506 ut
846 1467 951 1506 non
987 1452 1236 1507 extollar.
1263 1454 1490 1521 Pr0pter
1518 1451 1662 1520 quod
1697 1455 1776 1505 ter

156 1549 425 1601 Dominum
462 1549 655 1615 rogavi
694 1552 755 1600 ut
794 1545 1086 1600 discederet
1114 1562 1148 1599 a
1177 1561 1278 1612 me,
1324 1548 1375 1599 et
1415 1544 1559 1599 dixit
1599 1545 1770 1598 mihi:

153 1639 355 1709 Sufﬁcit
408 1640 511 1694 tibi
553 1642 734 1709 gratia
779 1656 916 1693 mea.
963 1642 1103 1696 Nam
1144 1641 1321 1693 virtus
1358 1640 1416 1692 in
1458 1640 1775 1707 inﬁmitate

1882 420 2132 491 impetus
2190 420 2461 474 vastitatis
2513 420 2623 491 (3'2)
2673 425 2728 475 et
2784 423 2981 476 mortis
3028 422 3344 478 inconcussi
3400 426 3511 494 (33)

1878 514 2056 568 animi
2097 513 2398 568 virtutibus
2433 514 2725 584 congredi,
2768 522 2981 585 quanta
3011 516 3253 586 pectoris
3287 519 3513 587 magni-

1879 606 2018 661 tudo
2062 607 2177 661 est!
2226 612 2435 678 quanta
2480 606 2792 662 sublimitas
2840 608 2991 663 inter
3040 609 3234 664 ruinas
3281 612 3512 681 generis

1879 700 2114 754 humani
2151 704 2299 754 stare
2337 706 2611 768 erectum,
2646 718 2747 754 nec
2778 718 2905 755 cum
2940 702 3020 755 eis
3062 703 3265 774 quibus
3296 719 3425 775 spes
3451 704 3510 757 in

1880 793 2057 847 Deum
2097 794 2250 848 nulla
2280 799 2364 848 est
2384 794 2576 864 jacere
2606 795 2978 865 prostratum!
3008 796 3283 851 Gratulari
3326 796 3511 868 magis

1876 890 2103 958 oportet
2156 888 2265 959 (34)
2318 891 2374 941 et
2432 887 2704 958 temporis
2757 904 2963 942 munus
3012 890 3281 960 amplecti
3337 890 3510 961 quod,

1877 980 2013 1035 dum
2045 984 2300 1035 nostram
2333 979 2503 1035 fidem
2535 981 2761 1035 fortiter
2787 981 3134 1053 promimus,
3159 988 3215 1036 et
3241 983 3434 1037 labore
3464 983 3511 1017 ²²

1878 1074 2125 1128 tolerato
2166 1073 2237 1127 ad
2285 1074 2570 1129 Christum
2620 1090 2722 1145 per
2771 1078 3073 1145 angustam
3117 1075 3319 1129 Christi
3364 1076 3511 1131 viam

1874 1168 2190 1238 pergimus,
2222 1166 2528 1238 praemium
2557 1167 2685 1221 vitae
2714 1168 2761 1201 ²³
2800 1168 2922 1237 ejus
2950 1173 3007 1223 et
3039 1167 3174 1222 ﬁdei
3206 1169 3325 1240 ipso
3357 1168 3510 1240 judi-

1876 1266 2035 1315 cante
2078 1261 2388 1332 capiamus.
2445 1261 2578 1315 Mori
2637 1261 2802 1331 plane
2850 1262 3070 1329 timeat,
3126 1263 3225 1317 sed
3276 1263 3395 1334 qui,
3446 1279 3515 1319 ex

1875 1370 2025 1426 aqua
2073 1361 2128 1410 et
2176 1354 2387 1426 Spiritu
2446 1370 2560 1407 non
2621 1358 2885 1421 renatus,
2943 1356 3229 1425 gehennai
3285 1356 3513 1428 ignibus

1874 1450 2251 1521 mancipatur.
2290 1449 2425 1504 Mori
2467 1449 2672 1505 timeat
2715 1450 2816 1521 qui
2859 1467 2973 1505 non
3015 1450 3220 1505 Christi
3260 1466 3423 1508 cruce
3458 1457 3514 1508 et

1875 1543 2136 1614 passione
2181 1548 2476 1612 censetur;
2514 1543 2658 1597 mori
2698 1543 2898 1598 timeat
2941 1544 3041 1615 qui
3083 1544 3155 1599 ad
3200 1545 3512 1601 secundam

1874 1641 2119 1691 mortem
2149 1637 2219 1691 de
2250 1637 2356 1691 hac
2385 1641 2568 1691 morte
2590 1637 2884 1705 transibit;
2920 1638 3061 1692 mori
3090 1639 3294 1694 timeat
3313 1654 3507 1710 quem,

147 1720 419 1804 perﬁcitur
454 1735 519 1803 (ll
552 1734 697 1796 Cor.,
727 1750 823 1796 xu,
856 1735 997 1802 7-9).
1037 1732 1275 1797 Quando
1308 1749 1448 1801 ergo
1480 1732 1775 1787 inﬁrmitas
1797 1721 1852 1793 B
1875 1730 1944 1784 de
1992 1731 2199 1785 sacculo
2247 1728 2631 1798 recedentem,
2677 1731 3026 1801 perennibus
3064 1732 3242 1803 pmnis
3293 1734 3509 1788 aeterna

152 1834 199 1880 et
240 1826 602 1880 imbecillitas
650 1833 708 1881 et
759 1827 990 1880 vastitas
1037 1826 1229 1897 aliqua
1282 1831 1590 1897 grassatur,
1639 1830 1775 1881 tunc

151 1921 308 1975 virtus
355 1926 554 1975 nostra
598 1920 913 1993 perﬁcitur,
944 1924 1079 1974 tunc
1106 1920 1266 1987 fides,
1306 1919 1352 1973 si
1392 1924 1614 1988 tentata
1646 1936 1777 1990 per-

150 2014 360 2082 stiterit,
409 2018 741 2080 coronatur,
788 2014 935 2069 sicut
976 2013 1249 2085 scriptum
1279 2019 1404 2069 est:
1437 2017 1586 2069 Vasa
1620 2015 1777 2082 ﬁguli

144 2109 325 2179 probat
358 2111 594 2176 famam,
625 2113 675 2163 et
711 2108 948 2163 homines
976 2110 1158 2178 justas
1196 2111 1418 2163 tentatio
1460 2108 1772 2162 tribulatio-

150 2204 223 2256 m's
250 2204 416 2269 (Eccli
448 2245 465 2265 ,
494 2220 657 2269 xxvii,
691 2203 767 2271 5).
800 2204 912 2256 Hoc
940 2202 1183 2272 denique
1213 2202 1366 2256 inter
1392 2217 1496 2255 nos
1521 2204 1579 2255 et
1601 2204 1771 2254 caete-

151 2312 231 2349 ros
257 2296 519 2364 interest,
555 2296 654 2367 qui
677 2299 853 2351 Deum
885 2296 1160 2365 nesciunt,
1195 2294 1350 2366 quod
1378 2295 1457 2349 illi
1484 2295 1540 2349 in
1569 2294 1772 2348 adver-

149 2389 210 2441 sis
237 2394 564 2460 queruntur
590 2393 648 2443 et
678 2394 1060 2454 murmurant,
1090 2405 1193 2443 nos
1218 2387 1455 2443 adversa
1496 2396 1607 2442 non
1640 2405 1770 2442 avo-

150 2486 318 2536 canta
347 2482 578 2538 virtutis
608 2486 666 2537 et
696 2483 825 2537 fidei
868 2482 1128 2551 veritate,
1174 2482 1269 2537 sed
1316 2482 1678 2536 corroborant
1725 2482 1769 2516 ²¹

152 2576 199 2629 in
227 2576 443 2631 dolore.

208 2671 329 2725 XIV.
381 2673 503 2725 Hoc
546 2671 698 2743 quod
751 2687 903 2725 nunc
952 2668 1205 2740 corporis
1256 2669 1402 2723 vires
1452 2670 1665 2724 solutus
1713 2669 1771 2724 in

149 2766 345 2818 ﬂuxum
373 2770 583 2819 venter
618 2764 906 2829 eviscerat,
952 2764 1098 2834 quod
1144 2763 1200 2816 in
1246 2762 1493 2816 faucium
1538 2763 1772 2817 vulnera

149 2864 443 2930 conceptus
477 2858 810 2912 medullitus
846 2857 999 2927 ignis
1038 2861 1326 2923 excestuat,
1368 2855 1521 2927 quod
1547 2856 1771 2911 assiduo

149 2953 343 3006 vomitu
374 2951 655 3006 intestina
694 2952 1048 3022 quatiuntur,
1076 2951 1233 3023 quod
1263 2950 1412 3004 oculi
1453 2950 1505 3003 vi
1545 2949 1773 3022 sangui-

1874 1823 2108 1878 ﬂamma
2142 1822 2435 1895 torquebit
2475 1825 2617 1878 mori
2654 1825 2887 1894 timeat;
2930 1825 3020 1879 cui
3051 1825 3159 1880 hoc
3198 1840 3354 1879 mora
3383 1827 3508 1881 lon-

1876 1917 2034 1988 giore
2072 1918 2384 1985 confertur,
2417 1923 2477 1973 ut
2502 1919 2781 1973 cruciatus
2820 1919 2941 1989 ejus
2982 1926 3037 1973 et
3078 1919 3325 1990 gemitus
3358 1920 3509 1975 inte-

1875 2011 1983 2065 rim
2016 2010 2336 2066 ditferatur.

1945 2107 2049 2160 XV.
2086 2106 2240 2170 Multi
2270 2123 2336 2161 ex
2383 2106 2593 2161 nostris
2626 2107 2683 2161 in
2721 2106 2829 2161 hac
2871 2099 3217 2162 mortalitate
3250 2106 3509 2162 moriun-

1872 2203 1986 2266 tur,
2019 2200 2121 2253 hoc
2145 2205 2249 2265 est,
2279 2200 2441 2254 multi
2470 2217 2541 2254 ex
2576 2200 2780 2254 nostris
2805 2200 2876 2255 de
2914 2201 3123 2256 seculo
3165 2201 3505 2257 liberantur.

1874 2293 2180 2347 Mortalitas
2220 2293 2350 2359 ista,
2400 2300 2459 2347 ut
2492 2293 2701 2348 Judaeis
2743 2299 2800 2347 et
2847 2292 3156 2364 gentilibus
3200 2299 3258 2349 et
3305 2295 3511 2350 Christi

1875 2385 2135 2440 hostibus
2166 2386 2338 2456 pestis
2377 2390 2480 2455 est,
2527 2387 2605 2441 ita
2647 2386 2748 2441 Dei
2793 2386 2967 2441 servis
3011 2387 3274 2442 salutaris
3318 2404 3508 2443 exces-

1875 2495 1969 2533 sus
2010 2485 2117 2533 est.
2174 2481 2287 2534 Hoc
2338 2480 2516 2551 quod,
2558 2480 2678 2535 sine
2732 2481 2848 2535 ullo
2895 2480 3229 2536 discrimine
3276 2482 3506 2552 generis

1876 2573 2130 2641 humani,
2168 2590 2299 2628 curn
2343 2573 2571 2644 injustis
2610 2574 2938 2629 moriuntur
2981 2579 3040 2630 et
3071 2575 3230 2645 justi,
3264 2591 3379 2630 non
3422 2579 3508 2630 est

1873 2667 2029 2738 quod
2076 2669 2287 2738 putetis
2329 2667 2493 2721 bonis
2540 2673 2597 2722 et
2639 2668 2803 2722 malis
2854 2668 3149 2722 interitum
3187 2684 3308 2722 esse
3348 2685 3504 2724 com-

1872 2776 2106 2815 munem
2142 2777 2155 2815 :
2200 2762 2269 2816 ad
2309 2762 2667 2832 refrigerium
2689 2761 2832 2838 justi
2863 2765 3158 2829 vocantur,
3189 2762 3258 2817 ad
3290 2764 3506 2835 suppli-

1872 2853 2023 2908 cium
2092 2854 2395 2925 rapiuntur
2460 2854 2696 2925 injusti,
2774 2855 2939 2909 datur
3015 2855 3257 2910 velocius
3328 2857 3509 2912 tutela

1875 2947 2185 3002 ﬁdentibus
2212 2948 2342 3019 (35),
2371 2948 2603 3019 perfidis
2633 2965 2821 3019 paena.
2867 2949 3170 3021 lmprovidi
3199 2953 3258 3005 et
3294 2949 3508 3022 ingrati

150 3044 223 3098 nis
264 3046 659 3112 inardescunt,
699 3045 851 3117 quod
895 3044 1280 3117 quorumdam
1326 3046 1412 3097 vel
1468 3044 1639 3115 pedes
1686 3044 1767 3098 vel
1793 3082 1848 3156 Ο
1878 3057 2091 3104 sumus,
2144 3041 2346 3096 fratres
2396 3042 2779 3110 dilectissimi,
2831 3041 2902 3096 ad
2958 3042 3152 3098 divina
3199 3043 3505 3113 beneficia,

158 3138 247 3156 -19,
462 3155 465 3156 ,
548 3139 562 3156 1
631 3155 636 3156 ,
931 3144 969 3156 1,
1053 3154 1095 3156 ,_
1152 3142 1165 3156 ι
1216 3138 1293 3156 μ’-
1354 3137 1570 3156 ,___,I'I
1682 3155 1731 3156 ,,
1877 3151 1975 3156 _--
2028 3136 2153 3156 .._-2.I
2206 3135 2364 3156 __L!-
2423 3137 2741 3156 ___0--__1_-_.
2799 3135 3152 3156 ___--_2_-___
3215 3138 3500 3156 n__-j,-_bn

153 3138 337 3209 aliqua:
377 3139 783 3194 membrorum
823 3144 1008 3210 partes
1038 3138 1303 3208 contagio
1350 3137 1625 3193 morbidae
1664 3155 1770 3209 pu-

1877 3151 1980 3190 nec
2021 3136 2157 3206 quid
2206 3135 2368 3190 nobis
2415 3137 2744 3192 conferatur
2792 3135 3176 3207 agnoscimus.
3214 3138 3509 3194 Excedunt

152 3232 369 3287 tredinis
397 3235 797 3304 amputantur,
839 3232 990 3303 quod
1032 3249 1135 3302 per
1170 3232 1418 3302 jacturas
1467 3234 1525 3285 et
1564 3232 1774 3286 damna
1875 3245 2002 3283 ecce
2032 3229 2089 3282 in
2121 3246 2258 3301 pace
2284 3236 2422 3284 tutas
2453 3246 2582 3284 cum
2618 3230 2793 3301 gloria
2838 3247 2936 3285 sua
2976 3230 3247 3303 virgines,
3285 3231 3509 3287 venien-

153 3341 431 3396 corporum
491 3332 909 3397 prorumpente
968 3327 1246 3398 languore
1298 3324 1384 3379 vel
1443 3325 1775 3380 debilitatur
1875 3323 1944 3376 tis
1986 3324 2095 3395 (36)
2129 3323 2457 3379 Antichristi
2505 3323 2687 3378 minas
2727 3326 2785 3378 et
2831 3325 3181 3396 corruptelas
3235 3331 3293 3380 et
3341 3327 3507 3396 lupa-

154 3418 407 3489 incessus,
436 3420 534 3475 vel
564 3419 789 3475 auditus
825 3419 1154 3481 obstruitur,
1188 3417 1378 3492 592
1413 3419 1498 3473 vel
1530 3424 1775 3473 caecatur
1876 3417 2035 3472 naria
2078 3434 2192 3472 non
2234 3418 2506 3472 timentes
2544 3417 2678 3489 (37),
2711 3418 2873 3490 pneri
2917 3419 3233 3490 periculum
3276 3418 3509 3475 lubrica:

1531 3585 1733 3648 Variae
1786 3585 2125 3649 lectiones.

204 3724 241 3754 τ’
274 3724 520 3774 Virtutis
546 3722 697 3771 Grav.
735 3722 916 3771 Routh.
985 3725 1026 3754 ε’)
1059 3720 1337 3785 Compage
1365 3720 1599 3771 solidata
1628 3722 1764 3771 Lam.
1803 3721 1953 3771 Ebor.
1995 3723 2128 3772 Voss.
2158 3724 2204 3783 1,
2232 3722 2280 3784 2,
2308 3722 2352 3773 3.
2392 3723 2498 3772 ΝΟ.
2538 3724 2585 3783 1,
2618 3724 2665 3773 2.
2703 3723 2810 3773 Lin.
2844 3723 2969 3772 Bod.
3007 3725 3054 3784 1,
3076 3725 3122 3784 ἓ,
3163 3724 3210 3785 3,
3253 3725 3299 3774 4.
3330 3721 3505 3774 Routh.

153 3792 304 3915 £213..
332 3792 787 3915 ’;C£m§501;al;:
814 3798 903 3911 Atr];
936 3793 1102 3841 Paris.
1131 3793 1268 3842 Lam.
1298 3789 1447 3840 EbOr.
1480 3793 1601 3843 Bod.
1627 3794 1675 3857 2,
1702 3794 1750 3844 3.
1818 3795 1858 3826 ²²
1887 3795 1947 3844 In
1971 3794 2157 3845 labore
2185 3796 2321 3843 Lam.
2349 3795 2440 3845 ΝΟ
2485 3798 2529 3845 1.
2564 3795 2712 3844 Ebor.
2748 3794 2866 3844 Bod.
2895 3795 2943 3845 2.
3009 3798 3051 3828 ³³
3079 3795 3375 3846 Ριιωωὶιιω
3403 3797 3509 3846 vim

247 3901 257 3911 .
316 3901 330 3915 .
398 3902 412 3915 .
480 3901 491 3910 .
627 3901 637 3911 .
700 3900 710 3912 .
778 3877 841 3911 ou
908 3900 919 3911 .

247 3901 257 3911 ⁸
291 3900 330 3927 Ι,
366 3900 412 3924 Π,
441 3900 491 3914 τ’
532 3900 637 3915 ονν·
671 3900 710 3912 ιο
742 3900 919 3912 ιινυυισσι

1433 3945 1657 4029 Steph.
1706 3946 1950 4012 Baluzii
1994 3955 2188 4012 notae.

156 4075 462 4125 Threnorum
494 4076 752 4126 Jeremiaa
785 4091 799 4125 :
829 4075 978 4127 Facti
1016 4080 1139 4125 sunt
1185 4075 1449 4139 principes
1494 4079 1605 4141 ejus
1632 4076 1771 4126 velut
1872 4090 1999 4142 quas
2050 4081 2241 4127 notata
2298 4082 2431 4128 sunt
2491 4090 2660 4141 supra
2734 4076 2803 4127 ad
2881 4076 3171 4142 epistolam
3234 4076 3507 4139 quintam,

152 4149 320 4195 arietes
350 4160 462 4195 non
488 4147 806 4196 invenientes
825 4159 1026 4210 pascua
1047 4151 1092 4196 et
1120 4146 1363 4195 abierunt
1391 4146 1582 4210 absque
1610 4146 1771 4210 forti-
1873 4163 1995 4213 pag.
2025 4148 2135 4199 391.

153 4217 314 4266 tudine
341 4223 469 4266 ante
493 4215 683 4277 faciem
704 4216 1308 4280 subsequentis(Th:en.,
1342 4230 1378 4277 ι,
1413 4218 1485 4278 6).
1937 4221 2034 4283 (36)
2083 4221 2361 4272 Venienlis.
2414 4222 2473 4271 In
2528 4221 2749 4271 duobus
2796 4219 2952 4270 libris
3002 4218 3288 4270 veteribus
3332 4219 3508 4283 scrip:

208 4289 293 4350 (3t)
349 4288 543 4338 Arbor.
600 4286 775 4350 Supra
835 4288 888 4336 in
953 4287 1093 4336 libro
1148 4288 1210 4336 de
1270 4288 1474 4336 Unitate
1518 4288 1772 4349 Ecclesiae,
1877 4297 1994 4341 tum
2054 4299 2138 4343 est
2189 4294 2462 4354 venientis,
2519 4298 2576 4343 et
2627 4305 2790 4354 supra
2852 4292 3058 4342 lineam
3111 4291 3197 4341 vel
3232 4292 3504 4340 saevientis.

154 4370 260 4423 pag.
299 4360 421 4409 197:
459 4376 489 4405 ‹‹
524 4359 790 4409 Triticum
839 4372 950 4407 non
994 4359 1133 4422 rapit
1180 4363 1398 4418 ventus,
1460 4372 1565 4409 nec
1609 4360 1775 4409 arbo-
1877 4362 1972 4413 Sic
2005 4365 2170 4413 etiam
2203 4364 2260 4412 in
2290 4378 2404 4413 uno
2433 4376 2535 4412 suo
2581 4364 2751 4413 veteri
2782 4363 2982 4426 legisse
3016 4375 3076 4412 se
3124 4365 3355 4412 testatur
3388 4362 3509 4412 Mo-

154 4443 252 4478 rem
311 4430 495 4480 solida
548 4429 733 4480 radice
782 4430 1068 4479 fundatam
1120 4430 1361 4493 procella
1409 4429 1696 4481 subvertit.
1749 4450 1776 4477 »

154 4498 368 4559 Seneca,
400 4503 460 4551 in
512 4500 652 4550 libro
698 4501 761 4549 de
802 4501 1160 4562 Providentia,
1210 4514 1327 4563 cap.
1369 4502 1440 4550 4:
1486 4518 1513 4544 ‹‹
1541 4502 1661 4551 Non
1693 4507 1775 4553 est

153 4570 297 4621 arbor
331 4571 515 4622 solida
561 4585 665 4621 nec
701 4573 851 4621 fortis
891 4574 997 4621 nisi
1033 4573 1087 4621 in
1126 4585 1291 4635 quam
1347 4573 1607 4636 frequens
1643 4586 1775 4623 ven-

156 4644 233 4690 tus
259 4645 522 4693 incursat.
576 4643 696 4707 Ipse
740 4644 905 4693 etiam
942 4646 1235 4693 vexatione
1293 4644 1690 4707 constringitur
1723 4648 1778 4695 et

156 4712 351 4764 radices
414 4714 583 4764 altius
640 4716 775 4778 ﬁgit.
822 4716 1066 4780 Fragilcs
1122 4719 1249 4764 sunt
1306 4728 1431 4779 quas
1481 4716 1537 4764 in
1591 4716 1775 4779 aprica

152 4784 278 4834 valle
315 4790 629 4835 creverunt.
662 4804 691 4831 »

209 4856 280 4911 (32
334 4857 627 4906 Vnstitatis.
666 4857 743 4905 Ita
794 4856 1078 4907 sexdecim
1121 4856 1247 4906 libri
1295 4860 1511 4907 veteres
1549 4860 1603 4906 et
1656 4854 1774 4905 edi-

157 4925 317 4975 tiones
339 4927 573 4976 Manutii
618 4931 673 4977 et
712 4927 961 4977 Morellii.
1008 4928 1186 4977 Aliam
1228 4932 1412 4977 tamen
1454 4928 1774 4987 lectionem,

154 5009 265 5058 qua:
308 4998 477 5048 habet
529 4998 861 5055 vastationis,
908 4997 1115 5047 habent
1163 5000 1329 5049 etiam
1374 5002 1585 5062 septem
1647 4998 1771 5047 libri

154 5072 368 5117 veteres.
425 5069 544 5132 Ego
601 5083 720 5119 eam
780 5070 1010 5132 praefero
1066 5084 1233 5133 quam
1290 5072 1464 5133 major
1506 5070 1772 5119 librorum

154 5141 646 5203 manuscriptorum
675 5154 800 5203 pars
832 5140 1073 5190 ostendit
1102 5155 1222 5192 esse
1259 5143 1434 5207 magis
1473 5146 1771 5205 receptam,

155 5211 446 5269 pressertim
469 5225 596 5261 cum
624 5211 898 5262 vocabulo
919 5214 1182 5262 vastitatis
1214 5215 1293 5263 uti
1328 5213 1505 5263 soleat
1543 5218 1772 5263 sanctus

156 5285 367 5344 martyr.

212 5350 298 5412 (33)
330 5355 658 5403 Inconcussa.
692 5353 930 5403 Multum
956 5354 1171 5404 variant
1201 5355 1258 5404 in
1295 5354 1405 5405 hoc
1436 5354 1562 5404 loco
1587 5358 1772 5405 vetera

160 5424 496 5488 exemplaria.
521 5424 785 5487 Quasdam
816 5425 1021 5475 habent
1054 5425 1478 5487 inconcussi,alia
1499 5428 1773 5475 inconcus-

161 5493 242 5540 σέο.
272 5493 383 5559 Ego
409 5495 555 5546 malo
590 5496 793 5548 referre
821 5497 886 5545 ad
914 5498 1176 5547 animam.

219 5564 303 5627 (3t)
340 5568 567 5629 Oportet.
616 5567 836 5618 Retinui
900 5568 1046 5618 hanc
1092 5582 1307 5629 vocem,
1345 5569 1603 5634 quamvis
1649 5581 1773 5618 eam

158 5645 263 5683 non
285 5640 573 5700 repererim
623 5640 726 5688 nisi
776 5641 833 5689 in
870 5641 1066 5705 paucis
1114 5641 1393 5691 veteribus
1431 5640 1607 5700 libris,
1643 5642 1773 5705 quia

164 5708 247 5752 aut
262 5707 352 5756 illa
381 5713 477 5758 aut
506 5711 611 5762 alia
636 5712 833 5761 similis
854 5714 1175 5763 necessaria
1208 5718 1291 5763 est
1319 5714 1375 5762 in
1403 5713 1511 5763 hoc
1539 5713 1678 5764 loco.

215 5777 305 5843 (35)
332 5779 650 5835 Fidentibus.
705 5783 843 5835 Tres
896 5783 1024 5835 libri
1069 5789 1285 5836 veteres
1337 5784 1595 5854 ﬁdelibus.
1632 5784 1774 5837 Vide

1878 4435 2087 4484 rellius.

1941 4507 2037 4568 (37)
2103 4507 2417 4570 Lupanaria
2472 4518 2580 4554 non
2614 4505 2890 4555 timentes.
2952 4504 3263 4555 Adversarii
3324 4502 3510 4553 Chris-

1877 4578 2042 4627 tianae
2072 4578 2377 4642 religionis,
2410 4577 2503 4640 qui
2535 4575 2838 4625 saeviebant
2885 4575 2942 4625 in
2977 4580 3214 4635 nostros,
3268 4576 3509 4638 virgines

1875 4649 2141 4711 martyrio
2169 4649 2347 4697 destin
2370 4650 2471 4696 itas
2502 4646 2795 4695 mittebant
2830 4645 2898 4694 ad
2931 4646 3235 4707 lupanaria,
3266 4656 3506 4707 sequen-

1877 4723 1959 4769 tes
2014 4718 2273 4768 videlicet
2312 4718 2561 4767 instituta
2622 4720 2874 4766 veterum
2945 4715 3354 4775 Romanorum,
3413 4713 3509 4777 qui

1875 4792 2029 4840 nefas
2096 4790 2366 4853 putabant
2420 4789 2465 4836 si
2520 4788 2720 4849 puellm
2770 4787 2999 4849 integrae
3046 4787 3267 4836 exirent
3304 4799 3334 4836 e
3374 4786 3504 4834 vita.

1876 4862 2269 4915 Tertullianus,
2300 4861 2355 4909 in
2385 4858 2536 4909 calce
2566 4857 2877 4920 Apologetiri
2910 4872 2927 4905 :
2958 4874 2987 4902 «
3009 4857 3146 4908 Nam
3169 4862 3224 4906 et
3258 4858 3507 4919 proxime

1875 4933 1941 4982 ad
1976 4934 2233 4983 lenonem
2278 4928 2605 4979 damnantes
2649 4929 3047 4990 Christianam,
3098 4931 3283 4994 potius
3339 4942 3504 4993 quam

1874 5004 1943 5053 ad
1966 5004 2201 5065 leonem,
2246 5001 2485 5052 confessi
2526 5002 2660 5050 estis
2705 4999 2886 5051 labem
2917 5000 3200 5064 pudicitia:
3226 4999 3370 5063 apud
3406 5013 3511 5048 nos

1874 5076 2198 5124 atrociorem
2241 5074 2389 5123 omni
2436 5085 2600 5136 paena
2641 5076 2695 5123 et
2738 5073 2891 5121 omni
2950 5077 3127 5122 morte
3189 5072 3448 5135 reputari.
3482 5089 3509 5117 ››

1876 5146 2212 5197 Prudentius
2234 5146 2287 5194 in
2317 5145 2563 5194 carmine
2598 5143 2665 5193 de
2691 5147 2879 5193 sancta
2905 5145 3119 5206 Agnete
3150 5157 3161 5191 :

1874 5242 2018 5291 Hanc
2050 5239 2102 5289 in
2134 5240 2351 5303 lupanar
2386 5238 2586 5288 tradere
2623 5240 2820 5287 certum
2860 5240 2939 5287 est
2985 5237 3051 5286 ad
3082 5237 3319 5372 aram[ni
3361 5242 3515 5359 paput

3256 5324 3358 5372 app
3384 5311 3502 5361 icct.

3256 5311 3502 5374 applicet.

1875 5424 2036 5489 Apud
2075 5424 2355 5483 Ruﬁnum,
2409 5423 2505 5473 lib.
2556 5435 2673 5479 vm,
2709 5435 2757 5472 c.
2802 5422 2880 5480 12,
2913 5421 3116 5485 legitur
3147 5421 3381 5473 historia
3419 5436 3512 5473 cu-

1870 5497 2093 5561 jusdam
2124 5498 2343 5547 feminae
2391 5495 2594 5545 nobilis
2636 5493 3026 5553 Antiocheam,
3064 5507 3208 5558 quae,
3254 5508 3383 5544 cum
3437 5495 3513 5542 vl-

1875 5569 2031 5619 deret
2063 5581 2124 5618 se
2154 5572 2209 5618 et
2236 5567 2377 5616 ﬁlias
2423 5580 2551 5617 suas
2596 5567 2716 5627 cogi
2756 5565 2819 5613 ad
2856 5565 3288 5616 sacrificandum
3328 5565 3508 5619 idolis.

1875 5645 1929 5691 et
1984 5641 2089 5690 nisi
2152 5640 2418 5699 facerent,
2480 5640 2752 5688 tormenta
2809 5642 2864 5687 et
2922 5641 3160 5687 mortem
3231 5637 3513 5690 intentari.

1874 5714 2092 5763 timeret
2123 5724 2283 5776 porro
2331 5723 2401 5761 ne
2438 5710 2725 5775 pudicitiae
2762 5721 2881 5759 suae
2930 5712 2987 5757 et
3026 5708 3265 5757 filiarum
3309 5708 3390 5755 vis
3420 5708 3513 5754 in—

1872 5785 2126 5847 ferretur,
2147 5796 2208 5835 se
2256 5795 2389 5834 cum
2432 5782 2544 5834 illis
2575 5781 2804 5847 projecit
2847 5782 2903 5831 in
2942 5779 3175 5831 ﬂuvium
3209 5780 3265 5829 in
3315 5777 3510 5832 itinere
