3998 6194
483 200 585 257 6ίὸ
1391 194 1448 251 S.
1489 193 1803 250 CYPRIANI
1844 186 2116 250 OPERUM
2160 191 2331 249 PARS
2368 192 2427 247 ll.
2470 222 2538 232 -
2576 184 2942 249 OPUSCULA.
3704 198 3791 252 616

471 330 654 384 aetatis
686 318 956 393 evadunt,
992 322 1187 397 593
1223 323 1294 378 ad
1333 321 1699 378 continentia!
1740 325 1910 393 atque
1954 321 2320 404 iuno-Alloc
2376 336 2467 373 me
2521 336 2659 390 ergo
2715 318 2773 372 in
2825 318 3091 389 praesenti
3143 318 3484 374 mortalitate
3530 322 3797 378 contristat

474 424 680 478 contire
707 422 1010 494 praemium
1042 418 1281 473 feliciter
1301 416 1662 488 perveniunt,
1691 415 2108 485 tormentajam
2210 414 2361 484 quod
2394 413 2489 485 qui
2530 415 2760 484 paratus
2803 413 2873 466 ad
2917 412 3333 466 confessionem
3379 413 3606 483 fueram,
3652 422 3702 470 et
3737 420 3796 472 ad

475 517 767 572 celeritate
812 515 1024 569 lucrata
1075 517 1341 567 matrona
1396 513 1524 581 (38),
1575 514 1790 563 metum
1843 524 2107 579 persecu-
2214 508 2580 562 tolerantiam
2629 506 2907 577 passionis
2933 509 3049 560 toto
3095 522 3189 560 me
3232 506 3398 561 corde
3439 513 3491 561 et
3529 508 3686 578 plena
3710 510 3801 564 vir-

472 605 643 659 tionis
694 610 749 658 et
802 619 1006 657 manus
1054 601 1449 671 cruciatusque
1499 598 1780 653 carnificis
1827 595 2108 651 moriendi
2210 606 2331 656 tute
2372 602 2731 667 devoveram,
2766 598 2957 672 594
2998 598 3270 671 martyrio
3310 616 3433 655 meo
3464 600 3655 671 privor,
3682 603 3800 658 dum

473 699 760 753 celeritate
804 698 1039 751 lucrata.
1090 697 1293 749 Pavore
1342 691 1708 748 mortalitatis
1744 694 1801 745 et
1842 690 2112 761 temporis
2215 699 2396 748 morte
2454 694 2786 765 praevenior.
2838 694 3025 748 Primo
3074 694 3133 748 in
3185 693 3307 748 loco
3350 709 3463 747 nou
3507 700 3586 748 est
3628 694 3679 748 in
3717 701 3801 751 tua

472 793 860 849 accenduntur
915 788 1114 860 tepidi,
1168 787 1639 858 constringuntur
1684 785 1924 850 remissi,
1968 784 2113 837 exci-
2211 792 2512 860 potestate,
2543 789 2641 842 sed
2695 788 2751 842 in
2802 789 2899 843 Dei
2949 787 3287 859 dignatione
3328 787 3674 858 martyrium,
3716 807 3801 845 nec

474 890 673 942 tantur
702 884 913 955 ignavi,
947 884 1264 938 desertores
1295 882 1721 952 compelluntur
1761 882 1823 932 ut
1859 878 2110 945 redeant,
2212 886 2371 953 potes
2400 886 2452 936 te
2485 882 2672 936 dicere
2704 881 3018 952 perdidisse
3054 881 3207 952 quod
3241 881 3420 935 nescis
3448 898 3516 935 an
3555 886 3799 937 merearis

479 981 719 1052 gentiles
760 981 1044 1049 coguntur
1071 983 1133 1031 ut
1166 976 1422 1043 credant,
1454 980 1613 1029 vetus
1640 973 1895 1027 ﬁdelium
1932 987 2110 1042 popu-
2215 976 2494 1047 accipere.
2544 977 2699 1031 Tunc
2738 975 2942 1031 deinde
2987 975 3135 1029 Deus
3174 978 3452 1029 scrutator
3491 975 3537 1008 ³⁵
3583 976 3720 1029 renis
3756 982 3805 1032 et

476 1075 565 1129 lus
604 1074 678 1127 ad
719 1073 971 1144 quietem
1011 1077 1259 1136 vocatur,
1290 1069 1359 1123 ad
1409 1068 1590 1123 aciem
1618 1082 1816 1121 recens
1844 1069 1903 1120 et
1931 1065 2116 1136 copio-
2215 1070 2406 1125 cordis
2445 1074 2501 1124 et
2529 1070 2879 1125 occultorum
2919 1069 3332 1140 contemplator
3370 1073 3426 1121 et
3460 1067 3699 1139 cognitor
3735 1069 3802 1123 vi-

482 1184 578 1222 sus
608 1168 715 1238 (39)
761 1166 1043 1221 exercitus
1094 1164 1295 1218 robore
1336 1161 1570 1216 fortiore
1619 1160 1925 1230 colligitur,
1965 1175 2112 1230 pug-
2214 1164 2310 1219 det
2338 1166 2391 1218 te
2415 1167 2473 1219 et
2502 1163 2692 1218 laudat
2717 1166 2775 1217 et
2805 1162 3164 1234 comprobat,
3191 1166 3250 1217 et
3274 1162 3372 1234 qui
3403 1162 3652 1233 perspicit
3674 1163 3803 1233 apud

483 1267 723 1317 naturus
752 1260 874 1314 sine
897 1264 1051 1314 metu
1078 1256 1277 1312 mortis
1303 1272 1432 1311 cum
1456 1254 1720 1326 prmlium
1749 1253 1990 1320 venerit,
2017 1252 2117 1324 qui
2216 1261 2271 1312 te
2301 1261 2559 1329 paratam
2586 1256 2760 1311 fuisse
2789 1257 3078 1324 virtutem,
3107 1255 3306 1311 reddet
3326 1272 3430 1327 pro
3455 1256 3649 1310 virtute
3675 1273 3801 1310 mer-

479 1355 552 1411 ad
580 1354 844 1409 militiam
873 1358 1131 1423 tempore
1157 1349 1516 1405 mortalitatis
1544 1348 1782 1403 accedit.
2216 1352 2435 1408 cedem.
2470 1351 2757 1422 Numquid
2778 1350 2913 1404 Cain
2931 1366 3062 1405 cum
3094 1351 3207 1405 Deo
3233 1366 3443 1405 munus
3471 1348 3687 1404 offerret
3700 1349 3806 1420 jam

550 1450 680 1503 XVI.
723 1447 827 1511 Qui
874 1445 1078 1501 deinde
1119 1443 1284 1512 illud,
1317 1444 1519 1497 fratres
1557 1440 1926 1508 dilectissimi,
1954 1442 2117 1512 quale
2216 1449 2540 1517 peremerat
2586 1444 2864 1499 fratrem?
2895 1445 2960 1499 Et
3002 1448 3193 1498 tamen
3238 1442 3597 1514 parricidium
3640 1448 3805 1496 mente

480 1548 585 1611 est,
615 1557 790 1612 quam
825 1539 1135 1611 pertinens,
1163 1554 1332 1609 quam
1375 1535 1779 1602 necessarium,
1808 1533 1959 1605 quod
1987 1550 2115 1605 pes-
2218 1542 2557 1610 conceptum
2605 1539 2751 1593 Deus
2790 1538 3064 1609 providus
3105 1540 3236 1592 ante
3281 1536 3583 1591 damnavit.
3619 1537 3683 1590 Ut
3712 1536 3808 1590 illic

478 1636 552 1691 tis
605 1636 709 1689 ista
755 1640 812 1688 et
856 1634 1000 1703 lues,
1050 1649 1180 1703 quas
1218 1631 1506 1686 horribilis
1550 1632 1607 1684 et
1652 1629 1841 1684 feralis
1873 1628 2175 1705 videtur,_
2220 1633 2486 1705 cogitatio
2540 1632 2695 1687 mala
2751 1635 2809 1686 et
2860 1631 3184 1704 perniciosa
3236 1629 3525 1701 conceptio
3566 1628 3669 1700 (41)
3715 1630 3809 1684 Deo

479 1730 741 1801 explorat
781 1727 1060 1799 justitiam
1106 1725 1486 1797 singulorum,
1515 1727 1573 1779 et
1610 1729 1832 1778 mentes
1879 1722 2118 1777 humani
2135 1702 2193 1774 B
2217 1702 2552 1798 providente
2579 1702 2878 1797 prospecte
2894 1726 2943 1760 ²⁶
2965 1729 3066 1793 est,
3090 1724 3167 1780 ita
3190 1729 3245 1779 et
3268 1724 3327 1778 in
3359 1723 3457 1779 Dei
3484 1722 3665 1790 servis,
3684 1722 3812 1793 apud

481 1822 705 1895 generis
762 1821 1073 1889 examinat,
1123 1836 1195 1874 an
1250 1817 1496 1873 inﬁrmis
1548 1818 1801 1872 serviant
1856 1816 1999 1883 sani,
2044 1832 2116 1870 an
2218 1836 2363 1892 quos
2392 1820 2670 1875 confessio
2697 1819 2983 1891 cogitatur
3010 1823 3069 1874 et
3101 1816 3441 1889 martyrium
3482 1824 3663 1871 mente
3694 1832 3809 1870 con-

482 1916 795 1989 prOpinqui
848 1920 1122 1985 cognatos
1164 1913 1254 1984 pie
1306 1912 1572 1983 diligant,
1620 1928 1692 1965 an
1749 1910 2119 1964 misereantur
2217 1913 2444 1986 cipitur,
2473 1914 2699 1969 animus
2740 1913 2815 1968 ad
2851 1913 3068 1968 bonum
3114 1911 3340 1967 deditus
3379 1911 3491 1966 Deo
3528 1910 3703 1981 judice
3735 1926 3813 1964 co-

482 2026 780 2065 servorum
837 2007 1240 2079 languentium
1301 2004 1558 2073 domini,
1620 2021 1691 2058 an
1748 2005 2117 2074 deprecantes
2217 2014 2476 2063 ronatur.
2518 2006 2687 2062 Aliud
2716 2011 2802 2063 est
2840 2006 3114 2078 martyrio
3157 2005 3416 2060 animum
3452 2004 3661 2069 deesse,
3685 2002 3817 2057 aliud

482 2120 668 2175 mgros
700 2119 814 2158 non
855 2102 1119 2159 deserant
1156 2099 1384 2167 medici,
1424 2116 1495 2153 an
1531 2099 1749 2153 feroces
1790 2097 2116 2171 violentiam
2217 2102 2412 2156 animo
2454 2101 2699 2157 defuisse
2730 2100 3069 2172 martyrium
3101 2100 3231 2170 (42).
3264 2099 3515 2163 Qualem.
3543 2103 3598 2152 te
3635 2097 3821 2151 invenit

480 2214 640 2254 suam
692 2195 1103 2268 comprimant,
1157 2211 1230 2248 an
1285 2209 1514 2264 rapaces
1569 2191 1824 2247 avaritia:
1878 2189 2118 2245 furentis
2219 2194 2490 2249 Dominus
2551 2212 2680 2250 cum
2742 2200 2936 2263 vocat,
2993 2194 3166 2249 talem
3227 2193 3447 2264 pariter
3499 2197 3553 2247 et
3587 2191 3815 2262 judicat,

481 2291 868 2349 insatiabilem
915 2305 1143 2360 semper
1176 2287 1441 2343 ardorem
1472 2287 1560 2342 vel
1591 2291 1747 2340 metu
1781 2285 1980 2340 mortis
2023 2299 2115 2339 ex-
2218 2290 2443 2361 quando
2471 2289 2592 2361 ipse
2624 2295 2862 2344 testetur
2887 2294 2943 2344 et
2967 2288 3120 2343 dicat
3147 2304 3161 2341 :
3185 2290 3255 2343 Et
3278 2290 3446 2343 scient
3477 2301 3646 2341 omnes
3670 2285 3820 2341 Eccle-

482 2387 799 2457 stinguant,
846 2401 917 2437 an
962 2382 1242 2437 cervicem
1280 2382 1509 2436 ﬂectant
1558 2380 1813 2452 superbi,
1844 2396 1915 2433 an
1944 2379 2115 2433 anda-
2217 2387 2312 2439 sia,»
2336 2387 2466 2453 quia
2504 2400 2596 2453 ego
2637 2400 2753 2439 sum
2792 2386 3066 2438 scrutator
3100 2384 3246 2437 renis
3271 2386 3325 2436 et
3349 2381 3525 2435 cordis
3551 2380 3744 2451 (Apoc,
3771 2395 3820 2445 ιι,

483 2479 631 2535 ciam
658 2478 877 2532 leniant
910 2477 957 2511 ²⁴
990 2476 1261 2547 improbi,
1293 2492 1362 2529 an
1393 2473 1765 2545 pereuntibus
1793 2472 2005 2537 charis,
2034 2472 2116 2525 vel
2216 2479 2328 2546 23),
2374 2478 2484 2531 Nec
2534 2477 2689 2531 enim
2730 2478 2877 2531 Deus
2929 2474 3276 2546 sanguinem
3326 2477 3583 2528 nostrum
3629 2472 3820 2527 deside-

482 2573 561 2628 sic
612 2571 827 2643 aliquid
868 2570 1067 2625 divites
1109 2569 1499 2640 indigentibus
1541 2568 1649 2639 (40)
1693 2567 2015 2637 largiantur
2063 2569 2119 2619 et
2220 2573 2311 2624 rat
2344 2570 2391 2604 ετ
2436 2570 2566 2641 (43),
2608 2570 2706 2624 sed
2749 2569 2918 2623 ﬁdem
2959 2569 3184 2640 quaerit.
3220 2569 3357 2623 Nam
3405 2584 3509 2622 nec
3545 2566 3819 2631 Abraham,

484 2665 702 2722 donent
728 2666 852 2719 sine
880 2664 1102 2718 hasrede
1135 2662 1429 2717 morituril
1464 2662 1535 2716 Ut
1558 2660 1698 2715 nihil
1726 2659 1878 2714 aliud
1908 2663 2115 2717 morta-
2224 2680 2328 2718 nec
2368 2665 2537 2732 Isaac,
2572 2680 2674 2719 nec
2709 2663 2877 2718 Jacob
2923 2662 3090 2717 occisi
3118 2666 3271 2730 sunt,
3308 2666 3365 2717 et
3397 2665 3586 2716 tamen
3615 2660 3732 2715 ﬁdei
3771 2675 3823 2713 ac

482 2760 610 2816 litas
653 2760 756 2814 ista
800 2758 1123 2824 contulerit,
1174 2757 1277 2840 hoc
1330 2755 1664 2810 Christianis
1712 2760 1769 2808 et
1809 2754 1901 2808 Dei
1948 2754 2121 2808 servis
2213 2756 2451 2827 justitiaa
2510 2756 2730 2811 meritis
2782 2755 3042 2811 honorati
3095 2756 3250 2809 inter
3295 2755 3639 2827 patriarchas
3678 2752 3823 2824 primi

482 2856 797 2935 plprimum
841 2852 1127 2924 praestitit,
1172 2850 1327 2922 quod
1358 2849 1695 2920 martyrium
1742 2848 2017 2919 coepimus
2062 2849 2123 2902 li-

483 2949 687 3004 benter
715 2950 1007 3018 appetere,
1030 2945 1171 3000 dum
1200 2949 1447 2998 mortem
1475 2943 1742 2996 discimus
1762 2958 1876 2997 non
1896 2941 2119 2996 timere.

2223 2867 2343 2905 esse
2387 2856 2751 2917 meruerunt;
2792 2850 2865 2905 ad
2904 2865 3151 2921 quorum
3189 2849 3509 2904 convivium
3551 2862 3823 2918 congrega-

2226 2948 2315 2999 tur
2355 2945 2608 3016 quisquis
2650 2944 2831 2999 ﬁdelis
2880 2948 2938 2999 et
2966 2944 3155 3015 justus
3196 2949 3253 2999 et
3288 2942 3587 2998 laudabilis
3630 2939 3821 2996 inveni-

483 3042 758 3098 Exercitia
786 3045 918 3095 sunt
953 3039 1117 3094 nobis
1147 3038 1271 3104 ista,
1310 3054 1422 3092 non
1469 3037 1688 3092 funera.
1737 3038 1882 3091 Dant
1928 3036 2120 3092 animo
2142 3069 2197 3142 Ο
2224 3044 2338 3094 tur.

484 3134 838 3192 fortitudinis
879 3133 1145 3204 gloriam,
1186 3135 1524 3203 contemptu
1566 3131 1762 3185 mortis
1795 3136 2121 3202 prmparant

488 3230 558 3285 ad
591 3245 879 3284 coronam.

560 3324 712 3378 XVII.
768 3320 881 3377 Sed
938 3320 1173 3375 fortasse
1234 3318 1436 3390 aliquis
1489 3324 1737 3390 opponat
1786 3326 1844 3376 et
1899 3319 2045 3383 dicat
2097 3335 2111 3373 :

2290 3133 2468 3187 XVIII.
2507 3130 2822 3187 Meminisse
2865 3131 3141 3186 debemus
3179 3132 3534 3186 voluntatem
3572 3146 3687 3198 nos,
3724 3144 3822 3181 non

2220 3231 2495 3293 nostram,
2539 3225 2635 3280 sed
2674 3225 2771 3279 Dei
2820 3225 3010 3281 facere
3057 3225 3299 3289 debere,
3353 3224 3658 3281 secundum
3693 3221 3821 3294 quod

2218 3337 2321 3375 nos
2360 3318 2636 3377 Dominus
2678 3319 2933 3390 quotidie
2968 3319 3139 3390 jussit
3186 3336 3374 3377 orare.
3415 3320 3595 3385 Quam
3636 3331 3828 3388 priapo-

1863 3459 2073 3526 Varia
2127 3451 2463 3528 lectiOnes.

554 3598 597 3634 ¹⁴
628 3595 1012 3663 Comprimant
1036 3597 1170 3647 Pcm.
1216 3598 1348 3647 Voss.
1375 3596 1424 3659 1,
1448 3596 1496 3647 2.
1565 3600 1605 3631 ⁸⁵
1638 3596 1923 3648 Scrutator
1947 3603 2029 3648 est
2069 3601 2202 3650 Voss.
2228 3600 2277 3650 2.
2309 3602 2444 3649 Pam.
2476 3599 2638 3651 Soris.
2672 3599 2793 3649 Bod.
2825 3602 2869 3650 1.
2896 3601 2944 3651 4.
3013 3599 3055 3634 ³⁸
3090 3600 3388 3665 Perspecta
3418 3601 3550 3665 Lips.
3586 3597 3767 3650 V0333.
3787 3594 3828 3644 3.

493 3667 535 3705 ³⁷
560 3669 853 3723 Desiderat
872 3667 1011 3718 deest
1045 3669 1094 3716 in
1122 3667 1219 3717 Ed.
1247 3668 1415 3716 Prz'nc.
1444 3667 1665 3731 aliisque
1693 3669 1869 3718 Roulh.

1793 3796 2020 3879 Steph.
2067 3797 2315 3863 Baluzii
2360 3804 2558 3863 notae.

496 3913 757 3981 positum.
791 3911 940 3965 Inter
969 3915 1171 3965 castora
1191 3926 1323 3964 vero
1352 3924 1479 3978 quas
1504 3913 1645 3964 dixit
1673 3914 1893 3965 filiabus
1917 3918 2036 3967 suis
2070 3921 2134 3967 ut

497 3989 577 4038 eis
601 3985 862 4036 suaderet
888 3984 1041 4035 hunc
1074 3984 1305 4043 exitum,
1337 3986 1411 4034 ait
1447 4001 1458 4035 :
1492 4002 1520 4033 «
1557 3986 1965 4037 Prostituentur
2001 4001 2132 4053 ergo

496 4061 552 4109 in
581 4057 820 4122 publicis
862 4055 1225 4120 lupanaribus
1265 4057 1510 4107 membra
1556 4071 1681 4121 qua:
1722 4072 1816 4109 aer
1839 4072 1981 4122 pene
2016 4061 2133 4123 ipse

493 4129 757 4195 publicus
792 4127 987 4177 habuit
1036 4128 1366 4190 incognita?
1398 4143 1427 4175 »
1475 4128 1621 4178 Hinc
1647 4129 1855 4179 factum
1888 4135 1969 4189 ut,
2001 4131 2131 4194 quia

495 4201 737 4264 virgines
763 4198 1093 4248 Christianae
1120 4198 1554 4262 projiciebantur
1585 4201 1638 4248 in
1671 4199 1975 4263 lupanaria,
2003 4215 2131 4253 cre-

496 4271 674 4322 ditum
700 4272 771 4320 sit
807 4270 947 4330 illas,
982 4271 1237 4333 quamvis
1274 4270 1383 4318 vim
1427 4284 1606 4334 passas
1644 4271 1966 4334 pudicitiam
2004 4285 2132 4323 vero

463 4394 468 4399 ,
494 4342 888 4408 perdidissent,
921 4341 1093 4390 fuisse
1130 4346 1313 4390 tamen
1342 4342 1582 4403 virgines
1615 4342 1921 4392 secundum
1948 4345 2131 4393 Evan-

495 4414 726 4479 gelium,
752 4416 811 4461 ut
838 4426 906 4461 ex
931 4412 1273 4475 Hieronymo
1308 4417 1364 4463 et
1390 4414 1701 4476 Augustino
1741 4414 1935 4478 probat
1967 4415 2131 4480 Alge-

2230 3932 2357 3968 mus
2383 3919 2438 3968 in
2489 3918 2735 3982 Epistola
2783 3917 2856 3968 ad
2907 3917 3300 3968 Pammachium
3352 3916 3612 3967 adversus
3648 3922 3827 3963 errores

2229 3989 2461 4040 Joannis
2505 3989 2995 4052 Hierosolymitani
3029 4004 3040 4038 :
3077 4005 3107 4036 <‹
3135 3989 3239 4039 Dei
3289 3988 3468 4038 Filius
3507 3999 3670 4036 unam
3706 3994 3827 4032 mor-

2230 4057 2417 4108 bidam
2452 4073 2611 4110 ovem
2656 4061 2773 4109 suis
2817 4059 3067 4110 humeris
3103 4061 3342 4123 portavit
3393 4058 3462 4109 ad
3491 4060 3673 4117 caelos,
3696 4055 3829 4116 huius

2229 4129 2353 4179 lans
2386 4134 2437 4180 et
2469 4132 2681 4194 patiens
2711 4130 3004 4181 delicatam
3033 4131 3424 4194 peccatricem.
3466 4150 3492 4174 »

2294 4199 2392 4262 (39)
2423 4200 2691 4263 Copiosus.
2740 4202 2876 4251 Tres
2922 4200 3050 4250 libri
3094 4201 3266 4250 nostri
3317 4204 3371 4251 et
3410 4214 3557 4251 unus
3599 4214 3627 4249 a
3658 4194 3828 4248 Morel-

2226 4269 2301 4320 lio
2332 4272 2535 4321 citatus
2563 4272 2830 4322 exhibent
2863 4276 3087 4331 lorosus,
3127 4271 3184 4321 id
3231 4276 3318 4323 est
3355 4273 3453 4335 qui
3482 4272 3695 4335 pulpam
3728 4281 3829 4317 car-

2229 4341 2316 4390 nis
2351 4342 2692 4391 maculosam
2728 4341 2916 4401 habet,
2956 4342 3010 4391 in
3044 4355 3154 4406 quo
3179 4346 3260 4392 est
3286 4342 3459 4392 robur
3498 4347 3553 4392 et
3581 4336 3826 4406 fortitudo.

2233 4412 2392 4462 Unde
2444 4415 2626 4463 cervix
2673 4419 2851 4464 torosa
2893 4405 3071 4477 apud
3098 4413 3385 4464 Catullum
3419 4413 3476 4462 in
3513 4411 3739 4462 carmine
3774 4405 3828 4454 de

500 4464 611 4543 ius,
676 4464 1044 4533 scholasticus
1097 4464 1415 4544 Leodensis,
1460 4464 1517 4533 iii
1564 4464 1755 4547 capite.
1797 4464 2618 4547 761ibriudeDBerecynthia,
2674 4483 2806 4534 colla
2865 4464 3043 4536 torosa
3086 4485 3237 4535 boum
3295 4485 3444 4550 apud
3497 4482 3739 4535 Ovidium
3784 4480 3826 4526 iu

498 4554 869 4608 Misericordia
904 4558 950 4603 et
980 4553 1222 4603 Iustitia.
1254 4554 1371 4619 Ego
1415 4568 1544 4604 vero
1578 4569 1646 4606 ex
1677 4555 1873 4605 eodem
1920 4559 2136 4619 Augus-

498 4629 615 4678 tino
645 4625 785 4677 addo
821 4626 977 4675 illum
1011 4626 1065 4674 in
1107 4625 1352 4688 Epistola
1390 4626 1461 4675 ad
1498 4627 1860 4676 Victoriuuum
1891 4628 2135 4679 scribere

503 4699 817 4749 violentiam
882 4698 1081 4747 factam
1140 4698 1195 4746 in
1245 4698 1474 4760 virgine,
1516 4698 1563 4747 si
1616 4698 1710 4747 illa
1751 4712 1859 4748 non
1904 4713 2136 4751 consen-

499 4771 652 4825 serit.
678 4782 786 4819 non
818 4782 916 4831 pro
943 4769 1316 4831 corruptionis
1361 4768 1723 4832 turpitudine,
1758 4769 1855 4818 sed
1882 4784 1978 4833 pro
2008 4784 2135 4835 pas-

498 4842 672 4891 sionis
696 4841 923 4890 vulnere
953 4838 1345 4904 deputandam,
1377 4844 1431 4890 et
1471 4842 1529 4889 in
1575 4841 1822 4904 Epistola
1859 4842 1931 4892 nd
1965 4844 2136 4892 Hono-

498 4917 677 4962 ratum
721 4911 967 4961 scribere
1011 4911 1338 4975 pudicitiam
1388 4925 1500 4961 non
1545 4912 1743 4962 violari
1780 4914 2062 4974 violentia,
2088 4917 2133 4965 si

498 4988 685 5033 mente
731 4986 999 5042 servatur,
1053 4984 1316 5046 quoniam
1371 4998 1483 5034 nec
1538 4985 1593 5033 in
1659 4997 1825 5035 carne
1900 4986 2138 5036 violatur

499 5053 724 5119 quando
773 5054 1029 5103 voluntas
1081 5054 1341 5117 patientis
1386 5068 1486 5103 sua
1534 5055 1766 5118 turpiter
1803 5070 1968 5107 carne
2021 5072 2134 5109 non

498 5127 693 5185 utitur,
718 5124 816 5174 sed
842 5125 962 5176 sine
1007 5127 1373 5176 consensione
1420 5126 1617 5176 tolerat
1643 5126 1792 5191 quod
1837 5128 1980 5178 alius
2005 5143 2136 5194 epe-

498 5199 669 5244 ratnr.
706 5196 847 5245 Vide
872 5197 1039 5245 etiam
1086 5195 1347 5246 Carolum
1395 5197 1674 5260 Guyetuzn
1718 5198 1812 5247 lib.
1851 5213 1908 5259 ιι,
1936 5213 2054 5264 cap.
2088 5203 2134 5261 7,

499 5281 622 5331 pag.
662 5267 768 5329 173,
798 5267 1157 5332 Heorlologiz.
1188 5267 1492 5319 Suetonius
1515 5271 1568 5318 in
1598 5268 1817 5320 Tiberio
1856 5286 1866 5319 :
1898 5273 2137 5322 «Imma-

498 5342 640 5388 turae
679 5339 899 5402 puellae,
946 5340 1074 5402 quia
1132 5352 1283 5389 more
1347 5340 1547 5390 tradito
1616 5342 1772 5391 nefas
1828 5349 1973 5394 esset
2021 5344 2137 5393 vir-

500 5410 659 5474 gines
708 5409 1060 5473 strangulari,
1119 5411 1324 5460 vitiatae
1382 5411 1535 5474 prius
1587 5426 1617 5461 a
1670 5414 1953 5476 carnifice,
2008 5414 2136 5466 dein

499 5482 911 5547 strangulatus.»
963 5482 1044 5531 De
1097 5481 1210 5531 ﬂlia
1239 5483 1425 5546 Seiani
1468 5483 1543 5532 ita
1574 5484 1741 5534 etiam
1774 5489 2003 5536 testatur
2034 5488 2138 5538 Dio

501 5550 731 5603 Cassius
773 5552 865 5603 lib.
908 5566 1058 5605 Lvm.
1112 5552 1254 5604 Vide
1302 5554 1602 5605 Baronium
1659 5555 1727 5605 ad
1779 5556 1927 5607 diem
1961 5555 2137 5609 21Ja-

499 5637 707 5674 nuaru.

562 5696 659 5759 (38)
740 5694 972 5746 Delicala
1028 5698 1301 5747 matrona.
1368 5695 1560 5748 Victor
1618 5698 1863 5750 Vitensis
1918 5700 2015 5752 lib.
2079 5715 2136 5764 v,

500 5779 623 5834 cap.
652 5770 723 5821 8:
758 5785 785 5814 «
839 5767 1085 5820 Matrona
1141 5768 1345 5820 nobilis
1389 5779 1456 5818 ac
1498 5768 1752 5821 delicata.
1788 5790 1816 5819 ››
1864 5772 2136 5841 Hierony-

2232 4553 2375 4603 libro
2424 4555 2674 4606 secundo
2715 4557 3219 4620 Malumerphoseon,
3265 4562 3320 4606 et
3377 4562 3557 4606 torosa
3607 4555 3826 4617 juventus

2233 4626 2290 4675 in
2337 4625 2515 4676 Satira
2556 4637 2613 4675 III
2660 4628 2849 4677 Persii.
2906 4628 3179 4678 Minucius
3225 4628 3383 4679 Felix
3424 4629 3480 4676 iu
3526 4629 3640 4690 ipso
3684 4625 3827 4673 ferme

2231 4697 2409 4746 initio.
2438 4715 2465 4741 «
2496 4697 2703 4761 Crispis
2753 4701 3061 4763 torosisque
3104 4699 3309 4750 ibidem
3356 4698 3631 4750 erroribus
3677 4694 3829 4745 delec-

2233 4771 2330 4817 tat.
2368 4787 2393 4812 »
2445 4769 2503 4817 In
2544 4769 2687 4819 libro
2744 4772 3061 4821 monasterii
3113 4770 3409 4822 Becceusts
3466 4772 3717 4834 scriptum
3763 4766 3828 4814 est

2234 4852 2480 4889 corrosus
2512 4853 2609 4901 pro
2638 4846 2861 4892 lor-osus.

2297 4911 2393 4972 (40)
2421 4911 2793 4975 Indigeiilibus.
2839 4912 2987 4962 Istud
3034 4911 3336 4976 adjecimus
3379 4928 3449 4964 ex
3486 4912 3591 4963 ﬁde
3623 4911 3826 4960 duorum

2235 4987 2486 5032 veterum
2513 4983 2779 5033 librorum
2811 4991 3124 5035 nostrorum
3153 4989 3206 5035 et
3243 4985 3480 5035 duorum
3517 4987 3641 5035 item
3670 4978 3827 5042 Angli-

2235 5066 2520 5103 canorum.

2300 5126 2704 5186 (4|)Perniciosa
2731 5128 3014 5192 conceptio.
3051 5127 3243 5179 Codex
3279 5127 3681 5193 Seguierianus,
3707 5119 3826 5187 peri-

2235 5195 2433 5246 culoso.

2252 5286 2259 5297 ·
2300 5267 2397 5327 (42)
2418 5266 2579 5317 Aliud
2613 5274 2685 5319 est
2708 5270 2868 5320 enim.
2894 5271 3141 5322 Joannes
3166 5272 3332 5322 Picus
3363 5267 3659 5320 Mirandula
3694 5263 3829 5313 aliter

2236 5339 2456 5403 Logebat
2491 5342 2547 5389 in
2597 5356 2700 5391 suo
2751 5343 2961 5394 codice.
3015 5344 3247 5407 Scripsit
3283 5346 3430 5395 enim
3480 5359 3491 5391 :
3530 5360 3556 5387 α
3585 5334 3735 5391 Aliud
3760 5334 3829 5382 est

2238 5412 2386 5460 enim
2415 5415 2739 5476 martyrium
2770 5413 2964 5467 deesse
2997 5417 3202 5477 animo,
3222 5414 3374 5466 aliud
3403 5416 3644 5464 animum
3666 5409 3829 5458 deesse

2238 5484 2520 5545 martyrio.
2553 5500 2580 5527 »
2622 5483 2696 5531 Ita
2734 5484 2787 5532 in
2810 5486 3087 5549 Apologia.

2302 5552 2403 5615 (43)
2428 5554 2718 5603 Desiderat.
2751 5556 2821 5605 Et
2856 5546 3005 5606 istud
3038 5570 3262 5622 quoque
3299 5557 3596 5621 adiecimus
3618 5566 3684 5603 ex
3725 5546 3827 5613 qui-

2236 5622 2471 5675 busdam
2499 5624 2787 5677 codicibus
2811 5628 3014 5678 nostris
3043 5633 3099 5679 et
3127 5643 3196 5680 ex
3235 5628 3564 5694 quibusdam
3594 5622 3826 5688 Anglice-

2237 5695 2340 5746 nis.
2376 5694 2561 5747 Potest
2587 5700 2772 5748 tamen
2807 5713 2930 5751 esse
2953 5700 3244 5764 glossema.
