3998 6194
154 277 236 326 617
1356 266 1553 324 LIBER
1594 270 1680 325 DE
1719 269 2208 327 MORTALITATE.

3359 270 3460 323 618

150 400 328 450 sterum
364 393 459 463 (44)
519 396 623 461 est,
675 410 962 464 quamque
1004 400 1357 465 perversum,
1408 400 1485 457 ut,
1519 411 1646 449 cum
1681 396 1728 450 ei
1756 396 2076 481 Aquadam
2124 392 2300 447 animi
2340 396 2397 446 et
2434 392 2580 447 vocis
2626 392 3017 463 indignatione
3068 392 3367 448 infremuit
3407 397 3465 447 et

149 490 452 543 voluntatem
481 487 602 541 lieri
638 490 1010 558 postulamus,
1037 489 1265 558 quando
1304 494 1499 543 evocat
1540 506 1642 544 nos
1675 492 1732 543 et

148 582 343 638 accersit
361 582 427 635 de
454 582 560 636 hoc
588 583 805 637 mundo
837 584 998 649 Deus,
1031 599 1145 637 non
1178 584 1373 638 statim
1422 583 1731 637 voluntatis

148 679 245 748 ejus
271 675 500 746 imperio
546 692 868 746 pareamus.
898 676 1228 731 Obnitimur
1260 683 1315 731 et
1362 676 1728 744 reluctamur,

146 777 203 837 et,
258 770 621 841 pervicacium
665 788 822 825 more
858 788 1146 825 servorum
1172 774 1301 843 (45),
1356 772 1423 825 ad
1464 788 1734 843 conspec-

146 872 242 919 tum
272 864 482 919 Domini
508 882 639 919 cum
681 865 906 920 tristitia
938 864 1127 937 595
1166 872 1222 921 et
1249 882 1493 921 maerore
1518 866 1731 937 perdu-

145 961 316 1026 cimur,
369 963 635 1013 exeuntes
690 959 853 1014 istinc
903 960 1247 1015 necessitatis
1307 961 1557 1027 vinculo,
1615 978 1732 1016 non

146 1053 381 1124 obsequio
430 1054 760 1120 voluntatis;
818 1059 873 1109 et
923 1054 1183 1109 volumus
1232 1054 1301 1109 ab
1369 1071 1434 1110 eo
1488 1055 1735 1126 praemiis

143 1147 424 1202 caelestibus
452 1148 723 1203 honorari
756 1148 829 1202 ad
860 1165 1032 1220 quem
1061 1150 1324 1203 venimus
1352 1149 1551 1204 iuvitil
1585 1150 1734 1213 Quid

143 1259 255 1313 ergo
280 1258 501 1297 oramus
531 1248 585 1296 et
614 1244 857 1313 petimus
888 1246 948 1297 ut
976 1242 1244 1298 adveniat
1284 1260 1528 1314 regnum
1563 1244 1731 1298 coelo-

142 1337 326 1403 rum,si
372 1338 659 1407 captivitas
706 1341 933 1391 terrena
965 1337 1211 1392 delectat
1240 1337 1267 1391 ?
1298 1338 1441 1401 Quid
1474 1338 1737 1409 precibus

143 1432 437 1501 frequenter
482 1431 697 1486 iteratis
742 1448 1011 1503 rogamus
1058 1438 1111 1486 et
1158 1432 1445 1503 poscimus
1491 1435 1555 1486 ut
1585 1449 1740 1487 acce-

140 1524 258 1579 leret
285 1525 394 1579 dies
426 1526 614 1595 regni,
648 1526 692 1579 si
716 1526 937 1596 majora
958 1526 1237 1580 desideria
1266 1529 1323 1580 et
1351 1533 1483 1581 vota
1512 1526 1739 1597 potiora

144 1623 251 1672 sunt
316 1619 525 1673 servire
587 1620 707 1673 istic
773 1620 996 1674 diabolo
1059 1636 1229 1691 quam
1294 1636 1541 1692 regnare
1607 1636 1738 1675 cum

146 1718 335 1772 Christo
362 1720 387 1772 ‘l‘

1833 489 1970 543 dixit
2000 506 2011 541 :
2050 511 2078 537 ‹‹
2110 487 2228 542 Pati
2262 486 2490 553 timetis,
2522 485 2675 540 exire
2718 503 2833 541 non
2866 487 3053 553 vultis,
3078 486 3214 558 quid
3254 487 3463 542 faciam

1830 583 1987 637 vobis
2014 582 2041 637 ?
2071 604 2097 632 »
2156 581 2509 652 Increpantis
2554 598 2657 635 vox
2704 586 2788 635 est
2828 587 2882 635 et
2927 582 3230 649 monentis,
3264 581 3360 652 qui
3393 582 3462 635 de

1833 678 2227 749 persecutione
2279 676 2551 741 sollicitis,
2612 676 2681 729 de
2742 674 3109 730 accersitione
3173 676 3383 730 securis
3416 676 3464 709 ³ο

1832 788 1947 827 non
1978 770 2257 826 consentit
2306 770 2373 824 ad
2406 785 2656 841 prmsens
2698 768 3067 835 desiderium,
3098 768 3197 822 sed
3227 771 3466 825 consulit

1832 867 1891 921 in
1916 866 2195 920 futurum.
2226 864 2451 918 Audivit
2490 864 2666 917 frater
2703 868 2900 917 noster
2943 868 2996 915 et
3038 862 3253 932 collega
3286 864 3462 918 mori-

1836 964 1994 1014 turus
2048 958 2203 1031 quod
2256 958 2475 1012 caeteris
2528 957 2762 1011 diceret.
2796 957 2934 1010 Nam
3009 956 3104 1027 qui
3154 958 3467 1011 moriturus

1834 1054 2065 1121 audivit,
2100 1053 2172 1107 ad
2206 1052 2311 1107 hoc
2342 1052 2559 1106 audivit
2594 1055 2655 1105 ut
2685 1051 2898 1105 diceret
2929 1051 3058 1120 (-16).
3095 1049 3327 1104 Audivit
3356 1066 3468 1104 non

1839 1148 1945 1202 sibi
1970 1147 2086 1215 ille,
2120 1146 2216 1201 sed
2254 1146 2433 1200 nobis.
2482 1147 2619 1200 Nam
2648 1144 2783 1216 quid
2812 1144 2914 1198 sibi
2965 1144 3204 1199 disceret
3223 1145 3344 1214 jam
3376 1160 3466 1197 re—

1838 1258 2095 1297 cessurus
2125 1242 2151 1293 ‘t
2192 1240 2391 1294 Didicit
2429 1239 2545 1293 imo
2592 1238 2755 1293 nobis
2780 1239 2822 1272 ³¹
2873 1238 3328 1300 remanentibus,
3384 1243 3467 1305 ut,

1840 1337 1978 1391 dum
2017 1336 2369 1390 sacerdotem
2400 1334 2509 1405 (47)
2550 1333 2647 1405 qui
2693 1336 3079 1388 commeatum
3125 1334 3359 1403 petebat
3390 1332 3469 1386 in-

1840 1432 2119 1501 crepitum
2166 1446 2286 1483 esse
2325 1429 2728 1499 comperimus,
2777 1428 2914 1499 quid
2955 1427 3169 1481 cunctis
3202 1427 3470 1498 expediat

1841 1545 2285 1601 agnosceremus
2314 1528 2383 1583 ³³.

1910 1635 2011 1687 ΧΧ.
2064 1632 2235 1687 Nobis
2280 1648 2506 1703 quoque
2558 1630 2692 1701 ipsis
2758 1629 3009 1683 minimis
3080 1635 3132 1683 et
3204 1629 3471 1683 extremis

1841 1728 2057 1801 quoties
2076 1725 2265 1798 596
2288 1726 2603 1780 revelatum
2634 1730 2735 1792 est,
2756 1741 2923 1795 quam
2954 1725 3470 1795 frequenteratcpie

196 1814 311 1867 XIX.
342 1813 617 1883 Denique,
647 1816 710 1867 ut
736 1813 1092 1867 manifestius
1133 1813 1339 1868 divinae
1371 1813 1739 1884 providentiae
1762 1789 1817 1859 Β
1843 1789 2259 1877 [hanifest'c'dg
2306 1820 2400 1874 Dei
2458 1789 2792 1890 dignatione
2848 1789 3202 1889 praeceptum
3265 1821 3346 1871 est.
3378 1789 3471 1870 -ut

144 1906 321 1960 iudicia
349 1908 725 1961 clarescereut
762 1908 915 1979 quod
962 1908 1238 1963 Dominus
1284 1909 1555 1979 prmscius
1590 1908 1735 1961 futu-

144 2021 305 2058 rorum
326 2006 438 2058 suis
465 2006 727 2060 consulat
754 2007 820 2059 ad
840 2024 1028 2061 veram
1053 2006 1319 2074 salutem,
1339 2024 1469 2060 cum
1497 2006 1737 2076 quidam

142 2098 193 2153 de
214 2100 427 2171 collegis
459 2104 519 2153 et
547 2102 1044 2155 consacerdotibus
1072 2102 1299 2167 nostris,
1325 2101 1657 2155 infirmitate
1686 2101 1731 2133 '37

144 2193 357 2248 defessus
382 2198 437 2248 et
463 2196 535 2249 de
562 2196 1055 2267 appropinquante
1077 2196 1199 2265 jam
1226 2198 1408 2250 morte
1438 2195 1732 2260 sollicitus,

143 2295 495 2343 commeatum
541 2289 648 2342 sibi
694 2293 1047 2361 precaretur,
1085 2290 1261 2344 astitit
1308 2290 1637 2359 deprecanti
1689 2292 1743 2343 et

138 2382 233 2449 jam
260 2400 397 2452 pene
426 2384 704 2437 morienti
738 2383 963 2453 juvenis
996 2384 1215 2437 honore
1250 2387 1307 2437 et
1334 2384 1629 2453 majestate
1658 2398 1743 2436 ve-

143 2481 394 2548 nerabilis,
430 2484 581 2536 statu
610 2482 790 2535 celsus
812 2482 858 2515 '33
888 2485 944 2535 et
971 2482 1153 2535 clarus
1200 2487 1449 2552 aspectu,
1486 2485 1541 2534 et
1572 2496 1744 2549 quem

145 2579 461 2634 assistentem
498 2581 606 2634 sibi
643 2581 734 2634 vix
767 2583 956 2650 posset
995 2582 1280 2634 humanus
1312 2583 1573 2650 aspectus
1606 2595 1741 2633 ocu-

142 2676 195 2729 lis
224 2679 538 2733 carnalibus
570 2679 798 2748 intueri,
841 2679 947 2733 nisi
991 2679 1143 2749 quod
1180 2680 1349 2731 talem
1400 2677 1591 2731 videre
1626 2678 1744 2747 jam

143 2781 325 2843 poterat
357 2777 423 2831 de
452 2778 662 2831 saeculo
704 2793 1045 2831 recessurus.
1074 2781 1255 2847 Atque
1284 2778 1375 2830 ille
1399 2778 1447 2809 93
1477 2792 1590 2830 non
1624 2776 1745 2828 sine

1842 1920 2188 1972 contestarer
2215 1914 2439 1969 assidue
2481 1918 2535 1967 et
2578 1913 2798 1983 publice
2848 1912 3215 1983 praedicarem
3270 1912 3473 1965 fratres

1843 2015 2066 2066 nostros
2128 2028 2238 2063 nou
2285 2026 2405 2063 esse
2444 2008 2725 2078 lugendus
2764 2006 3131 2061 accersitioue
3182 2005 3474 2059 Dominica

1844 2107 1915 2161 de
1946 2106 2153 2160 saeculo
2180 2104 2469 2169 liberatos,
2494 2120 2622 2156 cum
2651 2102 2894 2155 sciamus
2923 2118 3038 2154 non
3072 2117 3171 2153 eos
3194 2098 3382 2153 amitti
3404 2100 3473 2163 ³³,

1842 2200 1938 2255 sed
1997 2198 2291 2271 praemitti,
2354 2196 2689 2251 recedentes
2740 2195 3085 2265 praecedere,
3146 2199 3205 2247 ut
3259 2193 3481 2263 proiici-

1844 2300 2086 2359 seentes,
2118 2296 2181 2347 ut
2209 2292 2538 2362 navigantes
2561 2292 2763 2356 solent,
2785 2288 3095 2344 desiderari
3124 2304 3222 2342 eos
3243 2288 3475 2353 debere,

1847 2406 1958 2443 non
2011 2387 2228 2458 plangi,
2283 2403 2385 2440 nec
2422 2384 2781 2455 accipiendas
2836 2399 2956 2437 esse
3008 2383 3097 2437 hic
3160 2387 3307 2436 atras
3363 2399 3481 2436 ves-

1848 2490 1928 2537 tes
1959 2485 2086 2554 (48),
2117 2480 2347 2551 quando
2380 2480 2457 2533 illi
2489 2479 2565 2533 ibi
2596 2478 2935 2532 indumenta
2968 2477 3099 2531 alba
3132 2478 3255 2547 jam
3284 2492 3476 2546 sump-

1847 2578 2043 2643 serint,
2076 2574 2430 2630 occasionem
2460 2572 2705 2627 dandam
2751 2589 2869 2626 non
2915 2588 3035 2626 esse
3082 2570 3391 2642 gentilibus
3422 2576 3481 2624 ut

1847 2689 1950 2725 nos
1978 2670 2186 2724 merito
2208 2685 2272 2722 ac
2298 2668 2425 2737 jure
2454 2666 2883 2737 reprehendant
2923 2665 3069 2736 quod
3115 2680 3255 2736 quos
3290 2665 3479 2719 vivere

1848 2765 1999 2835 apud
2029 2766 2206 2817 Deum
2226 2762 2487 2829 dicimus,
2508 2764 2573 2814 ut
2595 2760 2902 2814 exstinctos
2930 2765 2985 2814 et
3006 2758 3258 2829 perditos
3278 2758 3474 2828 lugea-

1488 2921 1699 2985 Variae
1753 2917 2091 2981 lectiones.

190 3050 223 3081 ιτ
249 3052 325 3100 .S‘i'c
359 3051 535 3100 decem
559 3063 674 3099 mss.
714 3050 929 3112 Anglor.
962 3050 1136 3099 Nostri
1163 3051 1277 3112 jam
1312 3050 1465 3098 Oxon.
1535 3047 1577 3081 ³⁸
1614 3048 1698 3095 Sic
1735 3059 1821 3094 sca:
1850 3042 1995 3093 codd.
2027 3040 2232 3104 Anglic.
2276 3038 2790 3112 Εχοειιειιευοτοηη
2817 3036 2872 3112 19
2903 3037 2992 3112 ῥά
3018 3037 3471 3112 quemilleLarn.

145 3124 265 3171 Etor.
293 3124 394 3172 ΝΟ.
438 3126 482 3171 1.
524 3122 644 3170 Bod.
673 3122 720 3171 2.
793 3120 832 3152 ³ο
867 3120 1165 3170 Sollicitus.
1209 3159 1219 3169 .
1261 3159 1269 3168 .

143 3195 323 3255 JngIOr.
360 3195 617 3258 Rejicitur
650 3208 680 3240 ο
710 3193 887 3243 Routli.
918 3195 1049 3257 Lips.

144 3265 214 3312 Ar.
238 3268 280 3312 et
304 3266 479 3313 ceteri
516 3263 664 3311 modo
694 3267 981 3312 memorati.

1124 3197 1160 3226 ³²
1188 3193 1552 3244 Nosceremus
1580 3193 1723 3239 Lam.
1757 3187 1909 3236 Ebor.
1938 3186 2044 3235 ΝΟ.
2078 3185 2123 3243 λι,
2146 3182 2191 3230 2.
2228 3179 2349 3229 Bod.
2383 3182 2430 3236 l,
2455 3178 2503 3239 2,
2536 3182 2582 3235 3,
2616 3181 2658 3225 lo.

1309 3133 1542 3171 securus
1572 3118 1730 3167 Itoulli
1757 3132 1819 3164 e1:
1837 3114 1984 3164 codd.
2014 3112 2120 3162 ΝΟ.
2159 3112 2187 3159 4
2210 3112 2318 3158 suis
2348 3115 2374 3157 5
2404 3108 2680 3157 Ραιηείιίιε.
2752 3111 2791 3138 ³¹
2817 3107 2988 3156 Nobis
3010 3108 3152 3157 deest
3183 3110 3239 3155 in
3260 3108 3315 3156 Η
3347 3108 3479 3157 codd

2731 3180 2769 3209 ³³
2800 3178 2920 3227 Non
2950 3178 3129 3227 amitti
3154 3178 3478 3228 recedentes

1414 3342 1641 3423 Steph.
1690 3337 1937 3402 Baluzii
1980 3340 2181 3398 nota.

192 3480 277 3541 (Η)
320 3482 488 3541 Quam
543 3482 942 3542 praeposterum.
990 3480 1095 3529 Ista
1143 3483 1365 3529 exstant
1407 3477 1555 3542 apud
1608 3478 1746 3527 Gra-
1770 3462 1824 3535 C
1849 3473 1910 3523 de
1948 3468 2251 3533 Virginibus
2277 3466 2561 3542 vetandis:
2601 3482 2629 3511 «
2665 3465 2836 3542 Nobis
2870 3464 3146 3515 Dominus
3177 3446 3477 3542 etiamfa-

146 3550 324 3599 tianum
358 3564 479 3612 xm,
532 3565 581 3613 q.
627 3552 674 3612 2,
711 3556 762 3601 et
813 3550 961 3614 apud
1003 3552 1367 3602 Guillelmum
1408 3550 1657 3600 Durandi
1692 3552 1747 3598 in

146 3623 347 3671 tractatu
384 3625 450 3671 de
496 3622 654 3672 Modo
690 3622 989 3672 celebrandi
1021 3623 1248 3673 Concilii
1288 3621 1571 3686 generalis,
1610 3626 1742 3684 part.

146 3704 207 3745 IlI,
234 3695 366 3743 rubr.
397 3696 444 3743 6.

193 3766 278 3824 (ιδ)
332 3767 697 3815 Pervicacium
748 3780 889 3815 more
942 3780 1231 3816 servorum.
1277 3767 1536 3825 Tacitus,
1585 3763 1680 3813 lib.
1732 3777 1746 3812 ι

146 3832 462 3884 Historiarum
516 3852 532 3885 :
572 3854 599 3886 α
646 3839 909 3889 Pervicax
959 3841 1125 3888 etiam
1166 3838 1430 3888 adversus
1480 3840 1745 3885 tormenta

146 3916 413 3957 servorum.
448 3928 478 3953 »
517 3909 653 3958 Vide
687 3910 1047 3971 Macrobium,
1078 3910 1169 3959 lib.
1206 3923 1222 3958 1
1254 3908 1550 3967 Sutunml.,
1579 3922 1626 3955 c.
1668 3910 1741 3956 ll.

148 3974 271 4025 Idem
323 3980 573 4040 Tacitus,
632 3980 723 4029 lib.
778 3994 835 4031 ιν
893 3982 1181 4030 Annalium
1249 3981 1412 4029 tradit
1462 3981 1745 4029 Octaviam

147 4049 343 4101 Neronis
374 4065 616 4101 uxorem
653 4056 967 4102 accusatam
1000 4053 1067 4102 de
1107 4055 1292 4102 servili
1336 4068 1541 4115 amore,
1571 4060 1626 4105 et
1655 4070 1745 4105 ac-

147 4124 209 4169 tas
232 4123 294 4171 ob
322 4124 375 4171 id
400 4124 471 4173 de
507 4124 722 4172 ancillis
761 4126 1117 4187 quaestiones,
1148 4140 1211 4173 ac
1250 4126 1302 4173 vi
1344 4129 1745 4177 tormentorum

148 4193 278 4241 victis
307 4194 643 4258 quibusdam
676 4199 734 4243 ut
771 4196 907 4245 falsa
946 4200 1276 4257 annuerant,
1320 4196 1508 4259 plures
1549 4203 1745 4260 persti-

149 4266 251 4314 tisse
288 4269 640 4316 sanctitatem
684 4266 923 4316 dominas
964 4269 1121 4317 tueri.
1177 4268 1497 4328 Suetonius,
1547 4271 1602 4318 in
1639 4270 1745 4322 Ca-

148 4336 287 4397 ligula
316 4353 325 4384 :
356 4356 383 4383 «
425 4338 647 4387 Mulieri
677 4338 950 4388 libertinas
993 4340 1271 4402 octoginta
1316 4342 1559 4401 donavit,
1596 4344 1745 4405 quod

147 4411 429 4459 excruciata
471 4411 817 4472 gravissimis
858 4413 1145 4459 tormentis
1174 4410 1242 4460 de
1285 4411 1495 4461 scelere
1528 4418 1745 4475 patroni

149 4482 444 4530 reticuisset.
490 4498 519 4527 ›>
564 4482 804 4530 Alterius
848 4482 1139 4541 libertinas,
1181 4484 1268 4531 cui
1315 4482 1604 4545 Epicharis
1645 4501 1744 4537 no—

148 4566 252 4600 men
285 4560 413 4614 erat,
449 4566 579 4616 qua:
620 4555 910 4601 tormentis
949 4554 1246 4602 dilacerata
1288 4567 1577 4617 nunquam
1610 4560 1745 4609 fate-

150 4628 181 4672 ri
220 4627 378 4675 voluit
412 4638 476 4674 ea
530 4638 657 4687 quin
704 4626 779 4673 illi
832 4625 1258 4687 objiciebantur,
1305 4630 1567 4689 quamvis
1617 4645 1745 4682 vera

150 4702 320 4757 essent,
353 4699 693 4747 mentionem
726 4697 857 4745 facit
897 4698 1122 4746 Tacitus
1165 4698 1221 4745 in
1255 4697 1398 4747 libro
1436 4711 1515 4749 xv
1552 4704 1744 4753 Anna—

149 4766 272 4817 lium.
317 4772 646 4819 Ammianus
691 4768 1064 4829 Marcellinus,
1110 4770 1204 4819 lib.
1251 4783 1457 4829 xxvm,
1507 4778 1745 4825 mentio-

150 4852 255 4890 nem
306 4844 435 4892 facit
482 4842 695 4892 ancillaa
737 4856 924 4918 aqua
968 4844 1229 4904 contigua
1272 4844 1431 4891 morti
1474 4847 1823 4918 tormentaD

149 4924 291 4962 voces
325 4918 715 4978 expresserunt
755 4913 1010 4977 obliquas
1044 4914 1099 4962 in
1134 4918 1302 4976 caput
1343 4914 1571 4963 domini.
1610 4916 1745 4969 Vide

150 4982 397 5047 Plinium,
449 4986 543 5034 lib.
603 5000 693 5047 vu,
743 5000 861 5049 cap.
911 4986 1005 5045 '23;
1063 4985 1368 5045 Justinum,
1422 4985 1517 5034 lib.
1574 5000 1745 5046 XLIV;

151 5052 413 5111 Senecam,
462 5057 556 5107 lib.
608 5071 686 5118 iv,
732 5058 794 5107 de
840 5058 1125 5120 Bene/ictis,
1175 5071 1290 5119 cap.
1360 5058 1432 5116 19,
1482 5062 1539 5107 et
1586 5062 1746 5123 epist.

151 5126 175 5171 6
218 5127 277 5173 ad
330 5129 487 5176 illum
542 5130 747 5191 locum,
806 5131 862 5176 in
913 5128 1133 5191 equuleo
1192 5133 1374 5185 teneat,
1428 5128 1481 5176 id
1535 5136 1635 5191 est,
1690 5138 1749 5181 ut

153 5194 372 5246 Muretus
420 5200 830 5261 interpretatur,
879 5214 988 5248 non
1039 5200 1249 5249 indicet
1291 5201 1562 5261 conscios,
1610 5205 1748 5256 nihil

151 5277 318 5317 eorum
370 5270 565 5332 probat
614 5275 834 5333 propter
874 5285 1000 5334 quas
1040 5276 1343 5334 torquetur.
1392 5274 1530 5323 Vide
1582 5279 1747 5329 etiam

156 5336 410 5391 Valerium
469 5342 786 5401 Maximum,
836 5342 929 5392 lib.
986 5355 1076 5403 γι,
1130 5356 1249 5405 cap.
1305 5349 1334 5393 8
1385 5351 1436 5395 et
1483 5348 1577 5397 lib.
1632 5363 1747 5412 vni,

153 5424 251 5473 cap.
310 5415 370 5473 4;
430 5413 859 5476 Quintilianum,
918 5415 1011 5463 lib.
1069 5428 1125 5471 ιι,
1194 5430 1313 5478 cap.
1363 5418 1459 5476 20;
1515 5421 1749 5473 Dionem

156 5479 403 5558 Dassium,
434 5488 469 5533 l.
511 5500 664 5535 xnvu
696 5502 707 5543 ;
750 5487 1027 5536 Victorem
1068 5488 1373 5549 Vitensem,
1408 5490 1498 5538 lib.
1535 5504 1589 5553 ν,
1628 5508 1745 5558 cap.

154 5552 192 5609 ἒ,
223 5560 270 5603 et
298 5556 586 5607 Patricium
618 5560 848 5608 Junium
888 5562 941 5607 in
987 5562 1134 5609 notis
1174 5560 1242 5609 ad
1280 5552 1583 5625 Epistolam
1616 5552 1751 5617 Cte—

156 5628 332 5675 mentis
359 5630 427 5677 ad
460 5630 773 5690 Corinthios,
806 5646 925 5695 pag.
955 5634 1002 5681 9.

208 5698 300 5758 (46)
348 5702 561 5751 Audiuit
608 5709 665 5753 ut
709 5704 920 5752 diceret.
968 5705 1242 5769 lnterpres
1298 5710 1638 5772 przetationis
1696 5712 1750 5760 in

156 5765 538 5847 altercationem
585 5776 804 5825 Jasonis
844 5779 910 5847 et
946 5765 1162 5840 Papisci
1197 5793 1207 5827 :
1241 5796 1269 5825 «
1298 5765 1401 5830 Ἀίί
1450 5781 1558 5832 hoc
1602 5784 1752 5834 enim

154 5838 344 5893 viderat
375 5851 439 5895 ut
474 5848 708 5897 referret.
746 5867 772 5893 »
811 5838 1197 5902 Tertullianus
1235 5852 1292 5902 in
1320 5857 1573 5907 extremo
1606 5856 1749 5907 libro

457 5938 722 6008 PATROL.
746 5943 849 6011 IV.
1276 5942 1303 5959 ⁹

1847 3543 2220 3595 velationibus
2278 3540 2571 3590 velaminis
2642 3539 2819 3601 spatia
2884 3541 3123 3588 metatus
3182 3542 3281 3588 est.
3342 3539 3479 3587 Nam

1848 3616 2071 3667 cuidam
2119 3612 2290 3662 sorori
2343 3614 2543 3660 nostrae
2602 3610 2834 3672 angelus
2880 3610 2937 3658 in
2986 3611 3197 3658 somnis
3230 3612 3478 3659 cervices

1848 3686 2009 3752 quasi
2065 3683 2423 3748 applauderet
2478 3680 2775 3731 verberans
2826 3695 2836 3728 :
2892 3680 3221 3744 Elegantes,
3277 3682 3477 3743 inquit,

1850 3760 2095 3810 cervices
2121 3762 2177 3805 et
2207 3756 2404 3804 merito
2439 3752 2623 3802 nudas.
2660 3754 2876 3802 Bonum
2910 3756 2995 3802 est
3018 3765 3196 3817 usque
3229 3752 3298 3801 ad
3330 3752 3479 3800 lum-

1849 3831 1948 3881 bos
2000 3845 2026 3878 a
2074 3829 2251 3891 capite
2296 3826 2512 3885 veleris,
2558 3838 2628 3873 ne
2679 3828 2734 3873 et
2785 3823 2880 3873 tibi
2929 3825 3211 3873 cervicum
3255 3823 3481 3873 libertas

1848 3916 1958 3952 non
2012 3904 2199 3964 prosit.
2251 3899 2321 3947 Et
2367 3897 2561 3959 utique
2616 3895 2767 3958 quod
2818 3895 2916 3943 uni
2967 3894 3173 3944 dixeris
3219 3895 3481 3944 omnibus

1848 3974 2071 4022 dixeris.
2126 3968 2352 4019 Audivit
2407 3981 2536 4030 ergo
2589 3972 2651 4015 ut
2694 3966 2921 4017 diceret.
2968 3985 2997 4011 »
3043 3966 3192 4015 Idem
3241 3968 3295 4014 in
3340 3967 3479 4015 libro

1848 4047 1910 4095 de
1936 4043 2251 4095 ldololatria
2273 4056 2289 4087 :
2314 4057 2343 4087 «
2373 4041 2494 4089 Hoc
2524 4040 2579 4088 in
2610 4039 2733 4089 loco
2762 4052 2829 4087 ex
2859 4040 3187 4089 auctoritate
3224 4039 3323 4087 Dei
3350 4052 3478 4089 con-

1848 4121 2017 4167 testor
2046 4115 2176 4179 quia
2221 4125 2325 4162 nec
2372 4115 2552 4160 tutum
2602 4113 2685 4159 est
2727 4109 3055 4160 subtrahere
3098 4111 3474 4173 quodcunque

1849 4189 1944 4237 uni
1973 4187 2138 4237 fuerit
2178 4189 2484 4243 ostensum,
2522 4182 2717 4246 utique
2758 4183 3009 4231 omnium
3053 4196 3239 4232 causa.
3279 4198 3309 4229 »
3353 4187 3477 4233 Au—

1846 4260 2126 4323 gustinus,
2154 4256 2252 4305 lib.
2284 4268 2382 4305 νιιι
2424 4253 2674 4316 Con/ess,
2701 4267 2822 4317 cap.
2850 4257 2880 4303 5
2910 4269 2921 4301 :
2968 4273 2994 4300 «
3039 4254 3147 4305 Sed
3186 4254 3284 4304 ubi
3338 4254 3476 4303 mihi

1846 4333 2015 4382 homo
2041 4336 2169 4380 tuus
2197 4326 2591 4391 Simplicianus
2634 4326 2703 4376 de
2745 4326 3026 4376 Victorina
3071 4328 3173 4376 ista
3216 4326 3475 4387 narravit,

1846 4405 2026 4455 exarsi
2072 4401 2140 4451 ad
2185 4398 2535 4451 imitandum.
2569 4398 2655 4447 Ad
2691 4397 2797 4448 hoc
2851 4400 3001 4448 enim
3044 4404 3099 4448 et
3147 4398 3240 4449 ille
3293 4413 3478 4449 narra-

1844 4480 2014 4527 verat.
2043 4494 2069 4519 υ

1908 4550 2011 4609 (47)
2075 4544 2423 4593 Sacerdotem.
2486 4542 2619 4591 Haac
2678 4546 2891 4591 tantum
2939 4546 3153 4591 veteres
3206 4541 3476 4592 editiones

1846 4625 1900 4670 et
1924 4630 2121 4668 omnes
2158 4616 2271 4664 fere
2306 4614 2434 4663 libri
2474 4614 2649 4662 nostri
2695 4619 2907 4664 veteres
2952 4618 3008 4663 et
3037 4613 3345 4676 Anglicani.
3379 4614 3475 4661 Pa-

1846 4691 2067 4749 melius,
2104 4702 2171 4737 ex
2202 4686 2441 4735 editione
2473 4698 2599 4747 quas
2640 4684 2843 4734 dicitur
2882 4685 3068 4734 Gravii
3100 4689 3154 4734 et
3192 4698 3259 4733 ex
3301 4688 3474 4733 veteri

1846 4762 2058 4822 codice,
2087 4760 2301 4821 scripsit
2344 4758 2669 4806 sacerdotem
2710 4758 2821 4804 Dei.
2851 4756 2960 4807 Sed
3006 4769 3107 4819 ego
3147 4769 3340 4806 vocem
3379 4758 3476 4804 1)th

1848 4847 1957 4883 non
1984 4832 2174 4882 inveni
2206 4830 2312 4877 nisi
2342 4831 2397 4876 in
2424 4841 2520 4877 sex
2546 4827 2835 4877 codicibus
2865 4828 3129 4891 antiquis.
3160 4826 3472 4891 Seguieria-

1845 4917 1952 4953 nus
1982 4904 2131 4951 illam
2151 4914 2260 4949 non
2292 4900 2474 4949 habet.

1910 4977 2008 5038 (48)
2046 4978 2196 5023 Atras
2230 4976 2410 5021 vestes.
2449 4971 2677 5021 Veteres
2716 4972 2865 5021 enim
2909 4985 2975 5023 eo
3020 4972 3202 5022 colore
3248 4972 3474 5023 uteban-

1849 5051 1936 5097 tur
1998 5048 2053 5095 in
2115 5045 2287 5093 luctu.
2353 5044 2686 5092 Vincentius
2760 5043 3059 5092 Lirinensis
3120 5046 3478 5106 conqueritur

1849 5118 2046 5167 viduas
2093 5115 2198 5164 sub
2247 5116 2581 5164 Arianorum
2634 5116 3021 5177 persecutione
3069 5114 3240 5163 fuisse
3284 5116 3477 5178 depul-

1848 5191 2002 5248 latas,
2054 5189 2182 5250 quia
2220 5188 2484 5236 nimirum
2528 5187 2778 5236 ferebant
2826 5190 3008 5235 vestes
3054 5187 3255 5248 pullas,
3292 5186 3347 5235 id
3395 5194 3478 5237 est

1848 5264 2048 5325 nigras.
2098 5259 2261 5321 Apud
2312 5260 2544 5307 Paulum
2592 5257 2686 5307 lib.
2740 5271 2755 5307 ι
2800 5258 3117 5306 Sententinr.
3164 5259 3243 5308 tit.
3300 5260 3378 5321 23,
3426 5265 3479 5309 et

1850 5334 1982 5383 hinc
2031 5332 2087 5379 in
2140 5331 2279 5379 libro
2345 5343 2420 5379 vn
2476 5328 2885 5392 Capitularium,
2944 5343 2992 5379 c.
3049 5330 3159 5391 743,
3223 5330 3472 5393 legitur:

1852 5425 1879 5453 «
1927 5406 2033 5466 Qui
2083 5404 2230 5467 luget
2275 5401 2548 5451 abstinere
2600 5401 2767 5451 debet
2815 5415 2844 5449 a
2894 5402 3165 5450 conviviis
3210 5416 3274 5451 ac
3318 5417 3472 5452 ornu-

1852 5479 2053 5529 mentis
2100 5480 2156 5525 et
2196 5481 2347 5524 veste
2390 5474 2531 5523 alba.
2583 5492 2610 5517 »
2659 5474 2730 5522 Et
2781 5476 2965 5522 tamen
3015 5473 3382 5534 Herodianus,
3438 5478 3477 5524 l.

1851 5565 1927 5611 ιιι,
1955 5552 2109 5598 notat
2140 5548 2403 5597 mulieres
2431 5546 2706 5594 Romanas
2751 5546 2805 5594 in
2848 5546 3004 5595 luctu
3048 5546 3270 5595 indutas
3306 5548 3475 5595 fuisse

1853 5622 2098 5672 vestibus
2148 5618 2289 5667 albis
2345 5617 2619 5679 exilibus,
2692 5621 2755 5665 ut
2814 5618 3169 5667 mcerentium
3232 5620 3477 5681 speciem

1851 5694 2181 5758 praeberent,
2236 5703 2365 5741 cum
2417 5696 2609 5741 contra
2664 5690 2767 5739 viri
2816 5689 3064 5740 vestibus
3118 5690 3251 5738 atris
3296 5692 3479 5739 essent

1853 5766 2057 5816 amicti.
2101 5764 2241 5815 Vide
2284 5764 2449 5815 etiam
2500 5764 2818 5826 Quasliones
2870 5765 3135 5813 Romanas
3179 5760 3477 5817 Plutarchi,

3082 5960 3162 6021 20
