3998 6194
455 248 558 304 6l9
1366 239 1422 300 s.
1465 242 1778 300 meum
1818 238 2091 299 opnnuu
2134 232 2306 296 PARS
2344 239 2405 295 11.
2450 272 2516 280 —
2555 237 2924 299 OPUSCULA.
3693 256 3782 311 6.20

458 394 604 445 mus,
638 379 696 430 et
722 376 887 431 ﬁdem
930 389 1105 445 quam
1146 388 1415 428 sermone
1442 375 1499 427 et
1527 387 1661 426 voce
1692 368 2088 442 depromimus
2109 372 2463 451 Amoncntc
2540 386 2605 425 ac
2658 369 2883 425 dicente
2940 387 2953 425 :
3005 373 3116 440 Ego
3180 387 3295 427 sum
3372 381 3669 433 resurrectio
3743 389 3785 436 et

458 471 638 526 cordis
662 474 719 524 et
767 467 1009 540 pectoris
1054 465 1376 522 testimonio
1416 482 1532 520 non
1584 464 1909 536 probemus.
1959 461 2087 533 Spei
2193 460 2380 533 597
2409 466 2547 517 vita.
2584 465 2691 531 Qui
2718 466 2889 519 credit
2919 467 2977 519 in
3033 482 3133 527 me,
3174 467 3294 521 licet
3317 471 3596 537 moriatur,
3623 476 3782 539 vivet;

460 568 669 620 nostrae
710 579 772 616 ac
821 561 952 616 fidei
994 560 1455 632 praevaricatores
1489 576 1721 627 sumus;
1753 557 2015 613 simulata
2039 556 2085 589 3‘
2188 565 2239 612 et
2266 562 2437 614 omnis
2465 563 2561 629 qui
2599 563 2736 614 vicit
2778 566 2827 615 et
2869 562 3039 616 credit
3091 565 3147 616 in
3188 578 3292 628 me,
3334 581 3441 619 non
3474 570 3711 623 morietur
3735 575 3786 625 in

454 657 605 727 ﬁcta,
633 657 819 712 fucata
848 655 1108 709 videnlur
1142 671 1261 708 esse
1304 670 1431 725 quin
1478 652 1739 709 dicimus.
1771 651 1917 707 Nihil
1950 666 2085 721 pro-
2188 658 2447 707 :eternum
2473 653 2678 724 (Joan.,
2708 671 2781 721 x1,
2814 659 2902 723 25,
2944 657 3055 727 26).
3104 656 3163 711 Si
3212 658 3271 711 in
3319 658 3595 715 Christum
3624 663 3784 716 credi-

455 753 581 808 dest
610 749 793 805 verbis
844 748 1112 821 prmferre
1158 747 1425 802 virtutem
1466 751 1523 801 et
1572 745 1733 801 factis
1792 745 2090 799 destruere
2190 763 2318 800 mus
2348 747 2481 818 (50),
2511 747 2554 801 si
2575 748 2749 802 fidem
2775 749 2954 803 verbis
2972 751 3342 821 etpromissis
3369 752 3489 822 ejus
3514 753 3783 824 habemus,

454 844 772 901 veritatem.
2188 847 2242 894 et
2268 857 2381 895 non
2408 841 2688 896 morimur
2731 843 2790 896 in
2835 849 3111 898 aeternum
3147 845 3216 911 ³⁷,
3251 845 3323 899 ad
3352 845 3647 915 Christum,
3673 865 3787 904 cum

524 940 652 994 XXI.
706 938 1033 1009 Increpat?“5
1086 935 1334 1007 denique
1379 936 1667 1006 apostolus
1749 934 1953 988 Paulus
2033 935 2090 987 et
2188 951 2300 1005 quo
2326 939 2381 990 et
2408 935 2610 990 victuri
2643 939 2701 990 et
2726 937 3021 1007 reguaturi
3048 954 3280 1009 semper
3322 955 3538 1007 sumus,
3567 940 3689 996 laeta
3717 960 3789 997 se-

457 1033 726 1103 objurgat
755 1037 813 1086 et
854 1031 1046 1101 culpat
1090 1030 1138 1083 si
1185 1029 1284 1100 qui
1340 1029 1744 1084 contristentur
1787 1028 1844 1082 in
1898 1041 2086 1081 exces-
2187 1029 2431 1084 curitate
2458 1030 2772 1085 veniamus.

456 1144 521 1184 su
566 1141 798 1181 suorum
837 1143 851 1180 :
896 1124 1157 1182 Nolumus
1179 1124 1246 1185 ³⁸,
1270 1122 1478 1193 inquit,
1510 1125 1760 1191 ignorare
1802 1137 1916 1184 vos,
1962 1122 2083 1188 Γνα-
2258 1125 2412 1178 XXII.
2472 1123 2635 1187 Quod
2698 1124 2928 1180 interim
2986 1125 3282 1192 morimur,
3331 1128 3401 1183 ad
3475 1128 3785 1185 immortali-

457 1227 585 1284 tres,
615 1221 680 1276 de
719 1218 1130 1280 dormientibus,
1161 1221 1221 1271 ut
1263 1233 1371 1271 non
1408 1219 1805 1271 contristemini
1856 1220 1995 1272 sicut
2034 1218 2087 1269 et
2187 1219 2367 1272 tatem
2397 1224 2578 1274 morte
2602 1219 3091 1290 transgredimur;
3118 1237 3221 1276 nec
3252 1227 3438 1292 potest
3462 1223 3570 1278 vita
3600 1227 3788 1279 aeterna

455 1317 633 1371 caeteri
654 1316 750 1384 qui
798 1328 943 1383 spem
978 1327 1085 1365 non
1129 1312 1352 1365 habent.
1395 1310 1458 1365 Si
1498 1312 1637 1365 enim
1662 1312 1930 1368 credimus
1956 1317 2088 1384 quia
2188 1312 2511 1380 succedere,
2580 1312 2690 1367 nisi
2764 1313 2897 1367 hinc
2973 1314 3280 1386 contigerit
3340 1316 3511 1372 exire.
3563 1319 3673 1372 Non
3718 1324 3791 1374 est

455 1411 607 1464 Iesus
658 1411 900 1462 mortuus
956 1410 1031 1459 est
1077 1408 1127 1458 et
1175 1406 1487 1466 resurrexit,
1541 1407 1615 1458 sic
1665 1409 1717 1460 et
1792 1408 1931 1461 Deus
2004 1423 2088 1464 eos
2189 1406 2371 1459 exitus
2400 1406 2528 1473 iste,
2562 1406 2663 1461 sed
2715 1407 2985 1462 transitus
3030 1414 3079 1462 et
3140 1410 3447 1480 temporali
3490 1410 3678 1466 itinere
3701 1412 3787 1467 de-

455 1505 553 1573 qui
581 1502 917 1556 dormierunt
945 1500 1002 1552 in
1026 1500 1151 1552 Jesu
1179 1498 1413 1553 adducet
1437 1514 1555 1552 cum
1586 1499 1681 1553 illo
1710 1499 1750 1567 (Ι
1782 1500 1985 1563 Thess.,
2010 1518 2084 1569 1v,
2187 1516 2349 1554 curso
2377 1500 2445 1554 ad
2477 1504 2690 1555 aeterna
2720 1504 3123 1572 transgressus.
3170 1501 3309 1567 Quis
3343 1520 3452 1558 non
3482 1503 3551 1558 ad
3579 1504 3790 1560 meliora

460 1593 688 1666 13,14),
738 1595 845 1648 Eos
888 1591 1208 1647 contristari
1260 1591 1394 1646 dicit
1448 1592 1507 1646 in
1568 1608 1795 1646 excessu
1850 1610 2085 1649 suorum
2188 1593 2450 1648 venire38
2504 1594 2789 1649 festinet?
2834 1596 2959 1665 quis
3019 1612 3135 1651 non
3184 1598 3394 1651 mutari
3434 1604 3490 1652 ct
3537 1598 3785 1653 transfor-

457 1688 555 1761 qui
582 1704 740 1759 spem
773 1704 887 1741 non
918 1685 1153 1740 habent.
1183 1685 1286 1749 Qui
1314 1688 1505 1739 autem
1536 1702 1633 1756 spe
1664 1685 1901 1741 vivimus
1930 1694 1986 1742 et
2025 1688 2083 1743 in
2110 1751 2158 1762 ﬁ
2191 1686 2334 1740 mari
2357 1688 2404 1721 39
2448 1686 2519 1741 ad
2561 1687 2769 1743 Christi
2824 1689 3068 1759 speciem
3110 1692 3165 1744 et
3217 1690 3285 1744 ad
3337 1690 3572 1746 caelestis
3622 1692 3791 1762 gloria!

457 1751 635 1838 ﬁcum
665 1780 945 1836 credimus
972 1783 1028 1833 et
1047 1777 1335 1834 Christum
1368 1751 1597 1849 passum
1628 1795 1749 1833 esse
1796 1797 1896 1851 pro
1927 1781 2088 1836 nobis
2110 1751 2164 1823 B
2192 1780 2528 1851 dignitatem
2558 1783 2663 1852 (iit)
2711 1751 2904 1836 venire
2949 1782 3115 1837 citius
3172 1788 3420 1856 exoptet,
3476 1751 3652 1839 Pauld
3682 1801 3792 1855 apo-

458 1882 515 1931 et
544 1874 915 1931 resurrexisse
954 1872 1309 1939 contidimus,
1343 1873 1400 1927 in
1432 1873 1651 1927 Christo
1686 1879 2002 1941 manentes,
2036 1881 2091 1930 et
2191 1874 2334 1928 stolo
2373 1874 2720 1945 praedicante
2764 1880 2821 1930 et
2862 1875 3089 1931 dicente
3143 1893 3156 1930 :
3214 1879 3420 1935 Nostra
3467 1883 3638 1933 autem
3683 1893 3792 1933 con-

456 1987 558 2042 per
583 1971 768 2041 ipsum
804 1972 975 2039 atque
1004 1967 1060 2021 in
1089 1966 1208 2037 ipso
1236 1972 1620 2036 resurgentes,
1666 1967 1802 2037 quid
1844 1971 1943 2021 aut
1981 1968 2092 2040 ipsi
2188 1971 2424 2023 versatio
2476 1968 2604 2039 (52),
2637 1968 2846 2040 inquit,
2889 1972 2947 2024 in
2985 1972 3128 2025 oculis
3179 1977 3255 2026 est
3302 1973 3371 2036 ‘0,
3424 1973 3565 2027 unde
3621 1978 3667 2027 et
3705 1974 3793 2027 Do-

456 2063 726 2119 recedere
781 2061 943 2115 istinc
997 2059 1067 2113 de
1112 2059 1318 2114 saeculo
1371 2060 1657 2128 nolumus,
1713 2063 1813 2113 aut
1865 2066 2090 2117 nostros
2189 2062 2395 2115 minum
2437 2069 2810 2133 exspectamus
2855 2064 3035 2118 Iesum
3070 2063 3371 2128 Christum,
3405 2068 3499 2135 qui
3551 2068 3792 2132 transfor-

459 2157 795 2212 recedcntes
855 2153 1010 2226 quasi
1075 2154 1328 2225 perditos
1400 2153 1723 2224 plangimus
1792 2171 1858 2208 ac
1938 2154 2090 2210 dole-
2189 2156 2361 2209 mubit
2397 2157 2441 2190 ⁴¹
2535 2171 2727 2226 corpus
2813 2158 3147 2213 humilitatis
3230 2165 3432 2215 nostra:
3513 2162 3792 2227 conforma-

458 2268 587 2308 mus
645 2249 773 2320 (49),
830 2248 950 2320 ipso
1002 2248 1227 2305 Christo
1283 2247 1523 2302 Domino
1588 2252 1642 2301 et
1714 2248 1826 2302 Deo
1890 2251 2089 2303 nostro
2192 2249 2365 2303 tum“
2406 2250 2514 2321 (53)
2569 2252 2780 2320 corpori
2822 2251 3093 2306 claritatis
3130 2266 3241 2308 suae
3288 2252 3576 2325 (Philipp.,
3622 2254 3793 2321 111,20,

1849 2440 2059 2505 Variae
2115 2441 2453 2506 lectiones.

526 2600 565 2633 3‘
588 2596 645 2649 Si
673 2594 973 2650 simultate,
1013 2594 1146 2643 Voss.
1170 2595 1212 2645 1.
1244 2593 1370 2643 Bod.
1400 2597 1443 2644 t.
1513 2596 1554 2627 ³⁵
1583 2593 1862 2658 Improbat
1884 2594 2046 2657 Impr.
2073 2608 2242 2644 omnes
2271 2609 2423 2659 usque
2453 2594 2528 2643 ad
2552 2594 2677 2644 edit.
2708 2597 2838 2659 Lips.
2864 2596 3205 2659 Improperat
3227 2597 3510 2660 conjiciunt
3532 2593 3689 2656 Angli.
3719 2593 3797 2641 ln-

461 2672 651 2733 crepat
688 2668 791 2718 duo
821 2670 1021 2716 tantum
1049 2664 1194 2715 codd.
1227 2665 1412 2726 Angli.
1483 2663 1523 2697 ³⁸
1551 2665 1688 2714 ΝοΙο
1720 2663 1840 2714 Bod.
1876 2666 1922 2725 l,
1957 2670 2003 2714 3.
2072 2664 2114 2699 ³⁷
2145 2665 2455 2728 Credimus,
2484 2666 2653 2717 ﬁdem
2680 2668 2883 2729 verbis,
2921 2667 3228 2719 habeamus
3259 2671 3317 2718 et
3346 2681 3455 2717 non
3486 2666 3717 2717 morituri
3747 2667 3795 2715 in

461 2744 731 2791 internum
754 2737 873 2788 lect.
898 2736 1129 2787 omnibus
1146 2735 1263 2785 edd.
1283 2737 1561 2785 communis
1588 2750 1741 2801 usque
1767 2736 1842 2786 ad
1862 2738 1995 2799 Lips.
2024 2739 2204 2798 paucis
2226 2740 2445 2800 exceptis
2470 2736 2656 2786 habent
2680 2738 2798 2788 Non
2822 2739 3140 2788 moriemur.
3208 2737 3250 2772 ³⁸
3278 2737 3484 2788 Venire
3511 2738 3641 2785 solus
3655 2734 3789 2783 addit

470 2809 845 2865 Baluz.,nulla
872 2808 1002 2857 data
1022 2807 1239 2857 ratione.
1309 2807 1349 2840 ’9
1365 2806 1667 2857 Reformari
1693 2806 1877 2856 habent
1918 2808 2095 2857 ceteri
2134 2822 2319 2863 omnes.
2365 2810 2584 2857 mutarit
2618 2809 2796 2857 Batus.
2836 2810 3008 2871 ignota
3056 2811 3276 2858 ratione.
3345 2810 3387 2842 ⁴³
3424 2808 3671 2860 Ccelestis
3695 2816 3796 2855 esse

460 2882 627 2932 Saris.
693 2883 735 2913 ⁴¹
765 2878 1107 2932 Reformabit
1133 2880 1269 2928 Lam.
1300 2878 1451 2929 Eber.
1494 2880 1629 2929 Voss.
1667 2878 1714 2930 3.
1780 2881 1824 2911 ⁴³
1859 2878 2276 2929 Cont‘ormatum
2311 2879 2446 2927 Lam.
2483 2877 2632 2928 Eber.
2665 2878 2787 2928 Bm].
2820 2880 2864 2935 1,
2900 2883 2944 2935 3,
2980 2883 3022 2927 ι.

1706 3082 1713 3089 -
1755 3043 1980 3125 Steph.
2034 3042 2277 3105 Baluzii
2323 3049 2517 3107 notae.

528 3195 624 3257 (19)
675 3193 982 3257 Plangimus
1017 3208 1080 3243 ac
1121 3192 1370 3242 dolemus.
1417 3194 1504 3243 Ait
1555 3192 1870 3256 Cyprianus
1912 3183 2170 3256 nobis,C
2197 3192 2652 3255 distinguendum
2685 3207 2805 3245 esse
2849 3194 3191 3256 censuimus,
3226 3194 3413 3245 secuti
3454 3191 3797 3242 auctoritatem

464 3266 561 3330 qui
591 3278 747 3328 spem
784 3266 1200 3314 resurrectionis
1243 3264 1534 3321 habemus,
1569 3265 1781 3314 licitum
1821 3278 1931 3313 non
1975 3277 2096 3313 esse
2199 3278 2296 3313 sex
2340 3268 2588 3315 veterum
2641 3267 3060 3329 exemplarium.
3106 3266 3244 3315 Haec
3288 3266 3438 3315 enim
3481 3263 3640 3313 lectio
3680 3258 3794 3309 mihi

465 3338 597 3387 ﬂere
653 3339 919 3386 mortuos.
971 3336 1133 3398 Quod
1179 3336 1605 3399 intelligendum
1653 3340 1736 3386 est
1785 3336 1853 3386 de
1907 3337 2101 3385 immo-
2202 3334 2421 3385 videtur
2447 3349 2567 3385 esse
2594 3336 2934 3399 prmferenda
2973 3337 3234 3399 vulgatae,
3260 3349 3431 3400 quam
3465 3334 3552 3384 hic
3584 3331 3789 3394 subjicio

465 3409 591 3459 dico
617 3408 769 3457 ﬂetu.
798 3408 1023 3472 Alioqui
1064 3410 1214 3457 enim
1260 3408 1513 3458 Christus
1552 3407 1895 3470 lacrymandi
1935 3420 2100 3456 usum
2201 3406 2258 3455 in
2290 3408 2517 3470 gratiam
2548 3407 2766 3456 illorum
2796 3409 2890 3471 qui
2916 3407 3067 3457 illam
3100 3408 3333 3457 fortasse
3360 3405 3627 3470 putabunt
3648 3402 3794 3472 fuisse

467 3480 524 3530 in
580 3479 853 3528 mortibus
901 3471 1210 3529 amicorum
1266 3492 1368 3527 suo
1415 3478 1671 3541 exemplo
1721 3477 2101 3541 comprobavit
2202 3478 2600 3528 retinendam:
2662 3496 2690 3526 ‹‹
2737 3478 2795 3528 Si
2849 3480 2904 3528 in
2963 3478 3249 3529 Christum
3306 3477 3594 3537 credimus,
3652 3471 3793 3522 fidem

469 3551 615 3614 apud
663 3550 1032 3607 Bethaniam;
1079 3550 1192 3610 ubi,
1220 3563 1346 3600 cum
1394 3550 1620 3600 vidisset
1657 3550 1881 3599 Mariam
1924 3552 1975 3598 et
2007 3549 2101 3598 Ju—
2202 3548 2384 3598 verbis
2419 3554 2473 3598 et
2499 3551 2783 3613 promissis
2823 3552 2940 3611 ejus
2987 3549 3318 3606 habeamus,
3346 3555 3401 3600 et
3431 3562 3539 3598 non
3577 3541 3795 3594 morituri

470 3622 623 3672 dmos
655 3620 850 3671 ﬂentes
881 3621 952 3670 ob
993 3624 1223 3670 mortem
1268 3622 1471 3681 Lazari,
1501 3620 1653 3671 flevit
1684 3623 1741 3670 et
1780 3621 1912 3683 ipse.
1945 3619 2102 3669 Unde
2201 3621 2257 3669 in
2318 3628 2586 3670 aeternum
2613 3658 2625 3676 ,
2676 3621 2744 3670 ad
2800 3621 3116 3681 Christum,
3166 3634 3294 3670 cum
3366 3634 3476 3685 quo
3523 3614 3704 3667 victuri
3750 3616 3795 3660 et

470 3695 813 3758 collegerunt
857 3693 1036 3744 Judaei
1093 3693 1249 3743 illum
1300 3694 1460 3743 valde
1520 3700 1767 3743 amatum
1839 3695 2008 3743 fuisse
2071 3706 2103 3741 a
2203 3694 2478 3755 regnaturi
2511 3706 2731 3756 semper
2754 3706 2967 3753 sumus,
2993 3692 3117 3742 laeta
3141 3695 3439 3742 securitate
3465 3690 3794 3740 veniamus.»

469 3767 707 3818 Christo.
750 3767 885 3816 Nam
931 3779 1204 3829 suprema)
1247 3766 1360 3816 illm
1418 3767 1697 3830 lacrymw,
1743 3771 1805 3816 ut
1860 3766 2103 3815 diximus
2205 3764 2308 3814 Ubi
2345 3764 2562 3812 interim
2604 3762 3017 3813 admonendum
3062 3767 3143 3813 est
3191 3776 3390 3813 vocem
3436 3759 3793 3830 moriturinon

470 3839 540 3889 ad
576 3839 777 3888 librum
819 3842 1045 3889 sextum
1090 3838 1353 3899 Salviani,
1398 3840 1700 3887 amantium
1751 3840 1926 3901 magis
1972 3840 2105 3887 sunt
2204 3837 2417 3884 exstare
2449 3835 2501 3882 in
2533 3833 2641 3883 illis
2681 3848 2777 3883 sex
2826 3836 3069 3898 antiquis
3113 3833 3541 3897 exemplaribus,
3570 3829 3796 3901 morimur

470 3922 639 3974 quam
684 3911 1059 3970 mmrentium,
1100 3896 1355 3973 quamvis
1390 3911 1554 3959 etiam
1598 3896 1948 3961 maerentium
1993 3910 2104 3957 sint
2204 3920 2332 3955 vero
2359 3906 2449 3955 Vel
2480 3906 2770 3954 moriemur
2801 3896 2992 3967 haberi
3029 3907 3084 3955 in
3110 3896 3370 3969 pluribus
3406 3903 3641 3967 antiquis
3672 3896 3795 3949 codi-

470 3984 526 4030 et
567 3982 775 4032 amicos
819 3980 1271 4031 desiderantium.
1328 3981 1626 4045 Eleganter
1665 3983 1851 4045 itaque
1891 3980 2103 4030 Seneca
2204 3976 2366 4027 cibus
2395 3976 2823 4027 eteditionibus.
3513 4046 3524 4049 Α
3601 4044 3611 4049 Δ
3660 4043 3669 4049 _
3706 4041 3731 4049 ﬂ

471 4053 611 4104 dixit
641 4053 698 4102 in
746 4051 976 4116 epistola
1003 4052 1111 4103 63:
1157 4069 1187 4100 «
1233 4052 1402 4102 Nobis
1441 4043 1625 4102 autem
1671 4043 1882 4115 ignosci
1925 4055 2105 4115 potest
2271 4049 2363 4111 (at)
2404 4049 2732 4111 Dignitatem.
2786 4050 2923 4098 Duas
2967 4049 3123 4099 fuere
3168 4049 3481 4112 antiquitus
3513 4044 3614 4095 loci
3659 4043 3791 4117 istius

469 4125 741 4188 prolapsis
782 4112 851 4173 ad
901 4124 1198 4187 lacrymas,
1242 4124 1288 4172 si
1334 4136 1445 4172 non
1490 4112 2102 4183 nimiaa'decurrerunt,
2206 4121 2488 4170 lectiones.
2548 4119 2788 4181 Quidam
2836 4122 2982 4169 enim
3033 4120 3256 4171 codices
3313 4119 3607 4183 praeterunt

470 4183 515 4246 si
542 4183 646 4259 ipsi
679 4196 798 4245 illas
823 4183 1201 4258 repressimus.
1238 4195 1349 4244 Nec
1393 4196 1527 4245 sicci
1564 4197 1675 4243 sint
1713 4195 1858 4245 oculi
1902 4194 2106 4243 amisso
2208 4195 2368 4240 talem
2418 4194 2473 4239 et
2521 4203 2683 4254 supra
2740 4193 2939 4241 lineam
2986 4191 3068 4240 vel
3116 4192 3441 4255 dignitatem.
3498 4188 3600 4237 Alii
3648 4183 3793 4259 diggi-

472 4252 653 4316 amico
712 4280 819 4316 nec
875 4252 1068 4315 ﬂuant.
1128 4266 1575 4330 Lacrymandum
1648 4269 1749 4326 est,
1814 4278 1925 4315 non
1990 4265 2109 4327 plo-
2207 4267 2368 4310 tatem
2406 4252 2638 4310 tantum.
2668 4262 2739 4310 Et
2765 4264 2849 4312 sic
2885 4262 3104 4325 legebat
3138 4252 3354 4311 Florus.
3385 4262 3527 4310 Hinc
3563 4252 3795 4330 orta__dis-

472 4337 723 4388 randum.
754 4356 781 4380 »
818 4336 956 4387 Vide
997 4338 1174 4387 sancti
1222 4325 1455 4387 Joannis
1502 4325 1884 4400 ChrysoStomi
1915 4325 2105 4385 Homim
2207 4334 2489 4409 crepantis:
2526 4347 2664 4409 quas
2701 4335 2984 4384 invenitur
3024 4334 3077 4409 in
3124 4335 3371 4398 antiquis
3408 4325 3792 4409 exemplaribus.

472 4409 603 4458 liam
644 4408 707 4457 de
749 4409 975 4458 Mortuis
1013 4421 1118 4456 non
1165 4408 1509 4458 immoderate
1557 4396 1813 4472 luqendis,
1846 4412 1899 4458 et
1948 4408 2103 4457 Ruri-
2207 4404 2323 4467 Ego
2366 4404 2473 4467 legi
2512 4396 2808 4467 [iFmitatem
2854 4407 2911 4455 in
2958 4405 3133 4455 tribus
3187 4396 3403 4469 absque
3450 4403 3562 4453 ullo
3613 4396 3795 4449 addita-

472 4481 625 4531 cium
665 4478 761 4528 lib.
817 4492 873 4532 ιι.
933 4479 1092 4541 epist.
1152 4481 1199 4529 4.
1256 4480 1395 4528 Vide
1434 4481 1596 4529 etiam
1650 4493 1835 4543 supra.
1892 4493 1943 4542 p.
1994 4478 2101 4539 168,
2208 4480 2413 4527 mento.

473 4548 776 4613 Epistolam
823 4550 893 4597 ait
952 4540 1241 4611 Tyrasium.
1292 4548 1449 4599 Adde
1493 4540 1736 4599 Dionem'
1775 4540 2103 4612 Chrjvsosto-
2124 4548 2183 4620 D
2268 4549 2371 4612 (5'2)
2399 4549 2591 4598 Nostra
2622 4550 2963 4599 conversatio.
2987 4549 3128 4599 Vide
3153 4548 3442 4598 Frontonis
3462 4543 3643 4620 Ducmi
3664 4540 3794 4589 notas

470 4633 645 4681 mum,
672 4621 771 4682 qui
804 4620 861 4669 in
890 4620 1149 4670 Oratione
1192 4620 1255 4670 ‘29
1299 4620 1459 4669 docet
1508 4620 1803 4669 defunctos
1837 4620 2105 4669 memoria
2127 4616 2167 4620 “
2206 4621 2275 4670 ad
2306 4621 2697 4684 panegyricum
2725 4621 2901 4669 sancti
2928 4621 3159 4670 Joannis
3189 4617 3567 4683 Chrysostomi
3598 4616 3647 4664 in
3662 4621 3794 4662 sanc-

472 4691 831 4741 honorandos
855 4704 997 4752 esse,
1030 4705 1141 4740 non
1181 4692 1458 4755 lacrymis.
1486 4692 1694 4741 Luctus
1724 4695 1945 4755 tempus
1973 4691 2106 4739 olim
2207 4695 2322 4741 tum
2357 4695 2651 4754 martyrem
2682 4692 3005 4742 Lucianum.

470 4762 760 4812 deﬁnitum
802 4765 921 4812 erat
973 4762 1122 4825 apud
1170 4754 1468 4812 Romanos.
1517 4761 1729 4812 Seneca
1779 4754 1854 4811 ait-
1899 4761 2105 4811 alicubi
2269 4764 2372 4824 (53)
2415 4762 2829 4825 Con/armatum.
2876 4765 3016 4813 Dum
3063 4776 3289 4828 quoque
3329 4760 3628 4825 antiquitus
3663 4754 3791 4828 fuere

470 4847 679 4885 annum
725 4832 915 4882 datum
964 4824 1085 4883 esse
1128 4833 1459 4883 mulieribus
1506 4833 1573 4882 ad
1621 4833 1855 4890 luctum,
1889 4846 2001 4881 non
2047 4837 2109 4882 ut
2207 4835 2475 4885 lectiones
2505 4824 2669 4897 hujus
2702 4835 2826 4885 loci.
2857 4835 2980 4885 Duo
3006 4824 3363 4899 quippélibri
3389 4824 3594 4884 veteres
3619 4824 3791 4877 habent

471 4906 667 4956 tandiu
712 4906 985 4969 lugerent,
1031 4905 1129 4955 sed
1181 4918 1251 4955 ne
1300 4905 1527 4954 diutius.
1561 4905 1722 4968 Apud
1760 4906 1822 4954 Τ.
1868 4905 2104 4963 Livium,
2206 4907 2630 4969 configuratum,
2693 4911 2748 4956 et
2807 4920 2974 4970 supra
3031 4908 3237 4956 lineam
3289 4905 3371 4955 ret
3428 4900 3787 4973 conformatum.

470 4978 569 5027 lib.
626 4990 680 5031 11.
736 4978 906 5025 funus
954 4977 1107 5025 Bruti
1162 4978 1412 5026 consulis
1453 4990 1654 5040 magno
1711 4980 1975 5039 apparatu
2027 4977 2104 5027 le-
2207 4978 2437 5027 Veteres
2465 4977 2670 5027 librarii
2705 4982 3009 5040 posuerunt
3033 4992 3154 5028 eam
3187 4978 3478 5028 lectionem
3504 4984 3622 5037 qua:
3644 4975 3791 5040 magis

473 5050 656 5110 gimus
690 5048 860 5097 fuisse
900 5047 1259 5097 celebratum.
1293 5063 1321 5093 «
1362 5046 1470 5097 Sed
1511 5036 1688 5096 multo
1724 5036 1902 5111 magis
1944 5048 2105 5096 morti
2208 5049 2319 5097 illis
2375 5049 2585 5112 placuit
2666 5036 2943 5099 l’amelius
3001 5050 3199 5100 maluit
3254 5048 3645 5112 conﬁguratum.
3694 5036 3790 5114 Ege

469 5122 660 5181 decus,
693 5119 875 5183 inquit
915 5119 1120 5179 Livius,
1151 5118 1372 5181 publica
1411 5118 1515 5167 fuit
1554 5119 1836 5178 maestitia,
1873 5131 1939 5168 eo
1978 5124 2106 5169 ante
2206 5120 2390 5170 scribo
2436 5119 2841 5183 conformatum,
2894 5122 3025 5185 quia
3077 5123 3151 5171 ita
3207 5121 3394 5170 inveni
3454 5117 3697 5178 scriptum
3744 5117 3790 5154 ιιι

471 5194 656 5242 omnia
699 5191 932 5253 insignis
968 5190 1115 5252 quod
1162 5193 1427 5239 matrona:
1472 5203 1679 5239 annum
1718 5195 1779 5238 ut
1822 5193 2105 5252 parentem
2207 5192 2397 5253 viginti
2448 5196 2503 5243 et
2552 5192 2772 5243 duobus
2826 5193 3236 5256 exemplaribus
3290 5190 3530 5254 Inostris,
3586 5189 3788 5259 quorum

472 5276 600 5312 eum
652 5262 932 5320 luxerunt,
980 5260 1130 5324 quod
1170 5265 1277 5310 tam
1324 5274 1452 5310 acer
1494 5261 1639 5310 ultor
1683 5260 1906 5310 violatm
1948 5261 2107 5324 pudi-
2205 5277 2383 5312 unum
2426 5268 2509 5315 est
2546 5255 3001 5327 Seguierianum,
3021 5268 3076 5313 et
3107 5264 3163 5312 in
3202 5263 3450 5327 quinque
3490 5255 3788 5327 Anglican“-

472 5335 620 5385 citia:
655 5334 929 5383 fuisset.»
969 5321 1064 5382 Sic
1102 5332 1160 5380 P.
1200 5332 1479 5381 Valerium
1517 5332 1858 5382 Publicolam
1894 5321 2105 5383 annum
2208 5339 2323 5385 tum
2378 5336 2545 5385 etiam
2599 5321 2655 5384 in
2702 5321 2986 5399 excerptis
3029 5335 3195 5394 Flori,
3221 5321 3301 5383 ἐι
3350 5321 3474 5395 quia
3525 5328 3631 5399 sic_
3648 5321 3787 5399 etiam

472 5418 647 5454 unum
693 5409 960 5453 matronm
1010 5403 1293 5461 luxerunt,
1330 5406 1468 5453 teste
1515 5402 1825 5453 Plutarcho.
1864 5404 1958 5453 Sic
2003 5403 2107 5454 Co-
2205 5409 2472 5471 scriptum
2513 5413 2596 5458 est
2629 5409 2724 5458 lib.
2766 5421 2821 5457 111
2865 5396 3310 5457 Testimoniorum.
3341 5417 3456 5466 cap.
3491 5396 3785 5473 'll.AC_ontrtt.

471 5477 761 5536 riolanum,
806 5478 868 5523 ut
911 5476 1141 5523 testatur
1197 5473 1343 5523 idem
1396 5480 1607 5533 auctor,
1654 5478 1922 5523 matronm
1972 5488 2108 5538 quo-
2205 5464 2351 5543 apud
2398 5480 2740 5542 Reginonem
2792 5480 2885 5529 lib.
2947 5493 3002 5538 11,
3057 5492 3176 5542 cap.
3236 5478 3340 5531 108.
3399 5464 3460 5524 (te
3513 5464 3783 5543 Disciplina

466 5561 577 5612 que
603 5547 881 5597 luxerunt.
908 5544 1068 5594 Diol.
1099 5557 1191 5603 LV,
1218 5548 1500 5595 memorias
1540 5546 1776 5610 prodidit
1815 5536 2106 5597 decretum
2205 5536 2562 5602 ecclesiastibis
2609 5552 2905 5615 legendum
2959 5536 3043 5600 est
3082 5566 3095 5599 :
3128 5536 3178 5593 ’‹‹
3227 5549 3335 5599 Sed
3390 5547 3507 5596 haec
3550 5536 3786 5615 sententia

468 5610 592 5670 esse
615 5622 679 5667 ut
706 5617 967 5665 mulieres
992 5629 1136 5664 anno
1172 5616 1389 5681 integro
1425 5618 1677 5682 lugerent
1712 5619 1835 5680 post
1871 5622 2105 5668 mortem
2206 5623 2493 5673 canonicis
2520 5610 2691 5686 atque
2715 5623 3036 5687 apostolicis
3071 5621 3379 5671 inﬁrmatur
3401 5610 3737 5687 documentis,
3750 5614 3783 5687 Av

471 5690 732 5755 Augusti.
762 5687 927 5752 Apud
959 5688 1279 5752 Spartanos,
1298 5678 1371 5740 ἰιι
1394 5691 1449 5739 in
1487 5678 1740 5754 Lycurgo
1777 5687 1941 5738 tradit
1977 5691 2107 5740 Plu-
2206 5709 2302 5758 pm
2344 5707 2409 5743 eo
2449 5678 2611 5758 quod.
2637 5678 3053 5747 nos'edidimus
3101 5691 3439 5756 informatur.
3480 5678 3785 5758 Apudsfmg‘

471 5750 925 5832 tarchus,luctus
940 5750 1249 5832 finiebatur
1272 5750 1607 5813 duodecimo
1633 5750 1739 5812 die.
2207 5750 2324 5816 tum
2377 5750 2705 5832 Gregorium
2748 5768 2844 5819 lib.
2876 5782 2913 5830 1,
2958 5767 3116 5832 epist.
3161 5750 3218 5815 ³11
3268 5761 3354 5813 vel
3391 5758 3467 5832 73,
3503 5753 3569 5832 ad
3607 5750 3783 5832 Petra}?

531 5831 633 5905 (50)
682 5816 739 5887 Si
780 5831 840 5882 in
892 5830 1157 5883 Christum
1202 5832 1477 5884 credimus.
1526 5833 1603 5886 tta
1646 5838 2003 5894 scribendum
2051 5842 2104 5892 et

2204 5816 2919 5908 subdia'con‘umrlegitur‘1:
2968 5816 3013 5889 vd
3060 5838 3133 5893 Ut
3181 5836 3253 5889 de
3312 5816 3561 5901 mquitate
3600 5816 3781 5878 δοκεῖ·
