3998 6194
229 242 305 304 (lii
1444 247 1638 308 LIBER
1679 246 1764 307 DE
1804 248 2294 312 MORTALITATE.

3421 266 3521 323 622

241 374 334 443 2t).
360 373 501 429 Tales
527 389 631 429 nos
677 372 893 431 futuros
945 379 1003 433 et
1043 378 1300 435 Christus
1329 379 1521 454 598
1550 381 1821 437 Dominus
1842 382 1979 467 Ain
2008 382 2113 438 isto
2141 383 2358 439 mundo
2402 383 2615 440 diutius
2654 387 3060 455 immorantur,
3108 393 3311 459 mundi
3337 401 3561 450 contac-

224 473 501 547 pollicetur,
527 474 775 546 quando,
812 480 874 530 ut
912 492 1042 532 cum
1086 477 1186 534 illo
1243 495 1440 550 Simus,
1470 486 1525 535 et
1554 497 1684 535 cum
1714 480 1811 536 illo

224 569 271 623 in
305 566 512 622 internis
554 568 787 623 sedibus
828 569 1104 639 vivamus,
1146 573 1316 644 atque
1377 572 1435 628 in
1482 574 1671 645 regnis
1698 591 1811 630 ca:-

224 660 424 716 lestibus
476 660 846 732 gaudeamus,
901 665 1127 719 Patrem
1184 682 1289 737 pro
1343 666 1509 724 nobis
1553 674 1816 739 precatur

223 755 389 810 dicens
447 770 460 809 :
506 756 687 821 Pater,
732 772 866 827 quos
906 760 1042 813 mihi
1081 759 1282 815 dedisti
1325 762 1444 816 voto
1478 768 1541 816 ut
1587 763 1683 817 ubi
1725 778 1817 832 ego

219 851 349 917 fuero
367 854 416 903 et
451 850 556 919 ipsi
579 850 694 904 sint
717 866 944 916 mecum,
979 857 1029 908 et
1064 854 1289 910 uideant
1309 856 1622 910 claritatem
1653 872 1817 927 quam

219 944 334 997 mihi
352 942 546 998 dedisti
590 946 917 1014 priusquam
968 947 1206 1003 mundus
1252 951 1405 1018 ﬁeret
1445 951 1647 1021 (Joan.,
1684 966 1817 1018 xvn,

221 1039 310 1104 24).
332 1037 601 1091 Venturus
628 1038 701 1092 ad
729 1038 931 1095 Christi
982 1042 1196 1111 sedem,
1255 1042 1328 1097 ad
1372 1059 1688 1114 regnorum
1716 1060 1821 1099 cm-

219 1134 417 1189 lestium
443 1134 779 1204 claritatem,
811 1136 1010 1209 lugere
1036 1154 1150 1192 non
1182 1139 1353 1194 debet
1385 1156 1491 1194 nec
1517 1141 1818 1212 plangere,

219 1228 296 1283 sed
335 1228 540 1299 potius,
569 1229 888 1286 secundum
934 1231 1399 1304 pollicitationem
1454 1234 1698 1304 Domini,
1728 1252 1819 1290 se-

217 1321 443 1378 cundum
471 1321 646 1378 ﬁdem
675 1323 793 1378 veri
822 1324 956 1396 (54),
1002 1325 1060 1381 ἱιι
1105 1326 1459 1399 profectione
1507 1328 1613 1384 hac
1641 1346 1739 1384 sua
1767 1332 1825 1385 et

216 1415 558 1471 translatione
588 1417 864 1488 gaudere.

274 1509 436 1565 XXIII.
495 1510 586 1566 Sic
642 1511 888 1583 denique
946 1513 1272 1569 invenimus
1320 1521 1378 1571 et
1423 1516 1615 1572 Enoch
1647 1520 1825 1572 trans-

216 1603 372 1658 latum
398 1620 541 1672 esse,
596 1603 693 1676 qui
744 1607 858 1661 Deo
901 1608 1133 1678 placuit,
1171 1609 1314 1664 sicut
1358 1608 1417 1664 in
1471 1610 1674 1665 Genesi
1719 1616 1825 1666 tes-

1918 477 2070 533 tibus
2122 478 2464 549 polluantur.
2519 483 2725 551 Raptus
2772 490 2847 539 est
2887 484 3017 555 (57),
3056 486 3261 559 inquit,
3305 504 3371 545 ne
3408 492 3563 544 mali-

1917 574 1998 627 tia
2019 577 2257 627 mutaret
2283 574 2607 629 intellectum
2634 576 2787 632 illius
2813 577 2987 649 (Sap.,
3031 597 3103 648 iv,
3147 584 3233 649 11,
3271 585 3375 654 14).
3421 586 3549 638 Pla-

1916 669 2027 720 cita
2072 666 2213 721 enim
2249 672 2365 722 erat
2392 669 2495 723 Deo
2530 671 2713 723 anima
2764 671 2900 738 ejus.
2942 676 3169 744 Pr0pter
3205 675 3297 730 hoc
3348 694 3544 748 propc-

1917 762 2062 815 ravit
2109 761 2367 816 obducere
2412 778 2531 817 eum
2574 763 2639 818 de
2674 764 2850 819 media
2891 767 3187 836 iniquitate
3226 771 3293 822 ‘i.
3358 770 3449 826 Sic
3501 776 3559 826 et

1918 853 1978 907 in
2019 853 2252 908 Psalmis
2276 854 2347 908 ad
2380 855 2688 911 Dominum
2720 864 2988 929 properat
3026 860 3266 931 spiritali
3296 864 3409 919 ﬁde
3440 866 3581 920 Deo'

1921 964 2023 1002 suo
2050 947 2242 1002 anima
2297 948 2499 1004 devota
2534 948 2643 1021 (58)
2690 951 2883 1006 dicens
2933 969 2947 1007 :
2984 953 3155 1019 Quam
3202 956 3558 1013 dilectissime

1921 1041 2281 1097 habitationes
2308 1047 2430 1105 tuae,
2481 1045 2624 1099 Deus
2656 1045 2952 1099 virtutum!
2999 1048 3283 1103 Desiderat
3326 1055 3378 1104 et
3425 1068 3553 1121 pro-

1918 1139 2081 1206 perat
2129 1138 2313 1191 anima
2358 1153 2475 1192 mea
2522 1138 2594 1192 ad
2638 1140 2789 1193 atria
2830 1141 2925 1194 Dei
2949 1140 2996 1174 ‘5
3044 1141 3211 1211 (Psal.
3253 1158 3472 1214 Lxxxm,
3500 1148 3553 1215 2,

1922 1227 1998 1297 3).

1994 1324 2171 1379 XXIV.
2226 1324 2358 1395 Ejus
2403 1329 2487 1380 est
2534 1324 2593 1380 in
2645 1327 2862 1383 mundo
2910 1327 3007 1382 diu
3066 1329 3206 1385 velle
3258 1347 3555 1389 remanere

1924 1434 2091 1489 quem
2142 1418 2390 1473 mundus
2431 1418 2692 1488 oblectat,
2726 1437 2898 1492 quem
2943 1424 3214 1479 saeculum
3251 1424 3552 1482 blandiens

1924 1514 2095 1583 atque
2152 1511 2442 1584 decipiens
2480 1512 2761 1568 illecebris
2807 1518 3048 1570 terrena:
3100 1517 3411 1590 voluptatis
3469 1521 3555 1575 in-

1925 1607 2083 1661 vitat.
2147 1608 2336 1676 Porro,
2393 1623 2525 1661 cum
2582 1607 2831 1662 mundus
2884 1609 3068 1664 oderit
3147 1611 3551 1685 Christianum,

212 1702 343 1752 tatur
386 1702 443 1752 et
495 1696 751 1769 loquitur
795 1699 1085 1772 Scriptura
1128 1702 1316 1757 divina
1352 1719 1366 1757 :
1408 1706 1494 1766 (Et
1543 1705 1751 1774 placuit
1776 1705 1823 1739 ‘3
1848 1765 1895 1778 ἰ
1928 1700 2061 1771 quid
2095 1715 2255 1755 amas
2287 1716 2419 1754 eum
2453 1700 2549 1771 qui
2582 1704 2636 1755 te
2668 1701 2806 1769 odit,
2848 1706 2907 1756 et
2943 1720 3056 1757 non
3088 1706 3269 1776 magis
3297 1710 3552 1778 sequeris

214 1791 369 1845 Enoch
411 1794 541 1854 Deo,
575 1765 642 1847 et
694 1809 799 1848 non
846 1765 937 1849 est.
964 1798 1219 1851 inventus
1274 1765 1638 1867 postmodum,
1692 1801 1824 1868 quia
1848 1765 1901 1838 Β
1926 1765 2234 1864 Christum,
2264 1793 2360 1864 qui
2391 1799 2446 1849 te
2469 1765 2534 1849 et
2570 1765 2812 1850 redemit
2858 1800 2915 1851 et
2957 1797 3146 1869 diligit
3167 1765 3466 1855 {Joannes
3496 1804 3549 1856 in

210 1888 323 1940 Deus
374 1887 533 1940 illum
575 1889 859 1943 transtulit
902 1888 1080 1958 (Gen.,
1126 1906 1178 1945 v.
1226 1893 1337 1960 24).
1389 1892 1500 1946 Ηοο
1546 1892 1655 1946 fuit
1698 1894 1819 1964 pla-

211 1980 365 2035 cuisse
390 1980 445 2034 in
477 1988 793 2052 conspectu
828 1984 945 2051 Dei,
993 1984 1063 2040 de
1111 1984 1220 2039 boc
1262 1987 1525 2057 contagio
1565 1984 1670 2058 (55)
1716 2003 1818 2041 ste-

210 2074 301 2128 culi
329 2075 610 2129 meruisse
640 2077 959 2132 transferri.
985 2078 1097 2133 Sed
1121 2082 1177 2133 et
1196 2096 1302 2151 per
1316 2080 1685 2135 Salomonem
1707 2081 1817 2153 (56)

211 2167 353 2222 docet
378 2169 623 2238 Spiritus
660 2176 886 2226 sanctus
934 2188 1028 2227 eos
1069 2173 1165 2244 qui
1198 2174 1312 2229 Deo
1341 2174 1602 2245 placeant
1633 2178 1821 2230 matu-

210 2261 306 2316 rius
333 2262 493 2318 istinc
519 2263 694 2319 eximi
740 2270 797 2320 et
841 2265 1005 2322 citius
1046 2267 1299 2338 liberari,
1327 2285 1422 2337 ne,
1455 2267 1647 2341 599
1683 2269 1821 2324 dum

1923 1888 2171 1959 Epistola
2231 1905 2333 1943 sua
2392 1888 2595 1943 clamat
2648 1894 2705 1943 et
2752 1890 3022 1961 loquitur,
3063 1896 3121 1947 et
3174 1910 3265 1963 ne,
3300 1896 3552 1951 carnalia

1923 1982 2208 2037 desideria
2238 1985 2541 2051 sectantes,
2573 1984 2850 2038 mundum
2897 1985 3198 2056 diligamus
3239 1988 3501 2043 hortatur
3532 2011 3542 2046 :

1922 2078 2120 2143 Nolite,
2177 2076 2383 2148 inquit,
2438 2076 2663 2146 diligere
2710 2079 2970 2133 mundum
3016 2097 3187 2150 neque
3233 2098 3295 2137 ea
3334 2099 3453 2151 qua
3490 2087 3549 2139 in

1920 2172 2123 2226 mundo
2168 2175 2313 2226 sunt.
2361 2172 2424 2227 Si
2472 2173 2592 2240 quis
2640 2171 2893 2227 dilexerit
2947 2175 3235 2239 mundum,
3308 2192 3416 2231 non
3475 2184 3553 2233 est

1922 2265 2158 2320 charitas
2200 2266 2382 2320 Patris
2425 2267 2485 2319 in
2531 2265 2664 2333 illo;
2711 2268 2846 2336 quia
2899 2282 3050 2323 omne
3076 2270 3221 2338 quod
3265 2272 3324 2326 in
3349 2273 3548 2328 mundo

1568 2378 1778 2443 Variae
1833 2377 2170 2442 lectiones.

258 2473 294 2504 ⁴’
317 2472 547 2537 Placuit,
578 2474 763 2541 inquit
793 2475 929 2525 Lam.
959 2475 1109 2526 Ebor.
1134 2476 1245 2527 ΝΟ.
1280 2480 1321 2528 1.
1390 2480 1433 2511 ⁴⁴
1463 2479 1545 2529 De
1578 2477 1763 2529 medio
1790 2476 2123 2542 iniquitatis.
2155 2474 2310 2524 Oxon.
2348 2474 2393 2508 ‘5
2420 2472 2505 2523 Ad
2534 2473 2675 2524 atria
2700 2476 2811 2537 tua,
2836 2474 2988 2526 Deus
3028 2476 3138 2526 Ver.

1516 2596 1741 2679 Steph.
1790 2594 2036 2659 Baluzii
2080 2598 2277 2656 notae.

206 2694 393 2756 prmfati
454 2694 711 2759 episcopi
751 2693 1111 2745 relationibus
1152 2694 1272 2759 ipse
1323 2694 1583 2746 lauderis.
1641 2711 1671 2743 »
1718 2695 1823 2760 Pro

208 2778 300 2827 quo
324 2769 427 2815 tres
462 2766 663 2829 optimi
690 2769 746 2817 et
781 2766 1157 2829 antiquissimi
1199 2766 1325 2817 libri
1367 2766 1577 2817 habent
1611 2766 1825 2816 relatio-

207 2833 335 2883 nibus
373 2835 744 2898 informemur.
782 2836 946 2898 Quod
993 2850 1095 2900 ego
1130 2838 1331 2887 melius
1384 2851 1505 2889 esse
1552 2842 1707 2902 puto.
1757 2837 1828 2886 Et

206 2904 412 2956 fortasse
442 2907 748 2971 legendum
787 2912 869 2958 est
913 2907 1265 2958 relationibus
1294 2907 1640 2971 informemur
1691 2914 1737 2958 et
1778 2913 1836 2957 tu

210 2976 300 3036 ipse
322 2976 582 3028 lauderis.

258 3048 344 3107 (iit)
396 3048 700 3098 Secundum
759 3048 912 3113 ﬁdem
987 3050 1117 3099 veri.
1181 3050 1310 3101 Haec
1373 3050 1585 3111 lectio,
1652 3064 1821 3115 quam

207 3116 446 3169 exhibent
493 3120 765 3170 undecim
803 3121 1155 3185 exemplaria,
1189 3122 1247 3215 in‘
1285 3122 1492 3186 quibus
1536 3136 1682 3186 pono
1715 3122 1897 3215 Se-C

208 3189 531 3215 muta-dan“...
601 3196 678 3215 Ms
728 3193 929 3215 ..-ιε-υ.--
1010 3193 1066 3215 ῐ...
1117 3193 1334 3215 .1....---..
1384 3195 1504 3215 -in-
1553 3195 1816 3215 ---ε-..ηρ

206 3189 556 3249 guierianum,
601 3196 683 3240 est
726 3193 951 3255 optima.
1009 3193 1070 3241 In
1115 3193 1337 3244 duobus
1383 3195 1507 3243 aliis
1553 3195 1820 3258 scriptum

206 3263 273 3307 est
310 3261 469 3310 verbi.
518 3260 809 3312 Morellius
848 3262 1072 3313 adnotat
1115 3276 1176 3313 se
1204 3264 1411 3315 vidisse
1450 3266 1721 3328 scriptum
1764 3266 1821 3314 in

205 3332 423 3394 antiquis
458 3335 597 3395 veri,
639 3333 779 3383 alius
825 3333 988 3383 verbi.
1028 3335 1191 3397 Quod
1240 3336 1532 3386 confirmat
1577 3341 1821 3386 nostram

202 3397 491 3452 lectionem.
521 3403 588 3452 In
618 3404 813 3455 codice
844 3405 1106 3456 Beccensi
1138 3411 1193 3457 et
1219 3407 1274 3456 in
1302 3407 1547 3457 editione
1585 3407 1820 3457 Moreltii

201 3471 381 3535 legitur
399 3476 670 3524 ueritatis.

254 3546 344 3605 (55)
402 3546 475 3595 De
529 3546 629 3596 hoc
676 3547 940 3612 contagio.
989 3547 1259 3610 Quamvis
1314 3549 1462 3600 hanc
1517 3549 1818 3601 lectionem

203 3616 435 3676 praeferat
471 3619 654 3681 major
695 3631 821 3681 pars
867 3623 1119 3669 veterum
1151 3620 1574 3685 exemplarium,
1612 3622 1668 3670 in
1699 3621 1821 3670 aliis

203 3689 362 3736 tamen
388 3688 652 3752 pluribus
686 3693 740 3738 et
780 3689 836 3738 in
877 3691 1120 3753 antiquis
1155 3691 1496 3742 editionibus
1535 3691 1733 3755 legitur
1759 3690 1822 3741 de

202 3755 284 3806 hac
316 3761 648 3823 contagione.
683 3761 900 3810 Primus
941 3762 1221 3811 Manutius
1251 3763 1465 3814 invexit
1490 3776 1611 3812 eam
1651 3776 1820 3827 quam

202 3841 291 3877 nos
315 3832 668 3880 retinuimus.
696 3831 943 3895 Utraque
974 3832 1118 3881 bona
1144 3838 1240 3882 est.

255 3901 340 3957 (56)
390 3903 492 3951 Sed
551 3906 598 3949 et
660 3914 755 3965 per
807 3902 1158 3953 Salomonem.
1203 3904 1344 3954 Vide
1403 3905 1817 3955 annotationem

204 3968 413 4022 Pamelii
453 3972 527 4022 ad
574 3971 725 4023 hunc
769 3973 972 4023 locum.
1004 4001 1063 4011 —
1106 3974 1205 4025 Sed
1260 3979 1307 4024 ct
1352 3989 1447 4037 per
1490 3976 1818 4026 Salomonem

200 4042 368 4091 docens
425 4044 665 4106 Spiritus
712 4049 939 4093 sanctus.
989 4064 1015 4090 «
1062 4046 1286 4095 Librum
1326 4046 1623 4110 Sapientiae
1667 4047 1821 4097 Salo-

200 4115 334 4163 moni
368 4114 659 4174 adscribit,
696 4129 810 4164 non
841 4114 1154 4179 Cyprianus
1200 4117 1363 4168 modo
1408 4122 1526 4168 tum
1564 4119 1655 4168 hic
1698 4123 1818 4168 tum

201 4184 325 4234 intra
374 4186 470 4237 lib.
521 4186 589 4235 de
632 4186 850 4237 Ethrt.
896 4190 1077 4248 Mart,
1116 4202 1235 4253 cap.
1288 4191 1332 4251 1,
1387 4190 1456 4240 ad
1508 4191 1708 4240 Testim.
1760 4203 1816 4251 ιι,

201 4267 304 4318 cap.
344 4258 416 4318 t3,
467 4262 523 4308 et
570 4271 646 4318 ιιι,
689 4272 810 4321 cap.
858 4260 933 4318 15,
980 4259 1155 4317 53,39
1205 4274 1270 4311 ac
1305 4261 1387 4319 66,
1435 4261 1532 4311 sed
1582 4266 1635 4311 et
1680 4261 1818 4325 Ege-

199 4326 373 4389 sippus
407 4333 463 4378 et
509 4329 776 4391 Irenaaus,
822 4335 877 4380 et
906 4333 1085 4381 omnis
1119 4334 1321 4397 (inquit
1368 4332 1645 4383 Eusebius
1683 4333 1815 4381 Hist.

199 4399 456 4449 ecclesiast.
516 4400 615 4450 lib.
678 4406 895 4464 quarto,
951 4416 1069 4466 cap.
1122 4404 1203 4459 ΞΕ)
1266 4405 1619 4468 antiquorum
1689 4403 1818 4454 cho-

200 4483 315 4530 rus;
347 4472 578 4522 Tertull.
613 4473 779 4522 etiam
808 4473 902 4523 lib.
940 4474 1006 4523 de
1035 4476 1419 4536 Prwsrription.
1447 4474 1567 4525 adv.
1596 4475 1773 4524 haeret.
1798 4490 1815 4537 ;

205 4539 335 4605 Orig.
366 4542 460 4592 lib.
487 4556 609 4606 VIII,
655 4544 711 4592 in
754 4543 1057 4607 Epistolam
1104 4545 1172 4595 ad
1217 4544 1416 4605 Rom.;
1461 4546 1526 4596 D.
1564 4546 1629 4596 D.
1661 4545 1815 4595 Hila-

200 4612 318 4673 rius,
342 4615 397 4664 in
424 4614 561 4665 Psal.
602 4626 785 4665 cxxnr
810 4630 822 4676 ;
853 4616 1108 4678 Basilius,
1137 4617 1231 4667 lib.
1267 4630 1323 4679 ν,
1354 4623 1539 4668 contra
1562 4619 1774 4669 Eunom.
1800 4632 1818 4666 .-

202 4682 472 4735 Evaristus
523 4687 757 4750 epistola
800 4687 872 4735 ad
923 4687 1133 4752 Arria;
1172 4688 1346 4748 Felix,
1385 4690 1403 4739 1
1456 4689 1708 4753 epistola,
1747 4689 1819 4739 ad

204 4753 400 4818 Gallos;
454 4757 633 4819 Felix,
675 4757 707 4807 2
748 4757 980 4821 epistola
1024 4758 1096 4809 ad
1143 4760 1201 4807 1).
1256 4758 1601 4810 Athanasium
1626 4774 1644 4821 ;
1686 4759 1818 4824 Epi-

202 4825 443 4890 phanius,
502 4829 700 4879 Heres.
756 4830 839 4889 76,
888 4834 943 4880 et
977 4829 1071 4880 lib.
1136 4830 1199 4880 de
1250 4831 1472 4880 Ponder.
1523 4838 1571 4880 et
1615 4833 1774 4881 Mens.
1800 4845 1818 4893 ;

202 4895 440 4950 Damasc.
482 4900 580 4950 lib.
627 4913 704 4959 IV,
743 4913 862 4964 cap.
914 4901 1007 4961 18;
1059 4901 1245 4963 Amb.,
1286 4905 1343 4950 in
1388 4902 1525 4952 Psal.
1557 4915 1594 4963 ι,
1622 4907 1675 4952 et
1719 4902 1814 4953 lib.

202 4967 259 5016 de
312 4970 587 5032 Paradiso,
641 4985 688 5021 ο.
750 4972 843 5031 12;
898 4976 952 5023 et
1007 4972 1093 5022 vel
1143 4974 1261 5037 ipse
1305 4973 1371 5023 D.
1422 4972 1819 5038 Hieronymus,

203 5042 418 5103 epistola
462 5042 535 5093 ad
575 5042 864 5093 Paulinam
910 5043 973 5093 de
1022 5044 1190 5095 lnstit.
1227 5044 1299 5108 fit.
1354 5044 1591 5096 Causam
1637 5046 1820 5097 reddit

203 5109 258 5161 D.
283 5116 418 5179 Aug.
448 5116 505 5164 in
532 5115 654 5165 haec
678 5115 845 5167 verba
875 5115 970 5166 lib.
1000 5129 1121 5167 xvn
1148 5117 1211 5166 de
1243 5117 1394 5166 Civit.
1432 5118 1543 5175 Dei,
1571 5131 1689 5180 cap.
1717 5116 1779 5167 20
1804 5132 1814 5165 :

203 5198 230 5229 ‹
258 5185 359 5234 Alii
396 5186 510 5235 duo
561 5186 704 5246 libri,
737 5200 973 5251 quorum
1002 5201 1150 5238 unus
1191 5188 1489 5251 Sapientia,
1522 5188 1659 5240 alter
1688 5201 1818 5239 vero

205 5252 613 5307 Ecclesiasticus
661 5257 894 5321 dicitur,
949 5263 1172 5323 propter
1227 5259 1434 5323 eloquii
1494 5260 1818 5310 nonnullam

204 5324 629 5388 similitudinem,
660 5333 722 5379 ut
757 5328 1073 5380 Salomonis
1110 5330 1367 5381 dicantur
1399 5331 1641 5381 obtinuit
1677 5344 1821 5381 con--

205 5398 444 5450 suetudo.
497 5416 529 5448 θ
580 5400 741 5462 Quod
791 5403 975 5465 ipsum
1025 5406 1212 5453 tamen
1281 5402 1468 5453 adhuc
1529 5407 1820 5454 retractare

207 5468 409 5520 videtur
448 5471 546 5520 lib.
595 5486 650 5533 ιι,
699 5485 746 5523 ο.
794 5474 864 5522 4ς
915 5490 945 5522 «
991 5472 1059 5522 Et
1105 5478 1252 5525 certe
1298 5474 1485 5525 multis
1529 5477 1648 5539 ejus
1695 5475 1818 5525 libri

208 5544 484 5593 sententias
514 5555 607 5605 vn,
650 5557 747 5594 VIII
787 5549 839 5596 et
883 5558 943 5595 ix
983 5559 1105 5608 cap.
1138 5545 1239 5595 soli
1288 5547 1631 5597 conveniunt
1666 5545 1820 5596 Salo-

211 5615 365 5669 moui,
407 5615 625 5665 Titulus
663 5618 825 5666 etiam
876 5615 1109 5668 Graecus
1156 5620 1237 5667 est
1282 5617 1589 5680 Σολόμοντος.
1634 5617 1819 5680 Quare

213 5683 458 5753 probatur
486 5685 621 5735 mihi
658 5687 765 5736 Dn.
795 5688 1028 5750 Joannis
1051 5687 1346 5738 Driedonis
1385 5689 1569 5752 opinio
1597 5690 1660 5738 de
1687 5691 1817 5753 Dog.

213 5751 369 5805 mles.
415 5755 516 5805 ιιι).
564 5767 597 5816 ι,
646 5757 936 5808 Philonem
991 5757 1151 5808 illum
1194 5751 1477 5821 Judaeum,
1522 5773 1687 5824 supra
1728 5751 1821 5810 160

214 5833 376 5879 annm
424 5830 555 5880 ante
612 5833 805 5882 natum
876 5829 1180 5895 Christum,
1252 5831 1597 5901 temporibus
1661 5831 1819 5888 Onim

1839 4508 1900 4580 D

1924 2691 2226 2756 pontiﬁcis,
2273 2703 2492 2755 sparsas
2538 2690 2746 2755 passim
2795 2689 3109 2741 Salomonis
3149 2691 3451 2743 sententias
3493 2695 3551 2744 in

1924 2778 2101 2813 unum
2142 2763 2249 2813 hoc
2284 2763 2634 2827 congessisse
2678 2761 2960 2811 volumen.
2987 2762 3068 2813 Eo
3101 2763 3278 2827 magis
3303 2763 3454 2828 quod
3480 2765 3557 2815 Ill

1926 2835 2057 2897 Reg.
2108 2835 2208 2884 ult.
2266 2847 2383 2897 cap.
2432 2833 2707 2884 scribatur
2754 2833 2974 2883 locutus
3025 2834 3124 2883 tria
3169 2834 3347 2884 millia
3388 2849 3555 2899 para-

1926 2907 2198 2968 bolarum,
2247 2907 2558 2957 carminum
2597 2908 2847 2970 quinque
2895 2905 3085 2969 millia,
3133 2910 3186 2956 et
3228 2907 3554 2959 disseruisse

1923 2978 1992 3027 de
2027 2978 2312 3041 jumentis,
2341 2978 2682 3037 volucribus,
2724 2976 3014 3041 reptilibus
3060 2980 3117 3027 et
3148 2978 3414 3041 piscibus,
3442 2984 3554 3031 etc.

1924 3049 2249 3111 Conﬁrmat,
2279 3049 2429 3113 quod
2476 3052 2591 3113 ipsa
2631 3048 2780 3098 illius
2820 3047 3135 3111 Proverbia,
3167 3062 3279 3099 non
3324 3049 3394 3102 ab
3434 3052 3550 3114 illo,

1922 3120 2020 3171 sed
2047 3121 2142 3170 diu
2181 3126 2367 3183 postea
2399 3135 2427 3168 a
2473 3120 2741 3170 ministris
2769 3119 3023 3170 Ezechim
3067 3121 3211 3186 regis
3249 3121 3366 3185 (aut
3388 3123 3551 3185 juxta

1923 3192 2080 3242 rabbi
2129 3193 2358 3254 Moysen
2408 3192 2478 3241 ab
2531 3192 2687 3254 Isaia)
2728 3192 2783 3241 in
2831 3205 3007 3241 unum
3045 3193 3293 3255 collecta,
3340 3199 3558 3245 constet

1923 3276 1991 3313 ex
2022 3263 2280 3313 Proverb.
2310 3276 2357 3312 c.
2400 3275 2546 3312 xxv.
2575 3262 2712 3312 Utut
2751 3262 2839 3323 sit,
2876 3276 2974 3327 pro
3016 3261 3270 3313 doctrina
3314 3262 3555 3328 Spiritus

1922 3337 2099 3386 sancti
2130 3336 2236 3386 hoc
2263 3336 2385 3385 loco
2415 3339 2469 3385 et
2511 3334 2742 3399 epistola
2777 3348 2981 3398 Lxxxr,
3012 3349 3080 3387 ac
3107 3335 3192 3388 Ad
3231 3338 3553 3389 Demetriun.

1921 3420 2019 3469 pro
2070 3406 2354 3470 Scriptura
2399 3406 2587 3455 divina
2629 3406 2883 3470 agnoscit
2927 3404 3259 3470 Cyprianus,
3294 3421 3400 3459 nec
3442 3411 3557 3460 mi-

1922 3491 2028 3527 nus
2056 3478 2148 3527 alii
2176 3481 2392 3528 veteres
2430 3476 2525 3527 ubi
2568 3476 2722 3526 hunc
2760 3476 2963 3526 librum
2998 3478 3191 3540 citant,
3226 3480 3554 3530 nominatim

1919 3549 2151 3612 Dionys.
2197 3551 2468 3612 Areopsg.
2502 3561 2623 3611 cap.
2665 3549 2715 3607 4,
2763 3547 2828 3596 de
2874 3548 2987 3597 Div.
3028 3550 3201 3610 Nam,
3241 3552 3295 3599 et
3334 3549 3552 3602 Concil.

1922 3619 2279 3680 Sardinense,
2330 3620 2561 3683 epistola
2621 3619 2690 3668 ad
2762 3631 2957 3669 omnes
3009 3619 3315 3684 episcopos.
3369 3620 3555 3683 Quare

1920 3690 2073 3742 hunc
2100 3691 2285 3741 locum
2314 3691 2492 3740 citans
2531 3690 2597 3739 D.
2644 3690 2809 3754 Aug.,
2844 3688 2942 3739 lib.
2978 3689 3041 3739 de
3079 3691 3324 3741 Prasdest.
3371 3694 3551 3744 Sanct.

1919 3775 2038 3826 cap.
2082 3764 2184 3811 H:
2234 3778 2264 3807 «
2310 3760 2451 3823 Qum
2500 3774 2627 3810 cum
2676 3762 2749 3810 ita
2782 3762 2911 3822 sint,
2954 3761 3153 3826 inquit,
3202 3777 3313 3813 non
3361 3763 3556 3816 debuit

1921 3832 2199 3895 repudiari
2246 3831 2519 3881 sententia
2570 3831 2694 3880 libri
2743 3830 3059 3894 Sapientiie,
3108 3834 3205 3896 qui
3251 3836 3455 3886 meruit
3496 3837 3552 3885 in

1919 3904 2175 3954 Ecclesia
2195 3902 2418 3964 Christi,
2447 3902 2516 3951 de
2542 3902 2717 3965 gradu
2746 3902 3017 3953 lectorum
3049 3903 3316 3955 Ecclesia
3349 3905 3554 3957 Christi

1920 3981 2031 4026 tam
2069 3976 2230 4039 longa
2274 3974 2588 4025 annositate
2617 3975 2853 4035 recitari,
2884 3978 2941 4026 et
2973 3974 3042 4024 ab
3073 3976 3336 4027 omnibus
3365 3978 3553 4029 Chris-

1920 4048 2114 4109 tianis,
2180 4046 2250 4095 ab
2316 4046 2591 4110 episcopis
2653 4058 2834 4111 usque
2901 4045 2971 4095 ad
3039 4050 3315 4098 extremos
3380 4048 3552 4100 laicos

1919 4118 2113 4169 ﬁdeles
2142 4117 2493 4181 pmnitentes,
2541 4117 2991 4177 catechumenos,
3019 4130 3146 4168 cum
3196 4121 3553 4171 veneratione

1918 4189 2123 4240 divina
2149 4189 2494 4239 auctoritatis
2519 4188 2716 4238 audiri.
2751 4207 2779 4235 »
2806 4188 2875 4238 Et
2913 4189 3080 4253 paulo
3108 4193 3231 4253 post
3264 4205 3275 4238 :
3306 4206 3337 4239 ‹‹
3366 4191 3551 4256 Opor-

1918 4264 1995 4310 tet
2036 4264 2099 4310 ut
2155 4261 2324 4310 istum
2374 4258 2577 4309 librum
2626 4258 2925 4322 Sapientiae
2976 4259 3237 4310 omnibus
3279 4264 3550 4313 tractato-

1920 4332 2072 4382 ribus
2105 4335 2461 4395 anteponant,
2489 4331 2754 4395 quoniam
2793 4330 2898 4380 sibi
2942 4344 3071 4380 eum
3110 4336 3553 4396 anteposuerunt

1918 4405 2083 4454 etiam
2154 4402 2496 4466 temporibus
2566 4401 2833 4466 proximis
2907 4402 3281 4466 apostolorum
3345 4407 3551 4471 egregii

1921 4476 2274 4533 tractatores;
2324 4474 2419 4537 qui
2466 4485 2592 4521 eum
2655 4476 2853 4521 testem
2902 4472 3251 4533 adhibentes,
3300 4476 3439 4526 nihil
3488 4489 3549 4526 se

1922 4544 2185 4595 adhibere
2231 4545 2338 4593 nisi
2379 4544 2634 4593 divinum
2675 4543 3055 4593 testimonium
3098 4544 3472 4596 crediderunt.
3524 4565 3553 4593 »

1918 4615 2035 4665 Imo
2086 4616 2201 4679 ipse
2252 4614 2537 4678 apostolus
2570 4614 2797 4673 Paulus,
2846 4613 3003 4663 Rom.
3053 4626 3114 4664 χι
3155 4621 3211 4666 et
3254 4615 3422 4667 Hebr.
3466 4630 3546 4677 x1,

1919 4687 1988 4737 ad
2034 4687 2083 4750 9,
2134 4687 2167 4737 6
2222 4690 2275 4736 et
2325 4687 2401 4735 15.
2455 4684 2753 4749 Sapientia:
2786 4683 2912 4734 libri
2969 4698 3090 4749 cap.
3140 4686 3352 4737 alludit.
3412 4688 3550 4739 Haec

1918 4758 2083 4823 paulo
2107 4757 2391 4822 prolixius,
2422 4760 2645 4820 propter
2668 4769 2783 4814 eos,
2816 4756 2912 4819 qui
2951 4755 3154 4808 librum
3189 4757 3342 4809 hunc
3380 4761 3548 4810 etiam

1917 4828 2085 4879 hodie
2136 4829 2192 4876 in
2241 4839 2512 4878 canonem
2563 4826 2974 4891 Scripturarum
3032 4828 3278 4892 recipere
3329 4830 3547 4891 nolunt,

1919 4901 2051 4966 quia
2083 4901 2143 4950 D.
2178 4901 2422 4960 Hierom,
2453 4897 2509 4948 in
2538 4910 2749 4949 canone
2771 4898 3095 4949 Judmorum
3126 4899 3316 4950 haberi
3347 4905 3550 4966 negat;

1918 4987 2047 5023 cum
2102 4975 2283 5021 tamen
2336 4971 2392 5019 in
2454 4968 2721 5019 Ecclesim
2774 4982 2987 5020 canone
3037 4970 3364 5022 numeretur
3407 4988 3435 5021 a
3483 4972 3555 5023 D.

1921 5046 2084 5108 Aug,
2152 5042 2394 5093 concilio
2455 5040 2738 5105 Carthag.,
2801 5041 3160 5103 Innocentio,
3214 5042 3434 5094 Gelasio
3503 5048 3559 5096 et

1921 5114 2147 5176 Isidoro,
2178 5113 2317 5163 locis
2344 5113 2486 5163 infra
2513 5113 2692 5163 citatis
2719 5112 2811 5163 lib.
2852 5114 2978 5162 Test.
3005 5126 3041 5171 ι,
3070 5126 3191 5177 cap.
3218 5112 3299 5163 20.

3011 5186 3276 5246 (Pansa)

1982 5258 2080 5317 (57)
2130 5258 2329 5320 Raptus
2370 5260 2464 5306 est.
2508 5255 2648 5306 Vide
2689 5259 2945 5307 sanctum
2994 5257 3391 5322 Augustinum,
3431 5272 3553 5324 cap.

1921 5331 1982 5380 14
2004 5329 2067 5379 de
2100 5328 2566 5379 Praedestinatione
2591 5329 2926 5378 Sanctorum.

1982 5402 2084 5463 (58)
2122 5402 2229 5450 Deo
2269 5415 2363 5450 suo
2405 5400 2591 5449 anima
2630 5400 2833 5450 devota.
2880 5399 3280 5464 Hieronymus,
3320 5404 3377 5452 in
3429 5404 3555 5453 Dia-

1923 5473 2035 5536 logo
2084 5472 2341 5522 adversus
2387 5470 2749 5533 Luciferianos
2775 5485 2791 5521 :
2820 5489 2849 5517 «
2890 5470 3231 5536 Simplicitas
3275 5474 3457 5524 cordis
3499 5479 3557 5525 et

1920 5544 2114 5595 devota
2143 5544 2260 5594 Deo
2290 5556 2393 5593 suo
2435 5544 2637 5592 anima.
2675 5557 2703 5591 ν
2740 5543 2954 5593 Auctor
2991 5543 3253 5607 Epistolas
3282 5546 3355 5594 ad
3396 5547 3557 5595 Orca-

1919 5630 2065 5676 num,
2095 5615 2158 5665 de
2184 5613 2436 5665 Ferendis
2472 5612 2793 5678 opprobriis,
2837 5613 2987 5665 edita
3021 5614 3127 5664 sub
3161 5616 3385 5666 nomine
3417 5617 3553 5665 Hie-

1920 5689 2136 5752 ronymi
2168 5702 2180 5735 :
2214 5704 2243 5733 «
2284 5686 2482 5737 Videat
2517 5699 2647 5750 ergo
2686 5686 2872 5737 anima
2910 5687 3023 5738 Deo
3062 5686 3259 5737 devota
3302 5700 3372 5737 ne
3416 5687 3553 5736 insi-

1919 5760 2191 5826 pientium
2215 5759 2361 5809 risus
2382 5771 2505 5809 eam
2531 5758 2620 5809 vel
2652 5757 2947 5811 stultorum
2982 5758 3274 5811 hominum
3314 5757 3553 5810 vanissi-

1920 5844 2047 5885 mas
2071 5843 2254 5884 sermo
2278 5828 2603 5885 contundat.
2628 5847 2659 5880 »
