3998 6194
484 231 583 284 623
670 190 750 222 l‘

1391 225 1443 279 s.
1487 226 1800 282 CYPRIANI
1839 198 2115 283 ornauit
2152 224 2324 284 PARS
2363 226 2423 282 ιι.
2466 256 2534 268 -
2572 227 2937 287 crescam.
3710 241 3797 296 6-24

484 360 562 409 est
586 354 1023 423 concupiscentia
1071 353 1252 405 carnis
1298 356 1374 407 est
1417 358 1465 407 et
1507 355 1933 424 concupiscentia
1984 368 2111 408 ocu—
2133 353 2442 437 Ainterim
2501 354 2731 427 degere.
2784 355 3209 426 Amplectamur
3254 355 3402 411 diem
3445 360 3543 429 (60)
3571 361 3659 432 qui
3685 366 3804 419 assi-

483 450 657 503 lorum
688 452 737 501 et
780 446 1000 499 ambitio
1028 446 1226 507 saeculi,
1283 462 1404 515 quae
1453 463 1561 501 non
1614 454 1690 501 est
1742 464 1775 501 a
1801 448 1986 510 Patre,
2019 447 2114 501 sed

481 559 546 597 ea:
591 542 1020 610 concupiscentia
1074 540 1281 594 mundi.
1346 542 1417 595 Et
1469 541 1703 595 mundus
1760 541 2016 595 transibit
2070 545 2121 595 ct

478 637 899 705 concupiscentia
951 636 1069 703 ejus
1114 653 1130 688 :
1172 637 1268 704 qui
1318 640 1498 690 autem
1551 638 1738 703 fecerit
1786 637 2118 691 voluntatem

480 733 579 784 Dei
622 735 801 784 manet
847 731 907 783 in
961 734 1240 795 mternum,
1283 731 1546 799 quomodo
1596 736 1645 784 et
1682 732 1823 785 Deus
1849 735 2029 784 manet
2058 733 2116 784 in

479 830 741 878 aeternum
769 822 810 894 (Ι
839 825 1019 885 Joan.,
1066 839 1122 889 ιι,
1157 823 1367 891 lii-l7).
1397 824 1611 887 Potius.
1639 823 1845 878 fratres
1872 823 2111 878 dilectis-

479 918 609 972 simi
637 918 769 988 (59),
798 919 988 971 mente
1027 915 1219 989 600
1265 916 1508 989 integra,
1542 918 1652 972 fide
1684 917 1870 985 ﬁrma,
1900 918 2110 972 virtute

479 1013 730 1079 robusta,
769 1011 949 1082 parati
989 1012 1056 1065 ad
1102 1028 1333 1065 omnem
1379 1013 1731 1067 voluntatem
1785 1012 1881 1066 Dei
1911 1012 2107 1081 simus,

479 1122 687 1178 pavore
747 1105 947 1160 mortis
986 1105 1235 1171 excluso,
1289 1104 1778 1162 immortalitatem
1833 1122 1961 1176 quo:
2014 1122 2109 1160 se-

479 1201 675 1272 quitur
711 1201 1048 1270 cogitemus.
1084 1200 1194 1253 Hoc
1231 1215 1333 1253 nos
1378 1200 1738 1255 ostendamus
1786 1216 1906 1255 esse
1955 1200 2106 1271 quod

476 1294 784 1361 credimus,
814 1296 875 1347 ut
903 1308 1091 1363 neque
1122 1292 1422 1347 charorum
1470 1293 1770 1365 lugeamus
1796 1310 2105 1362 excessum,

481 1394 693 1443 etcum
738 1386 1122 1441 accersitionis
1164 1387 1402 1457 propriae
1449 1386 1566 1441 dies
1594 1387 1831 1454 venerit,
1872 1388 2105 1443 incunc-

477 1488 665 1536 tanter
703 1484 759 1536 et
803 1480 1047 1535 libenter
1092 1479 1163 1533 ad
1217 1481 1520 1535 Dominum
1572 1482 1693 1553 ipso
1737 1488 1974 1537 vocante
2016 1499 2105 1536 ve-

479 1592 725 1630 niamus.

547 1671 694 1725 XXV.
758 1668 923 1733 Quod
969 1684 1097 1723 cum
1143 1684 1370 1739 semper
1402 1668 1725 1723 faciendum
1782 1670 1951 1725 fuerit
2002 1670 2102 1724 Dei

2221 451 2362 518 gnat
2391 448 2644 519 singulos
2671 449 2961 504 domicilio
3009 466 3130 517 suo,
3167 450 3262 520 qui
3298 466 3394 504 nos
3419 451 3572 507 istinc
3605 464 3802 527 ereptos

2222 546 2277 595 et
2317 541 2533 612 laqueis
2577 542 2937 597 smcularibus
2976 544 3261 598 exsolutos
3310 544 3557 615 paradiso
3591 550 3805 605 restituit

2219 638 2277 689 et
2306 651 2485 706 regno
2523 637 2653 707 (61).
2703 636 2838 700 Quis
2894 654 3006 691 non
3060 653 3296 708 peregre
3344 640 3662 695 constitutus
3697 660 3805 713 pro-

2217 734 2441 799 peraret
2470 729 2526 783 in
2553 729 2795 800 patriam
2827 731 3098 802 regredi?
3144 731 3273 802 quis
3316 748 3448 801 non,
3480 733 3549 787 ad
3573 752 3691 790 suos
3714 754 3801 792 na-

2216 823 2407 892 vigare
2442 823 2735 891 festinans,
2784 830 3015 879 ventum
3062 841 3399 897 prosperum
3446 828 3687 898 cupidius
3711 848 3794 902 op-

2216 920 2385 984 taret,
2416 921 2476 971 ut
2502 918 2772 972 velociter
2797 919 3001 974 charos
3024 919 3218 974 liceret
3248 920 3509 990 amplecti
3534 922 3559 976 ‘l
3582 922 3801 980 Patriam

2212 1017 2467 1065 nostram
2514 1012 2840 1082 paradisum
2882 1018 3281 1083 computamus
3305 1014 3391 1067 ‘3:
3439 1020 3680 1084 parentes
3718 1036 3800 1087 pa-

2212 1104 2486 1159 triarchas
2535 1105 2744 1160 habere
2782 1106 2902 1177 jam
2940 1107 3235 1177 cmpimus.
3289 1107 3435 1171 Quid
3489 1124 3798 1181 nouprope-

2210 1214 2405 1252 ramus
2457 1203 2514 1253 et
2551 1199 2835 1253 currimus
2885 1204 2947 1255 ut
2990 1201 3228 1271 patriam
3263 1206 3511 1256 nostram
3538 1202 3724 1272 videre,
3751 1210 3801 1259 ut

2209 1295 2478 1362 parentes
2499 1292 2737 1348 salutare
2765 1294 3050 1364 possimus
3077 1294 3104 1348 ?
3132 1295 3365 1366 Magnus
3404 1295 3513 1350 illic
3564 1313 3654 1350 nos
3678 1297 3793 1352 cha-

2206 1402 2400 1440 rorum
2467 1403 2742 1441 numerus
2792 1390 3102 1459 exspectat,
3172 1393 3495 1459 parentum,
3563 1391 3796 1458 fratrum,

2207 1478 2458 1534 ﬁliorum
2490 1480 2760 1551 frequens
2809 1498 2910 1535 nos
2959 1484 3017 1535 et
3062 1482 3289 1554 cepiosa
3333 1483 3495 1538 turba
3520 1483 3795 1555 desiderat,

2199 1573 2321 1643 jam
2370 1573 2439 1627 de
2486 1591 2589 1628 sua
2628 1575 3016 1629 incolumitate
3053 1576 3162 1646 (62)
3196 1592 3414 1644 secura,
3449 1580 3506 1631 et
3540 1577 3711 1632 adhuc
3737 1580 3794 1633 de

2204 1672 2396 1721 nostra
2448 1668 2629 1721 salute
2692 1668 2945 1723 sollicita.
2992 1669 3073 1725 Ad
3116 1670 3320 1724 horum
3373 1674 3717 1741 conspectum
3751 1675 3800 1726 et

476 1765 670 1831 servis,
723 1779 874 1817 nunc
923 1761 1044 1816 ﬁeri
1090 1762 1270 1816 multo
1332 1762 1514 1832 magis
1556 1762 1747 1829 debet,
1804 1740 2563 1831 corruenteBcomplexum
2594 1763 2785 1817 venire
2832 1768 3045 1834 quanta
3092 1770 3149 1818 et
3182 1764 3290 1818 illis
3318 1768 3377 1818 et
3404 1765 3560 1819 nobis
3586 1765 3639 1819 in
3663 1781 3795 1821 com-

469 1860 588 1929 jam
622 1857 835 1911 mundo
870 1861 925 1909 et
965 1856 1240 1911 malorum
1286 1855 1677 1909 infestantium
1722 1856 2103 1911 turbidinibus

477 1952 747 2019 obsesso;
800 1956 858 2005 ut
912 1949 1008 2020 qui
1064 1949 1348 2003 cernimus
1396 1949 1628 2020 coepisse
1674 1950 1788 2020 iam
1831 1951 2022 2021 gravia
2050 1956 2105 2005 et

475 2046 681 2101 scimus
710 2043 1012 2098 imminere
1045 2043 1321 2114 graviora,
1354 2043 1577 2097 lucrum
1612 2045 1920 2098 maximum
1955 2061 2102 2099 com-

476 2146 745 2213 putemus
773 2139 817 2193 si
850 2138 1017 2193 istinc
1068 2138 1313 2192 velocius
1361 2137 1717 2192 recedamus.
1762 2137 1913 2207 Sigin
1944 2138 2100 2192 habi-

474 2236 659 2300 taculo
711 2239 806 2287 tuo
852 2233 1092 2304 parietes
1147 2235 1425 2285 vetustate
1480 2234 1768 2299 natarent,
1812 2235 1958 2286 tecta
2004 2232 2097 2287 de-

472 2345 645 2400 super
678 2331 1000 2393 tremerent,
1042 2325 1243 2379 domus
1284 2326 1409 2396 jam
1460 2324 1713 2395 fatigata,
1755 2327 1876 2396 jam
1934 2328 2097 2396 lassa,

474 2421 727 2479 aedificiis
772 2422 1064 2476 senectute
1116 2418 1460 2487 labentibus,
1516 2419 1741 2473 ruinam
1784 2420 2098 2490 proximam

475 2518 805 2584 minaretur,
863 2530 1055 2568 nonne
1104 2513 1262 2567 omni
1324 2512 1613 2567 celeritate
1674 2514 2000 2585 migrares?
2044 2515 2099 2571 Si

472 2610 778 2681 navigante
829 2614 883 2662 te
922 2606 1150 2661 turbida
1193 2611 1249 2660 et
1278 2606 1596 2677 procellosa
1625 2610 1927 2678 tempestas
1956 2611 2096 2663 fluc-

469 2705 620 2761 tibus
644 2701 944 2757 violentius
985 2700 1237 2755 excitatis
1276 2700 1688 2770 prmuuntiaret
1728 2702 1920 2755 futura
1967 2719 2099 2756 nau-

469 2798 673 2868 fragia,
724 2811 917 2851 nonne
956 2799 1185 2865 portum
1230 2793 1497 2848 velociter
1552 2796 1820 2865 peteres?
1862 2795 2097 2849 Mundus

472 2909 600 2948 ecce
635 2894 800 2945 nutat
827 2892 883 2943 et
904 2889 1129 2957 labitur,
1155 2894 1209 2942 et
1236 2889 1462 2942 ruinam
1482 2887 1568 2942 sui
1598 2905 1709 2943 nou
1730 2888 1856 2959 jam
1898 2906 2093 2943 senec—

472 2991 589 3041 tute
622 3000 829 3051 rerum,
859 2984 955 3037 sed
989 2983 1099 3036 line
1135 2986 1407 3047 testatur;
1440 2985 1496 3035 et
1527 2987 1583 3035 tu
1607 2998 1722 3036 non
1752 2983 1865 3037 Deo
1887 2984 2096 3052 gratias

469 3081 610 3151 agis,
666 3096 779 3133 non
827 3076 932 3131 tibi
998 3076 1300 3147 gratularis
1349 3075 1522 3147 quod,
1578 3076 1731 3129 exitu
1783 3077 2092 3131 maturiore

470 3174 807 3237 subtractus,
848 3170 1028 3224 ruinis
1068 3175 1124 3223 et
1154 3168 1465 3239 naufragiis
1493 3175 1547 3223 et
1573 3168 1756 3240 plagis
1786 3170 2093 3224 imminen-

470 3268 621 3321 tibus
645 3265 869 3320 cxuaris
883 3264 968 3316 “5?

538 3360 710 3415 XXVI.
768 3356 1254 3411 Considerandum
1307 3360 1411 3422 est,
1458 3357 1658 3410 fratres
1726 3355 2092 3424 dilectissimi,

469 3460 527 3510 et
583 3451 764 3526 601
828 3448 1148 3505 identidem
1197 3450 1567 3520 cogitandum
1611 3450 1965 3505 renuntiasse
1994 3466 2095 3504 nos

467 3548 705 3614 mundo,
748 3548 804 3600 et
836 3547 1104 3614 tanquam
1133 3543 1385 3614 hospites
1432 3548 1490 3597 et
1530 3543 1865 3615 peregrinos
1902 3543 2025 3597 istic
2045 3545 2090 3578 ⁴⁷

2205 1871 2379 1909 mune
2412 1855 2610 1909 laetitia
2638 1857 2766 1911 est?
2795 1856 2988 1920 Qualis
3022 1857 3136 1911 illic
3178 1858 3491 1913 ccelestium
3522 1875 3796 1930 regnorum

2206 1945 2399 2021 602
2433 1950 2686 2020 voluptas
2718 1950 2840 2005 sine
2873 1951 3071 2007 timore
3103 1952 3412 2021 moriendi,
3441 1956 3495 2008 et
3520 1970 3641 2007 eum
3662 1956 3801 2007 aiter-

2206 2042 2383 2097 nitate
2416 2043 2639 2097 vivendi
2677 2060 2848 2114 quam
2879 2062 3100 2099 summa
3141 2052 3197 2100 et
3238 2052 3513 2117 perpetua
3553 2046 3795 2102 felicitas!

2205 2136 2318 2189 lllic
2375 2138 2765 2208 apostolorum
2818 2138 3097 2210 gloriosus
3139 2140 3367 2208 chorus,
3422 2141 3533 2195 illic
3582 2141 3796 2213 prophe-

2204 2234 2389 2285 tarum
2414 2232 2822 2286 exsultantium
2855 2250 3145 2303 numerus,
3188 2234 3296 2289 illic
3314 2241 3623 2306 martyrum
3652 2235 3800 2289 innu-

2203 2324 2489 2379 merabilis
2520 2327 2758 2397 populus
2784 2327 2854 2381 ob
2882 2327 3207 2381 certaminis
3249 2332 3307 2382 et
3353 2328 3617 2400 passionis
3643 2329 3796 2383 victo-

2202 2418 2348 2472 riam
2381 2421 2488 2489 (63)
2542 2425 2865 2491 coronatus,
2910 2421 3332 2491 triumphantes
3365 2423 3477 2477 illic
3507 2440 3523 2493 ς
3557 2422 3797 2492 virgines,

2201 2529 2325 2582 quae
2351 2513 2864 2584 concupiscentiam
2912 2515 3097 2569 carnis
3148 2519 3202 2570 et
3238 2516 3489 2587 corporis
3529 2517 3798 2571 continen-

2201 2606 2292 2659 tia:
2334 2606 2536 2660 robore
2586 2606 2971 2678 subegerunt;
3016 2609 3366 2664 remunerati
3422 2609 3794 2673 misericordes,

2200 2699 2300 2770 qui
2357 2700 2643 2754 alimentis
2696 2704 2751 2754 et
2796 2702 3197 2772 largitionibus
3239 2720 3554 2774 pauperum
3590 2702 3799 2774 justitize

2201 2809 2377 2864 opera
2411 2795 2691 2861 fecerunt,
2728 2795 2823 2865 qui
2875 2796 3165 2850 Dominica
3206 2800 3493 2868 praecepta
3522 2802 3796 2863 servantes,

2199 2886 2267 2939 ad
2316 2887 2571 2942 caelestes
2620 2888 2918 2942 thesauros
2964 2894 3193 2943 terrena
3249 2890 3593 2961 patrimonia
3639 2896 3796 2944 trans-

2199 2980 2470 3034 tulerunt.
2504 2982 2585 3035 Ad
2614 2981 2737 3049 hos,
2785 2980 2992 3037 fratres
3028 2983 3402 3053 dilectissimi,
3433 2984 3589 3039 avida
3613 2982 3798 3054 cupidi-

2199 3076 2309 3129 tate
2339 3091 2734 3145 properemus,
2786 3081 2847 3130 ut
2878 3093 3009 3131 cum
3057 3076 3142 3131 bis
3190 3078 3301 3132 cito
3343 3094 3483 3147 esse,
3527 3083 3584 3133 ut
3612 3077 3711 3131 cito
3738 3074 3797 3129 ad

2198 3167 2482 3223 Christum
2530 3169 2724 3225 venire
2764 3170 3060 3242 contingat
3098 3177 3387 3241 Optemus.
3431 3172 3575 3226 Hanc
3617 3171 3798 3241 cogita-

2196 3262 2411 3316 tionem
2475 3268 2731 3317 nostram
2792 3265 2933 3317 Deus
3011 3264 3218 3330 videat,
3290 3266 3402 3321 hoc
3476 3265 3796 3337 propositum

2198 3355 2402 3409 mentis
2448 3361 2503 3410 et
2529 3356 2659 3411 fidei
2705 3357 2970 3412 Dominus
3013 3359 3269 3413 Christus
3306 3360 3560 3430 aspiciat,
3593 3360 3795 3413 daturus

2195 3448 2275 3504 eis
2306 3449 2503 3520 gloria:
2531 3466 2647 3504 suae
2677 3451 2785 3522 (64)
2819 3452 3099 3524 ampliora
3130 3453 3369 3523 prtemia
3399 3469 3641 3525 quorum
3667 3451 3795 3506 circa

2194 3558 2252 3596 se
2281 3543 2495 3598 fuerint
2528 3543 2809 3600 desideria
2840 3546 3075 3615 majora.

1854 3661 2060 3726 Varias
2105 3660 2441 3724 lectiones.

523 3773 565 3806 ⁴⁶
597 3773 867 3823 Eximaris
894 3771 1071 3823 Routh.
1138 3769 1181 3802 ‘7
1209 3771 1314 3822 Hic
1342 3771 1479 3819 Lam.
1511 3769 1675 3818 Saris.
1710 3768 1832 3818 Bod.
1863 3770 1908 3830 1,
1932 3768 1979 3829 2,
1998 3768 2045 3829 3,
2078 3770 2122 3817 4.
2191 3768 2233 3802 ⁸⁸
2268 3768 2377 3818 Nos
2402 3768 2718 3832 paradisum
2749 3774 3141 3834 computemus
3170 3771 3294 3822 Bod.
3330 3773 3378 3822 2.

1753 3881 1977 3963 Steph.
2027 3881 2276 3944 Baluzii
2328 3887 2524 3945 notae.

525 4010 626 4073 (59)
684 4007 896 4058 Fratres
951 4005 1292 4057 dilectissimi.
1350 4005 1411 4054 In
1475 4003 1667 4055 codice
1734 4003 2095 4069 Seguieriano

422 4100 425 4105 ·
464 4084 519 4133 et
545 4081 669 4130 istic
700 4084 755 4130 et
785 4078 916 4129 alibi
949 4076 1037 4129 hie
1069 4077 1197 4127 duas
1243 4090 1411 4127 voces
1445 4076 1526 4127 sic
1555 4076 1775 4139 scriptae
1811 4080 1959 4135 sunt,
1989 4076 2092 4126 FF.

462 4153 577 4202 DD.
628 4149 791 4213 Quod
836 4150 1047 4199 idcirco
1091 4148 1365 4198 admoneo
1408 4151 1470 4197 ut
1508 4146 1799 4197 ostendam
1845 4149 2096 4197 exactam

463 4223 804 4285 diligentiam
846 4221 948 4269 viri
991 4219 1295 4270 doctissimi
1335 4219 1568 4269 Joannis
1610 4219 1757 4279 Titii,
1803 4220 1917 4282 qui,
1964 4232 2094 4270 cum

462 4293 653 4344 ederet
696 4306 861 4354 opera
912 4290 1134 4340 Paciani
1186 4290 1429 4353 episc0pi
1467 4288 1913 4349 Barcinonensis,
1941 4295 1997 4341 et
2038 4293 2094 4341 in

463 4363 742 4413 Partenesi
796 4363 863 4411 ad
917 4362 1297 4424 paenitentiam
1342 4360 1549 4424 legeret
1602 4361 1658 4409 in
1708 4359 1851 4410 libro
1905 4364 2095 4425 veteri,

462 4434 667 4496 scripta
710 4439 825 4483 sunt
868 4432 973 4482 haec
1022 4432 1122 4482 FF.
1177 4432 1286 4480 DD.
1335 4437 1379 4480 et
1426 4432 1691 4495 perpetuis
1732 4444 1863 4481 caesa
1910 4447 2095 4483 monu-

464 4506 665 4565 mentis,
722 4504 902 4554 noluit
943 4503 1258 4565 extendere,
1308 4504 1562 4567 quamvis
1617 4507 1821 4566 posset,
1881 4504 1976 4554 sed
2038 4508 2094 4557 in

462 4577 709 4640 margine
760 4578 945 4639 posuit
1002 4575 1255 4625 arbitrari
1308 4588 1367 4625 se
1439 4575 1525 4624 his
1576 4575 1722 4624 notis
1787 4576 2089 4638 signiﬁcari

459 4648 786 4698 dilectissimi
810 4647 1024 4710 fratres,
1062 4661 1173 4711 quo
1201 4646 1365 4697 modo
1394 4646 1664 4709 scriptum
1704 4651 1789 4695 est
1825 4647 1881 4695 in
1917 4649 2089 4698 veteri

460 4720 654 4770 codice
681 4719 993 4771 Carthasim
1032 4721 1273 4783 majoris.
1308 4718 1643 4779 Galesinius,
1675 4720 1931 4781 quamvis
1974 4733 2088 4770 non

459 4790 691 4841 haberet
721 4790 867 4839 hanc
895 4790 1296 4850 auctoritatem,
1323 4790 1406 4839 sic
1433 4790 1486 4838 in
1511 4802 1610 4839 sua
1637 4788 1877 4840 editione
1905 4792 2092 4854 posuit

458 4865 538 4912 uti
576 4862 754 4912 Titius
777 4864 1094 4924 conjecerat
1120 4874 1241 4912 esse
1270 4861 1648 4912 scribendum.

520 4934 617 4997 (60)
650 4933 1044 4998 Amplectamur
1076 4933 1228 4983 diem.
1263 4933 1409 4984 Citat
1445 4928 1607 4984 hunc’
1640 4934 1827 4984 locum
1859 4940 2089 4987 sanctus

459 5006 806 5068 Augustinus
838 5004 931 5055 lib.
962 5019 1039 5066 1v,
1082 5009 1267 5055 contra
1310 5004 1447 5055 duas
1490 5004 1736 5068 epistolas
1776 5006 2089 5071 Pelagiano-

459 5089 597 5135 rum,
630 5091 749 5139 cap.
780 5078 827 5125 8.

520 5148 619 5205 (61)
666 5148 727 5196 Et
784 5159 963 5211 regno.
1020 5147 1199 5196 Antea
1244 5146 1529 5211 legebatur
1574 5152 1621 5197 ct
1672 5161 1830 5211 regno
1882 5149 2085 5200 cazlesti.

462 5218 670 5267 Verum
722 5232 828 5268 vox
879 5217 1069 5268 caelesti
1119 5219 1391 5281 glossema
1438 5222 1519 5268 est
1566 5218 1807 5269 hominis
1843 5223 1940 5285 qui
1992 5236 2088 5273 ne-

460 5290 672 5339 sciebat
715 5289 1054 5352 Cyprianum
1104 5290 1186 5338 uti
1227 5290 1554 5354 simpliciter
1594 5290 1762 5342 verbo
1813 5294 1968 5357 regni
2021 5294 2089 5345 ad

459 5362 884 5426 signiﬁcandum
934 5375 1169 5425 regnum
1218 5360 1441 5423 Christi,
1471 5363 1525 5411 id
1566 5366 1651 5413 est
1696 5364 1937 5415 cceleste.
1971 5366 2089 5431 Ego

418 5447 594 5503 ‘sane
651 5446 843 5483 vocem
895 5433 1087 5483 caelesti
1149 5434 1325 5497 reperi
1399 5434 1456 5482 in
1517 5434 1738 5484 duobus
1802 5436 2089 5488 codicibus

458 5505 722 5567 antiquis.
754 5507 825 5553 At
863 5503 1018 5554 deest
1058 5505 1113 5553 in
1156 5505 1278 5555 aliis
1321 5506 1742 5570 quatuordecim
1790 5510 1994 5557 nostris
2036 5514 2090 5560 et

458 5579 513 5627 in
544 5582 667 5625 orto
708 5577 1039 5640 Anglicanis.

523 5649 615 5709 (62)
662 5649 732 5697 De
775 5663 870 5698 sua
920 5647 1291 5698 incolumitate.
1322 5650 1461 5700 Haec
1508 5654 1590 5700 est
1633 5651 1796 5702 lectio
1836 5655 2086 5706 omnium

456 5725 705 5771 veterum
763 5720 1091 5783 editionum,
1148 5721 1398 5772 omnium
1450 5720 1716 5773 librorum
1771 5729 2085 5779 nostrorum

456 5794 511 5848 et
540 5791 733 5844 decem
763 5791 1196 5857 Anglicanorum
1222 5809 1236 5853 ;
1264 5798 1433 5860 atque
1479 5795 1552 5845 ita
1587 5796 1835 5847 referunt
1859 5810 1993 5850 sane

2196 4003 2543 4067 Augustinus
2595 4005 2650 4054 in
2703 4005 2844 4057 libro
2891 4006 2954 4056 de
3005 4006 3480 4057 Przdestinatione
3516 4007 3793 4055 Sanctorum

2196 4087 2244 4124 c.
2287 4074 2358 4135 l9,
2406 4078 2459 4124 et
2508 4080 2703 4126 auctor
2744 4076 3027 4128 Sermonis
3076 4079 3132 4125 in
3170 4077 3299 4139 [esto
3348 4079 3654 4129 Sanctorum
3687 4074 3793 4121 0m-

2194 4146 2344 4194 nium
2400 4146 2582 4196 editus
2637 4149 2692 4197 in
2741 4150 3048 4213 appendice
3098 4150 3231 4199 tomi
3278 4150 3326 4199 V
3382 4149 3618 4213 Operam
3664 4148 3794 4211 ejus-

2197 4216 2323 4266 dem
2373 4219 2551 4268 sancti
2599 4232 2722 4282 pag.
2781 4219 2894 4279 350,
2946 4221 3040 4284 qui
3094 4224 3273 4271 exstat
3314 4220 3480 4272 etiam
3532 4221 3586 4269 in
3629 4217 3793 4269 codice

2190 4287 2552 4341 bomiliarum
2597 4291 2691 4352 qui
2747 4291 3005 4342 tribuitur
3064 4292 3326 4343 Alcuino.
3378 4291 3646 4350 Ruricius,
3687 4287 3793 4351 epit.

2196 4372 2399 4423 scopus
2429 4360 2861 4424 Lemovicensis,
2895 4363 2930 4411 l.
2970 4376 3026 4423 ιι,
3054 4364 3209 4427 θρῑειΔ
3241 4365 3272 4413 4
3305 4379 3315 4413 :
3345 4380 3371 4407 α
3413 4361 3626 4413 Credite
3657 4356 3791 4418 mihi:

2196 4432 2387 4482 fratres
2413 4433 2744 4495 charissimi,
2776 4436 2908 4498 quia
2947 4435 3039 4484 illa
3080 4437 3195 4498 jam
3240 4435 3310 4485 de
3352 4448 3454 4485 sua
3500 4434 3676 4498 quiete
3712 4442 3791 4478 se—

2114 4484 2347 4567 Dcura,
2400 4505 2468 4554 de
2519 4509 2705 4555 nostra
2733 4484 2841 4555 aest
2896 4484 3097 4557 salute“
3127 4484 3397 4558 sollicita.
3442 4525 3468 4552 »
3515 4484 3649 4554 ‘Vide
3689 4502 3789 4551 dis-

2195 4576 2550 4626 sertationem
2622 4578 2681 4627 :27
2748 4578 2975 4628 Maximi
3045 4579 3217 4642 Tyrii.
3285 4579 3503 4630 Primus
3558 4577 3790 4627 Erasmus

2190 4647 2379 4708 posuit
2416 4647 2833 4699 immortalitate.
2882 4650 3020 4700 Eam
3073 4650 3369 4700 lectionem
3420 4650 3640 4701 retinuit
3684 4644 3790 4694 edi—

2191 4717 2267 4765 tio
2306 4717 2552 4767 Manutii.
2586 4719 2874 4769 Morellius
2904 4722 3082 4784 rejicit
3116 4726 3168 4772 et
3211 4723 3397 4786 posuit
3440 4716 3787 4770 incolumitate.

2193 4788 2487 4850 Pamelius,
2521 4788 2791 4855 Rigaltius
2834 4796 2889 4843 et
2921 4793 3014 4842 alii
3048 4794 3370 4844 maluerunt
3408 4788 3785 4843 immortalitate.

2190 4858 2314 4909 Duo
2367 4865 2461 4910 aut
2517 4862 2618 4911 tria
2668 4867 2853 4913 vetera
2915 4864 3251 4929 exemplaria
3293 4880 3303 4913 :
3355 4884 3383 4912 «
3435 4866 3555 4914 Jam
3600 4862 3663 4912 de
3703 4870 3787 4908 sua

2189 4932 2400 4991 securi,
2454 4932 2638 4984 adhuc
2696 4934 2764 4984 de
2822 4939 3008 4985 nostra
3060 4936 3441 4987 incolumitate
3495 4930 3715 4985 solliciti.
3762 4941 3787 4975 ι

2191 5001 2471 5054 Weselius
2514 5005 2917 5069 Groningensis
2967 5006 3022 5055 in
3078 5006 3325 5071 Epistola
3369 5006 3437 5057 ad
3477 5000 3785 5056 Bernardum

2187 5072 2547 5138 Meppensem
2581 5091 2592 5125 :
2621 5094 2650 5125 ‹‹
2679 5076 2850 5127 Orant
2890 5091 2986 5141 pro
3012 5077 3173 5127 nobis
3204 5078 3454 5128 defuncti
3501 5081 3560 5126 ut
3596 5076 3647 5125 in
3685 5071 3783 5121 illo~

2199 5159 2321 5195 rum
2352 5147 2569 5198 felicem
2600 5148 2922 5199 societatem
2952 5148 3328 5199 traducamur.
3363 5168 3389 5195 »

2256 5217 2349 5280 (63)
2410 5219 2677 5269 Passionis
2726 5220 3028 5270 victoriam.
3084 5220 3210 5271 Duo
3265 5220 3391 5270 libri
3442 5223 3643 5270 veteres
3690 5213 3784 5277 glo-

2189 5300 2345 5337 nam.

2251 5360 2347 5421 (64)
2395 5358 2593 5410 Gloriae
2643 5376 2763 5412 suae.
2815 5362 3107 5413 Tredecim
3163 5361 3290 5413 libri
3345 5365 3550 5413 veteres
3601 5355 3783 5408 habent

2188 5429 2482 5491 claritatis,
2536 5433 2808 5483 vocabulo
2865 5435 3313 5498 frequentissimo
3370 5433 3513 5497 apud
3573 5427 3781 5492 Cypria-

2190 5514 2343 5550 num.
2410 5502 2517 5551 Alii
2594 5506 2842 5569 quinque
2918 5497 3240 5565 clior-italis,
3314 5518 3493 5556 errore
3553 5497 3779 5551 videlicet

2187 5571 2534 5622 librariorum
2573 5588 2672 5637 pro
2715 5576 2996 5626 claritatis.
3046 5577 3107 5626 In
3155 5576 3330 5627 tribus
3379 5576 3497 5626 aliis
3540 5573 3778 5634 scriptum

2188 5647 2310 5694 est:
2341 5661 2367 5689 α
2394 5645 2641 5695 Daturus
2681 5648 2761 5696 eis
2804 5648 3143 5713 amplissima
3186 5660 3411 5698 munera
3452 5649 3503 5697 et
3544 5637 3777 5693 claritatis

2188 5729 2304 5767 suae
2331 5729 2578 5780 praemia.
2610 5737 2637 5763 ››
