3998 6194
203 263 288 315 625
1224 251 1424 308 LIBER
1456 253 1543 307 DE
1581 250 1808 306 OPERE
1846 250 1931 305 ΕΤ
1970 251 2449 306 ELEEMOSYNIS.

3417 257 3519 311 626

760 605 943 712 DE
1040 604 1515 713 OPERE
1611 603 1793 713 ET
1885 557 2905 714 ELEEMOSYNIS

1614 863 1952 959 LIBER
1999 846 2072 909 (υ

236 1271 270 1324 l.
303 1270 468 1325 Multa
507 1277 563 1326 et
602 1287 813 1343 magna
848 1272 923 1343 (2)
965 1279 1115 1341 sunt,
1154 1272 1355 1327 fratres
1390 1274 1401 1307 ¹
1448 1273 1781 1341 charissimi,
1808 1273 2061 1359 Adum,
2130 1289 2501 1344 quascunque
2569 1272 2960 1326 contrahimus
3016 1272 3035 1303 ⁸
3060 1314 3073 1339 ,

178 1364 432 1418 beneﬁcia
485 1365 678 1420 divina
729 1366 934 1437 quibus
984 1367 1041 1421 in
1092 1367 1331 1421 salutem
1382 1371 1629 1421 nostram
1687 1368 1783 1421 Dei

178 1459 332 1513 Patris
383 1465 438 1513 et
486 1460 693 1514 Christi
748 1461 905 1531 larga
963 1465 1019 1514 et
1072 1461 1308 1531 copiosa
1361 1462 1670 1516 clementia
1723 1466 1779 1515 et

177 1558 385 1622 operata
427 1554 500 1607 sit
544 1559 601 1609 et
645 1571 867 1625 semper
915 1560 1201 1625 operetur,
1249 1555 1401 1627 quod
1446 1572 1779 1609 conservan-

176 1646 245 1700 dis
287 1654 338 1699 et
381 1646 732 1702 viviﬁcandis
776 1648 938 1702 nobis
970 1650 1135 1703 Pater
1173 1649 1373 1704 Filium
1415 1649 1568 1703 misit
1614 1650 1687 1719 (3)
1723 1654 1783 1702 ut

175 1756 413 1811 reparare
472 1758 580 1797 nos
626 1749 836 1814 posset,
884 1744 1146 1813 quodque
1195 1743 1362 1797 Filius
1409 1742 1615 1796 missus
1659 1760 1780 1796 esse

174 1837 219 1886 et
239 1833 478 1888 hominis
501 1835 655 1889 ﬁlius
681 1836 805 1891 ﬁeri
836 1836 1048 1890 voluit2
1305 1840 1365 1890 ut
1387 1853 1487 1889 nos
1514 1835 1610 1890 Dei
1636 1837 1781 1890 ﬁlios

172 1927 369 1983 faceret.
399 1928 729 1984 [lumiliavit
760 1946 840 1998 se,
873 1936 936 1984 ut
978 1930 1253 2001 pepulum
1286 1930 1381 2001 qui
1423 1930 1579 2000 prius
1616 1929 1778 1999 jace-

170 2020 247 2075 bat
292 2022 588 2093 erigeret:
644 2023 967 2078 vulneratus
1023 2028 1127 2090 est,
1185 2029 1243 2078 ut
1291 2024 1528 2077 vulnera
1585 2028 1773 2077 nostra

170 2121 363 2170 curaret
392 2118 413 2150 3
440 2117 519 2188 (1)
559 2137 571 2173 :
604 2117 848 2185 servivit,
877 2121 941 2171 ut
981 2119 1050 2173 ad
1096 2118 1417 2172 libertatem
1458 2116 1777 2171 servientes

171 2209 468 2264 extraheret
523 2228 538 2265 :
599 2211 744 2266 mori
800 2212 1110 2280 sustinuit,
1177 2218 1237 2265 ut
1293 2210 1776 2265 immortalitatem

169 2304 474 2357 mortalibus
533 2304 851 2359 exhiberet.
894 2305 1069 2359 Multa
1113 2304 1231 2359 hmo
1277 2308 1407 2357 sunt
1465 2307 1522 2357 et
1569 2320 1779 2374 magna

169 2394 345 2451 divina:
386 2398 801 2454 misericordiae
850 2415 1086 2453 munera
1115 2401 1157 2453 ‘.
1202 2398 1314 2454 Sed
1356 2397 1561 2464 adhuc,
1595 2398 1777 2469 qualis

168 2491 492 2561 providentia
525 2493 620 2547 illa
659 2495 717 2548 et
752 2496 966 2565 quanta
1006 2492 1309 2547 clementia
1354 2498 1436 2547 est
1473 2491 1624 2563 quod
1674 2508 1772 2545 no-

168 2584 237 2637 bis
284 2585 508 2640 salutari
575 2586 795 2641 ratione
856 2586 1237 2658 prospicitur,
1290 2591 1350 2640 ut
1402 2585 1620 2639 homini
1678 2585 1775 2657 qui

3139 1269 3519 1341 eleemosynis

1888 1366 2209 1421 abluamus.

1959 1463 2029 1515 II.
2062 1461 2342 1532 Loquitur
2372 1461 2428 1514 iu
2458 1459 2757 1530 Scripturis
2789 1459 2991 1513 divinis
3025 1460 3264 1530 Spiritus
3291 1462 3516 1513 sanctus

1886 1558 1943 1608 et
1996 1554 2131 1608 dicit
2189 1572 2201 1609 :
2259 1556 2616 1623 Elcemosynis
2678 1560 2726 1608 et
2774 1555 2878 1622 ﬁde
2942 1556 3137 1609 delicta
3198 1561 3517 1624 purgantur

1884 1650 2086 1716 (Ρνουη
2120 1665 2210 1716 xv,
2243 1649 2352 1718 2‘7).
2385 1649 2507 1701 Non
2539 1648 2733 1719 utique
2773 1648 2863 1701 illa
2893 1648 3095 1702 delicta
3130 1664 3257 1719 qum
3288 1648 3514 1702 fuerant

1882 1744 2011 1795 ante
2040 1744 2351 1807 contracta,
2384 1757 2518 1794 nam
2548 1742 2645 1794 illa
2670 1739 2870 1795 Christi
2903 1741 3183 1811 sanguine
3211 1746 3267 1795 et
3301 1741 3510 1794 sancti~

1881 1836 2143 1889 ticatioue
2176 1839 2516 1906 purgantur.
2549 1836 2690 1889 Item
2721 1835 2908 1888 denuo
2954 1834 3131 1889 dicit:
3175 1834 3324 1889 Sicut
3363 1851 3512 1904 aqua

1881 1932 2177 1999 exstinguit
2210 1932 2404 1998 ignem,
2432 1931 2508 1984 sic
2534 1930 2863 1997 eleemosyna
2904 1931 3207 1997 emstinguit
3237 1933 3511 1998 peccatum

1881 2023 2089 2093 (E00121.
2119 2039 2196 2091 ιιι,
2230 2026 2337 2094 33).
2373 2022 2468 2076 tlic
2511 2038 2742 2094 quoque
2791 2022 3111 2076 ostenditur
3137 2025 3191 2076 et
3234 2021 3512 2092 probatur

1881 2117 2035 2188 quia,
2078 2117 2222 2171 sicut
2264 2117 2486 2171 lavacro
2529 2133 2689 2187 aqua:
2732 2115 2996 2170 salutaris
3038 2116 3319 2187 gehennae
3359 2115 3512 2186 ignis

1879 2210 2273 2281 exstinguitur,
2304 2211 2378 2264 ita
2418 2214 2477 2264 et
2522 2210 2901 2281 cleemosynis
2947 2213 3116 2281 atque
3159 2208 3510 2281 operationi-

1877 2303 1983 2357 bus
2030 2305 2050 2337 9
2111 2304 2279 2374 justis
2346 2303 2681 2358 delictorum
2745 2304 2977 2357 flamma
3030 2305 3075 2337 ³ο
3138 2303 3376 2374 sopitur.
3446 2303 3511 2357 Et

1877 2398 2008 2469 quia
2065 2399 2107 2431 ¹¹
2179 2397 2353 2451 semel
2401 2397 2458 2451 in
2510 2397 2795 2466 baptismo
2854 2397 3087 2451 remissa
3148 2400 3510 2468 peccatorum

1877 2492 2045 2546 datur
2074 2492 2142 2557 '2,
2177 2490 2402 2544 assidua
2434 2496 2490 2545 et
2526 2490 2681 2561 jugis
2727 2490 2983 2561 operatio
3019 2491 3285 2562 baptismi
3332 2490 3511 2545 instar

1877 2584 2098 2640 imitata
2145 2585 2210 2653 ¹³,
2280 2585 2377 2639 Dei
2430 2600 2625 2638 rursus
2674 2584 3094 2655 indulgentiam
3148 2584 3390 2655 largitur
3439 2586 3504 2640 η.

166 2678 469 2752 redemptus
491 2683 586 2735 est
606 2682 946 2736 reservaudo
972 2681 1196 2752 plenius
1216 2668 1581 2735 consulatur!
1612 2681 1771 2748 Nam,
1797 2662 1853 2733 Β
1880 2679 1990 2733 lloc
2033 2684 2088 2733 et
2126 2678 2183 2731 in
2228 2678 2535 2749 Evangelio
2584 2678 2860 2732 Dominus
2911 2679 3094 2733 docet.
3133 2679 3270 2731 Nam
3315 2676 3506 2751 604

166 2788 273 2827 cum
303 2773 582 2828 Dominus
610 2775 681 2845 (5)
702 2774 1010 2830 adveniens
1037 2779 1293 2829 sanasset
1318 2774 1415 2828 illa
1432 2790 1561 2845 quae
1588 2773 1771 2828 Adam
1874 2789 2006 2827 cum
2038 2772 2445 2827 denotareutur
2476 2772 2736 2843 discipuli
2764 2773 2885 2842 ejus
2927 2771 3079 2843 quod
3111 2773 3367 2839 ederent,
3403 2788 3507 2825 nec

167 2871 453 2935 portaverat
522 2869 757 2924 vulnera
790 2911 804 2939 ,
871 2873 928 2923 et
995 2885 1216 2923 venena
1276 2870 1558 2940 serpentis
1624 2870 1769 2923 anti-
1872 2868 2031 2938 prius
2075 2882 2278 2919 manus
2324 2865 2636 2919 ahluissent
2667 2867 2732 2932 ιδ,
2763 2866 3052 2936 respondit
3097 2870 3152 2919 et
3195 2865 3374 2920 dixit:
3406 2866 3514 2933 Qui

165 2976 257 3029 qua
283 2963 302 2995 ⁵
328 2962 396 3034 (6)
427 2966 710 3030 curasset,
743 2964 929 3033 legem
972 2963 1128 3018 dedit
1154 2979 1289 3017 sano
1320 2965 1363 3030 ⁸,
1398 2968 1455 3018 et
1492 2964 1771 3035 praecepit
1867 2963 2003 3028 fecit
2042 2961 2185 3030 quod
2230 2962 2377 3014 intus
2424 2966 2524 3023 est,
2548 2962 2679 3027 fecit
2721 2966 2770 3014 et
2812 2960 2957 3029 quod
2994 2962 3132 3027 foris
3172 2966 3268 3014 est.
3306 2961 3505 3015 Verum

165 3070 221 3108 ne
259 3055 394 3111 ultra
430 3057 563 3127 jam
608 3062 885 3128 peccaret,
938 3074 1008 3111 ne
1056 3056 1193 3128 quid
1234 3058 1486 3127 peccanti
1539 3058 1769 3129 gravius
1870 3056 1999 3111 date
2025 3056 2433 3123 elcemosynnm,
2466 3060 2515 3107 et
2543 3070 2656 3107 ecce
2688 3055 2835 3108 vobis
2870 3055 3079 3108 munda
3107 3056 3287 3108 omnia
3332 3056 3502 3119 (Luc.,

166 3150 400 3205 eveniret.
444 3152 729 3207 Coarctati
788 3167 1017 3205 eramus
1062 3153 1116 3205 et
1156 3150 1213 3205 in
1256 3155 1562 3222 augustum
1604 3152 1769 3208 inno-
1871 3166 1948 3218 x1,
1993 3150 2079 3219 40)
2116 3166 2128 3202 :
2179 3149 2391 3201 docens
2437 3147 2645 3202 scilicet
2684 3154 2738 3202 et
2776 3148 3086 3203 ostendens
3134 3165 3247 3203 non
3297 3165 3501 3203 manus

164 3245 333 3298 ccntize
375 3244 809 3315 praescriptione
854 3244 1122 3300 conclusi.
1150 3246 1262 3300 Nec
1317 3245 1603 3300 haberet"
1635 3247 1770 3317 quid
1870 3242 2137 3297 lavandae
2186 3258 2342 3311 esse,
2395 3243 2492 3296 sed
2539 3247 2767 3313 pectus,
2810 3247 2866 3297 et
2914 3242 3107 3296 sordes
3160 3242 3501 3297 intrinsecus

162 3336 456 3407 fragilitatis
523 3338 790 3393 humanas
841 3338 1142 3394 infirmitas
1196 3343 1365 3411 atque
1416 3340 1770 3394 imbecillitas
1871 3337 2057 3409 potius
2082 3352 2259 3409 quam
2307 3336 2661 3391 extrinsecus
2706 3336 3118 3403 detrahendus;
3167 3351 3362 3391 verum
3404 3336 3501 3407 qui

162 3428 363 3499 faceret,
393 3432 507 3487 nisi
538 3432 745 3486 iterum
778 3432 957 3504 pietas
989 3433 1180 3488 divina
1212 3433 1573 3501 subvenians,
1601 3434 1768 3504 justi-
1870 3430 2194 3503 purgaverit
2240 3430 2391 3501 quod
2440 3436 2525 3484 est
2573 3430 2743 3491 intus,
2794 3447 2923 3485 eum
2964 3446 3188 3502 quoque
3236 3430 3295 3484 id
3346 3430 3499 3502 quod

164 3523 237 3578 tim
264 3530 314 3580 et
342 3526 757 3581 misericordiae
790 3526 1051 3598 operibus
1094 3528 1351 3597 ostensis,
1381 3529 1531 3582 viam
1564 3544 1767 3599 quam-
1870 3526 2006 3581 foris
2038 3530 2121 3579 est
2153 3540 2510 3596 repurgasse,
2544 3527 2600 3578 et
2638 3524 2937 3579 emundata
2969 3528 3181 3594 mente,
3212 3527 3337 3579 cute
3360 3541 3499 3595 quo-

163 3615 270 3673 dam
317 3620 551 3676 tuendae
595 3620 794 3675 salutis
840 3621 1106 3692 aperiret,
1159 3627 1218 3677 ut
1265 3623 1459 3678 sordes
1517 3627 1767 3694 postmo-
1869 3636 1978 3692 que
2006 3624 2062 3674 et
2086 3634 2321 3689 corpore
2349 3619 2626 3673 mundum
2657 3634 2775 3673 esse
2801 3618 3249 3690 ccepisse.Porro
3278 3626 3492 3687 autem,

1519 3793 1728 3857 Variae
1770 3792 2109 3855 lectiones.

215 3928 607 3981 'Dilectissimi
634 3934 721 3981 Ar.
790 3935 808 3964 ¹
838 3932 920 3982 Sic
961 3933 1095 3981 Lam.
1127 3933 1241 3982 Ben.
1275 3933 1425 3982 Eoor.
1459 3934 1547 3982 Ar.
1588 3932 1697 3981 Ver.
1733 3930 1852 3981 Bod.
1892 3933 1934 3990 ι,
1958 3931 2009 3986 2,
2038 3929 2084 3978 3.
2120 3926 2255 3977 Esse
2285 3930 2340 3977 et
2368 3926 2611 3976 hominis
2647 3926 2795 3975 ﬁlius
2823 3926 2994 3976 voluit
3031 3928 3154 3989 Imp.
3190 3926 3312 3975 Dici
3348 3940 3405 3976 se
3436 3930 3492 3975 et

158 3993 368 4050 hominis
388 4002 572 4052 ﬁlium
616 4003 721 4051 Ver.
793 4008 808 4034 ³
835 4001 926 4053 Sic
968 4004 1120 4052 West.
1150 4005 1268 4052 Lam
1314 4002 1462 4052 Ebor.
1496 4012 1577 4055 Ar.
1610 4008 1733 4056 Bod.
1764 4009 1809 4066 l,
1848 4012 1894 4068 3,
1926 4010 1968 4054 Ii.
2008 4008 2181 4055 Genev.
2240 4000 2347 4049 Ver.
2398 4000 2517 4050 Thu.
2565 4001 2796 4052 Sanaret
2836 4002 2991 4049 Oxon.
3058 4002 3078 4032 ⁴
3102 3999 3491 4050 Misericordia:

157 4078 294 4128 Opera
328 4075 398 4121 Ar
462 4076 482 4107 5
513 4073 614 4128 Sic,
659 4073 941 4137 Serpentis
982 4076 1208 4138 antiqua
1242 4076 1360 4123 Tim.
1412 4076 1546 4129 F039.
1571 4080 1707 4128 Man.
1776 4080 1795 4109 ⁸
1823 4077 1985 4129 Sanis
2017 4077 2125 4126 ΝΟ.
2156 4079 2199 4124 1.
2230 4076 2531 4125 Peccarent
2574 4076 2682 4125 ΝΟ.
2722 4078 2768 4125 1.
2834 4073 2853 4107 ⁷
2885 4074 3099 4125 Habeat
3152 4073 3306 4123 West.
3365 4080 3492 4137 Aug.

157 4141 295 4214 saris.
357 4145 379 4180 ⁸
422 4146 824 4197 Contraximus
882 4150 991 4198 ΝΟ.
1054 4150 1098 4199 9..
1168 4149 1487 4214 9Operibus
1526 4150 1634 4200 Bod
1706 4150 1826 4211 t,‘2,
1880 4150 2005 4209 3,4.
2056 4146 2329 4210 Operibus
2373 4148 2530 4197 Oxon.
2602 4149 2639 4179 ¹⁰
2678 4146 3027 4197 Delictorum
3059 4147 3235 4197 fomes
3287 4146 3409 4196 Bod.
3439 4146 3495 4194 3.

156 4212 188 4286 f‘
208 4214 273 4286 _Ut
294 4219 419 4281 quia
446 4218 574 4268 Bod.
606 4221 649 4269 1.
722 4224 758 4252 ¹¹
784 4220 870 4269 Sic
893 4222 1024 4269 Fors.
1058 4223 1198 4271 Lam.
1227 4212 1376 4270 Ebor.
1408 4223 1681 4273 Remissio
1712 4224 1835 4285 Imp.
1873 4220 2225 4286 Repromissa
2246 4225 2610 4283 peccatorum
2641 4221 2804 4271 venia
2836 4219 3002 4270 datur
3035 4222 3263 4271 assidua
3289 4220 3417 4271 Bod.
3442 4222 3495 4270 3-

161 4284 673 4353 "Baptisimijnstar
696 4295 916 4354 operata
943 4292 1065 4342 Bod.
1091 4294 1137 4343 4.
1210 4294 1249 4326 ¹⁴
1280 4292 1627 4358 Indulgentia
1661 4284 1795 4345 Bod.’
1814 4297 1857 4345 1.
1888 4284 2174 4360 Largiatur
2191 4296 2313 4347 Bod.
2340 4300 2384 4348 1.
2419 4302 2461 4347 4.
2538 4301 2574 4331 ¹⁵
2597 4298 2887 4348 Lavissent
2922 4300 3015 4349 Ar.
3046 4300 3208 4349 Sarz's.
3249 4300 3364 4351 Ver.
3385 4300 3495 4349 ΜΒ.

1440 4457 1661 4539 Steph.
1710 4456 1949 4521 Baluzii
1997 4463 2197 4522 notas.
2218 4422 2238 4438 .

205 4606 264 4667 (1)
300 4608 379 4690 De
408 4608 561 4697 lio-0‘
595 4606 735 4697 l‘ibro
755 4606 868 4697 jsiq
917 4608 1162 4697 loquitur
1209 4613 1461 4697 sanetus‘
1488 4610 1762 4697 Hierony-
1785 4624 1839 4697 Ο
1868 4609 2044 4659 tribus
2082 4610 2351 4697 antiquis‘
2371 4609 2674 4697 clodicih‘ps.
2704 4610 3108 4697 l‘eg‘itur‘ﬁlium
3153 4615 3494 4697 suum..Sane

156 4689 262 4727 mus
308 4682 361 4729 in
408 4680 657 4745 Epistola
708 4680 780 4730 ad
829 4680 1245 4743 Pammachium,
1297 4682 1367 4732 de
1417 4680 1973 4733 Dormitioneuvox
2029 4694 2182 4730 suum
2235 4684 2410 4730 exstat
2464 4682 2520 4729 in
2575 4680 2823 4743 Epistola
2889 4682 3043 4731 Pauli
3110 4683 3182 4732 ad
3245 4684 3493 4746 Galatas,

158 4747 377 4801 Paulina:
415 4767 426 4800 :
478 4769 507 4800 ‹‹
563 4750 815 4813 Quantas
861 4751 1006 4799 vires
1043 4750 1244 4802 habent
1287 4752 1664 4803 misericordia
1708 4757 1764 4803 et
1865 4764 1935 4801 ex
1974 4764 2084 4814 qua
2122 4755 2382 4813 sumptus
2424 4755 2509 4799 est
2546 4750 2638 4800 hic
2668 4751 2843 4800 locus.
2892 4751 3090 4802 Exstat
3130 4754 3296 4803 etiam
3336 4755 3431 4805 lib.
3458 4770 3495 4805 ιι

156 4818 337 4880 quibus
379 4821 637 4871 donanda
683 4823 754 4870 sit
791 4822 1050 4885 praemiis,
1097 4825 1150 4871 et
1200 4822 1396 4872 beatus
1448 4823 1762 4885 Cyprianus
1868 4821 2310 4879 Testimoniorum,
2351 4834 2469 4884 cap.
2508 4823 2555 4869 8.
2601 4822 2795 4871 Delevi
2832 4826 3034 4883 tamen,
3079 4825 3210 4886 quia
3255 4824 3410 4876 deest
3439 4827 3496 4877 in

155 4891 323 4948 grandi
355 4893 639 4943 volumine
685 4893 1057 4957 prosequitur,
1089 4896 1142 4941 et
1180 4894 1427 4943 Danielis
1466 4895 1760 4944 consilium
1864 4893 2062 4955 viginti
2095 4891 2249 4940 libris
2294 4891 2593 4952 veteribus,
2630 4893 2778 4956 apud
2825 4894 3056 4943 Marium
3100 4895 3493 4955 Mercatorem;

1864 4964 1918 5012 in
1965 4962 2215 5011 editione
2262 4962 2528 5026 Spirensi,
2576 4964 2633 5012 in
2680 4965 2909 5027 antiqua
2960 4965 3188 5023 Veneta,
3235 4967 3289 5015 in
3331 4967 3494 5017 Eras-

1863 5036 2023 5083 mica.
2050 5032 2251 5082 Addita
2276 5035 2452 5097 primo
2478 5035 2582 5084 fuit
2606 5036 2658 5084 in
2685 5035 2924 5086 editione
2948 5036 3195 5087 Manutii.
3215 5037 3497 5090 Morellius

1863 5106 2154 5169 expunxu.

1929 5179 1998 5239 (4)
2064 5177 2307 5225 Curaret.
2383 5176 2562 5227 Antea
2628 5176 2917 5241 legebatur
2975 5182 3212 5227 sanaret.
3282 5179 3496 5230 Mutare

1864 5252 2091 5298 coactus
2134 5260 2279 5308 sum,
2319 5247 2450 5310 quia
2479 5260 2672 5297 omnes
2710 5249 2823 5297 fere
2866 5247 2991 5297 libri
3033 5252 3243 5299 veteres
3287 5249 3497 5302 habent

1865 5318 2161 5368 lectionem
2197 5331 2365 5381 quam
2396 5320 2630 5381 profero.

1927 5390 1990 5452 (5)
2023 5391 2154 5438 Nam
2192 5404 2307 5439 cum
2341 5391 2605 5440 Dominus.
2638 5389 2825 5441 Refert
2865 5389 3016 5440 hunc
3045 5391 3232 5441 locum
3268 5398 3496 5444 sanctus

1864 5462 2217 5525 Augustinus
2271 5461 2367 5512 lib.
2412 5475 2471 5512 ιν
2520 5467 2707 5511 contra
2758 5462 2894 5512 duas
2939 5462 3212 5525 Epistolas
3258 5462 3495 5526 Pelagiu-

1860 5545 2075 5592 norum,
2099 5546 2219 5596 cap.
2246 5534 2293 5583 8.

1928 5606 1991 5667 (6)
2028 5608 2279 5670 Antiqua.
2314 5606 2391 5656 Ita
2436 5609 2647 5657 veteres
2681 5606 2805 5656 libri
2843 5608 2954 5657 fere
3002 5619 3195 5657 omnes
3239 5610 3293 5658 et
3330 5611 3490 5657 vete—

1863 5691 1952 5727 res
2004 5677 2295 5728 editiones.
2336 5680 2610 5729 Pamelius
2646 5680 2829 5743 posuit
2870 5679 3099 5743 antiqui.
3143 5678 3323 5740 Quam
3368 5678 3489 5727 lec-

1864 5749 2075 5799 tionem
2141 5750 2328 5801 inveni
2388 5752 2555 5801 etiam
2619 5752 2674 5801 in
2737 5751 3072 5816 quibusdam
3132 5750 3286 5801 libris
3351 5749 3491 5798 auti-

1860 5834 2002 5886 quis.

159 4961 357 5023 probat,
445 4965 543 5028 qui
636 4977 820 5028 regem
910 4964 1337 5027 impiissimum,
1432 4968 1478 5015 si
1569 4965 1761 5016 audire

156 5032 435 5149 Eoluisset,
494 5035 629 5085 dicit
695 5048 999 5098 pauperum
1071 5037 1473 5087 sustentatione
1541 5038 1760 5087 salvan-

191 5116 290 5149 um.
322 5121 352 5149 »

191 5116 290 5153 um.
322 5121 352 5151 θ

210 5174 267 5234 (Ξ)
336 5177 503 5227 Multa
574 5182 621 5226 et
699 5190 907 5241 magna.
982 5176 1090 5227 Hic
1155 5178 1314 5228 locus
1382 5180 1438 5228 in
1506 5180 1760 5231 Griecam

159 5242 381 5309 linguam
431 5262 623 5298 versus
669 5248 921 5312 prolatus
963 5253 1048 5298 est
1089 5249 1145 5297 in
1189 5251 1429 5300 concilio
1480 5250 1762 5315 Ephesiae

160 5315 279 5366 inter
338 5320 649 5369 testimonia
712 5320 932 5368 Patrum
1006 5324 1063 5369 et
1126 5325 1430 5384 martyrum
1495 5322 1761 5371 adversus

158 5384 389 5439 haeresim
418 5391 669 5440 Nestorii.
701 5392 893 5453 Itaque
929 5391 987 5439 in
1032 5392 1256 5456 antiqua
1297 5394 1552 5443 versione
1600 5395 1761 5443 istius

161 5460 358 5509 concilii
399 5475 506 5511 non
550 5462 945 5513 describuntur
990 5461 1253 5526 Cypriani
1297 5464 1484 5525 verba,
1515 5465 1613 5515 sed
1655 5466 1760 5515 alia

161 5531 395 5580 translata
441 5546 470 5582 e
504 5533 704 5584 Graeco
749 5547 1024 5585 sermone.
1068 5534 1260 5585 Exstat
1299 5549 1363 5585 ea
1402 5537 1580 5586 versio
1621 5536 1762 5587 inter

163 5597 318 5670 Dpera
356 5603 506 5653 Marii
556 5604 891 5665 Mercatoris,
934 5619 1061 5670 pag.
1102 5606 1192 5655 180
1234 5606 1492 5661 editionis
1537 5612 1756 5658 nostrae.

163 5668 312 5722 Hunc
337 5687 493 5737 porro
519 5676 704 5728 locum
735 5677 944 5729 lectum
971 5668 1146 5729 fuisse
1170 5678 1225 5726 in
1259 5677 1499 5729 concilio
1530 5681 1762 5729 testatur

163 5741 309 5792 etiam
334 5744 646 5798 Vincentius
674 5748 994 5799 Lirinensis.

218 5813 276 5877 (3)
305 5816 491 5869 Filium
522 5821 679 5873 misit.
717 5821 779 5875 In
809 5820 1150 5873 editionibus
1182 5820 1583 5886 posterioribus
1622 5824 1674 5874 et
1703 5821 1759 5873 in
