3998 6194
440 242 542 301 627

1349 243 1404 300 S.
1442 244 1758 302 CYPRIANI
1799 243 2080 303 OPERUM
2119 245 2292 302 PARS
2328 246 2396 302 ll.
2426 274 2497 287 -—
2525 246 2892 304 OPUSCULA.
3616 290 3619 291 ν
3679 256 3765 318 828

449 384 692 424 monens
719 369 776 423 et
812 366 1113 424 ostendens
1140 367 1292 424 unde
1331 369 1531 425 mundi
1570 374 1624 424 et
1660 371 1890 442 purgati
1933 387 2075 438 esse,
2099 392 2157 463 Α
2187 371 2443 434 titudine,
2492 377 2544 426 et
2594 372 2713 427 noli
2750 387 2995 442 parcere.
3044 371 3194 427 Sicut
3238 371 3365 427 tuba
3408 374 3579 431 exaltu
3613 395 3765 438 vocari

447 463 753 534 possimus,
806 461 966 517 addit
1016 461 1406 534 eleemosynas
1453 478 1575 517 esse
1617 460 1923 518 faciendas.
1978 464 2075 518 Mi-

452 557 687 611 sericors
735 555 898 612 docet
951 558 1007 611 et
1057 560 1255 612 monet
1303 556 1755 612 misericordiam
1810 557 1971 627 ﬁeri;
2023 562 2079 612 et

443 650 577 721 quia
603 665 827 709 servare
854 649 1057 722 quierit
1082 666 1223 722 quos
1254 666 1467 721 magno
1510 651 1694 722 pretio
1739 651 1988 707 redemit
2006 652 2074 720 ¹⁶,

436 748 566 815 post
595 742 863 815 baptismi
896 744 1139 815 gratiam
1162 743 1484 800 sordidatos
1503 745 1668 800 decet
1689 744 1882 801 denuo
1912 761 2074 816 posse

440 839 699 912 puryiri.

509 933 601 988 ΙΙΙ.
656 937 1046 1005 Agnoscamus
1097 933 1285 1004 itaque
1340 934 1436 1004 (7),
1481 933 1685 988 fratres
1731 932 2069 1004 charissimi,

443 1026 649 1083 divinae
679 1026 1052 1098 indulgentiae
1084 1043 1296 1081 munus
1321 1027 1551 1082 salubre
1576 1028 1642 1095 ‘7,
1673 1032 1730 1083 et
1760 1027 2075 1082 emundan-

443 1125 531 1179 dis
556 1125 984 1197 purgandisque
1033 1125 1273 1195 peccatis
1312 1125 1540 1194 nostris,
1574 1125 1671 1196 qui
1717 1124 1838 1181 sine
1883 1125 2073 1197 aliquo

442 1219 809 1273 conscientias
853 1219 1083 1274 vulnere
1134 1234 1253 1273 esse
1300 1235 1416 1273 non
1458 1235 1781 1290 possumus,
1832 1219 2073 1275 medelis

443 1312 789 1384 spiritalibus
850 1313 1087 1367 vulnera
1159 1314 1352 1367 nostra
1410 1329 1696 1368 curemus.
1752 1313 1863 1368 Nec
1917 1313 2068 1385 quis-

443 1424 617 1479 quam
666 1406 709 1441 ³⁸
759 1404 838 1478 (8)
884 1406 963 1461 sic
1016 1405 1118 1461 tibi
1168 1407 1237 1461 de
1285 1423 1428 1478 puro
1476 1412 1649 1478 atque
1702 1407 2071 1462 immaculato

440 1506 671 1572 pectore
700 1501 741 1535 '9
793 1500 862 1571 (9)
914 1499 1266 1569 blandiatur,
1316 1504 1396 1567 ut,
1426 1500 1758 1556 innocentia
1807 1518 1909 1556 sua
1950 1502 2067 1557 fre-

440 1599 550 1662 tus,
583 1594 931 1649 medicinam
960 1610 1075 1649 non
1109 1597 1273 1666 putet
1301 1594 1681 1650 adhibendam
1716 1612 1837 1650 esse
1868 1595 2068 1650 vulne-

439 1688 615 1757 ribus,
663 1704 796 1743 cum
845 1688 1117 1759 scriptum
1162 1688 1275 1743 sit:
1328 1687 1456 1754 Quis
1499 1689 1827 1759 gloriabitur
1867 1694 2071 1744 castum

2180 469 2355 527 tuam,
2404 471 2453 519 et
2502 469 2773 520 annuntio
2822 467 2968 536 plebi
3015 482 3145 521 mea:
3187 473 3406 536 peccata
3454 472 3669 539 ipsorum
3718 482 3763 531 et

2178 558 2364 613 domui
2408 558 2571 614 Jacob
2611 562 2863 627 facinora
2898 560 2947 594 ³⁷
2994 575 3179 615 eorum
3223 560 3375 630 (Isa.,
3416 578 3553 627 Lvni,
3600 566 3666 636 1).
3708 568 3768 624 Et

2176 667 2312 706 cum
2346 657 2574 723 peccata
2605 653 2687 708 eis
2727 670 2831 710 sua
2872 654 3209 725 exprobrari
3247 656 3602 727 praecepisset,
3628 674 3763 716 eum-

2177 762 2290 818 que
2319 762 2519 801 eorum
2536 746 2792 802 facinora
2811 748 2979 819 pleno
3008 748 3423 819 indignationis
3443 750 3643 822 impetu
3662 770 3769 824 pro-

2174 840 2414 907 tulisset,
2456 841 2797 912 dixissetque
2842 858 2937 897 eos
2981 858 3110 911 nec,
3138 842 3184 896 si
3214 842 3551 898 orationibus
3576 850 3630 900 et
3651 864 3765 918 pre-

2174 934 2332 989 cibus
2377 938 2435 990 et
2466 935 2702 1006 jejuniis
2743 940 3062 1005 uterentur,
3093 936 3413 992 satisfacere
3453 954 3549 1009 pro
3586 939 3768 996 delictis

2173 1044 2365 1099 posse,
2397 1046 2523 1098 nec,
2554 1029 2599 1084 si
2638 1029 2694 1084 in
2732 1030 2911 1085 cilicio
2947 1033 3006 1085 et
3053 1030 3245 1085 cinere
3270 1030 3627 1101 volverentur,
3646 1033 3768 1090 iram

2177 1121 2276 1177 Dei
2322 1138 2489 1194 posse
2532 1124 2736 1193 lenire,
2784 1141 2841 1178 in
2889 1123 3194 1179 novissima
3239 1127 3431 1179 tamen
3474 1132 3646 1197 parte,
3688 1128 3769 1182 de-

2176 1222 2507 1272 monstrans
2550 1218 2680 1272 solis
2729 1217 3112 1290 eleemosynis
3149 1219 3330 1273 Deum
3371 1235 3527 1289 posse
3567 1221 3765 1291 placari,

2171 1309 2392 1365 addidit
2436 1310 2632 1366 dicens
2679 1328 2692 1365 :
2739 1315 2953 1382 Frange
2991 1314 3256 1367 esurienti
3297 1328 3495 1383 panem
3537 1319 3689 1382 tuum,
3728 1321 3770 1371 et

2171 1420 2361 1473 egenos
2400 1408 2516 1460 sine
2552 1410 2687 1461 tecto
2728 1406 2895 1462 induc
2937 1408 2996 1461 in
3035 1407 3252 1461 domum
3302 1412 3469 1461 tuam.
3499 1407 3559 1463 Si
3596 1409 3770 1464 videris

2171 1498 2402 1560 nudum,
2458 1501 2597 1554 vesti
2646 1515 2789 1563 eum,
2847 1506 2899 1555 et
2956 1500 3271 1556 domesticos
3308 1503 3522 1557 seminis
3564 1505 3640 1556 tui
3678 1519 3771 1558 non

2169 1593 2458 1663 despicias.
2491 1597 2642 1648 Tunc
2680 1600 2921 1665 erumpet
2963 1600 3367 1665 temporaneum
3406 1596 3576 1650 lumen
3618 1603 3769 1664 tuum,

2170 1693 2221 1741 et
2256 1690 2573 1743 vestimenta
2618 1692 2711 1743 tua
2752 1687 2863 1759 (lt)
2899 1691 3004 1743 cito
3040 1691 3311 1753 orientur,
3344 1696 3394 1744 ct
3430 1690 3631 1760 praeibit
3669 1696 3775 1745 ante

438 1798 495 1839 se
520 1782 712 1837 habere
746 1797 856 1849 cor,
889 1788 988 1836 (tut
1031 1784 1156 1852 quis
1200 1783 1531 1851 gloriabitur
1572 1783 1835 1837 mundam
1871 1798 1925 1838 se
1963 1768 2147 1839 esseB
2174 1785 2223 1836 te
2250 1780 2490 1847 iustitia,
2530 1787 2582 1837 et
2624 1783 2853 1837 claritas
2894 1784 2995 1837 Dei
3029 1783 3391 1838 circumdabit
3432 1788 3497 1838 te.
3529 1785 3665 1838 Tunc
3690 1799 3768 1838 er-

443 1894 478 1932 a
526 1878 760 1947 peccatis
811 1878 1014 1947 (Prov.,
1056 1892 1150 1941 xx,
1196 1876 1296 1942 9)?
1341 1881 1396 1930 ct
1447 1876 1657 1931 iterum
1713 1877 1772 1931 in
1828 1877 2069 1948 Epistola

440 1986 541 2025 sua
568 1972 813 2025 Joannes
842 1972 1015 2041 ponat
1046 1975 1102 2024 et
1128 1969 1278 2024 dicat
1309 1992 1319 2023 :
1352 1970 1416 2025 Si
1453 1970 1748 2026 disserimus
1784 1974 1917 2040 quia
1945 1987 2069 2042 pec-

438 2071 619 2120 catum
660 2080 765 2120 non
791 2063 1070 2126 habemus,
1100 2080 1195 2120 nos
1232 2066 1376 2133 ipsos
1417 2065 1721 2135 decipimus
1750 2065 1820 2131 ³ο,
1847 2070 1897 2120 et
1924 2067 2065 2120 veri-

404 2203 418 2217 .
440 2164 526 2214 tas
557 2160 614 2212 in
638 2158 791 2213 nobis
819 2158 863 2192 ²¹
905 2174 1013 2212 ηοη
1053 2164 1133 2212 est
1177 2157 1288 2229 (tO)
1327 2160 1364 2216 tl
1394 2160 1577 2225 Joan.,
1608 2175 1645 2221 ι,
1679 2158 1751 2230 8).
1785 2158 1843 2214 Si
1876 2163 2069 2214 autem

437 2269 610 2308 nemo
641 2269 760 2307 esse
787 2252 905 2307 sine
932 2258 1156 2323 peccato
1186 2257 1391 2323 potest,
1423 2255 1480 2307 et
1505 2252 1766 2324 quisquis
1809 2253 2067 2324 inculpa-

440 2351 565 2401 tum
596 2363 655 2401 se
704 2361 826 2401 esse
873 2344 1098 2414 dixerit,
1125 2350 1222 2401 aut
1259 2344 1541 2416 superbus
1585 2349 1683 2400 aut
1723 2346 1924 2400 stultus
1963 2349 2067 2413 est,

436 2457 616 2512 quam
636 2440 978 2506 necessaria,
1013 2455 1185 2510 quam
1216 2438 1469 2510 benigna
1496 2441 1580 2493 est
1607 2439 1795 2494 divina
1825 2440 2070 2494 clemen-

437 2536 535 2603 tia,
566 2551 714 2607 qua‘,
746 2551 876 2590 cum
922 2533 1059 2588 sciat
1087 2533 1135 2568 ²²
1176 2549 1291 2587 non
1322 2533 1515 2588 deesse
1556 2534 1764 2588 sanatis
1804 2532 2068 2605 quaedam

436 2629 808 2702 postmodum
836 2628 1092 2697 vulnera,
1122 2626 1279 2682 dedit
1327 2626 1591 2682 curandis
1636 2627 1825 2682 denuo
1857 2644 2067 2683 sanan-

439 2723 637 2794 disque
669 2722 994 2777 vulneribus
1020 2721 1273 2776 remedia
1300 2721 1563 2775 salutaria
1587 2722 1598 2775 l

511 2816 701 2890 605
754 2817 842 2871 ιν.
884 2817 1214 2887 Numquam
1261 2814 1530 2887 denique,
1576 2815 1780 2869 fratres
1823 2815 2065 2869 dilectis-

436 2912 586 2983 simi,
635 2909 952 2967 admonitio
995 2910 1183 2965 divina
1229 2910 1470 2963 cessavit
1514 2914 1571 2963 et
1618 2909 1792 2964 tacuit
1834 2909 1881 2943 ⁵³
1925 2925 2066 2980 quo-

439 3008 628 3062 minus
678 3005 739 3060 in
784 3003 1093 3076 Scripturis
1140 3003 1347 3057 sanctis
1400 3008 1519 3057 tam
1563 3002 1847 3057 veteribus
1896 3019 2069 3074 quam

438 3101 599 3157 novis
625 3101 672 3136 ²⁴
703 3115 932 3171 semper
969 3103 1030 3155 et
1067 3097 1281 3169 ubique
1328 3097 1397 3152 ad
1439 3097 1845 3152 misericordiae
1899 3113 2070 3168 opera

439 3195 537 3251 Dei
564 3196 809 3267 populus
834 3195 1239 3264 provocaretur
1269 3191 1318 3226 ³⁵
1342 3209 1359 3260 ;
1404 3196 1461 3247 ct
1496 3195 1736 3246 canente
1765 3196 1938 3262 atque
1969 3208 2066 3245 ex-

437 3292 701 3346 hortante
754 3287 969 3359 Spiritu
1011 3291 1232 3355 sancto,
1263 3286 1521 3358 quisquis
1563 3285 1638 3340 ad
1685 3303 1848 3357 spem
1901 3285 2067 3356 regni

437 3382 673 3440 caelestis
690 3381 1010 3460 instruitur,
1026 3381 1212 3435 facere
1235 3380 1627 3453 eleemosynas
1647 3380 1906 3452 jubetur.
1926 3380 2073 3433 Man-

437 3479 534 3536 dat
560 3482 617 3533 et
647 3475 902 3549 praecipit
928 3474 1086 3530 Isaiae
1112 3475 1294 3531 Deus:
1319 3476 1605 3539 Exclamo,
1636 3474 1839 3546 inquit,
1871 3476 1930 3528 in
1957 3475 2073 3542 for-

2091 3142 2145 3215 C

2171 1875 2453 1938 clamabis,
2499 1879 2551 1930 et
2582 1879 2718 1931 Deus
2761 1877 3018 1931 exaudiet
3061 1881 3128 1933 te.
3167 1879 3308 1932 Dum
3347 1877 3519 1932 adhuc
3554 1877 3777 1948 loqueris,

2170 1968 2311 2023 dicet
2339 1989 2350 2024 :
2381 1972 2512 2025 Ecce
2538 1969 2728 2026 adsum
2760 1970 2942 2039 (Ibid.,
2977 1972 3121 2040 7-9).

2242 2064 2304 2117 V.
2355 2063 2627 2119 Remedia
2652 2063 2700 2098 ²⁷
2746 2064 3115 2135 propitiando
3160 2065 3276 2120 Deo
3324 2064 3501 2137 ipsius
3540 2064 3631 2121 Dei
3670 2081 3776 2121 ver-

2168 2156 2255 2211 bis
2282 2156 2412 2211 data
2441 2159 2596 2227 sunt,
2628 2157 2769 2229 quid
2796 2158 3073 2214 deberent
3112 2158 3302 2214 facere
3345 2162 3639 2231 peccantes
3670 2175 3778 2213 ma-

2172 2249 2406 2321 gisteria
2432 2251 2627 2306 divina
2656 2251 2994 2322 docuerunt,
3032 2243 3465 2324 operationibus
3497 2252 3656 2324 justis
3683 2254 3779 2307 Deo

2171 2343 2455 2413 satisfieri,
2524 2344 2933 2400 misericordias
2996 2346 3217 2401 meritis
3268 2351 3501 2419 peccata
3547 2346 3779 2418 purgari.

2170 2438 2240 2491 Et
2276 2437 2430 2509 apud
2469 2439 2837 2494 Salomonem
2877 2440 3163 2511 legimus:
3218 2440 3491 2497 Conclude
3526 2441 3781 2509 eleemosy-

2171 2548 2300 2586 nam
2346 2535 2405 2587 in
2451 2534 2607 2588 corde
2649 2533 2757 2605 (t2)
2802 2536 3064 2604 pauperis
3095 2534 3165 2603 ³⁸,
3204 2540 3255 2590 et
3290 2536 3405 2591 haec
3448 2551 3548 2606 pro
3593 2540 3639 2589 te
3679 2550 3784 2590 exo-

2169 2627 2317 2681 rabit
2358 2627 2426 2681 ab
2473 2629 2621 2681 omni
2669 2629 2837 2682 malo.
2885 2629 2950 2682 Et
2992 2628 3202 2683 iterum
3246 2645 3261 2683 :
3303 2631 3413 2697 Qui
3447 2629 3657 2684 obturat
3693 2644 3779 2682 au-

2170 2736 2254 2775 res
2296 2736 2361 2775 ne
2399 2720 2597 2775 audiat
2636 2721 2982 2784 imbecillum,
3039 2728 3091 2776 et
3139 2725 3253 2793 ipse
3294 2723 3572 2778 invocabit
3616 2725 3781 2783 Deum,

2171 2820 2221 2870 et
2254 2831 2362 2869 non
2389 2817 2493 2870 erit
2529 2817 2628 2885 qui
2650 2815 2915 2870 exaudiat
2943 2831 3063 2870 eum
3102 2816 3305 2885 (Prov.,
3335 2833 3446 2883 xxx,
3479 2816 3582 2888 i3).
3612 2813 3781 2889 606

2170 2910 2363 2981 Neque
2389 2909 2544 2964 enim
2590 2909 2900 2981 promereri
2939 2909 3393 2965 misericordiam
3427 2910 3645 2965 Domini
3686 2910 3779 2980 (t3)

2171 3003 2379 3074 poterit
2420 3003 2517 3075 qui
2559 3003 2880 3059 misericors
2917 3004 3036 3075 ipse
3085 3022 3199 3059 non
3252 3005 3450 3071 fuerit,
3478 3010 3576 3059 aut
3613 3004 3780 3075 impe-

2173 3097 2347 3152 trabit
2375 3098 2443 3152 de
2475 3097 2667 3153 divina
2707 3097 2920 3169 pietate
2961 3098 3174 3170 aliquid
3201 3099 3260 3154 in
3294 3099 3564 3171 precibus
3602 3099 3694 3171 qui
3720 3098 3782 3153 ad

2173 3207 2399 3263 precem
2443 3192 2714 3264 pauperis
2754 3208 2870 3247 nou
2916 3192 3085 3247 fuerit
3114 3193 3431 3249 humanus.
3463 3193 3624 3259 Quod
3664 3194 3784 3248 item

2169 3286 2228 3340 in
2257 3286 2496 3341 Psalmis
2541 3286 2786 3357 Spiritus
2813 3289 3040 3340 sanctus
3083 3286 3338 3342 declarat
3381 3293 3438 3343 et
3483 3288 3681 3359 probat
3707 3287 3781 3341 di-

2176 3396 2314 3434 cens
2338 3396 2350 3435 :
2374 3383 2579 3438 Beatus
2626 3381 2726 3451 qui
2760 3380 3027 3450 intelligit
3072 3397 3231 3452 super
3272 3397 3498 3451 egenum
3521 3383 3569 3417 ²⁹
3594 3387 3641 3438 et
3662 3396 3785 3451 pau-

2178 3490 2377 3545 perem,
2422 3477 2485 3530 in
2536 3474 2625 3531 die
2670 3474 2820 3530 mala
2875 3474 3129 3530 liberabit
3170 3491 3289 3531 eum
3334 3478 3594 3531 Dominus
3636 3474 3782 3545 (Psal.

1808 3630 2019 3696 Variae
2087 3629 2426 3694 lectiones.

501 3760 541 3792 ²⁶
562 3757 759 3824 Magno
782 3758 1017 3810 redemit
1039 3759 1132 3808 Ar.
1160 3758 1283 3809 Bod.
1352 3759 1398 3821 1,
1435 3758 1482 3819 2,
1514 3757 1562 3820 3,
1592 3759 1640 3808 4.
1713 3755 1749 3792 ³⁷
1775 3755 2027 3817 Salubre,
2048 3758 2109 3805 ut
2132 3756 2349 3819 August.
2423 3753 2462 3789 ³⁸
2487 3754 2794 3820 Quisquam
2814 3755 2922 3807 sibi
2947 3756 3058 3806 Lin.
3089 3757 3221 3806 Voss.
3250 3760 3296 3809 1.
3373 3757 3414 3790 ¹⁹
3447 3755 3785 3807 immaculato

432 3834 654 3894 pectore
692 3830 846 3878 West.
875 3831 963 3878 Ar.
995 3829 1121 3878 Bod.
1148 3830 1192 3887 l,
1216 3829 1267 3889 2,
1297 3829 1346 3888 3,
1381 3830 1429 3878 4.
1452 3831 1667 3892 August.
1735 3829 1776 3859 ὀ
1807 3829 1961 3893 Ipsos
1986 3828 2309 3878 seducimus
2344 3825 2477 3877 Voss.
2505 3829 2550 3877 1.
2620 3828 2662 3860 ²¹
2714 3828 2884 3878 Nobis
2913 3842 3026 3878 non
3067 3832 3168 3878 est.
3211 3829 3270 3879 Si
3301 3834 3495 3880 autem
3529 3842 3685 3880 nemo
3709 3831 3784 3877 Ar.

440 3901 606 3951 Saris.
642 3900 764 3948 Bod.
797 3901 843 3959 1,
874 3898 921 3959 2,
956 3903 1003 3958 3,
1032 3902 1074 3947 Io.
1113 3898 1235 3947 Tha.
1270 3900 1488 3962 August.
1520 3898 1701 3948 Addit.
1736 3899 1892 3949 Oxon.
1923 3899 1983 3949 Si
2026 3903 2215 3948 autem
2240 3899 2478 3949 confessi
2526 3899 2798 3949 fuerimus
2826 3904 3056 3964 peccata
3077 3904 3283 3962 nostra,
3314 3901 3499 3951 ﬁdelis
3534 3905 3588 3951 et
3627 3901 3787 3962 justus

441 3975 522 4021 est
549 3974 845 4031 Domiuus,
883 3972 979 4033 qui
1007 3969 1171 4019 nobis
1218 3974 1443 4032 peccata
1474 3970 1731 4020 dimittat.
1802 3972 1842 4003 ²²
1875 3970 2091 4022 Stultus
2112 3975 2221 4029 est;
2255 3983 2385 4020 cum
2427 3969 2569 4019 sciat
2608 3970 2827 4032 August.
2896 3973 2938 4002 ³³
2972 3969 3223 4021 Cessavit
3246 3975 3301 4021 et
3350 3972 3543 4030 tacuit,
3574 3972 3642 4018 sic
3666 3969 3784 4017 Lam.

434 4043 589 4091 Ebor.
622 4043 731 4092 ΝΟ.
766 4042 810 4090 1.
842 4042 1008 4090 Saris.
1060 4042 1167 4090 Lin.
1206 4040 1331 4089 Bod.
1368 4043 1409 4090 1.
1440 4046 1490 4099 2,
1545 4044 1590 4097 3,
1618 4042 1666 4090 4.
1706 4042 1828 4091 Thu.
1869 4041 2119 4093 Cessavit
2161 4054 2459 4105 nunquam
2512 4041 2667 4090 Oxon.
2735 4042 2777 4071 ²⁴
2811 4042 3025 4092 Sanctis
3074 4054 3295 4106 semper
3343 4047 3402 4093 et
3445 4042 3655 4105 ubique
3682 4039 3784 4089 Tim.

440 4115 482 4144 ιδ
515 4112 755 4174 Populos
783 4113 1121 4173 provocarat.
1154 4111 1306 4158 West.
1339 4111 1503 4159 Saris.
1571 4112 1615 4145 ³⁸
1633 4113 1803 4164 Jacob
1829 4113 2031 4165 delicta
2054 4115 2214 4164 Saris.
2283 4112 2324 4146 ³⁷
2355 4112 2618 4163 Remedia
2642 4111 2713 4161 de
2750 4112 2872 4161 Bod.
2903 4113 2951 4162 3.
3022 4113 3064 4149 ³⁸
3091 4114 3151 4163 In
3190 4114 3321 4163 sinu
3369 4114 3628 4178 pauperis
3665 4111 3784 4159 Lam.

441 4182 549 4235 ΝΟ.
584 4184 627 4232 1.
666 4181 817 4232 Ebor.
848 4181 970 4230 Bod.
1005 4184 1050 4234 2.
1081 4181 1349 4232 Exorabit
1382 4182 1440 4232 in
1474 4182 1564 4235 die
1586 4184 1733 4236 malo
1772 4187 1884 4235 Ver.
1953 4184 1996 4219 ³⁸
2020 4186 2283 4251 Egentem
2311 4184 2453 4233 Lam.
2486 4182 2643 4233 Ebor.
2674 4183 2781 4233 NC.
2812 4184 2855 4232 1.
2896 4184 3005 4233 Ver.

1748 4331 1970 4414 Steph.
2014 4330 2256 4395 Baluzii
2297 4334 2493 4394 notae.

508 4472 573 4535 (7)
601 4472 957 4535 Agnoscamus
982 4472 1176 4536 itaque.
1211 4472 1378 4522 Hunc
1410 4484 1637 4536 quoque
1680 4472 1867 4523 locum
1901 4473 2065 4525 refert

443 4547 673 4595 sanctus
694 4543 1044 4608 Augustinus
1072 4543 1299 4605 ibidem,
1330 4556 1445 4607 cap.
1476 4544 1554 4593 10.

509 4618 571 4678 (8)
618 4616 718 4665 Nec
760 4615 1063 4679 quisquam.
1098 4614 1246 4665 Citat
1291 4614 1640 4679 Augustinus
1678 4614 1887 4665 ibidem
1932 4620 1985 4666 et
2016 4617 2075 4666 in

441 4686 586 4738 libro
621 4700 657 4736 ll
692 4691 872 4735 contra
897 4686 1170 4735 lulianum
1198 4686 1565 4750 Pelagianam,
1598 4700 1716 4751 cap.
1753 4688 1801 4735 8.

511 4760 575 4820 (9)
640 4760 865 4807 Pectore.
931 4759 1107 4808 Antea
1168 4757 1456 4822 legebatur
1506 4758 1678 4808 corde.
1733 4757 1927 4822 Neque
1978 4758 2075 4807 du-

442 4830 736 4881 bitandum
775 4834 860 4880 est
901 4831 1035 4894 quin
1077 4829 1201 4880 haec
1250 4830 1415 4881 lectio
1461 4830 1533 4879 sit
1574 4830 1800 4894 optima.
1847 4831 2072 4892 Verum,

446 4916 575 4953 cum
649 4906 854 4965 pectore
908 4901 1175 4963 scriptum
1224 4902 1299 4951 sit
1367 4902 1423 4950 in
1490 4901 1688 4966 viginti
1745 4904 1799 4950 et
1854 4902 2075 4953 duobus

443 4974 600 5024 libris
652 4974 854 5022 nostris
901 4978 957 5023 et
1000 4974 1054 5022 in
1100 4987 1199 5024 sex
1248 4973 1590 5038 Anglicanis,
1640 4973 1829 5037 putavi
1868 4973 2073 5026 debere

445 5059 535 5096 me
591 5044 788 5095 cedere
843 5058 1036 5095 eorum
1089 5045 1419 5106 auctoritati,
1462 5046 1765 5109 praesertim
1822 5058 1951 5095 cum
2000 5046 2074 5095 ita

447 5130 671 5180 quoque
728 5116 995 5179 scriptum
1043 5116 1114 5165 sit
1166 5114 1315 5179 apud
1370 5119 1621 5165 sanctum
1679 5116 2072 5180 Augustinum,

445 5188 542 5236 lib.
575 5201 613 5236 ιι
648 5191 833 5236 contra
862 5186 1141 5236 Iulianum
1174 5186 1535 5249 Pelagianam,
1562 5200 1679 5250 cap.
1712 5188 1759 5237 8.

512 5259 606 5320 (t0)
664 5258 862 5307 Veritas
916 5259 967 5305 in
1018 5257 1167 5307 nobis
1216 5271 1324 5307 non
1368 5262 1456 5306 est.
1507 5258 1704 5307 Postea
1755 5257 1980 5309 additur
2018 5260 2073 5308 in

446 5330 687 5391 vulgatis
756 5328 1095 5377 editionibus
1158 5343 1169 5378 2
1245 5329 1302 5378 Si
1376 5333 1549 5377 autem
1622 5328 1843 5391 confessi
1913 5329 2077 5391 fueri-

447 5414 563 5449 mus
616 5404 829 5463 peccata
879 5405 1084 5460 nostra,
1137 5399 1305 5463 ﬁdelis
1356 5405 1401 5449 et
1459 5400 1643 5462 justus
1693 5405 1765 5449 est
1831 5400 2075 5449 Dominus

447 5470 542 5535 qui
623 5470 775 5519 nobis
845 5475 1054 5534 peccata
1127 5471 1377 5521 dimittat.
1453 5471 1702 5533 Verum,
1781 5473 2074 5522 tamenetsi

445 5556 509 5592 ea
548 5545 767 5593 exstent
813 5544 869 5592 in
919 5543 1251 5607 quibusdam
1304 5543 1592 5595 codicibus
1634 5543 1895 5607 antiquis,
1944 5557 2073 5593 cum

446 5613 835 5664 desiderentur
899 5615 957 5663 in
1012 5614 1295 5667 sexdecim
1367 5616 1599 5678 nostris,
1651 5616 1707 5665 in
1769 5614 1961 5678 primis
2017 5615 2073 5663 in

444 5686 827 5749 Seguieriano,
880 5687 937 5736 in
998 5699 1096 5737 sex
1151 5687 1509 5751 Anglicanis,
1581 5690 1633 5737 et
1701 5684 1850 5750 apud
1910 5698 2075 5735 sanc-

442 5762 559 5806 tum
652 5759 1071 5822 Augustinum,
1166 5760 1223 5808 in
1310 5758 1452 5808 locis
1541 5770 1706 5821 supra
1788 5756 2072 5814 laudatis,

435 5829 627 5894 putavi
708 5843 771 5881 ea
855 5843 967 5881 non
1053 5842 1173 5881 esse
1256 5828 1542 5895 Cypriani,
1630 5827 1727 5878 scd
1819 5842 1849 5877 a
1939 5840 2075 5894 quo-

2084 4503 2142 4574 D

2166 4471 2292 4522 dam
2353 4470 2601 4521 studioso
2659 4470 2771 4521 huc
2836 4470 3095 4520 translata
3159 4482 3232 4520 ex
3308 4469 3555 4534 Epistola
3618 4466 3784 4518 sancti

2172 4544 2425 4594 Joannis.
2467 4542 2627 4594 Certe
2669 4542 2883 4607 absque
2923 4543 2991 4592 iis
3036 4555 3149 4591 non
3195 4541 3387 4592 minus
3429 4545 3643 4593 constat
3677 4554 3787 4591 sen-

2175 4627 2287 4664 SUS.

2237 4686 2334 4749 (Η)

2176 4760 2298 4807 tura
2337 4756 2465 4806 libri
2511 4757 2803 4818 Fuxensis,
2853 4757 2911 4806 in
2954 4769 3066 4820 quo
3108 4756 3330 4819 legitur,
3385 4758 3449 4807 Et
3499 4771 3669 4820 preces
3705 4761 3789 4806 tua:

2174 4828 2276 4877 cito
2319 4826 2689 4877 exaudientur.
2718 4828 2778 4876 In
2810 4826 3056 4877 editione
3099 4827 3345 4889 vulgata,
3380 4829 3447 4877 Et
3476 4829 3675 4878 sanitas
3713 4832 3789 4876 tua

2174 4897 2328 4948 citius
2371 4899 2587 4947 orietur.
2650 4897 2792 4948 Vide
2843 4898 3248 4961 Hieronymum
3319 4899 3380 4947 in
3451 4903 3614 4962 caput
3672 4908 3787 4947 Lvri

2175 4970 2348 5021 Isaias.

2237 5042 2338 5103 (t2)
2396 5043 2458 5092 In
2510 5042 2682 5092 corde.
2741 5044 2804 5092 In
2858 5041 3082 5093 duobus
3127 5041 3280 5091 libris
3327 5043 3576 5106 antiquis
3609 5042 3789 5106 legitur

2172 5112 2291 5163 sinu
2332 5118 2384 5163 et
2412 5127 2580 5178 supra
2620 5114 2824 5163 lineam
2861 5113 2944 5163 vel
2989 5113 3163 5162 corde.
3215 5113 3363 5164 Hinc
3408 5118 3526 5163 orta
3567 5118 3649 5163 est
3691 5112 3789 5162 dis-

2175 5184 2455 5247 crepantia
2496 5184 2800 5235 lectionum
2846 5185 2901 5234 in
2950 5184 3195 5248 antiquis
3234 5184 3549 5247 codicibus,
3573 5195 3789 5249 quorum

2173 5257 2431 5306 nonnulli
2473 5256 2682 5308 habent
2725 5256 2897 5317 corde,
2945 5255 3039 5307 alii
3079 5256 3218 5305 sinu.
3268 5256 3503 5307 Veteres
3541 5255 3789 5305 editiones

2173 5325 2385 5377 habent
2448 5330 2589 5378 sinu.
2646 5328 2931 5379 Manutius
3008 5327 3194 5391 posuit
3263 5327 3468 5389 corde,
3530 5325 3791 5379 Morellius

2170 5412 2309 5449 ειηυ.

2236 5469 2334 5531 (13)
2391 5469 2813 5520 Misericordiam
2869 5470 3095 5519 Domini.
3140 5469 3315 5520 Jonas
3368 5468 3785 5525 Aurelianensis,

2174 5542 2273 5607 qui
2313 5540 2478 5593 refert
2516 5541 2664 5593 hunc
2703 5543 2889 5593 locum
2933 5554 3001 5593 ex
3046 5541 3190 5592 libro
3230 5542 3292 5592 de
3330 5543 3590 5592 Oratione
3629 5539 3790 5591 Domi—

2173 5615 2292 5664 nica
2326 5615 2381 5664 in
2415 5613 2556 5664 libro
2579 5628 2654 5674 ΙΙΙ,
2685 5628 2807 5678 cap.
2841 5614 2918 5674 10,
2949 5612 3013 5663 de
3053 5613 3390 5665 Institutione
3429 5612 3631 5671 laicoti,
3669 5610 3790 5675 legit

2176 5686 2269 5736 Dei
2306 5685 2742 5735 misericordiam.
2778 5684 2969 5736 Codex
3013 5685 3279 5747 Lamonii,
3309 5686 3405 5736 Dei
3448 5684 3673 5736 vestiam.
3700 5682 3789 5733 Se-

2175 5756 2494 5820 guierianus
2525 5758 2689 5808 Deum
2711 5761 2944 5809 tantum.

2401 4685 2712 4736 Vestimenta
2751 4690 2859 4735 tua.
2909 4685 3108 4735 Nescio
3152 4682 3303 4734 unde
3350 4690 3473 4735 orta
3524 4686 3600 4735 sit
3641 4685 3790 4747 scrip-
