3998 6194
187 238 275 293 629

1184 234 1386 294 LIBER
1425 237 1513 293 DE
1549 233 1773 293 OPERE
1812 234 1895 290 ET
1932 229 2430 291 ELEEMOSYNIS.

3408 224 3516 283 630

181 383 253 433 ιι,
276 366 342 433 2).
373 364 617 428 Quorum
661 368 1073 437 praeceptorum
1118 382 1343 421 memor
1382 367 1604 434 Daniel,
1633 382 1761 420 cum
1788 379 1845 448 Α
1868 369 2078 418 cantes.
2107 362 2295 418 Sensit
2324 364 2519 416 Petrus
2549 358 2844 431 impetrari
2878 373 3039 431 posse
3084 354 3237 429 quod
3285 354 3363 411 sic
3406 371 3511 426 pe-

183 475 259 512 rex
284 457 795 512 Nabuchodonosor
815 460 1052 514 adverso
1080 460 1299 514 somnio
1325 460 1552 515 territus
1577 462 1772 513 aestua-

183 560 271 615 ret,
302 568 396 621 pro
423 552 744 607 avertendis
772 553 937 607 malis
971 554 1038 608 ad
1087 552 1334 608 divinam
1371 570 1539 626 opem
1586 554 1771 626 impe-

181 645 416 699 trandam
466 646 782 700 remedium
832 647 985 702 dedit
1036 647 1270 703 dicens:
1321 650 1628 718 Propterea,
1682 666 1778 704 rem

183 740 437 794 consilium
480 756 652 794 meum
680 740 896 810 placeat
937 742 1053 803 tibi,
1082 748 1133 796 et
1165 748 1389 812 peccata
1422 748 1513 798 tua
1558 743 1775 798 eleemo-

181 836 307 902 synis
343 835 542 889 redime
571 839 622 888 et
660 835 965 903 injustitias
991 840 1116 890 tuas
1158 838 1590 892 miserationibus
1634 854 1776 908 pau-

178 944 365 998 perum,
421 934 474 981 et
526 931 627 983 erit
679 932 815 983 Deus
852 945 1085 999 parcens
1127 930 1176 964 ³⁰
1233 932 1339 1001 (li)
1378 934 1615 1001 peccatis
1672 933 1780 986 tuis

181 1024 342 1091 (Dum,
372 1038 443 1088 tv,
495 1021 602 1090 Ἦ).
649 1023 747 1078 Cui
795 1026 1052 1077 rex‘non
1098 1024 1518 1095 obtemperans,
1547 1025 1782 1079 adversa

180 1132 286 1186 qua:
315 1115 528 1169 viderat
560 1123 615 1169 et
655 1115 862 1170 infesta
893 1133 1188 1188 perpessus
1216 1124 1300 1172 est
1328 1136 1341 1171 :
1373 1135 1499 1189 qua:
1543 1118 1784 1173 evadere

180 1216 223 1263 et
247 1209 416 1263 vitare
447 1209 740 1280 potuisset,
769 1212 813 1264 si
860 1217 1082 1281 peccata
1127 1228 1230 1265 sua
1269 1212 1644 1283 eleemosynis
1693 1229 1781 1265 rc-

181 1303 446 1359 deinisset.
497 1305 751 1375 Raphael
783 1321 1012 1376 quoque
1054 1306 1290 1377 angelus
1334 1307 1490 1377 paria
1519 1305 1561 1340 ³¹
1608 1310 1782 1360 testa-

182 1402 278 1463 tur,
305 1404 358 1452 et
395 1404 457 1452 ut
486 1398 839 1470 eleemosyna
868 1399 1112 1453 libenter
1148 1417 1211 1455 ac
1252 1400 1485 1471 largiter
1514 1400 1609 1454 liat
1651 1400 1784 1454 hor-

181 1496 316 1545 tatur
339 1492 531 1546 dicens
567 1511 580 1548 :
609 1496 753 1548 Bona
790 1498 866 1548 est
892 1496 1066 1548 oratio
1094 1494 1139 1527 ³⁵⁵
1173 1510 1291 1548 cum
1310 1494 1520 1563 jejunio
1565 1501 1613 1548 et
1659 1495 1788 1548 etce-

182 1603 381 1654 mosyna
410 1606 427 1640 :
472 1590 609 1657 quia
646 1589 977 1657 elcemosyna
1019 1605 1051 1640 (ι
1099 1594 1270 1642 morte
1317 1588 1530 1649 liberat,
1571 1594 1620 1642 et
1670 1590 1789 1657 ipsa

176 1686 355 1749 purgat
397 1687 625 1750 peccata
683 1682 857 1753 (Tob.,
915 1697 1009 1741 xu,
1064 1682 1139 1749 8).
1191 1681 1451 1736 Ostendit
1500 1681 1786 1735 orationes

1877 457 2123 523 tebatur,
2164 472 2270 511 nec
2299 455 2630 511 defuturum
2663 454 2867 511 Christi
2897 451 3171 506 auxilium
3205 450 3387 504 viduis
3414 449 3511 503 de-

1875 550 2257 623 precantibus,
2304 548 2535 621 quando
2585 552 2731 603 esset
2767 548 2824 602 in
2862 547 3045 600 viduis
3092 546 3208 617 ipse
3251 544 3503 600 vestitus.

1875 647 2015 701 Cum
2045 646 2242 717 itaque
2276 643 2518 715 genibus
2559 642 2726 696 nixus
2753 641 2797 676 ³⁸
2841 643 3074 707 orasset,
3107 639 3405 694 viduarum
3449 652 3515 689 ac

1877 755 2196 811 pauperum
2225 738 2465 793 idoneus
2491 736 2793 791 advocatus
2825 734 3035 803 togatas
3065 733 3173 787 sibi
3217 747 3412 802 preces
3441 729 3515 783 ad

1880 834 2190 889 Dominum
2238 830 2584 904 pertulisset,
2629 844 2937 884 conversus
2981 826 3053 881 ad
3099 842 3320 896 corpus,
3363 823 3513 894 quod

1880 929 1939 982 in
1986 926 2181 982 tabula
2210 927 2331 997 jam
2382 926 2567 980 lotum
2608 922 2854 995 jacebat.
2902 921 3152 982 Tabithu,
3180 919 3384 989 inquit,
3429 933 3517 971 ra:-

1880 1037 2039 1090 surge
2064 1024 2124 1076 in
2152 1023 2365 1076 nomine
2387 1022 2514 1075 Jesu
2545 1019 2750 1077 Christi
2777 1017 2820 1059 ιθ
2846 1014 3020 1086 (Act,
3040 1030 3112 1081 ix,
3142 1015 3254 1079 40).
3287 1012 3396 1066 Nec
3424 1010 3524 1064 dc-

1883 1117 1990 1171 fuit
2019 1118 2186 1169 Petro
2214 1114 2527 1185 quominus
2554 1112 2745 1166 statim
2790 1110 2965 1165 ferret
3002 1107 3276 1163 auxilium
3319 1104 3415 1176 qui
3460 1104 3518 1157 in

1885 1209 2192 1280 Evangelio
2220 1210 2268 1243 ⁸ο
2298 1208 2421 1261 dari
2451 1206 2672 1260 dixerat
2706 1203 2983 1275 quidquid
3014 1202 3213 1255 fuisset
3248 1199 3371 1270 ejus
3414 1214 3514 1250 no-

1884 1304 2037 1357 mine
2080 1302 2451 1373 postulatum.
2481 1300 2624 1354 Mors
2666 1298 2857 1370 itaque
2905 1295 3272 1366 suspenditur
3313 1299 3364 1347 et
3410 1292 3520 1361 spi-

1887 1397 2025 1451 ritus
2055 1396 2331 1463 redditur,
2359 1400 2433 1462 et,
2470 1392 2811 1448 mirantibus
2838 1407 2901 1445 ac
2945 1388 3304 1460 stupentibus
3344 1402 3516 1441 cunc-

1884 1491 1975 1557 tis,
2007 1490 2077 1544 ad
2112 1490 2255 1543 hanc
2286 1488 2484 1543 mundi
2527 1487 2714 1541 denuo
2743 1486 2928 1539 lucem
2973 1483 3284 1537 redivivum
3315 1496 3521 1550 corpus

1889 1584 2199 1639 animatur.
2227 1584 2465 1637 Tantum
2498 1584 2806 1652 potuerunt
2850 1576 3255 1631 misericordia:
3292 1574 3517 1637 merita,

1892 1683 2112 1732 tantum
2146 1676 2495 1747 operajusta
2522 1676 2565 1708 ⁴¹
2601 1671 2934 1727 valuerunt!
2961 1672 3095 1735 Qum
3139 1668 3520 1723 laborantibus

179 1778 373 1827 Hostias
423 1792 489 1828 ac
531 1776 755 1845 jejunia
802 1775 993 1829 minus
1036 1793 1199 1847 posse
1253 1775 1362 1829 nisi
1411 1751 2071 1846 clcemosynistiduis
2119 1770 2329 1841 largita
2376 1770 2563 1823 fuerat
2602 1765 2848 1821 subsidia
2901 1763 3145 1831 vivendi,
3187 1762 3395 1816 meruit
3445 1760 3517 1815 ad

178 1867 492 1937 adjuventur
520 1870 593 1934 ³³,
622 1869 1055 1939 deprecationes
1082 1868 1226 1923 solas
1257 1885 1465 1940 parum
1497 1869 1564 1922 ad
1599 1869 1781 1940 impc-

179 1960 419 2015 traudum
473 1964 692 2029 valere,
731 1963 837 2017 nisi
884 1963 1165 2017 factorum
1212 1968 1268 2016 et
1312 1979 1551 2033 operum
1599 1979 1781 2017 acces-

177 2055 311 2108 sione
348 2056 629 2109 saticntur
657 2058 705 2091 ³⁸
753 2057 883 2127 (15).
931 2057 1163 2112 Revelat
1200 2057 1453 2127 Angelus
1499 2063 1555 2110 et
1603 2058 1781 2111 inani-

175 2148 319 2201 festat
346 2154 402 2203 et
432 2151 629 2204 tirmat
658 2150 1038 2222 elecmosynis
1066 2151 1371 2222 petitiones
1409 2158 1625 2205 nostras
1661 2151 1781 2205 elli-

176 2258 311 2296 caccs
336 2243 483 2304 ﬁeri,
515 2244 890 2315 eleemosynis
922 2244 1093 2298 vitam
1134 2244 1204 2298 de
1251 2243 1517 2315 periculis
1558 2244 1783 2311 redimi,

178 2337 533 2408 cleemosynis
562 2338 785 2391 animas
813 2355 844 2391 a
879 2345 1067 2393 morte
1093 2338 1342 2393 liberari.

236 2431 309 2485 Vl.
356 2432 466 2485 Nec
511 2430 613 2498 sic,
662 2432 869 2485 fratres
909 2431 1249 2490 charissimi.
1296 2432 1398 2485 ista
1443 2431 1787 2501 proferimus

176 2530 353 2578 utnon
381 2526 538 2596 quod
586 2526 834 2596 Raphael
882 2528 1125 2597 angelus
1148 2527 1291 2580 dixit
1333 2526 1583 2580 veritatis
1626 2526 1785 2580 testi-

177 2618 345 2673 monio
397 2619 893 2692 comprobemus:
935 2620 991 2673 in
1038 2619 1267 2674 Actibus
1295 2620 1342 2653 ³⁵
1384 2620 1785 2690 Apostolorum

174 2712 289 2767 iacti
338 2713 477 2769 ﬁdes
528 2714 715 2785 posita
760 2719 863 2784 est,
910 2718 967 2768 et
1017 2714 1175 2786 quod
1226 2714 1622 2785 eleemosynis,
1673 2732 1787 2769 non

174 2810 371 2861 tantum
397 2825 429 2861 a
465 2807 740 2871 secunda,
770 2807 867 2861 sed
896 2824 928 2861 a
954 2808 1142 2879 prima
1170 2813 1354 2863 morte
1390 2807 1602 2861 animae
1641 2808 1785 2863 libe-

174 2907 350 2954 rentur
373 2906 557 2972 gestaa
587 2906 642 2956 et
671 2900 857 2974 607
894 2902 1146 2972 impletae
1174 2903 1255 2956 rei
1284 2901 1617 2972 probatione
1639 2918 1790 2957 com-

173 3000 372 3064 pertum
422 2999 513 3049 est
560 2996 628 3050 ³⁵.
678 2995 915 3050 Tabitha
947 2997 1015 3063 37,
1051 2994 1482 3066 operationibus
1516 2996 1689 3067 justis
1734 3002 1789 3050 et

1886 1865 2061 1919 vitam
2095 1863 2400 1918 viduarum
2435 1860 2711 1932 petitione
2743 1858 3015 1914 revocari.

1958 1960 2067 2011 νη.
2117 1960 2312 2028 Itaque
2356 1956 2410 2010 in
2467 1953 2773 2025 Evangelio
2822 1952 3110 2019 Dominus,
3158 1950 3352 2005 doctor
3395 1950 3522 2003 vitas

1884 2052 2091 2107 nostras
2125 2056 2182 2105 et
2228 2050 2500 2121 magister
2544 2048 2741 2102 salutis
2790 2046 3043 2113 internae,
3072 2044 3356 2098 viviticans
3399 2059 3520 2098 cre-

1887 2146 2145 2200 dentium
2177 2145 2454 2216 populum
2484 2148 2540 2197 et
2572 2142 2861 2196 viviticatis
2898 2138 3197 2194 consulens
3244 2137 3302 2192 in
3345 2143 3515 2191 aiter—

1887 2255 2045 2306 num,
2085 2238 2234 2293 inter
2276 2254 2378 2292 sua
2424 2236 2692 2291 mandata
2738 2234 2929 2289 divina
2978 2238 3035 2288 et
3086 2237 3372 2304 praecepta
3411 2247 3522 2285 ca:-

1887 2333 2047 2387 lestia
2094 2332 2233 2387 nihil
2263 2331 2514 2386 crebrius
2564 2329 2796 2383 mandat
2833 2334 2890 2383 et
2934 2326 3191 2398 principii
3236 2342 3408 2397 quam
3459 2330 3522 2379 ut

1886 2426 2212 2481 insistemus
2251 2422 2629 2494 eleemosynis
2674 2420 2894 2488 dandis,
2951 2436 3053 2475 nec
3099 2420 3340 2474 terrenis
3394 2435 3524 2490 pos-

1888 2519 2229 2575 sessionibus
2274 2518 2629 2583 incubemus,
2662 2516 2759 2570 sed
2793 2516 3042 2570 caelestes
3087 2514 3385 2569 thesauros
3421 2530 3521 2584 po-

1890 2615 2004 2669 tius
2062 2613 2466 2668 recondamus.
2517 2611 2767 2674 Vendite,
2819 2609 3025 2681 inquit,
3076 2624 3162 2663 res
3207 2613 3432 2669 vestras,
3477 2612 3533 2663 et

1889 2715 2020 2768 date
2048 2714 2441 2781 elemosynam
2486 2711 2658 2780 (Luc.,
2691 2725 2788 2776 xu,
2817 2708 2928 2778 33).
2959 2710 3024 2763 Et
3062 2708 3269 2761 iterum
3302 2722 3315 2760 :
3350 2706 3529 2763 Nolite

1887 2811 2041 2866 vobis
2064 2811 2286 2865 condere
2318 2810 2598 2864 thesauros
2636 2823 2796 2878 super
2837 2813 3057 2866 terram,
3098 2806 3191 2859 ubi
3229 2806 3374 2859 tinea
3412 2804 3525 2875 (t6)

1887 2911 1936 2960 et
1975 2909 2277 2959 comestura
2320 2906 2670 2964 exterminat,
2730 2906 2779 2956 et
2825 2902 2922 2955 ubi
2962 2904 3115 2968 fures
3165 2898 3431 2968 eﬂ’odiunt
3475 2904 3526 2952 et

1885 3002 2170 3066 furantur.
2238 2998 2620 3052 Thesaurizate
2678 3001 2857 3050 autem
2920 2995 3069 3049 vobis
3126 2994 3403 3048 thesauros
3465 2994 3525 3045 in

176 3089 537 3160 eleemosynis
580 3088 918 3161 praestandis
955 3088 1268 3160 plurimum
1299 3089 1513 3158 dedita,
1541 3106 1669 3144 cum
1699 3089 1784 3144 in-
1811 3118 1865 3191 Ο
1890 3094 2039 3153 creto,
2084 3093 2180 3146 ubi
2226 3107 2393 3161 neque
2439 3093 2584 3145 tinea
2625 3104 2795 3159 neque
2843 3093 3137 3143 comestura
3176 3089 3523 3148 cmterminat,

178 3180 379 3237 ﬁrmata
409 3188 568 3238 esset
593 3190 649 3238 et
677 3187 925 3245 mortua,
955 3184 1026 3238 ad
1048 3182 1289 3237 cadaver
1308 3183 1567 3237 exanime
1596 3185 1791 3238 Petrus

174 3277 361 3331 accitus
410 3284 499 3332 est
534 3294 551 3331 :
597 3277 694 3348 qui
737 3292 869 3331 cum
911 3276 1157 3347 impigre
1192 3293 1293 3347 pro
1334 3278 1638 3348 apostolica
1682 3278 1789 3332 hu-

174 3370 426 3425 manitate
457 3370 727 3437 venisset,
752 3371 1254 3425 circumsteterunt
1280 3387 1410 3425 eum
1440 3371 1629 3425 vidua:
1656 3372 1792 3425 flen-

173 3465 240 3516 tes
266 3469 319 3518 et
345 3468 646 3535 rogantes,
680 3463 853 3535 pallia
885 3470 941 3518 et
970 3463 1187 3517 tunicas
1217 3469 1273 3517 et
1303 3464 1497 3518 omnia
1538 3464 1631 3518 illa
1662 3481 1791 3536 quos

172 3556 306 3624 prius
343 3564 721 3630 sumpserant
748 3558 1082 3612 indumenta
1122 3560 1525 3626 monstrantes,
1555 3575 1659 3613 nec
1689 3575 1790 3630 pro

171 3649 415 3708 defuncta
460 3651 585 3707 suis
628 3651 882 3713 vocibus,
913 3652 1007 3706 sed
1054 3651 1232 3722 ipsius
1271 3651 1538 3723 operibus
1580 3652 1785 3723 depre-

1891 3191 1942 3241 et
1978 3187 2075 3239 ubi
2112 3188 2263 3252 fures
2313 3201 2419 3239 non
2459 3184 2722 3253 effodiunt
2764 3198 2858 3237 nec
2895 3185 3182 3250 furantur.
3241 3181 3344 3234 Ubi
3383 3182 3527 3235 enim

1889 3282 2059 3346 fuerit
2091 3281 2378 3335 thesaurus
2411 3283 2555 3341 tuus,
2585 3279 2669 3332 ibi
2691 3279 2794 3333 erit
2820 3281 2869 3331 et
2893 3291 2980 3331 cor
3000 3280 3151 3329 tuum
3176 3274 3419 3344 (Matth.,
3446 3290 3521 3340 vi,

1894 3375 2092 3443 19-21).
2134 3376 2201 3430 Et
2244 3389 2374 3428 cum
2423 3372 2719 3426 observata
2760 3371 2886 3441 lege
2936 3368 3251 3440 perfectum
3295 3372 3353 3422 et
3389 3383 3522 3421 con-

1893 3471 2244 3521 summatum
2283 3466 2453 3519 vellet
2492 3464 2790 3519 ostendere
2822 3479 2835 3517 :
2865 3464 2925 3519 Si
2947 3464 3045 3531 vis,
3078 3461 3285 3533 inquit,
3319 3464 3527 3531 per/cc-

1891 3565 1979 3616 tus
2006 3576 2134 3627 esse,
2164 3560 2304 3615 vade
2331 3565 2380 3615 et
2407 3560 2575 3614 vende
2613 3560 2793 3613 omnia
2840 3564 2933 3611 tua
2965 3557 3012 3592 ⁸³
3062 3556 3191 3623 (t7),
3219 3562 3270 3611 et
3309 3556 3379 3610 da
3406 3571 3522 3624 ege-

1891 3656 2000 3721 nis,
2034 3660 2085 3708 et
2127 3654 2345 3709 habebis
2391 3655 2704 3708 thesaurum
2749 3654 2809 3705 in
2848 3652 3012 3719 caelo;
3054 3656 3105 3705 et
3142 3651 3281 3713 veni,
3312 3663 3528 3720 sequere

1546 3806 1755 3871 Varias
1807 3806 2151 3871 lectiones.

219 3937 412 3989 wDeus
442 3953 680 4005 parcens
711 3941 845 3990 Lam.
870 3943 976 3991 Lin.
1014 3943 1149 3991 Pem.
1193 3943 1321 3989 Voss.
1364 3944 1407 3992 t.
1448 3942 1494 3991 2.
1525 3941 1645 3991 Βοιι.
1677 3943 1724 4003 2,
1756 3943 1800 3994 3.
1825 3944 1977 3994 Deus
2026 3945 2239 4007 patiens
2289 3945 2446 3993 Oxon.
2517 3945 2554 3975 ³¹
2586 3943 2741 3992 Paria
2766 3942 2958 3993 Tobias
3005 3942 3093 3991 Ar.
3144 3941 3287 3989 Lam.
3320 3939 3445 3989 Sed.
3472 3942 3523 3991 Ξ.

171 4010 201 4040 ἰ
219 4010 357 4060 Bona
382 4017 487 4073 est,
512 4012 695 4076 inquit
727 4014 865 4062 Lam.
892 4017 939 4062 A
968 4014 1209 4077 peccatis
1256 4014 1363 4061 Ver.
1391 4013 1763 4077 Eleemosyna
1794 4027 1922 4064 cum
1948 4015 2162 4077 justitia
2185 4014 2375 4065 Bod.4.
2445 4018 2485 4047 ³³
2511 4013 2895 4076 Eleemosynis
2924 4012 3209 4061 sociantur
3228 4010 3319 4058 Ar.
3370 4011 3519 4061 West.

170 4079 310 4129 Saris.
338 4082 460 4130 Bod.
498 4084 544 4141 I,
570 4084 617 4140 2,
643 4087 691 4143 3,
718 4085 763 4134 4.
800 4083 1122 4133 Farciantur
1162 4084 1264 4132 alii
1285 4088 1399 4145 post
1440 4084 1630 4133 Pumel.
1703 4086 1740 4116 ³⁴
1769 4084 2144 4134 Subveniatur
2173 4086 2279 4134 Lin.
2350 4086 2389 4119 ³⁵
2439 4084 2533 4136 Sic
2589 4085 2645 4133 in
2678 4088 2799 4135 Act.
2840 4085 2989 4133 West.
3058 4083 3097 4115 ³⁶
3123 4082 3408 4131 Testatum
3440 4084 3526 4130 est

170 4150 314 4201 Satis.
381 4153 421 4187 ³⁷
452 4154 700 4204 Tabitha
751 4156 1191 4218 eleemosynaria
1233 4155 1361 4204 Bod.
1399 4156 1447 4205 3.
1501 4155 1859 4206 Orationibus
1914 4157 2005 4205 Ar.
2054 4156 2217 4205 Suris.
2266 4156 2386 4206 Βανά.
2428 4157 2475 4207 ‘2.
2548 4156 2588 4191 ³⁸
2637 4156 2795 4206 Nixls
2850 4155 2960 4203 Ver.
2990 4152 3218 4205 Orasset
3248 4155 3301 4201 et
3357 4152 3521 4201 Saris.

172 4222 442 4276 “Nomine
468 4227 696 4276 Domini
733 4228 888 4276 West.
956 4229 998 4258 ⁴⁰
1043 4227 1347 4292 Evangelio
1392 4240 1494 4277 suo
1532 4227 1666 4276 Voss.
1698 4227 1745 4276 2.
1786 4227 1920 4276 Pem.
1987 4228 2029 4260 ⁴¹
2079 4227 2258 4292 Opera
2290 4229 2518 4292 justitiaa
2539 4228 2595 4278 Α.
2631 4229 2753 4279 Ben.
2791 4226 2915 4276 Bod.
2960 4225 3007 4275 2.
3076 4226 3117 4257 ⁴²
3143 4222 3343 4275 Omnia
3394 4237 3521 4288 quin

169 4294 323 4346 habes
356 4300 491 4347 Voss.
520 4299 565 4347 t.
600 4298 852 4348 Possides
873 4299 980 4349 ΝΟ.
1018 4302 1064 4348 2.

1455 4387 1679 4469 Steph.
1728 4387 1973 4451 Baluzii
2017 4394 2212 4453 notae.

224 4522 308 4579 (tt)
359 4523 607 4572 Parcens.
662 4521 721 4570 lu
767 4519 964 4571 codice
1012 4519 1257 4569 Fuxensi
1308 4518 1390 4569 vel
1434 4532 1655 4582 parcens
1705 4510 1979 4586 oethui
2025 4526 2173 4573 certe
2219 4523 2450 4573 mutilus
2487 4526 2568 4573 est
2618 4522 2671 4571 in
2717 4521 2824 4571 hoc
2865 4520 3007 4582 loco,
3046 4519 3246 4583 legitur
3286 4519 3521 4583 farcien-

167 4592 368 4651 patiens.
417 4594 570 4644 Hinc
626 4598 744 4642 orta
801 4596 881 4642 est
928 4592 1094 4641 lectio
1144 4591 1364 4640 diversa
1412 4590 1783 4654 quorumdam

171 4660 435 4725 librorum,
462 4666 522 4714 in
555 4664 761 4728 quibus
804 4663 1072 4726 scriptum
1115 4667 1199 4712 est
1239 4662 1463 4726 patiens.
1510 4661 1786 4712 Craterum

172 4731 451 4797 legendum
510 4749 632 4786 esse
676 4739 809 4798 puto
856 4747 1101 4798 parcens,
1157 4746 1223 4782 eo
1272 4734 1329 4782 in
1381 4732 1572 4795 primis
1617 4746 1786 4795 argu-

172 4812 339 4855 mento
365 4806 536 4871 quod,
566 4811 764 4871 praeter
798 4806 1185 4856 auctoritatem
1228 4808 1477 4854 veterum
1521 4802 1786 4852 librorum

172 4880 217 4922 et
242 4876 568 4935 editionum,
599 4877 871 4940 scriptum
910 4880 995 4925 est
1029 4877 1087 4925 in
1130 4874 1272 4925 libro
1318 4874 1576 4935 Danielis,
1605 4875 1787 4924 Forsi-

172 4949 251 4994 tan
278 4948 499 5011 ignoscet
524 4948 724 4997 delictis
749 4952 871 4997 tuis.

223 5020 312 5077 (15)
361 5020 651 5069 Satientur.
716 5020 793 5068 lta
845 5022 1062 5069 veteres
1132 5018 1405 5067 editiones
1465 5020 1593 5067 ante
1663 5030 1785 5067 eam

171 5101 283 5149 qua:
331 5090 539 5141 dicitur
589 5104 708 5141 esse
756 5091 961 5141 Gravii.
1012 5089 1106 5139 Sic
1155 5090 1322 5139 etiam
1374 5088 1537 5138 habet
1593 5088 1787 5138 Morel-

173 5157 319 5209 liana.
359 5160 723 5213 Consentiunt
755 5165 937 5212 autem
981 5161 1174 5225 viginti
1223 5160 1352 5209 libri
1393 5161 1581 5218 nostri,
1619 5160 1784 5209 etiam

173 5228 551 5292 Seguierianus
600 5237 655 5283 et
698 5232 1035 5281 Veronensis
1082 5232 1333 5281 omnium
1389 5231 1781 5294 antiquissimi.

174 5297 301 5350 Sunt
327 5308 509 5353 tamen
541 5302 652 5353 duo
690 5304 786 5367 qui
830 5303 1037 5353 habent
1074 5302 1341 5352 sociantur
1387 5302 1462 5351 vet
1504 5302 1784 5361 socientur,

174 5372 255 5422 alii
277 5388 371 5424 sex
407 5375 673 5425 socientur
708 5379 943 5425 tantum.
971 5375 1105 5424 Eam
1133 5378 1466 5438 postremam
1491 5374 1783 5423 lectionem

174 5445 456 5504 praeferunt
493 5451 699 5510 septem
741 5445 1054 5511 Anglicani,
1082 5445 1181 5495 sed
1224 5460 1335 5495 non
1385 5447 1441 5494 in
1486 5443 1592 5495 hoc
1640 5444 1779 5493 loco.

176 5512 378 5580 Quippe
408 5530 599 5569 vocem
628 5520 893 5568 sociantur
916 5521 1134 5581 ponunt
1176 5520 1233 5566 in
1260 5517 1446 5581 phrasi
1481 5516 1782 5580 superiore,

176 5587 497 5653 elcemosynis
537 5592 822 5642 socientur.
871 5591 1168 5652 Pamelius,
1194 5594 1384 5640 contra
1420 5593 1499 5640 tot
1537 5591 1784 5639 auctori-

178 5662 319 5722 tates,
353 5663 562 5726 absque
598 5663 768 5714 ullius
812 5663 939 5714 libri
986 5663 1189 5714 veteris
1237 5660 1517 5725 suﬂ‘ragio,
1568 5664 1783 5711 tantum

179 5733 297 5793 quia
344 5733 399 5783 in
449 5734 688 5786 editione
739 5734 832 5785 illa
891 5748 1018 5800 qum
1082 5734 1287 5785 dicitur
1339 5733 1526 5785 Gravii
1581 5732 1785 5795 legitur

178 5800 484 5866 farciuntur,
535 5809 586 5859 et
636 5807 768 5872 quia
827 5806 885 5857 in
947 5804 1188 5872 quodam
1241 5805 1384 5857 libro
1442 5804 1782 5866 Coloniensi,

1894 4597 2003 4653 tur,
2043 4607 2110 4643 eo
2161 4592 2327 4643 modo
2372 4606 2483 4656 quo
2541 4605 2639 4655 per
2691 4604 2929 4642 errorem
2975 4604 3202 4655 quoque
3250 4592 3519 4654 scriptum

1888 4667 1971 4714 est
2021 4664 2076 4713 in
2122 4664 2365 4713 Fuxensi
2415 4668 2729 4721 sacrentur;
2789 4661 3084 4719 Pamelius,
3141 4663 3393 4725 inquam,
3448 4675 3517 4711 ex

1887 4734 2125 4785 lectione
2172 4735 2323 4783 illius
2369 4732 2631 4784 editionis
2683 4735 2738 4781 et
2787 4731 2998 4781 codicis
3047 4731 3398 4782 Coloniensis
3439 4733 3519 4781 fe-

1888 4808 1962 4855 cit
2014 4805 2349 4868 farciuntur,
2405 4804 2634 4853 minime
2683 4801 2945 4851 dubitans
2996 4802 3132 4866 quin
3185 4802 3309 4853 hmo
3354 4803 3520 4853 lectio

1887 4881 2035 4927 esset
2074 4877 2299 4939 optima.
2330 4873 2491 4936 Quod
2532 4879 2680 4924 certe
2729 4887 2838 4923 non
2886 4873 3033 4923 licet.
3085 4874 3242 4933 Nam,
3288 4874 3336 4922 si
3382 4886 3519 4924 con-

1882 4948 2117 5012 jecturis
2140 4949 2216 4996 ita
2250 4947 2413 4996 facile
2463 4944 2750 5007 indulgere
2797 4944 3012 4994 licitum
3058 4948 3221 5005 esset,
3247 4958 3351 5008 ego
3387 4945 3521 4995 mal-

1886 5020 1996 5069 lem
2035 5032 2241 5083 ponere
2285 5031 2413 5067 cum
2445 5016 2733 5067 Goulartio
2770 5015 3088 5078 futciantur,
3119 5029 3287 5079 quam
3332 5017 3521 5068 lectio—

1886 5105 2015 5141 nem
2064 5091 2182 5139 scio
2231 5089 2516 5153 probatam
2556 5088 2727 5137 fuisse
2780 5087 3005 5136 Nicolao
3058 5086 3254 5137 Fabro.
3308 5086 3518 5138 Eadem

1887 5159 2122 5210 audacia
2166 5158 2446 5212 Pamelius
2491 5158 2547 5205 in
2597 5157 2831 5221 epistola
2876 5159 2955 5217 76,
2987 5158 3170 5221 posuit
3216 5164 3375 5208 sanat
3420 5174 3518 5222 pro

1884 5234 2068 5292 satiat,
2096 5236 2155 5279 ut
2184 5231 2297 5281 illic
2336 5230 2675 5280 monuimus.
2717 5228 2990 5291 Apuleius
3026 5229 3121 5278 lib.
3164 5242 3200 5279 ιι
3238 5231 3519 5281 Metamor-

1884 5303 2110 5365 phoseon
2141 5318 2158 5350 :
2201 5319 2230 5351 «
2273 5302 2411 5352 Ilaec
2440 5304 2623 5351 autem
2661 5301 2980 5363 novissima,
3022 5314 3191 5364 quam
3233 5301 3387 5353 fonte
3433 5316 3519 5352 sa-

1886 5376 2058 5424 tiante
2084 5378 2395 5436 postremus
2421 5376 2610 5436 partus
2638 5370 2852 5422 effudit.
2879 5386 2909 5417 »

1948 5447 2043 5505 (16)
2072 5446 2246 5495 Tinea.
2278 5444 2418 5495 Vide
2446 5444 2739 5494 Frontonis
2759 5442 2955 5493 Ducaai
2980 5446 3141 5493 notas
3165 5443 3220 5493 in
3246 5442 3518 5493 Homilies

1884 5516 2064 5567 sancti
2092 5515 2269 5565 Basilii
2296 5516 2358 5565 de
2385 5515 2617 5577 Jejunio,
2645 5529 2767 5578 pag.
2801 5515 2879 5564 29.

1946 5588 2046 5650 (t7)
2081 5586 2251 5637 Vende
2284 5587 2461 5638 omnia
2495 5590 2602 5635 tua.
2640 5584 2827 5636 Codex
2856 5586 3125 5647 Lamonii,
3152 5583 3316 5634 vende
3339 5583 3519 5633 omnia
3582 5636 3585 5639 λ

1885 5674 2003 5724 qua
2047 5659 2297 5723 possides,
2341 5663 2388 5707 et
2425 5657 2498 5707 da
2548 5659 2739 5719 egenis.
2788 5658 2938 5709 Alibi
2988 5670 3212 5723 quoque
3248 5654 3516 5719 scriptum

1885 5731 1996 5782 vidi
2028 5730 2199 5795 egenis
2219 5744 2317 5796 pro
2350 5726 2692 5796 pauperibus.
