3998 6194
495 269 591 326 631

1403 265 1457 321 S.
1496 263 1811 322 CYPRIANI
1850 262 2127 320 OPERUM
2164 262 2337 321 PARS
2370 262 2437 319 II.
2469 291 2539 306 -—
2573 262 2943 321 OPUSCULA.

3735 271 3828 327 632

497 412 579 453 me
605 395 847 466 (Matth,
896 392 1007 465 xiv,
1045 392 1154 464 21).
1204 392 1347 447 Item
1386 390 1497 446 alio
1542 391 1664 445 loco
1703 389 2125 462 negotiatorem
2149 390 2463 474 Amodum
2493 388 2776 445 devenire.
2807 391 2951 445 Item
2972 388 3173 445 beatus
3194 388 3473 461 apostolus
3494 390 3712 461 Paulus,
3732 394 3827 451 Do-

502 490 743 545 cmlestis
791 489 990 561 gratim
1036 491 1093 543 et
1130 490 1586 559 comparatorem
1632 484 1831 540 salutis
1877 486 2127 551 aeternae,

500 584 788 641 distractis
819 582 1085 638 omnibus
1116 580 1288 637 rebus
1333 580 1467 648 suis,
1498 580 1808 652 pretiosam
1850 578 2127 649 margari-

499 683 641 748 tam,
669 679 777 733 hoc
806 680 893 733 est
920 674 1113 750 608
1152 675 1327 730 vitam
1369 677 1642 730 aeternam
1683 671 1887 729 Christi
1931 688 2129 729 cruore

498 772 831 845 pretiosam,
879 772 947 827 de
987 770 1304 843 quantitate
1350 768 1682 841 patrimonii
1722 767 1808 822 sui
1855 766 1993 822 dicit
2035 766 2132 821 de-

497 867 633 923 bere
677 866 917 923 mercari
950 882 964 922 :
1007 866 1195 923 Simile
1238 870 1338 927 est,
1373 864 1581 936 inquit,
1622 878 1845 932 regnum
1879 862 2132 917 caelorum

496 961 702 1018 homini
753 962 1081 1031 negotiatori
1131 959 1177 994 ‘3
1235 960 1506 1029 quazrenti
1556 958 1721 1012 bonas
1773 958 2126 1025 margaritas.

504 1058 606 1113 Ubi
665 1061 845 1112 autem
911 1057 1116 1109 invenit
1182 1051 1291 1121 (18)
1363 1054 1661 1122 pretiosam
1721 1052 2082 1121 margaritam
2110 1091 2128 1113 ,

497 1152 639 1206 abiit
681 1157 731 1206 et
773 1150 1022 1205 vendidit
1061 1150 1243 1203 omnia
1282 1161 1400 1217 qum
1446 1146 1656 1208 habuit,
1704 1151 1754 1200 et
1802 1149 1930 1200 emit
1973 1145 2130 1199 illam

501 1246 747 1317 (Matth,
778 1262 893 1310 xm,
927 1245 1040 1316 45).

568 1340 703 1395 VIII.
735 1341 845 1394 Eos
876 1338 1121 1409 denique
1163 1339 1219 1391 et
1246 1336 1489 1391 Abrahae
1533 1333 1677 1389 ﬁlios
1721 1333 1857 1389 dicit
1886 1349 2028 1405 quos
2069 1332 2128 1388 in

486 1433 754 1508 juvandis
802 1431 1137 1503 alendisque
1186 1429 1531 1502 pauperibus
1584 1429 1878 1500 operarios
1921 1428 2123 1483 cernit.

488 1530 653 1597 Nam,
698 1543 830 1582 cum
886 1525 1151 1581 Zachaaus
1205 1523 1480 1580 dixisset:
1534 1526 1665 1580 Ecce
1715 1524 2003 1579 dimidium
2060 1538 2127 1577 ea:

486 1624 804 1679 substantia
832 1636 948 1676 mea
974 1620 1042 1675 do
1071 1621 1268 1690 egenis,
1296 1623 1347 1674 et
1371 1621 1422 1673 si
1454 1621 1544 1673 cui
1580 1618 1715 1689 quid
1752 1619 2022 1685 fraudavi
2052 1617 2122 1685 “,

491 1716 867 1789 quadruplum
913 1714 1101 1777 reddo,
1147 1713 1439 1784 respondit
1479 1713 1640 1767 Jesus
1688 1717 1745 1766 et
1792 1712 1936 1766 dixit
1994 1714 2125 1782 quia

2231 484 2461 541 minicae
2487 484 2874 556 inspirationis
2901 483 3079 556 gratia
3099 485 3331 555 plenus:
3356 486 3461 553 Qui
3473 486 3826 553 administrat,

2231 579 2442 651 inquit,
2467 594 2645 635 semen
2669 581 2987 648 seminanti,
3021 583 3073 634 et
3089 594 3292 649 panem
3318 579 3394 634 ad
3428 580 3688 636 edendum
3706 599 3831 652 pra-

2231 675 2420 737 stabit,
2449 681 2500 729 et
2543 674 2931 744 multiplicabit
2956 676 3362 729 seminationem
3398 678 3644 738 vestram,
3672 682 3719 730 et
3739 693 3827 732 au-

2230 770 2373 838 gebit
2408 772 2740 826 incrementa
2777 770 3004 837 frugum
3032 768 3269 838 justitia’
3300 773 3506 833 vestrae,
3537 776 3597 824 ut
3639 772 3695 825 in
3737 787 3832 827 om-

2232 865 2390 919 nibus
2433 864 2851 935 locupletemini.
2884 864 2953 917 Et
2994 863 3245 918 iterum:
3286 862 3699 919 Administratio
3740 867 3829 921 hu-

2219 958 2315 1029 jus
2345 961 2515 1028 ofﬁcii
2535 974 2642 1013 non
2672 964 2888 1013 tantum
2904 958 3175 1029 supplebit
3205 973 3265 1012 ea
3282 973 3403 1027 quae
3420 959 3614 1013 sanctis
3636 960 3828 1023 desunt,

2233 1052 2424 1126 609
2473 1053 2568 1109 sed
2612 1058 2661 1109 et
2701 1053 3010 1108 abundabit
3049 1052 3099 1088 ⁵ο
3135 1068 3239 1123 per
3276 1053 3508 1107 multam
3549 1056 3832 1122 gratiarum

2229 1150 2491 1203 actionem
2521 1148 2565 1182 δι
2604 1150 2661 1202 in
2691 1150 2857 1204 Deum
2895 1148 2962 1219 (II
2999 1146 3145 1210 Cor.,
3177 1162 3254 1215 ιχ,
3303 1146 3523 1215 10-12);
3561 1148 3827 1219 quoniam,

2230 1241 2367 1297 dum
2395 1243 2705 1314 gratiarum
2730 1242 2874 1296 actio
2915 1241 2989 1296 ad
3027 1242 3209 1296 Deum
3255 1256 3359 1312 pro
3402 1240 3762 1312 eleemosynis
3787 1244 3827 1278 ⁵³

2226 1338 2398 1409 atque
2426 1336 2854 1408 operationibus
2887 1335 3095 1391 nostris
3132 1351 3455 1407 pauperum
3484 1335 3723 1389 oratione
3753 1337 3828 1391 di-

2226 1431 2453 1503 rigitur,
2481 1446 2683 1486 census
2708 1430 2996 1502 operantis
3023 1430 3071 1465 ⁸³
3108 1430 3207 1484 Dei
3247 1429 3616 1484 retributione
3650 1446 3827 1485 cumu-

2226 1525 2393 1580 latur.
2422 1526 2488 1579 Et
2514 1524 2787 1580 Dominus
2812 1524 2871 1579 in
2901 1524 3237 1596 Evangelio,
3263 1524 3386 1595 jam
3415 1526 3551 1578 tunc
3577 1524 3832 1595 ejusmodi

2224 1619 2524 1674 hominum
2569 1619 2738 1675 corda
2783 1618 3166 1686 considerans,
3206 1621 3263 1673 et
3304 1618 3535 1690 perﬁdis
3573 1622 3731 1689 atque
3762 1619 3829 1672 in-

2227 1713 2471 1769 credulis
2523 1713 2757 1785 praascia
2799 1729 2934 1768 voce
2988 1712 3350 1781 denuntians,
3402 1715 3737 1767 contestatur
3780 1716 3831 1767 et

489 1779 640 1867 salus
667 1779 729 1846 ⁸⁵-
749 1810 906 1866 hodie
945 1809 1068 1864 huic
1100 1779 1285 1863 domui
1320 1809 1475 1875 facta
1516 1811 1612 1869 est,
1656 1808 1917 1876 quoniam
1947 1779 2201 1861 etvhicB
2228 1807 2406 1862 dicit:
2456 1779 2634 1864 Ndlite
2678 1810 2916 1876 cogitare
2960 1809 3239 1864 dicentes:
3291 1779 3440 1873 Quid
3483 1807 3707 1875 edemus,
3746 1812 3830 1862 aut

487 1907 637 1975 ﬁlius
678 1909 759 1960 est
800 1902 1041 1958 Abrahz
1090 1902 1265 1973 (Luc.,
1304 1918 1416 1970 xxx,
1449 1904 1500 1968 8,
1547 1900 1622 1970 9).
1669 1902 1833 1968 Nam,
1862 1899 1907 1954 si
1951 1899 2127 1955 Abra-

490 2000 625 2054 ham
656 1997 838 2054 credit
867 1997 981 2051 Deo
1007 2002 1063 2051 et
1100 1996 1433 2067 deputatum
1473 1998 1560 2049 est
1607 1994 1661 2049 ei
1706 1994 1779 2049 ad
1816 1993 2123 2065 justitiam,

495 2092 692 2165 utique
720 2091 818 2163 qui
844 2090 1160 2145 secundum
1202 2092 1556 2161 praeceptum
1594 2089 1689 2143 Dei
1731 2088 2126 2160 eleemosynas

486 2186 643 2254 facit,
678 2187 792 2241 Deo
819 2184 1084 2252 credidit,
1113 2189 1172 2240 et
1197 2184 1295 2257 qui
1308 2182 1482 2239 habet
1504 2181 1638 2239 ﬁdei
1665 2184 1982 2250 veritatem,
2004 2199 2123 2238 ser-

490 2287 584 2336 vat
611 2281 708 2336 Dei
744 2280 1051 2349 timorem;
1102 2278 1202 2351 qui
1239 2281 1432 2334 autem
1476 2276 1572 2332 Dei
1613 2277 1883 2333 timorem
1920 2280 2123 2347 servat,

489 2376 549 2431 iu
592 2372 1059 2431 miserationibus
1094 2388 1414 2445 pauperum
1450 2373 1630 2428 Deum
1670 2372 1880 2444 cogitat
1910 2373 1958 2407 ⁸⁸
1990 2371 2120 2441 (19).

491 2470 772 2543 Operatur
817 2467 973 2524 enim
1015 2467 1144 2522 ideo
1179 2467 1226 2502 ‘7
1268 2467 1408 2539 quia
1453 2465 1654 2534 credit,
1687 2465 1819 2538 quia
1848 2466 1954 2521 scit
1994 2482 2125 2522 vera

489 2581 609 2620 esse
637 2579 765 2636 quae
798 2560 1073 2635 praedicta
1098 2568 1232 2617 sunt
1265 2561 1455 2617 verbis
1483 2561 1605 2628 Dei,
1637 2577 1739 2616 nec
1769 2560 2122 2633 Scripturam

488 2662 745 2715 sanctam
801 2673 966 2730 posse
1018 2655 1286 2726 mentiri;
1334 2655 1564 2711 arbores
1606 2655 2008 2725 infructuosas,
2060 2656 2122 2711 id

488 2757 593 2823 est,
645 2752 866 2808 steriles
916 2750 1202 2820 homines,
1247 2749 1434 2806 excidi
1483 2755 1540 2805 et
1586 2750 1646 2805 in
1704 2750 1899 2821 ignem
1946 2750 2117 2821 mitti,

2226 1903 2362 1972 quid
2390 1902 2647 1966 bibemus,
2678 1909 2775 1956 aut
2803 1902 2939 1972 quid
2961 1904 3247 1958 uestiemur
3266 1900 3293 1956 ‘l
3334 1902 3449 1957 haec
3492 1902 3632 1957 enim
3669 1903 3827 1956 natio-

2226 2012 2320 2051 nes
2376 2001 2649 2067 qumnt.
2697 1998 2810 2053 Scit
2849 2002 3033 2052 autem
3061 1998 3108 2032 5‘
3157 1999 3322 2052 Pater
3360 2002 3534 2052 vester
3571 1998 3692 2065 quia
3732 2011 3827 2050 om-

2227 2092 2380 2145 nium
2423 2091 2617 2146 horum
2644 2091 2919 2161 indigetis.
2950 2092 3186 2159 Quam-ite
3221 2093 3465 2162 primum
3498 2105 3713 2161 regnum
3744 2090 3830 2145 Dei

2225 2190 2276 2239 et
2290 2184 2572 2253 justitiam
2599 2185 2717 2255 ejus
2761 2186 2832 2255 ⁵⁵,
2860 2191 2910 2240 et
2948 2187 3131 2240 omnia
3176 2188 3285 2242 ista
3324 2191 3668 2257 opponentur
3703 2185 3830 2240 vobis

2227 2278 2464 2350 (Matth,
2495 2295 2567 2349 v1,
2595 2281 2802 2349 31-33).
2834 2280 2926 2334 Eis
2963 2279 3159 2334 omnia
3200 2279 3415 2352 apponi
3453 2278 3586 2335 dicit
3621 2284 3675 2335 et
3700 2278 3826 2334 tradi

2224 2373 2323 2445 qui
2361 2389 2605 2444 regnum
2656 2379 2713 2429 et
2750 2373 3027 2445 justitiam
3068 2373 3164 2429 Dei
3205 2379 3496 2446 quaerunt.
3543 2376 3645 2429 Eos
3690 2374 3823 2429 enim

2225 2467 2493 2523 Dominus
2544 2483 2673 2524 cum
2708 2468 2911 2540 judicii
2953 2468 3071 2524 dies
3118 2468 3373 2535 venerit,
3418 2468 3491 2523 ad
3535 2468 3821 2540 percipien-

2224 2561 2360 2617 dum
2390 2578 2636 2634 regnum
2665 2562 2800 2618 dicit
2826 2562 3054 2618 admitti
3095 2563 3195 2634 qui
3245 2562 3465 2618 fuerint
3507 2562 3568 2618 in
3608 2561 3823 2619 Ecclesia

2223 2657 2345 2728 ejus
2370 2657 2612 2729 operati.

2292 2753 2350 2807 Χ.
2379 2752 2578 2807 Metuis
2603 2768 2675 2806 ne
2704 2751 3116 2823 patrimonium
3151 2757 3315 2808 tuum
3357 2753 3507 2809 forte
3553 2751 3761 2807 deficiat
3784 2750 3821 2805 si

487 2846 896 2903 misericordes
924 2850 1116 2901 autem
1144 2845 1213 2901 ad
1249 2861 1495 2917 regnum
1532 2845 1743 2900 vocari.
1770 2844 1876 2910 Qui
1917 2848 1976 2900 et
2006 2846 2119 2900 alio
2219 2846 2441 2917 operari
2486 2862 2553 2900 ex
2597 2860 2665 2901 eo
2709 2846 2944 2918 largiter
2990 2847 3247 2916 cmperis,
3292 2849 3353 2902 et
3409 2848 3610 2916 nescis,
3651 2846 3819 2914 miser,

485 2944 546 2997 in
596 2942 717 2998 loco
764 2940 1056 3013 operarios
1109 2946 1168 2996 et
1215 2940 1533 2995 fructuosos
1575 2939 1772 2995 ﬁdeles
1825 2940 2114 3012 appellat,
2218 2939 2371 3011 quia,
2402 2940 2541 2994 dum
2568 2939 2736 2995 times
2764 2956 2838 2995 ne
2867 2956 2958 2995 res
2982 2940 3280 2996 familiaris
3307 2941 3554 3011 deﬁciat,
3585 2942 3692 2997 vita
3714 2940 3819 3013 ipsa

486 3034 854 3092 infructuosis
896 3051 1032 3091 vero
1083 3038 1141 3090 et
1183 3032 1474 3089 sterilibus
1522 3033 1693 3088 fidem
1744 3033 1980 3104 derogat
2028 3033 2115 3087 di-
2218 3039 2275 3088 et
2301 3033 2451 3089 salus
2481 3034 2706 3104 deﬁcit;
2739 3037 2814 3101 et,
2840 3034 2979 3089 dum
3008 3050 3079 3090 ne
3110 3035 3245 3107 quid
3277 3035 3350 3091 de
3391 3037 3560 3091 rebus
3590 3037 3691 3091 tuis
3727 3035 3817 3090 mi-

489 3147 659 3187 cens:
690 3133 752 3188 Si
775 3133 836 3185 in
859 3130 1060 3200 injusto
1086 3144 1393 3184 mammona
1422 3128 1531 3199 (20)
1560 3128 1741 3197 ﬁdeles
1776 3143 1881 3182 non
1907 3130 2115 3195 fuistis,
2140 3154 2193 3229 Ο
2221 3130 2434 3183 nuatur
2466 3128 2736 3196 attendis,
2773 3145 2888 3183 non
2927 3129 3157 3201 respicis
3195 3131 3347 3202 quod
3386 3131 3507 3202 ipse
3549 3131 3815 3197 minuaris,

486 3226 631 3297 quod
658 3230 736 3280 est
761 3240 949 3280 verum
974 3226 1021 3259 ⁸⁸
1062 3225 1184 3293 quis
1220 3224 1398 3278 credet
1434 3222 1635 3277 vobis?
1662 3224 1734 3275 Et
1768 3224 1816 3276 si
1846 3223 1904 3275 in
1940 3222 2116 3277 alieno
2154 3222 2193 3229 ⁷
2219 3227 2440 3277 amator
2479 3222 2659 3294 magis
2706 3239 3057 3279 mammonae
3087 3240 3259 3295 quam
3300 3225 3513 3280 anima:
3555 3230 3698 3291 tum;
3746 3229 3814 3289 ut,

484 3320 669 3390 ﬁdeles
697 3335 807 3374 non
827 3320 1033 3386 fuistis,
1066 3318 1213 3387 quod
1237 3323 1313 3373 est
1356 3322 1590 3373 vestrum
1621 3318 1740 3386 quis
1774 3316 1927 3371 dabit
1958 3316 2110 3371 vobis
2218 3315 2356 3370 dum
2382 3315 2551 3372 times
2594 3333 2666 3373 ne
2709 3333 2811 3388 pro
2857 3322 2912 3373 te
2956 3318 3377 3389 patrimonium
3421 3323 3580 3373 tuum
3618 3318 3813 3389 perdas,

487 3414 658 3485 (Luc.,
692 3430 804 3480 XVI,
840 3412 928 3482 11)
948 3413 975 3466 ‘l

559 3508 647 3563 IX.
680 3507 735 3562 Si
765 3508 811 3542 δ’
858 3505 1065 3561 vereris
1099 3508 1156 3560 et
1192 3504 1402 3560 metuis
1448 3520 1542 3572 ne,
1574 3504 1620 3558 si
1664 3504 1893 3576 operari
1936 3503 2112 3575 pluri-

489 3618 652 3658 mum
705 3599 964 3672 coeperis,
1028 3598 1375 3671 patrimonio
1436 3603 1534 3654 tuo
1578 3599 1740 3671 larga
1790 3598 2117 3670 operatione

485 3696 651 3751 ﬁnito
706 3695 775 3750 ad
829 3694 1128 3766 penuriam
1179 3693 1328 3748 forte
1381 3693 1678 3765 redigaris,
1727 3696 1848 3749 esto
1896 3693 1955 3747 in
2009 3692 2118 3748 hac

485 3795 651 3862 parte
706 3788 1045 3860 intrepidus,
1088 3792 1207 3843 esto
1255 3804 1523 3856 securus;
1576 3787 1726 3843 ﬁniri
1768 3804 1886 3842 non
1934 3790 2119 3858 potest

488 3884 640 3941 unde
679 3883 738 3938 in
781 3900 917 3939 usus
960 3883 1166 3940 Christi
1208 3881 1581 3954 impenditur,
1616 3882 1766 3937 unde
1811 3898 1954 3953 opus
2001 3898 2113 3937 coe-

488 3981 628 4035 leste
656 3978 992 4034 celebratur.
1022 3979 1132 4032 Nec
1159 3978 1267 4032 hoc
1293 3976 1396 4031 tibi
1426 3976 1496 4031 de
1540 3993 1669 4031 meo
1712 3976 1987 4047 spondeo,
2017 3976 2116 4033 sed

486 4075 554 4130 de
581 4077 899 4128 sanctarum
937 4072 1355 4144 Scripturarum
1391 4070 1504 4125 ﬁde
1536 4073 1596 4125 et
1640 4070 1846 4126 divinas
1898 4071 2117 4142 pollici-

486 4167 715 4224 tationis
757 4166 1093 4222 auctoritate
1137 4165 1432 4237 promitto.
1487 4164 1763 4236 Loquitur
1811 4181 1914 4236 per
1955 4165 2111 4222 Salo-

486 4278 723 4317 monem
759 4261 1004 4332 Spiritus
1029 4262 1256 4315 sanctus
1286 4264 1344 4314 et
1373 4258 1508 4314 dicit
1539 4278 1552 4315 :
1586 4261 1691 4327 Qui
1726 4261 1824 4315 dat
1845 4263 2112 4337 pauperi-

486 4358 604 4418 bus,
653 4371 934 4425 nunquam
977 4355 1183 4423 egebit;
1255 4356 1354 4424 qui
1405 4358 1583 4409 autem
1642 4357 1840 4410 avertit
1903 4356 2115 4410 oculum

484 4466 664 4517 suum,
717 4452 775 4504 in
819 4464 1022 4519 magna
1065 4450 1296 4519 penuria
1334 4450 1437 4503 erit
1488 4450 1693 4519 (Prov.,
1738 4464 1933 4516 xxvm,
1981 4450 2111 4518 27);

2216 3410 2337 3481 ipse
2375 3426 2478 3482 pro
2527 3412 2874 3483 patrimonio
2918 3417 3018 3468 tuo
3069 3428 3273 3484 pereas
3302 3414 3373 3468 ⁵⁸.
3423 3416 3490 3471 Et
3526 3414 3646 3468 ideo
3689 3412 3813 3467 bene

2214 3506 2516 3576 Apostolus
2578 3506 2787 3561 clamat
2845 3511 2901 3561 et
2964 3506 3100 3562 dicit
3152 3524 3166 3562 :
3219 3508 3379 3565 Nihil
3439 3509 3711 3563 intulimus
3765 3508 3814 3559 in

2216 3600 2355 3655 hunc
2396 3577 2685 3664 mundum,
2743 3617 2928 3656 verum
2979 3618 3073 3657 nec
3099 3604 3316 3670 auferre
3376 3604 3511 3673 quid
3548 3615 3811 3671 possumus.

2218 3695 2482 3750 Habentes
2529 3697 2714 3765 itaque
2763 3696 3143 3751 emhibitionem
3198 3702 3250 3751 et
3300 3701 3699 3766 tegumentum,
3743 3696 3813 3748 his

2217 3791 2455 3843 contenti
2492 3792 2679 3845 simus.
2721 3791 2826 3856 Qui
2864 3797 3045 3845 autem
3072 3791 3259 3845 volunt
3304 3791 3501 3845 divites
3541 3793 3670 3860 ﬁeri,
3698 3789 3811 3842 inci-

2217 3883 2360 3937 dunt
2396 3885 2455 3937 in
2494 3886 2843 3939 tentationem
2883 3890 2932 3939 et
2978 3886 3037 3939 in
3085 3886 3445 3954 muscipulam
3476 3884 3581 3956 (2t)
3619 3889 3665 3939 et
3701 3882 3810 3936 desi-

2217 3976 2373 4032 deria
2402 3978 2577 4033 multa
2616 3984 2666 4033 et
2711 3981 2975 4041 nocentia,
3017 3995 3139 4049 quae
3187 3984 3442 4048 mergunt
3485 3981 3730 4034 hominem
3765 3978 3810 4027 in

2210 4072 2577 4140 perditionem
2637 4078 2687 4127 et
2734 4074 2791 4126 in
2834 4075 3139 4128 interitum.
3192 4074 3379 4129 Radix
3428 4077 3564 4129 enim
3603 4073 3809 4127 omnium

2214 4166 2484 4221 malorum
2530 4172 2608 4221 est
2658 4167 2934 4238 cupiditas
2974 4183 2987 4221 :
3039 4182 3203 4237 quam
3254 4169 3485 4238 quidam
3533 4169 3809 4239 appetentes

2215 4262 2689 4330 naufragaverunt
2734 4277 2769 4315 a
2806 4261 2930 4330 ﬁde,
2980 4265 3032 4316 et
3075 4263 3422 4317 inseruerunt
3476 4278 3528 4317 se
3571 4260 3808 4317 doloribus

2214 4355 2400 4409 multis
2425 4354 2467 4424 (I
2492 4356 2652 4422 Tim,
2684 4355 2851 4425 7-l0).

2283 4449 2368 4503 XI.
2411 4447 2611 4503 Metuis
2653 4465 2724 4503 ne
2764 4450 3171 4520 patrimonium
3208 4456 3371 4506 tuum
3414 4451 3555 4507 forte
3592 4447 3802 4511 deﬁciat,

486 4543 794 4599 ostendens
825 4541 1223 4598 misericordes
1249 4544 1419 4614 atque
1448 4544 1754 4613 cperantes
1785 4557 1957 4614 egere
1996 4526 2262 4598 nonDsi
2308 4542 2535 4614 operari
2586 4560 2654 4598 ex
2694 4560 2760 4599 eo
2807 4543 3049 4616 largiter
3096 4546 3355 4616 coeperis.
3401 4546 3631 4611 Quando
3671 4542 3804 4598 enim

481 4654 665 4710 posse,
716 4638 903 4710 magis
945 4652 1151 4709 parcos
1196 4638 1254 4691 et
1297 4635 1518 4691 steriles
1559 4635 1631 4691 ad
1662 4634 1919 4708 inopiam
1960 4639 2112 4708 post-

2214 4636 2427 4691 factum
2483 4639 2567 4691 est
2613 4638 2679 4693 ut
2713 4637 2870 4708 justo
2920 4641 3154 4709 possent
3195 4639 3392 4695 deesse
3435 4638 3673 4695 subsidia
3710 4634 3800 4706 (22)

1861 4778 2067 4843 Variae
2124 4779 2458 4844 lectiones.

537 4911 581 4942 ⁴¹
610 4910 926 4975 Negotianti
975 4910 1070 4960 Ar.
1114 4910 1275 4959 West.
1312 4909 1475 4960 Saris.
1514 4908 1713 4968 Bod.2,
1748 4909 1794 4960 3.
1828 4911 1876 4960 4.
1941 4912 1985 4943 ⁴⁴
2045 4909 2224 4972 Quem
2288 4910 2609 4962 defraudavi
2653 4913 2775 4963 Bod.
2809 4913 2857 4962 3.
2926 4914 2967 4945 ‘5
3003 4912 3168 4975 Quia,
3213 4914 3415 4978 inquit,
3465 4914 3611 4964 salus
3657 4910 3795 4959 sm.

469 4981 512 5016 ⁴⁶
530 4983 711 5033 Deum
738 4982 947 5032 fenerat
959 4981 1091 5030 Voss.
1116 4980 1159 5028 1.
1178 4980 1317 5029 Lam.
1344 4979 1452 5029 ΝΟ.
1484 4979 1532 5029 2.
1596 4979 1640 5012 ⁴⁷
1658 4979 1927 5043 Operatur
1952 4981 2101 5030 enim
2124 4981 2239 5031 Deo
2257 4982 2377 5031 Bod.
2412 4982 2518 5045 1,2,
2547 4982 2594 5032 3.
2660 4982 2703 5015 ⁴³
2722 4982 2885 5045 Quod
2903 4989 3151 5034 vestrum
3168 4977 3306 5034 Lam.
3325 4985 3449 5035 Bod.
3475 4986 3523 5048 3,
3544 4988 3589 5036 4.
3649 4980 3688 5016 ⁴⁹
3708 4977 3797 5031 Sed

476 5054 602 5102 Bod.
634 5054 681 5113 1,
701 5053 750 5115 2,
772 5052 819 5110 3,
848 5052 893 5101 4.
925 5051 982 5101 Si
1004 5051 1143 5113 Impr
1169 5052 1324 5099 Oxon.
1393 5051 1433 5082 5"
1461 5048 1568 5099 Sed
1594 5054 1651 5100 et
1673 5050 1956 5100 abundare
1978 5050 2109 5100 facit
2135 5050 2257 5100 Bod.
2285 5052 2315 5100 4
2346 5052 2513 5116 Supra
2556 5052 2776 5102 habetur
2802 5068 2819 5101 :
2844 5053 3142 5118 supplevit,
3181 5059 3231 5103 et
3269 5055 3583 5106 abundavit.
3647 5059 3685 5088 ε’
3715 5053 3797 5101 Per

477 5123 686 5172 multas
728 5124 1027 5187 gratiarum
1076 5122 1325 5171 actiones
1369 5120 1531 5171 Sarie.

1600 5125 1641 5156 ⁵³
1682 5124 1785 5173 Per
1830 5123 2140 5187 eleemosyr

2262 5123 2425 5173 Saris.
2494 5125 2535 5158 5’
2567 5124 2939 5189 Operantibus
2979 5124 3102 5173 Bod.
3152 5127 3198 5174 1.
3265 5127 3306 5158 ⁵⁸
3344 5127 3505 5176 Enim
3536 5125 3647 5176 Bod.
3682 5125 3723 5183 1,
3752 5123 3791 5166 3-

475 5194 638 5241 Saris.
707 5196 747 5225 ⁵⁵
769 5193 854 5243 Sic
887 5193 997 5240 Ver.
1032 5190 1152 5239 Thu.
1190 5190 1328 5238 Foss.
1351 5189 1563 5239 deerant
1590 5192 1641 5239 in
1660 5192 1816 5256 lmpr.
1884 5194 1926 5226 ⁵⁸
1955 5193 2035 5244 Ne
2057 5194 2195 5245 forte
2233 5194 2390 5244 West.
2422 5194 2575 5245 Ebor.
2616 5198 2752 5246 Foss.
2782 5209 2853 5247 ne
2891 5209 2990 5259 pro
3017 5198 3069 5245 te
3106 5197 3492 5261 patrimonium
3530 5194 3725 5261 perdas,
3748 5189 3793 5239 id

475 5264 595 5327 agis
620 5268 681 5313 ut
711 5264 847 5328 ipse,
878 5276 975 5326 pro
999 5262 1335 5327 patrimonio
1359 5273 1552 5325 pereas
1589 5263 1701 5312 Ver.

1779 5383 2003 5465 Steph.
2052 5383 2301 5449 Baluzii
2343 5390 2539 5449 notae.

539 5503 635 5568 (18)
686 5503 781 5554 Ubi
818 5508 993 5555 autem
1039 5501 1499 5564 invenit.,Codex
1544 5504 1796 5555 Lamonii
1832 5519 1843 5554 :
1894 5507 2112 5555 Inventa

476 5582 651 5628 autem
680 5578 917 5641 pretiosa
944 5576 1268 5641 margarita.

539 5650 636 5711 (19)
690 5651 853 5700 Deum
906 5650 1114 5713 cogitat.
1170 5646 1361 5700 Codex
1419 5647 1611 5699 Sancti
1664 5646 1888 5710 Albini,
1942 5648 2109 5699 Deum

469 5721 708 5785 frenarat.
771 5720 1164 5786 Burgundicus
1222 5724 1277 5771 et
1340 5720 1715 5771 Lamonianus
1743 5756 1756 5781 ,
1830 5720 1933 5769 Deo
1996 5720 2107 5781 fos-

466 5796 997 5930 ttlcgtggilhlammona.
1025 5861 1166 5915 Vide
1213 5861 1449 5915 Cwlium
1494 5861 1896 5933 Caleagninum
1941 5861 2036 5914 lib.
2068 5876 2104 5927 ι,

2211 5510 2372 5659 flgiti
2401 5506 2797 5641 ΞῙὲἰλαεείρυιαηι.
2851 5579 2976 5628 Duo
3034 5577 3159 5629 libri
3203 5582 3413 5631 veteres
3456 5577 3650 5630 addunt
3689 5573 3785 5624 dia-

2210 5648 2372 5784 “('32)
2429 5722 2607 5772 Deesse
2654 5720 2912 5772 subsidia.
2969 5721 3162 5774 Codex
3205 5722 3392 5774 Sancti
3426 5718 3615 5779 Albini,
3642 5713 3785 5781 possit

2206 5791 2378 5874 deesse
2403 5790 2731 5845 substantia.
2763 5792 2856 5847 Sic
2879 5793 3047 5847 etiam
3091 5795 3351 5861 scriptum
3398 5796 3507 5844 erat
3547 5790 3599 5840 in
3636 5786 3782 5836 Vero~

2204 5876 2384 5916 1161181.
