3998 6194
167 283 253 339 633
1200 275 1401 332 LIBER
1442 277 1529 332 DE
1567 273 1792 332 ΟΡΕΗΕ
1828 274 1915 331 ET
1951 273 2431 331 ELEEMOSYNIS.
3388 282 3489 336 est
3570 248 3575 251 ’

163 404 358 471 vitae“,
389 418 514 457 cum
552 400 824 473 scriptum
865 399 976 456 sit:
1009 402 1129 459 Non
1168 401 1368 457 occidet
1395 402 1544 468 fame
1571 404 1749 456 Domi-
1776 411 2053 484 Arorum
2107 397 2176 452 ab
2225 396 2490 469 operibus
2526 398 2887 454 retarderis?
2937 400 3079 465 Quid
3133 402 3375 458 umbras
3432 409 3489 458 et

162 515 251 556 nus
283 500 510 553 animum
537 497 751 567 justam
798 497 995 564 (Prom,
1027 511 1080 564 χ,
1112 497 1185 567 3).
1242 495 1427 551 Helias
1469 496 1527 551 in
1559 496 1753 552 solitu-
1857 490 2182 563 praestigias
2229 492 2507 562 quasdam
2552 508 2715 547 vanae
2770 496 3149 551 excusationis
3176 497 3438 552 obtendis
3462 498 3490 553 τ

163 595 278 649 dine
319 591 493 646 corvis
538 589 999 646 ministrantibus
1035 588 1303 661 pascitur,
1336 593 1393 645 et
1437 590 1655 646 Danieli
1698 591 1759 646 in
1860 583 2147 641 Conﬁtere
2176 585 2296 640 imo
2327 601 2455 656 quae
2486 600 2617 639 vera
2643 590 2810 657 sunt;
2848 593 2905 643 et
2934 589 3064 660 quia
3101 590 3343 646 scientes
3368 607 3487 647 non

157 689 266 744 lacu
292 686 363 741 ad
388 686 619 740 leonum
665 683 923 755 praedam
953 684 1116 755 jussu
1152 684 1303 756 regis
1338 684 1559 739 incluso
1588 701 1758 756 pran-
1859 685 2022 754 potes
2068 682 2286 751 fallere,
2325 686 2541 738 secreta
2592 685 2649 739 et
2699 684 2890 741 abdita
2938 688 3143 742 mentis
3188 705 3483 760 exprome.

161 783 297 836 dium
352 779 615 835 divinitus
660 782 1006 850 apparatur;
1050 782 1109 834 et
1151 781 1214 834 tu
1258 779 1462 835 metuis
1515 796 1589 835 ne
1621 794 1754 850 ope-
1857 780 2217 836 Obsederunt
2242 780 2501 836 animum
2552 788 2713 837 tuum
2771 784 3077 839 sterilitatis
3110 786 3377 854 tenebrae,
3409 789 3485 856 et,

156 877 282 930 ranti
308 874 410 931 tibi
435 877 494 929 et
520 874 824 928 Dominum
853 872 1201 944 promerenti
1223 872 1368 928 desit
1395 873 1755 942 alimentum,
1858 875 2161 930 recedente
2194 874 2327 930 inde
2357 875 2572 931 lumine
2599 876 2869 947 veritatis,
2908 880 3134 933 carnale
3175 896 3348 950 pecus
3374 881 3488 937 alta

154 968 361 1044 quando
379 969 500 1040 ipse
525 968 583 1022 in
604 967 1018 1039 Evangelio,ad
1032 967 1535 1039 exprobrationem
1556 985 1755 1024 eorum
1863 976 1922 1027 et
1952 973 2236 1044 profunda
2285 973 2538 1029 avaritiae
2578 975 2765 1047 caligo
2811 977 3056 1032 ctecavit.
3089 978 3347 1033 Pecunia:
3378 984 3491 1034 tum

153 1063 336 1135 quibus
363 1064 411 1097 ⁵⁸
440 1077 603 1117 mens
630 1061 805 1117 dubia
832 1067 916 1117 est
941 1064 997 1118 et
1021 1061 1161 1117 ﬁdes
1181 1061 1295 1135 61
1313 1061 1373 1136 ο
1408 1079 1595 1134 parva,
1627 1080 1760 1118 cou-
1861 1066 2114 1138 captivus
2142 1072 2199 1124 et
2243 1083 2435 1121 servus
2476 1085 2556 1135 es,
2602 1069 2813 1124 catenis
2853 1068 3179 1142 cupiditatis
3210 1075 3267 1125 et
3291 1071 3487 1126 vincu-

152 1159 371 1214 testetur
410 1162 465 1212 et
514 1156 701 1211 dicat:
732 1158 974 1227 Aspicite
1012 1158 1263 1213 volatilia
1317 1159 1450 1224 caeli,
1502 1160 1758 1228 quoniam
1862 1165 1929 1219 Iis
1958 1165 2223 1237 alligatus
2250 1181 2327 1234 es,
2357 1168 2415 1221 et
2441 1182 2613 1238 quem
2638 1168 2761 1238 jam
2798 1169 3047 1223 solverat
3084 1168 3355 1236 Christus,
3390 1169 3488 1223 de-

154 1267 247 1307 non
271 1253 557 1319 seminam,
586 1265 759 1322 neque
783 1255 1013 1317 metunt,
1042 1267 1213 1322 neque
1241 1253 1507 1323 colligunt
1532 1256 1588 1307 in
1628 1254 1733 1308 hort

1907 1278 1971 1317 uo
2000 1262 2218 1318 vinctus
2251 1280 2329 1319 es.
2357 1264 2558 1320 Servas
2588 1267 2916 1337 pecuniam,
2951 1283 3080 1339 quae
3108 1270 3162 1322 te
3194 1270 3422 1321 servata
3439 1267 3486 1301 (⁵³

152 1361 253 1412 rea,
288 1350 338 1399 et
373 1347 538 1400 Pater
575 1348 746 1400 uester
790 1347 1014 1401 caelestis
1045 1348 1148 1401 alit
1180 1346 1227 1381 59
1271 1347 1390 1401 illa.
1431 1349 1618 1404 Nonne
1667 1363 1731 1401 υο

1910 1373 1973 1411 )n
1995 1364 2201 1413 servat.
2231 1358 2650 1414 Patrimonium
2678 1362 2950 1430 cumules,
2968 1361 3126 1433 quod
3155 1364 3209 1416 te
3238 1361 3489 1433 pondere

148 1440 304 1510 Pluris
353 1440 467 1495 “(is
521 1442 645 1495 εδτίδ
699 1440 938 1509 (Matth,
985 1456 1055 1507 Vl,
1111 1440 1247 1510 26)?
1298 1441 1565 1496 νοῙιιοΓθε
1614 1442 1757 1496 Deus
1859 1467 1961 1505 suo
1995 1454 2266 1506 onerat“
2303 1452 2443 1524 (24);
2504 1470 2609 1508 nec
2648 1454 2960 1510 meministi
3004 1455 3142 1527 quid
3188 1456 3335 1511 Deus
3372 1471 3487 1510 res-

153 1533 331 1604 poscit,
374 1536 432 1588 et
474 1533 798 1605 Passeribus
839 1533 1111 1589 alimenta
1144 1534 1346 1590 diurna
1376 1540 1753 1606 ρι’θεεῐθηὶυνὶ
1857 1544 2123 1616 ponderit
2172 1546 2333 1601 diviti
2389 1547 2819 1602 exuberantiam
2904 1550 3196 1605 fructuum
3270 1548 3489 1621 copiam

149 1631 195 1681 el
215 1626 411 1698 quibus
439 1627 631 1682 nullus
665 1627 868 1683 divinae
909 1629 993 1684 rei
1040 1644 1242 1683 sensus
1284 1633 1387 1693 est,
1420 1630 1499 1685 eis
1526 1646 1628 1685 nec
1655 1646 1758 1701 ρο·
1858 1639 2035 1694 stulta
2062 1640 2110 1675 σε
2137 1640 2516 1696 exsultatione
2541 1642 2811 1712 jactanti:
2844 1639 3025 1716 611
3056 1645 3254 1707 Stulte,
3278 1644 3486 1715 inquit,

149 1726 223 1776 tus
245 1736 345 1776 nec
389 1721 550 1776 cibus
572 1722 790 1782 .deest:
823 1726 884 1777 tu
933 1722 1267 1790 Christiano,
1316 1726 1379 1779 tu
1421 1724 1521 1779 Dei
1567 1740 1752 1792 servo,
1778 1793 1828 1805 ﬁ
1857 1733 1957 1787 hac
2007 1740 2158 1789 nocte
2190 1735 2570 1805 expostulatur
2600 1738 2783 1803 anima
2819 1743 2917 1791 tua
2956 1755 2990 1791 α
3028 1742 3095 1792 te.
3135 1737 3261 1803 Quae
3286 1737 3334 1772 ⁵⁸
3365 1753 3488 1805 ergo

148 1818 198 1868 tu
236 1814 502 1886 operibus
546 1815 709 1872 bonis
758 1817 966 1879 dedito,
1018 1823 1080 1872 tu
1133 1817 1370 1873 domino
1419 1834 1519 1872 suo
1559 1818 1750 1889 charo,
1776 1793 1832 1865 B
1848 1830 2071 1896 parasti
2094 1793 2431 1897 cujuserunt
2459 1829 2632 1900 (Luc.,
2654 1795 2915 1901 x11,‘20)?
2953 1830 3101 1895 Quid
3136 1793 3355 1885 divitiis
3376 1793 3488 1885 tuuis

149 1902 339 1975 aliqum
367 1904 657 1959 θιίδῑίωδε
689 1905 1020 1961 demtum!“
1048 1908 1075 1962 ?
1855 1921 2005 1975 solus
2037 1921 2270 1976 incubas
2289 1923 2316 1977 ?
2344 1923 2481 1994 quid
2507 1922 2566 1977 in
2596 1940 2830 1994 poenam
2859 1929 3020 1978 tuam
3048 1923 3379 1995 patrimonii
3404 1922 3487 1979 tui

203 2016 299 2071 XII.
326 2016 447 2071 Nisi
495 2016 540 2071 si
577 2021 740 2087 putas
771 2018 819 2052 ⁶⁰
858 2019 993 2089 quia
1031 2020 1130 2090 qui
1164 2018 1449 2075 Christum
1487 2020 1686 2092 pascit,
1719 2038 1753 2076 a
1854 2015 2075 2086 pondus
2104 2031 2437 2088 exaggeras,
2483 2021 2551 2071 ut
2588 2033 2701 2088 quo
2742 2017 3078 2089 locupletior
3119 2019 3324 2072 saeculo
3362 2017 3483 2071 fue-

146 2110 341 2165 Christo
383 2111 514 2182 ipse
545 2127 658 2165 non
702 2112 974 2183 pascitur,
1004 2118 1104 2168 aut
1140 2112 1223 2168 eis
1254 2118 1481 2169 terrena
1512 2114 1754 2170 deerunt
1852 2108 1951 2176 ris,
2002 2110 2305 2181 pauperior
2342 2112 2454 2166 Deo
2491 2110 2640 2166 ﬁas?
2687 2111 2962 2168 Redditus
3005 2111 3117 2183 (25)
3143 2116 3268 2166 tuos
3299 2111 3487 2167 divide

145 2204 324 2275 quibus
352 2205 608 2260 ccelestia
634 2211 689 2261 et
717 2205 907 2261 divina
937 2206 1282 2262 tribuuntur.
1323 2208 1484 2264 Unde
1515 2210 1635 2264 haec
1662 2209 1748 2265 iu-
1851 2218 1983 2257 cum
2027 2203 2272 2258 Domino
2324 2206 2435 2260 Deo
2484 2211 2605 2275 tuo,
2653 2205 2873 2260 fructus
2926 2209 3054 2261 tuos
3096 2205 3309 2277 partire
3357 2221 3486 2259 cum

143 2298 346 2356 credula
369 2300 646 2371 cogitatio
668 2300 696 2354 ?
725 2301 872 2355 unde
897 2300 1074 2372 impia
1099 2307 1156 2357 et
1185 2302 1462 2375 sacrilega
1486 2303 1594 2357 ista
1622 2321 1747 2359 me-
1851 2299 2100 2371 Christo,
2158 2300 2247 2357 fac
2304 2302 2405 2357 tibi
2474 2303 2903 2375 possessionum
2960 2304 3320 2359 terrestrium
3373 2302 3483 2375 (26)

142 2393 312 2449 dilatio
340 2393 367 2449 ?
393 2394 509 2460 Qui
545 2394 680 2450 facit
724 2395 783 2449 in
819 2395 990 2450 domo
1026 2395 1159 2451 ﬁdei
1190 2396 1470 2467 perﬁdum
1496 2401 1695 2468 pectus
1721 2398 1749 2453 ’ἲ
1850 2398 2144 2454 Christum
2176 2399 2533 2472 participem,
2562 2408 2625 2457 ut
2650 2407 2705 2457 et
2735 2402 2826 2457 ille
2852 2405 2908 2456 te
2930 2402 3039 2457 sibi
3075 2401 3247 2457 faciat
3272 2418 3479 2473 regno-

142 2487 279 2556 Ouid,
307 2489 403 2560 qui
431 2489 658 2543 Christo
693 2489 926 2544 omnino
956 2506 1075 2544 non
1120 2491 1320 2555 credit,
1348 2493 1664 2563 appellatur
1692 2495 1750 2547 et
1856 2508 1990 2547 rum
2021 2494 2337 2549 cmlestium
2367 2495 2751 2551 cohaeredem.

142 2580 324 2637 dicitur
364 2582 774 2640 Christianus?
820 2584 1083 2639 Pharisaei
1128 2585 1229 2639 tibi
1276 2587 1459 2657 magis
1485 2586 1747 2658 congruit
1920 2587 2051 2641 XIV.
2082 2588 2250 2642 Erras
2296 2592 2355 2643 et
2395 2589 2627 2658 falleris,
2674 2590 2930 2662 quisquis
2968 2595 3023 2645 te
3063 2589 3121 2644 in
3162 2589 3367 2644 saeculo
3398 2588 3482 2643 di-

142 2692 347 2733 nomen.
386 2678 564 2746 Nam,
592 2694 725 2734 cum
762 2680 1030 2734 Dominus
1072 2680 1134 2733 in
1172 2681 1477 2751 Evangelia
1507 2683 1576 2737 de
1604 2684 1747 2739 elee-
1847 2680 2025 2736 vitem
2051 2682 2256 2737 credis.
2289 2682 2437 2737 Audi
2460 2684 2520 2737 in
2545 2684 2882 2755 Apocalypsi
2912 2685 3141 2741 Domini
3180 2683 3263 2738 tui
3286 2698 3484 2737 vocem

139 2773 362 2843 mosynis
389 2773 738 2844 disputaret,
769 2778 827 2828 et
858 2777 919 2828 ut
944 2773 1106 2828 nobis
1129 2774 1338 2828 amicos
1363 2775 1433 2830 de
1467 2779 1748 2832 terrestri-
1847 2774 2133 2845 ejusmodi
2160 2776 2425 2831 homines
2443 2777 2614 2848 justis
2653 2777 3142 2849 objurgationibus
3182 2778 3479 2848 increpan-

139 2862 415 2921 bnslucris
477 2867 584 2937 (23)
625 2868 857 2938 provida
895 2868 1227 2939 Operatione
1264 2868 1599 2941 faceremus,
1648 2872 1745 2943 qui
1844 2869 1963 2922 tem
2011 2884 2024 2921 :
2077 2871 2241 2937 Dicit,
2288 2870 2490 2942 inquit,
2544 2874 2695 2927 Dives
2746 2887 2884 2939 sum,
2946 2878 2997 2927 et
3025 2873 3236 2927 ditatus
3262 2887 3402 2938 sum,
3433 2875 3484 2925 et

141 2973 221 3012 nos
245 2960 617 3031 postmodum
645 2962 701 3015 in
728 2961 1099 3017 tabernacula
1133 2966 1342 3017 interna
1366 2964 1742 3035 susciperent,
1847 2963 2060 3017 nullius
2086 2964 2133 2999 ⁵⁷
2163 2967 2245 3018 rei
2286 2981 2444 3033 egeo;
2472 2973 2524 3020 et
2560 2969 2725 3021 nescis
2751 2969 3010 3036 quoniam
3053 2972 3113 3021 tu
3151 2981 3203 3021 es
3235 2968 3395 3020 miser
3431 2970 3485 3019 et

139 3051 355 3108 ﬁdeliter
380 3072 457 3110 ac
484 3055 786 3110 salubriter
808 3058 1744 3129 praemoneret,addiditposthaec
1848 3058 2175 3112 miserabilis
2205 3058 2336 3127 (2'7),
2388 3066 2439 3113 et
2491 3076 2704 3130 pauper
2738 3062 2808 3124 ⁸⁸,
2856 3066 2907 3115 et
2961 3076 3143 3121 czecus,
3194 3068 3246 3115 et
3296 3059 3485 3114 nudus

141 3148 404 3221 Scriptura
464 3149 663 3204 dicens
686 3150 728 3183 ⁶¹
769 3166 782 3204 :
840 3151 1153 3206 Audiebant
1204 3157 1380 3207 autem
1421 3153 1529 3207 hac
1567 3156 1745 3209 omnia
1768 3187 1819 3225 ρ
1846 3151 2055 3207 Suadeo
2089 3152 2190 3205 tibi
2235 3168 2401 3208 emere
2440 3170 2475 3208 a
2514 3171 2595 3210 me
2642 3171 2837 3210 aurum
2890 3157 3122 3225 ignitum
3150 3155 3197 3190 69
3235 3155 3301 3208 de
3338 3155 3478 3224 igni,

140 3244 392 3307 Pharisaei,
451 3247 558 3315 qui
593 3251 748 3299 erant
792 3245 1145 3315 cupidissimi,
1189 3251 1240 3301 et
1283 3247 1589 3302 irridebant
1627 3264 1747 3303 eum
1773 3244 1822 3260 υ
1847 3248 1910 3298 ut
1934 3246 2008 3299 sis
2035 3246 2219 3313 dives;
2261 3254 2313 3301 et
2366 3253 2559 3304 vestem
2587 3250 2787 3317 albam,
2820 3256 2883 3304 ut
2916 3251 3165 3305 vestiaris
3193 3249 3261 3311 ⁷ο,
3296 3252 3347 3304 et
3376 3264 3482 3302 non

144 3338 296 3405 (Luc.,
324 3355 433 3405 xv1,
470 3339 580 3409 14).
624 3339 822 3402 Quales
848 3355 1000 3393 nunc
1027 3339 1305 3410 quosdam
1325 3341 1371 3376 ⁶²
1412 3342 1471 3396 in
1497 3343 1746 3398 Ecclesia
1845 3344 2114 3409 appareat
2145 3342 2202 3394 in
2225 3345 2273 3396 te
2290 3343 2511 3409 fmditas
2538 3344 2808 3399 nuditatis
2822 3342 2936 3417 61
2953 3343 3013 3416 2
3041 3349 3166 3406 litae,
3191 3349 3241 3398 et
3259 3343 3481 3411 collyrio

140 3430 385 3501 videmus,
417 3449 672 3505 quorum
714 3433 1005 3505 praeclusas
1041 3451 1208 3490 aures
1246 3438 1305 3489 et
1340 3437 1508 3491 corda
1535 3442 1744 3493 caecata
1844 3434 2048 3502 inunge
2072 3433 2116 3467 ⁷¹
2169 3436 2347 3491 oculos
2384 3443 2502 3492 ιιιοε
2530 3444 2591 3493 ut
2631 3439 2819 3494 υίάθαε
2862 3439 3078 3511 (ΑΡοοορ
3126 3454 3207 3506 ιιι,
3253 3441 3337 3505 17»
3366 3434 3478 3506 28)·

138 3526 331 3581 nullum
377 3528 449 3583 de
500 3527 847 3598 spiritalibus
899 3544 962 3583 ac
1006 3529 1347 3585 salutaribus
1387 3532 1614 3587 monitis
1660 3533 1744 3588 lu-
1842 3524 1947 3590 Qui
1994 3542 2132 3599 ergo
2181 3530 2440 3602 locuples
2484 3536 2542 3587 et
2581 3532 2734 3588 dives
2773 3549 2851 3601 es,
2886 3549 3013 3588 eme
3056 3533 3159 3588 tibi
3194 3550 3227 3587 a
3256 3532 3478 3592 Christo

138 3634 246 3674 men
275 3621 626 3677 admittunt?
653 3622 721 3677 de
744 3623 950 3694 quibus
978 3624 1172 3679 mirari
1200 3641 1313 3679 non
1344 3629 1569 3695 oportet
1588 3627 1743 3698 quod
1845 3638 2050 3679 aurum
2103 3625 2373 3699 ignitum,
2420 3634 2500 3699 ut,
2554 3631 2820 3686 sordibus
2866 3632 2977 3686 tuis
3018 3636 3292 3703 tanquam
3345 3630 3479 3701 igne

139 3719 484 3771 contemnant
526 3716 585 3770 in
630 3717 960 3772 tractatibus
1012 3734 1260 3787 servum,
1290 3720 1519 3791 quando
1559 3737 1592 3775 a
1620 3721 1745 3775 tali—
1845 3717 2115 3789 decoctis,
2172 3738 2292 3778 esse
2342 3740 2547 3778 aurum
2593 3725 2874 3781 mundum
2914 3726 3113 3797 possis,
3155 3726 3201 3780 si
3236 3726 3482 3780 eleemo-

136 3804 222 3862 bus
243 3808 423 3880 ipsum
467 3810 775 3866 Dominum
818 3811 1116 3866 videamus
1161 3828 1281 3868 esse
1326 3817 1741 3886 contemptum.
1846 3812 1998 3883 synis
2025 3817 2083 3868 et
2105 3814 2262 3886 justa
2303 3818 2635 3889 Operatione
2666 3820 2950 3892 purgeris.
2996 3821 3134 3875 Eme
3158 3819 3263 3874 tibi
3290 3817 3480 3873 albam

191 3904 308 3959 XIII.
337 3905 492 3969 Quid
536 3904 638 3960 tibi
677 3904 737 3959 in
780 3905 899 3960 istis
941 3906 1153 3977 ineptis
1194 3910 1253 3961 et
1288 3909 1474 3963 stultis
1530 3909 1744 3981 cogita-
1848 3900 2088 3979 vestem,
2138 3919 2199 3969 ut
2243 3917 2342 3985 qui
2386 3918 2702 3973 secundum
2745 3918 2923 3973 Adam
2964 3917 3151 3972 nudus
3200 3918 3390 3972 fueras
3427 3922 3483 3972 et

137 3993 358 4052 tionibus
386 3999 632 4092 plaudis,
677 3999 837 4071 quasi
886 4003 1043 4055 metu
1091 4005 1148 4055 et
1192 4002 1567 4059 sollicitudine
1598 4005 1746 4060 futu-
1850 4009 2127 4067 horrebas
2154 4019 2289 4069 ante
2311 4014 2601 4087 deformis,
2632 4018 2968 4074 indumento
3000 4016 3205 4072 Christi
3240 4015 3479 4071 candido

1494 4160 1706 4227 Variae
1761 4164 2101 4233 lectiones.

190 4290 223 4324 ⁵⁷
253 4294 457 4378 Qeesse
480 4293 799 4378 subsfgutia.
818 4296 927 4378 νςνο
998 4294 1320 4378 {Quorum
1354 4296 1536 4378 lfjeg._
1578 4298 1620 4333 59
1648 4299 1833 4353 Pascit
1854 4305 1942 4355 Ar.
1965 4306 2104 4378 tam.
2128 4299 2238 4359 Lm.
2306 4312 2347 4343 σο
2370 4313 2486 4363 Nisi
2504 4318 2669 4378 putas
2694 4314 2843 4378 quod
2866 4315 2958 4363 Ar.
2982 4313 3104 4363 Bod.
3126 4312 3175 4363 2.
3240 4310 3284 4345 ιι
3307 4309 3488 4373 Sci-ip—

138 4363 239 4439 tura
266 4366 457 4439 divina
480 4371 580 4439 Ar.
618 4367 751 4416 Voss.
781 4369 827 4416 1.
854 4367 994 4416 Lam.
1022 4367 1146 4416 Bod.
1185 4367 1231 4419 2.
1259 4368 1307 4419 3.
1373 4368 1415 4402 θ’
1442 4370 1604 4421 Tales
1642 4385 1796 4424 nunc
1839 4377 1929 4425 Ar.
1961 4376 2168 4439 Quales
2192 4394 2343 4433 nunc
2388 4384 2444 4433 in
2486 4363 2930 4435 EcclesiaOzon.
2996 4384 3038 4417 ⁸³
3083 4388 3130 4436 Α
3175 4386 3231 4433 te
3277 4363 3493 4433 servata

136 4432 274 4520 buris.
360 4438 405 4470 ⁶⁴
420 4437 525 4520 §ic
549 4442 740 4520 onerat
762 4440 851 4520 Ar.
886 4439 1212 4520 lites-{.llzam.‘
1246 4440 1412 4520 Saris.
1440 4442 1638 4520 θοᾷ-..1,
1660 4444 1862 4520 2,3,4.
1896 4432 2012 4520 Suo
2048 4454 2272 4513 gravius
2294 4432 2449 4505 Oxon.
2487 4432 2561 4488 Ἓξ
2762 4432 2929 4506 stulta
2944 4467 3003 4505 se
3037 4432 3150 4505 vi}.
3186 4432 3258 4485 7“
3287 4432 3490 4503 Anima

134 4506 233 4589 Eua‘
260 4522 383 4589 qua?
420 4511 536 4589 Ῑξςνι
562 4511 652 4589 Αζκ
688 4509 855 4589 ξίξνζδζ-
921 4508 965 4589 :7
989 4509 1393 4589 Εῑ-ἀῇδξυὲηθι
1413 4514 1656 4589 fluuios:
1683 4506 1851 4568 Sarus.
1919 4518 1961 4553 ⁸⁸
1998 4506 2162 4573 Miser
2190 4529 2245 4575 et
2271 4540 2482 4589 pauper
2524 4506 2679 4579 West:
2711 4527 2874 4576 Saris.
2921 4526 3044 4575 Bod.
3071 4528 3114 4575 1.
3181 4524 3226 4555 ⁶⁹
3270 4524 3486 4573 Aurum

135 4576 402 4638 probatum
438 4581 574 4630 Voss.
601 4584 645 4629 l.
714 4579 757 4612 ⁷⁰
777 4580 867 4631 Sic
917 4581 1039 4632 Bod.
1065 4581 1238 4646 1,3,4.
1262 4583 1382 4633 Thu.
1404 4585 1542 4634 Foss.
1570 4585 1775 4637 Albam
1798 4591 2065 4643 vestiaris.
2094 4595 2253 4656 lmpr.
2271 4576 2645 4647 ‘Induaris'Ar.
2665 4596 2790 4646 Bod.
2816 4595 2862 4645 2.
2892 4597 2999 4645 Mli.
3069 4594 3111 4628 ⁷¹
3136 4594 3294 4659 Unge
3317 4592 3482 4640 Saris.

1408 4718 1632 4802 Steph.
1691 4722 1938 4789 Baluzii
1980 4734 2175 4794 notas.

185 4866 272 4929 (23)
296 4869 370 4918 De
402 4865 738 4918 terrestribus
776 4866 950 4916 lucris.
982 4866 1157 4917 Vetus
1203 4867 1382 4919 codex
1414 4872 1743 4921 monasterii
1764 4865 1823 4937 D
1846 4861 2245 4937 Sermoneﬁde
2274 4859 2579 4937 Conﬁdis}
2618 4876 2646 4906 α
2685 4859 2907 4937 0089ῑο
2947 4856 3095 4937 enim
3124 4857 3314 4937 ,αξθὶοΥ
3347 4867 3481 4937 ερεξ-

135 4926 593 5003 Compendiensis,
617 4943 663 4988 et
689 4943 747 4987 ut
778 4937 1012 5010 nobisde
1040 4938 1376 4991 terrestribus
1401 4941 1567 5005 copiis
1594 4942 1745 4994 lucra
1764 4926 1815 4937 υ
1845 4934 1997 5010 rei!"
2026 4933 2274 5010 redditus
2319 4931 2386 5010 dp
2446 4931 2653 5010 majore
2691 4929 2940 5010 εθωξῑιθχ
2962 4931 3141 5010 Ρίξξφεςῑ
3177 4931 3363 5010 tam?
3402 4926 3481 5010 fle

135 5000 309 5071 magna
329 5011 560 5075 provida
582 5000 896 5074 operatione
918 5008 1225 5071 faceremus.
1461 5000 1477 5005 ⁷
1845 5005 2044 5067 exigua
2087 5006 2299 5055 satione
2340 5005 2555 5054 fructus
2596 5002 2890 5067 provenire
2922 5000 3247 5075 justitiam)
3293 5000 3365 5049 Et
3385 5002 3481 5075 ta:

189 5068 272 5142 (ἐι)
316 5068 547 5132 Pondere
600 5068 696 5132 suo
747 5068 948 5131 onerat.
1012 5081 1094 5130 Ita
1154 5094 1349 5132 omnes
1391 5086 1606 5135 veteres
1631 5085 1747 5135 edi-
1845 5091 1974 5151 men
2037 5077 2316 5151 Cujacius,
2364 5076 2457 5151 1_i_b.
2519 5089 2581 5151 ix
2646 5076 2933 5135 Observat,
2962 5085 3127 5151 cap.“
3165 5072 3265 5151 155,.
3290 5068 3484 5151 scribit

136 5150 308 5214 tiones,
334 5166 527 5204 omnes
557 5152 683 5202 libri
712 5152 906 5213 nostri,
942 5155 997 5202 et
1030 5155 1156 5201 octo
1190 5153 1501 5217 Anglicani.
1543 5156 1745 5207 Pame-
1844 5149 2069 5211 reditus,
2098 5141 2153 5200 et
2181 5150 2252 5198 ita
2282 5146 2643 5200 scribendum
2694 5158 2813 5196 esse
2850 5142 3136 5217 contendit
3155 5141 3483 5217 _Salmasius

135 5222 228 5275 lius
254 5212 319 5276 ex
349 5226 591 5275 editione
620 5224 831 5284 Gravii,
863 5212 924 5273 ut
963 5225 1081 5286 ipse
1121 5225 1217 5286 ait,
1265 5212 1465 5289 a'djecit
1505 5231 1745 5290 gravius,
1845 5222 1917 5271 ad
1957 5223 2240 5285 scriptores
2284 5220 2531 5270 Historiae
2586 5220 2848 5290 Augustae,
2892 5228 3014 5290 pag.
3120 5214 3283 5290 __Is_tic
3336 5212 3484 5277 apud

137 5307 243 5346 cum
268 5303 451 5349 tamen
479 5311 589 5348 vox
613 5296 706 5347 illa
730 5309 843 5346 non
872 5285 1136 5346 exstetin
1173 5285 1415 5349 editione
1451 5285 1579 5362 quas
1606 5285 1744 5349 dici;
1847 5292 2186 5367 Cyprianum
2211 5291 2387 5367 codex
2413 5285 3077 5367 compendiensis'habet
3100 5285 3329 5367 divitias.
3375 5355 3408 5367 η

138 5369 210 5416 iur
233 5367 432 5420 Gravii.
1467 5354 1486 5362 ’
1893 5354 2009 5428 ’(ίέϐ)
2037 5364 2419 5414 Possessionum
2457 5360 2803 5410 terrestrium.
2846 5358 2968 5428 Non
3008 5355 3260 5419 improbo
3284 5354 3485 5428 lectio-

189 5439 281 5501 (25)
330 5441 593 5492 Redditus.
653 5440 731 5489 Ita
783 5436 1140 5510 scribendum
1195 5444 1298 5502 est,
1382 5455 1496 5491 non
1558 5444 1746 5493 autem
1844 5449 1975 5486 nem
2003 5438 2255 5510 veterum
2285 5428 2807 5510 editionunmpeFac
2836 5427 3034 5510 tibiex
3070 5427 3484 5510 possessionum

136 5498 327 5561 reditus.
350 5511 473 5561 Vox
505 5511 655 5563 enim
682 5510 923 5583 redditus
973 5508 1259 5560 descendit
1285 5498 1326 5560 Va
1368 5512 1536 5562 verbo
1566 5513 1745 5573 reddo,
1846 5507 2184 5583 terrestrium
2212 5508 2481 5583 proventu
2510 5502 2789 5583 Christum
2835 5499 3184 5583 participem.
3204 5513 3241 5583 ί»
3267 5498 3486 5583 Erimus

137 5594 234 5631 non
264 5597 295 5632 a
341 5584 512 5635 redeo.
556 5583 728 5634 Varro
776 5581 871 5633 lib.
919 5595 995 5645 tu,
1038 5582 1102 5632 de
1152 5584 1220 5633 Re
1267 5584 1482 5647 rustica,
1520 5598 1641 5649 cap.
1670 5568 1742 5636 35
1846 5580 2129 5631 Manutius
2146 5568 2396 5649 mutavit.
2420 5574 2797 5625 Manutianam
2823 5570 3127 5621 editionem
3155 5568 3485 5620 confirmant

140 5654 251 5728 fUt
284 5656 567 5719 sexaginta
594 5669 661 5708 eo
708 5667 856 5728 anno
900 5653 1204 5728 reddiderit
1244 5667 1310 5705 ea
1346 5669 1446 5728 par
1486 5648 1634 5707 villte
1659 5656 1747 5707 bis
1847 5655 2032 5728 vetera
2060 5648 2460 5728 exemplaria,“
2552 5716 2603 5728 ὴ
2852 5727 2861 5728 η
2915 5717 2926 5728 ⁸
2992 5713 3037 5728 Ἀ
3191 5708 3420 5728 “MA”:

138 5724 327 5800 tantum
357 5708 623 5791 quantum
655 5732 787 5778 tuus
816 5725 1023 5800 fundus
1054 5722 1247 5800 reddit.
1280 5740 1310 5774 »
1346 5708 1745 5800 Hieronymus,
1846 5723 2011 5800 ___(27)
2058 5722 2123 5770 Et
2147 5708 2512 5800 liniserabil‘is.‘
2552 5716 2689 5800 Hinc
2733 5714 2943 5800 desurth
2989 5713 3048 5763 in
3089 5708 3483 5775 septemdecim

139 5792 221 5843 lib.
245 5808 297 5858 ιι,
347 5787 600 5851 Adversus
643 5798 991 5851 Jovinianum
1022 5813 1039 5847 :
1080 5816 1109 5845 «
1155 5798 1258 5848 Pro
1309 5799 1523 5861 magnis
1558 5787 1746 5850 reddi;
1846 5794 2002 5845 libris
2037 5790 2241 5842 nostris
2267 5795 2321 5842 et
2346 5791 2400 5840 in
2429 5789 2605 5840 tribus
2625 5787 2969 5851 Anglicanis.

141 5864 273 5923 libus
317 5871 699 5934 paterfamilias
759 5871 950 5938 exigit.
1000 5886 1031 5920 ››
1103 5868 1347 5922 Sanctus
1406 5869 1517 5922 Leo
1583 5881 1742 5934 papa,
