3998 6194
449 260 551 317 635

1391 268 1447 326 S.
1488 271 1803 330 CYPRIANI
1841 271 2118 328 OPERUM
2155 267 2327 326 PARS
2364 267 2431 324 Il.
2474 294 2543 307 —
2579 263 2944 323 OPUSCULA.

3683 268 3775 324 636

446 388 722 444 vestiaris.
758 391 821 446 Et
852 406 981 462 quas
1025 395 1291 450 matrona
1333 395 1391 449 in
1432 366 1678 452 Ecclesia
1721 397 1929 452 Christi
1962 397 2071 467 ('28)
2098 394 2313 481 Adeut
2341 391 2491 446 oculi
2525 391 2603 445 tui
2645 389 2927 462 superfusi
2971 385 3218 461 nigroris
3248 387 3494 443 tenebris
3532 395 3585 445 et
3626 400 3776 447 nocte

447 482 696 552 locuples
726 485 773 518 ⁷²
820 489 875 537 et
923 485 1075 541 dives
1130 504 1208 553 es,
1261 488 1476 561 inunge
1517 491 1707 545 oculos
1758 494 1903 557 tuos,
1958 506 2074 544 non

449 574 619 629 stibio
649 576 861 632 diaboli
890 580 958 647 π’,
995 581 1090 635 sed
1128 582 1362 653 collyrio
1406 584 1653 653 Christi;
1688 591 1751 638 ut
1781 584 2077 655 pervenire

378 721 382 723 Α
446 667 514 721 ad
562 668 873 725 videndum
921 673 1097 729 Deum
1138 676 1342 746 possis,
1394 677 1531 731 dum
1580 680 1754 733 Deum
1800 682 1858 733 et
1897 677 2078 749 operi-

446 758 555 813 bus
575 762 624 796 “
655 766 713 817 et
744 765 999 820 moribus
1028 770 1391 837 promereris.

520 855 627 908 XV.
656 857 969 927 Caeterum,
1000 877 1128 932 quas
1175 862 1300 916 talis
1350 880 1430 932 es,
1484 880 1587 918 nec
1635 863 1858 935 operari
1894 864 1953 918 in
1986 866 2081 920 Ec-

450 947 617 1005 clesia
648 954 829 1025 potes.
884 955 1157 1027 Egeutem
1201 956 1351 1014 enim
1400 960 1457 1012 et
1499 974 1809 1033 pauperem
1856 975 1970 1017 non
2009 958 2083 1015 vi.

2176 486 2418 541 contecti
2450 487 2517 540 75.
2551 485 2819 555 Locuples
2851 489 2907 539 et
2928 483 3084 538 dives
3108 499 3184 550 es,
3221 487 3277 537 et
3317 482 3663 538 Dominicum
3688 502 3778 540 ce-

2178 582 2399 635 lebrare
2432 583 2484 633 te
2515 578 2721 644 credis,
2751 594 2879 650 qua:
2917 577 3124 631 corban
3165 576 3273 646 (29)
3316 576 3544 631 omnino
3574 595 3680 632 non
3707 596 3786 634 re~

2177 673 2362 749 spicis,
2396 689 2525 745 quas
2553 673 2609 726 in
2637 670 2751 745 61
2769 670 2829 745 3
2862 670 3218 726 Dominicum
3241 670 3347 740 (30)
3372 670 3492 724 sine
3520 672 3780 727 sacriﬁcio

2183 768 2353 833 venis,
2405 783 2534 837 quas
2583 771 2807 837 partem
2845 764 2914 820 de
2947 763 3225 819 sacriﬁcio
3254 762 3365 834 (3|)
3402 764 3551 835 quod
3578 783 3784 836 pauper

2182 861 2388 917 obtulit
2411 860 2602 915 sumis.
2633 861 2858 914 lntuerc
2880 858 2937 912 in
2964 857 3271 929 Evangelia
3293 857 3521 912 viduam
3550 874 3787 930 princep-

2184 958 2369 1013 torum
2421 952 2806 1010 cmlestium”
2853 966 3202 1018 memorem,
3262 950 3414 1006 inter
3465 950 3607 1025 ipsas
3658 968 3791 1024 pres—

1826 1112 2034 1176 Variae
2091 1111 2431 1175 lectiones.

525 1237 565 1272 ⁷³
597 1240 845 1293 Matrona
875 1244 1122 1309 locuples
1146 1247 1237 1296 Ar.
1267 1248 1430 1298 Sari's.
1466 1247 1591 1296 Bod.
1626 1248 1669 1303 l,
1689 1248 1737 1308 2,
1764 1250 1806 1299 ι.
1875 1247 1915 1282 ⁷³
1943 1247 2159 1297 Diaboli
2183 1246 2446 1296 deformis
2473 1244 2594 1295 Bad.
2621 1244 2668 1296 3.
2741 1242 2781 1278 ⁷⁴
2808 1243 3082 1311 Operibus
3107 1242 3268 1295 bonis
3293 1246 3346 1294 et
3375 1242 3618 1295 moribus
3650 1243 3788 1293 Oxon.

452 1307 498 1343 7‘
525 1310 694 1364 Nocte
719 1315 913 1367 cmeati
938 1307 1072 1366 Foss.
1141 1315 1183 1350 ⁷⁸
1203 1317 1616 1385 Prmccptorum
1651 1307 1968 1371 divinorum
2007 1321 2148 1371 Lam.
2184 1317 2332 1370 Elter.

1778 1438 2003 1520 Steph.
2038 1436 2285 1501 Baluzii
2316 1440 2510 1499 notae.

519 1548 618 1610 (ΞΒ)
669 1551 728 1601 1η
782 1552 1013 1603 Ecclesia
1060 1556 1271 1608 Christi.
1338 1558 1513 1609 Valde
1573 1563 1704 1623 puto
1780 1560 1899 1618 ista,
1959 1572 2084 1623 quae

453 1617 734 1672 desuntin
765 1625 1013 1689 antiquis
1056 1627 1410 1688 editionibus,
1457 1632 1514 1680 in
1557 1617 1748 1680 decem
1796 1617 2085 1680 codicibus

450 1692 654 1763 nostris
682 1697 737 1742 et
780 1696 833 1744 in
885 1698 1134 1762 quinque
1178 1701 1518 1763 Anglicanis,
1563 1701 1748 1751 addita
1784 1716 1910 1751 vero
1955 1705 2085 1750 sunt

2183 1558 2449 1606 rationem
2504 1557 2652 1606 enim
2720 1555 2788 1605 de
2858 1556 3117 1620 episc0po
3178 1552 3635 1613 Montalbanensi,
3681 1568 3793 1619 qua

2184 1642 2335 1678 nunc
2362 1630 2598 1691 primum
2627 1632 2750 1691 post
2784 1630 2862 1677 tot
2891 1640 3065 1677 annos
3103 1640 3163 1677 se
3205 1623 3465 1679 erexerit.
3503 1638 3610 1674 non
3652 1640 3795 1689 posse

2185 1712 2307 1749 esse
2340 1712 2527 1749 veram
2559 1702 2774 1749 certum
2812 1701 2914 1748 est.
2944 1697 3178 1747 Patruus
3225 1697 3377 1747 enim
3422 1698 3542 1759 ejus
3576 1696 3796 1746 Joannes

452 1773 484 1808 a
516 1760 780 1825 Manutio,
814 1778 927 1816 non
957 1760 1162 1818 debere
1194 1760 1314 1820 esse
1361 1770 1415 1820 in
1448 1760 1555 1821 hcc
1585 1773 1723 1821 loco.
1756 1771 1874 1820 Non
1900 1775 2082 1821 tamen
2104 1769 2160 1839 Β
2185 1771 2464 1820 Berterius
2489 1770 2727 1820 excessit
2777 1782 2807 1818 e
2849 1770 2991 1817 vivis
3044 1781 3193 1839 anno
3245 1768 3383 1825 H320,
3415 1778 3599 1816 mense
3644 1768 3793 1816 Jutio.

452 1843 625 1881 ausus
643 1846 781 1906 sum
826 1849 1167 1902 expungere,
1216 1841 1346 1905 quia
1392 1854 1455 1891 ea
1498 1843 1676 1906 reperi
1718 1843 1773 1891 in
1823 1843 2081 1892 undecim

451 1904 685 1952 vetustis
719 1909 1146 1971 exemplaribus.

515 1973 614 2039 (29)
647 1977 868 2029 Corban.
905 1981 981 2031 Ita
1013 1984 1283 2046 scriptum
1312 1985 1421 2035 vidi
1464 1986 1521 2035 in
1558 1999 1760 2036 novem
1796 1985 2085 2036 codicibus

451 2048 865 2119 manuscriptis,
924 2052 1089 2101 etiam
1139 2054 1194 2103 in
1241 2054 1617 2119 Seguieriano.
1695 2057 1804 2106 Alii
1878 2056 2084 2107 habent

454 2115 749 2188 Carbonem
824 2121 913 2171 vel
981 2115 1343 2174 Corbanamf
1385 2127 1675 2188 Fuxensis,
1735 2126 1946 2177 Corban
2030 2132 2084 2178 et

457 2186 775 2239 Carbonem.
808 2192 869 2241 In
910 2196 1091 2258 capite
1130 2210 1207 2246 vn
1255 2198 1542 2262 Evangelii
1593 2186 1904 2249 secundum
1938 2201 2084 2248 Mor-

453 2269 569 2332 cum
620 2263 675 2310 et
719 2261 777 2311 in
829 2263 1077 2328 Epistola
1134 2261 1457 2332 Hieronymi
1515 2271 1585 2319 ad
1655 2272 1962 2319 Gcrunliam
2016 2270 2084 2320 de

452 2326 801 2405 monogamia
834 2349 845 2383 :
880 2326 1108 2394 Corban,
1137 2340 1279 2402 quod
1306 2326 1382 2389 θέι
1417 2340 1629 2391 donum.
1677 2342 1829 2391 Bona
1859 2353 2085 2405 quoque

451 2402 634 2463 potest
659 2416 781 2455 esse
805 2405 971 2457 lectio
1012 2409 1221 2460 codicis
1252 2411 1543 2473 Pithceani,
1580 2413 1635 2461 in
1679 2426 1790 2476 quo
1816 2402 2085 2475 scriptum

454 2475 558 2547 est,
616 2486 732 2547 quae
768 2481 825 2526 ut
866 2477 1002 2528 orba
1044 2482 1256 2531 omnino
1308 2494 1415 2532 non
1454 2475 1709 2545 respz'cis.’
1738 2484 1878 2533 Nam
1919 2483 2085 2547 paulo

453 2546 583 2593 ante
607 2543 920 2610 Cyprianus
979 2550 1120 2602 dixit
1169 2554 1363 2603 matris
1409 2543 1559 2603 illius
1606 2553 1800 2604 oculos
1836 2543 2087 2616 superfu-

449 2625 541 2663 eos
575 2627 694 2667 esse
743 2619 976 2682 nigroris
1024 2623 1267 2674 tenebris
1309 2628 1365 2674 et
1406 2628 1571 2674 nocte
1606 2628 1906 2674 conlectos.
1948 2624 2086 2674 Vide

451 2687 614 2735 notas
645 2686 901 2740 Cotelerii
928 2691 998 2741 ad
1032 2691 1239 2743 librum
1278 2708 1315 2743 II
1362 2695 1801 2745 Constitutionum
1828 2696 2085 2759 Apostoli-

451 2769 654 2830 carum,
685 2773 733 2810 c.
770 2760 851 2822 36,
879 2765 931 2812 et
976 2763 1251 2815 Samuelis
1282 2767 1536 2830 Basnagii
1582 2767 2001 2818 Exercitationes
2031 2768 2087 2816 in

449 2826 762 2891 Baronium,
794 2847 847 2896 p.
873 2834 983 2883 597.

515 2900 616 2963 (30)
658 2903 716 2951 In
768 2904 1113 2955 Dominicum.
1173 2906 1233 2956 Id
1302 2912 1391 2958 est
1434 2908 1489 2958 in
1542 2908 1768 2959 domum
1821 2909 1875 2957 in
1921 2922 2085 2971 quam

454 2970 757 3042 Christiani
842 2978 1184 3028 conveniunt
1256 2978 1326 3028 ad
1403 2979 1735 3029 celebranda
1803 2970 2085 3042 mysteria.

450 3041 788 3095 Constitutio
828 3046 1014 3098 Galeri
1063 3049 1350 3099 Maximini
1402 3065 1501 3113 pro
1557 3041 1882 3102 Christianis
1938 3049 2086 3113 apud

447 3115 732 3175 Ruﬁnum,
761 3117 855 3168 lib.
890 3132 972 3178 Ix,
1019 3133 1066 3171 c.
1099 3122 1130 3171 9

448 3186 507 3236 id
564 3191 650 3238 est
693 3189 984 3240 Dominica
1021 3203 1140 3252 sua,
1179 3196 1240 3240 ut
1281 3193 1591 3243 instaurent
1638 3208 1735 3257 pro
1793 3194 2080 3243 voluntate

449 3270 550 3329 sua
580 3260 965 3321 permittimus.
1013 3281 1040 3307 »
1085 3261 1153 3312 Et
1198 3263 1290 3312 lib.
1328 3276 1384 3323 x,
1416 3278 1536 3327 cap.
1580 3266 1628 3327 3,
1667 3264 1895 3329 quidam
1939 3278 2080 3314 con-

450 3328 627 3379 fessor
678 3332 773 3394 qui
816 3333 1029 3382 vicerat
1056 3334 1467 3397 philosophum,
1495 3336 1568 3384 ait
1599 3352 1611 3384 :
1640 3354 1668 3385 α
1688 3328 1875 3399 Surge
1905 3340 1959 3386 et
1990 3349 2076 3386 se-

450 3412 622 3463 quere
649 3414 738 3451 me
776 3401 846 3451 ad
889 3404 1245 3454 Dominicum
1277 3411 1331 3455 et
1364 3405 1533 3469 hujus
1561 3406 1691 3456 ﬁdei
1725 3405 2078 3469 signaculum

451 3470 746 3533 suscipe.»
791 3472 1170 3537 Hieronymus
1220 3474 1276 3524 in
1334 3474 1611 3526 Chronico
1650 3490 1660 3524 :
1707 3492 1736 3523 α
1777 3477 1833 3524 ln
1882 3478 2079 3525 Antio-

450 3541 577 3592 chia
642 3543 1001 3595 Dominicum
1045 3546 1196 3610 quod
1245 3552 1494 3609 vocatur,
1554 3561 1785 3598 aureum
1815 3546 2079 3599 aediﬁcari

450 3619 716 3677 emptum.
747 3633 777 3661 »
812 3615 1055 3667 Sanctus
1093 3618 1357 3680 Hilarius,
1412 3619 1469 3668 in
1525 3622 1771 3670 extremo
1816 3619 1960 3670 libro
2009 3621 2081 3669 ad

453 3685 822 3737 Constantium
852 3689 950 3752 qui
991 3689 1186 3753 incipit
1228 3690 1560 3754 Bcnigniﬁco,
1600 3692 1674 3741 ait
1712 3691 1780 3741 de
1810 3692 2032 3741 Arianis
2063 3708 2075 3741 :

451 3756 778 3808 «Verentur
808 3760 976 3823 igitur
1022 3760 1213 3826 populi
1258 3761 1571 3825 judicium;
1612 3777 1643 3812 a
1684 3764 1979 3814 Dominico
2010 3763 2080 3814 ad

448 3828 717 3892 palatium
761 3834 1127 3882 transeunt.»
1181 3831 1321 3884 Vide
1371 3834 1657 3898 Beveregii
1698 3834 2080 3884 adnotationes

450 3903 508 3952 in
537 3916 810 3957 canonem
851 3907 910 3956 l5
944 3906 1169 3958 concilii
1204 3908 1505 3971 Ancyrani,
1545 3912 1601 3959 et
1632 3908 1905 3958 Joannem
1953 3908 2078 3959 Ste-

2185 1843 2329 1891 Tum
2366 1855 2495 1891 vero
2555 1841 2848 1904 episcopus
2897 1838 3369 1889 Montalbanensis
3405 1841 3521 1887 erat
3560 1850 3688 1900 puer
3725 1851 3795 1887 xu

2185 1915 2399 1962 tantum
2440 1925 2731 1961 annorum.
2782 1910 2921 1972 Quis
2959 1922 3090 1959 vero
3135 1909 3297 1959 facile
3353 1910 3412 1958 in
3458 1910 3692 1958 animum
3727 1910 3800 1958 iu-

2184 1983 2389 2034 ducere
2441 1986 2606 2046 queat
2653 1994 2888 2044 puerum
2935 1981 3094 2031 istius
3145 1981 3331 2030 atatis
3379 1980 3651 2044 colloquia
3686 1993 3796 2028 cum

2183 2058 2378 2117 patruo
2419 2054 2708 2103 miscuisse
2747 2053 2814 2103 de
2876 2055 2987 2101 tam
3032 2050 3340 2116 grandibus
3389 2050 3628 2100 materiis
3667 2052 3713 2098 et
3739 2048 3797 2099 de

2185 2125 2353 2175 rebus
2396 2127 2470 2175 ita
2527 2125 2754 2175 remotis
2802 2123 2872 2172 ab
2928 2137 3034 2172 usu
3088 2127 3142 2173 et
3197 2123 3424 2186 ingenio
3475 2122 3796 2184 puerorum?

2186 2198 2456 2247 Praeterea
2477 2200 2689 2246 certum
2723 2199 2805 2245 est
2834 2194 3152 2253 Danesium,
3189 2197 3355 2243 aetate
3402 2205 3640 2256 gravem,
3673 2192 3795 2240 duo-

2184 2266 2290 2317 bus
2324 2272 2455 2317 ante
2482 2267 2697 2317 obitum
2747 2266 2908 2315 annis
2937 2265 3278 2315 successisse
3329 2265 3386 2313 in
3426 2262 3796 2313 monasterium

2186 2337 2372 2389 Sancti
2406 2338 2669 2389 Germani
2697 2336 2765 2387 de
2794 2336 2986 2396 Pratis,
3036 2335 3132 2385 ubi
3177 2335 3315 2385 obiit
3353 2342 3408 2385 et
3449 2335 3687 2398 sepultus
3708 2338 3794 2382 est.

2188 2409 2478 2460 Probabile
2523 2422 2686 2473 porro
2742 2422 2853 2457 non
2897 2411 2979 2458 est
3024 2407 3268 2457 voluisse
3335 2408 3516 2456 virum
3593 2406 3797 2455 doctum

2186 2481 2376 2530 divelli
2431 2493 2493 2530 se
2534 2484 2588 2530 et
2636 2481 2879 2543 separari
2942 2494 2973 2528 a
3020 2478 3362 2529 bibliotheca
3385 2491 3522 2535 sua;
3569 2476 3797 2539 adeoque

2186 2551 2613 2605 existimandum
2661 2556 2740 2603 est
2789 2551 2940 2601 illam
2983 2551 3330 2601 transtulisse
3372 2553 3429 2599 in
3455 2562 3549 2599 eas
3581 2548 3720 2598 aedes
3748 2547 3797 2597 in

2187 2625 2392 2689 quibus
2424 2623 2675 2674 habitare
2716 2623 3034 2674 decreverat
3071 2628 3126 2673 et
3163 2622 3258 2671 ubi
3301 2633 3497 2670 revera
3532 2617 3793 2668 habitavit.

2185 2688 2324 2746 Haec
2348 2709 2470 2747 mea
2505 2697 2691 2760 Opinio
2720 2694 3075 2746 conﬁrmatur
3107 2693 3433 2743 testimonio
3459 2688 3796 2751 Genebrardi,

2186 2768 2282 2832 qui
2341 2768 2398 2817 in
2444 2767 2704 2818 Oratione
2743 2765 2928 2816 habita
2970 2767 3025 2815 in
3072 2766 3268 2815 funere
3318 2764 3569 2825 Danesii,
3626 2762 3797 2826 paucis

2187 2838 2387 2888 diebus
2438 2843 2558 2903 post
2616 2838 2766 2887 illius
2805 2838 3110 2887 abitionem
3167 2838 3223 2886 in
3272 2836 3505 2896 caelum,
3532 2836 3604 2884 ait
3646 2832 3798 2882 libros

2187 2912 2308 2973 ejus
2352 2908 2500 2972 apud
2536 2907 2785 2958 bmredes
2824 2910 2942 2955 tum
2978 2908 3167 2967 fuisse,
3211 2911 3265 2956 et
3311 2918 3500 2969 neque
3532 2904 3796 2953 distractos

2186 2993 2369 3044 neque
2401 2979 2654 3029 venditos
2703 2980 2908 3036 fuisse;
2954 2982 3071 3028 tum
3109 2978 3276 3027 etiam
3323 2976 3645 3026 auctoritate
3668 2973 3795 3044 Thes

2188 3043 2319 3109 veti,
2369 3051 2463 3114 qui
2516 3052 2816 3100 Danesium
2879 3050 3308 3099 familiarissime
3369 3050 3601 3097 noverat
3651 3047 3704 3095 et
3752 3043 3795 3093 ei

1184 3136 1196 3169 :
1238 3140 1267 3166 «
1298 3121 1406 3172 Sed
1446 3124 1836 3182 etﬁorationum
1868 3123 2080 3183 domos,
2102 3139 2156 3211 Ο
2183 3124 2505 3185 supervixit.
2541 3122 2591 3170 Is
2633 3126 2816 3171 autem
2856 3121 2913 3170 in
2951 3121 3130 3183 elogio
3175 3122 3296 3183 ejus
3332 3120 3416 3170 sic
3457 3118 3525 3168 de
3555 3114 3794 3166 lucubra-

1281 3193 1585 3211 ε.......ωΔ
1638 3208 1727 3211 μμ-
1793 3194 2075 3211 μ-.-ω.-.,
2185 3192 2428 3211 κωκυ
2466 3194 2580 3211 -,-,-
3058 3192 3196 3211 .u--.
3240 3204 3296 3211 η
3344 3202 3562 3211 _--___-
3605 3200 3689 3211 η,
3721 3200 3787 3211 ,η

2185 3192 2432 3242 tionibus
2461 3194 2583 3255 ejus
2627 3193 2891 3255 loquitur,
2944 3197 3003 3241 ut
3052 3192 3200 3241 dicat
3237 3204 3298 3241 se
3343 3202 3565 3254 sperare
3604 3200 3690 3236 eas
3721 3200 3792 3234 re-

2179 3266 2343 3328 periri
2394 3266 2535 3313 inter
2575 3263 2746 3312 libros
2792 3265 2912 3327 ejus
2953 3267 3234 3315 exstantes
3274 3261 3430 3325 apud
3478 3260 3792 3324 propinquos

2179 3338 2315 3399 ejus.
2347 3336 2465 3399 Ego
2490 3338 2636 3385 certe
2678 3334 2857 3385 habeo
2895 3336 2950 3384 in
2996 3348 3120 3385 mea
3163 3333 3508 3383 bibliotheca
3549 3332 3683 3380 duos
3707 3342 3792 3378 co-

2180 3407 2335 3456 dices
2359 3407 2768 3468 manuscriptos
2810 3419 2951 3469 quos
2993 3410 3206 3455 certum
3250 3409 3335 3454 est
3384 3405 3553 3454 fuisse
3595 3401 3716 3450 olim
3743 3399 3792 3448 in

2179 3477 2517 3527 bibliotheca
2564 3478 2807 3527 Danesii.
2868 3477 3125 3539 Denique
3166 3476 3215 3525 J.
3268 3477 3414 3539 Aug.
3466 3474 3678 3536 Papius,
3711 3470 3795 3533 qui

2179 3552 2393 3614 primus
2449 3564 2590 3615 opus
2643 3551 2706 3600 dc
2752 3549 2949 3600 [litibus
2993 3549 3235 3600 Ecclesia:
3303 3549 3575 3598 catholicae
3639 3544 3794 3595 edidit

2179 3622 2372 3673 Romae
2398 3637 2546 3673 anno
2574 3623 2715 3684 1591,
2760 3627 2815 3671 et
2862 3621 3127 3686 Gregorio
3162 3620 3291 3671 XIV
3328 3620 3552 3681 obtulit,
3588 3620 3795 3669 testatur

2178 3695 2494 3745 Durantum
2546 3694 2655 3745 hoc
2701 3707 2843 3758 opus
2877 3693 3184 3757 appellasse
3226 3699 3521 3743 nocturnas
3567 3688 3791 3741 lucubra-

2180 3766 2346 3815 tiones
2367 3778 2511 3827 suos,
2543 3765 2795 3829 illudque
2831 3765 3064 3816 Romam
3107 3765 3327 3815 misisse
3371 3764 3442 3814 ad
3480 3760 3791 3813 cardinalem

2181 3835 2498 3886 Pelleveum
2540 3840 2603 3886 ut
2647 3836 2762 3886 illic
2801 3836 3184 3886 excuderetur.
3227 3835 3630 3886 Circumfertur
3668 3844 3791 3895 pm-

2179 3911 2328 3957 terea
2379 3906 2626 3971 ejusdem
2673 3908 2907 3957 Duranti
2955 3905 3196 3970 Epistula
3260 3908 3334 3957 ad
3387 3909 3615 3956 Amicum
3658 3916 3792 3953 suum

449 3974 697 4038 phanum
726 3978 1059 4041 Durantum,
1092 3978 1185 4029 lib.
1216 3994 1252 4043 ι,
1278 3994 1396 4044 cap.
1430 3983 1476 4042 l,
1506 3981 1568 4031 dc
1597 3980 1800 4031 Rilibus
1833 3980 2080 4031 Ecclesiae
2174 3978 2450 4029 Joannem
2484 3979 2811 4039 Barreriam,
2843 3977 3099 4029 abbatem
3130 3977 3478 4039 Fuliensem,
3520 3990 3551 4026 e
3592 3984 3791 4026 carcere

449 4046 738 4097 catholicae.

512 4116 793 4180 Quoniam
843 4131 978 4169 vero
1021 4121 1230 4171 mentio
1285 4120 1479 4171 incidit
1529 4121 1632 4170 viri
1687 4120 1977 4171 clarissimi
2025 4125 2081 4171 et

448 4190 815 4240 amantissimi
844 4191 1035 4254 patriae
1069 4192 1225 4252 civis,
1265 4193 1361 4256 qui
1400 4192 1505 4241 fuit
1536 4205 1769 4255 persona
1825 4192 2076 4256 insignis,

448 4263 511 4309 ut
535 4259 721 4311 verbis
777 4265 903 4311 utar
949 4264 1128 4313 sancti
1173 4263 1455 4327 Cypriani,
1501 4262 1813 4327 arripienda
1862 4267 1945 4313 est
1972 4263 2079 4313 ista

447 4332 667 4382 occasio
692 4332 763 4382 ad
794 4332 1185 4384 destruendam
1215 4334 1455 4384 fabulam
1498 4347 1624 4398 quas
1653 4334 1722 4384 de
1765 4347 1830 4384 eo
1869 4339 1925 4385 et.
1975 4335 2079 4385 Pe-

448 4406 533 4452 tro
562 4403 803 4453 Danesio
843 4403 1106 4468 episcopo
1133 4404 1405 4454 Vaurensi
1434 4418 1611 4468 nuper
1635 4407 1856 4455 emersit
1902 4406 1958 4455 in
1992 4420 2077 4457 re-

447 4470 673 4534 publica
696 4472 980 4523 litteraria.
1026 4475 1215 4525 Novus
1246 4474 1473 4539 quidam
1504 4477 1753 4539 scriptor,
1785 4478 1940 4527 testis
1967 4491 2077 4528 non

410 4542 582 4592 \satis
623 4541 880 4605 idoneus,
932 4545 1125 4596 scribit
1173 4546 1484 4597 Durantum
1549 4560 1660 4595 non
1730 4560 1850 4598 esse
1895 4553 2082 4598 aucto-

446 4624 564 4665 rem
611 4618 794 4680 Operis
842 4617 906 4666 dc
951 4616 1152 4667 Ritibus
1197 4618 1440 4667 Ecclesia:
1480 4617 1771 4679 catholicae,
1827 4619 1925 4669 sed
1977 4620 2081 4668 Pe-

447 4689 591 4736 trum
641 4688 946 4739 Danesium
995 4689 1319 4752 episcopum
1361 4688 1726 4750 Vaurensem,
1766 4690 2080 4739 Durantum

444 4770 626 4820 porro,
660 4759 755 4822 qui
811 4759 951 4809 illud
1001 4762 1286 4811 invenerat
1326 4761 1381 4809 in
1441 4759 1781 4811 bibliotheca
1802 4762 2077 4824 jDanesii,

447 4841 617 4892 quam
664 4831 840 4892 pretio
901 4835 1332 4895 comparaverat,
1380 4844 1546 4881 suum
1595 4832 1794 4882 fecisse
1837 4845 1904 4882 eo
1957 4834 2080 4895 jure

447 4915 558 4965 quo
589 4905 866 4965 emptores
896 4915 959 4951 ea
983 4915 1086 4952 sua
1114 4902 1327 4953 faciunt
1361 4916 1488 4968 qua;
1532 4908 1742 4953 emunt.
1772 4902 1927 4953 Istud
1952 4916 2079 4953 vero

445 4986 505 5023 se
552 4975 834 5036 accepisse
891 4974 965 5023 ait
1015 4974 1107 5025 hic
1141 4978 1329 5024 auctor
1383 4989 1414 5024 a
1466 4976 1628 5026 Petro
1674 4976 1920 5025 Berterio
1968 4975 2080 5038 epi-

444 5057 615 5108 sc0po
643 5044 1108 5108 Montalbanensi,
1134 5047 1229 5110 qui
1276 5047 1354 5095 ita
1404 5046 1590 5109 fando,
1638 5051 1699 5095 ut
1736 5046 1830 5097 ille
1856 5047 1950 5107 ait,
1985 5060 2080 5096 au-

447 5116 661 5166 diverat
691 5130 721 5165 a
742 5117 959 5167 Joanne
983 5117 1249 5179 Berterio,
1295 5119 1556 5181 epiSCOpo
1596 5119 1841 5176 Rivensi,
1883 5123 2079 5182 patruo

447 5199 568 5248 suo,
599 5188 793 5237 intima
840 5189 1212 5238 familiaritate
1250 5190 1549 5251 conjuncto
1587 5202 1718 5239 cum
1762 5190 2001 5239 Danesio
2027 5193 2081 5239 et

444 5257 709 5306 Duranto.
739 5258 938 5307 Mirum
975 5262 1259 5322 estquam
1300 5258 1457 5308 avide
1496 5259 1618 5310 ha-c
1658 5273 1801 5309 nova
1851 5261 2079 5311 historia

445 5332 679 5390 excepta
713 5332 797 5378 est
843 5343 873 5379 a
919 5329 1207 5378 nonnullis
1254 5344 1265 5376 :
1314 5331 1465 5393 quia,
1493 5334 1555 5380 ut
1602 5329 1795 5381 Cicero
1827 5334 1918 5392 ait,
1949 5332 2079 5381 vul-

444 5412 549 5459 gus
578 5412 647 5447 ex
689 5400 924 5451 veritate
960 5414 1158 5464 pauca,
1204 5412 1274 5449 ex
1311 5401 1571 5463 Opinione
1609 5402 1782 5450 multa
1822 5403 2075 5452 aestimat.

445 5471 691 5520 Primum
736 5472 875 5521 illud
929 5486 1152 5537 aequum
1198 5476 1253 5522 et
1291 5474 1488 5522 rationi
1527 5487 1753 5537 prorsus
1791 5479 2077 5525 consenta-

443 5554 613 5591 neum
645 5555 765 5592 esse
796 5542 1030 5605 videtur,
1060 5547 1119 5592 ut
1149 5544 1326 5592 virum
1353 5558 1570 5608 magna:
1612 5545 1888 5609 boumque
1915 5546 2077 5596 famae

442 5625 610 5663 nemo
645 5614 971 5678 plagiarium
1001 5615 1205 5664 audeat
1251 5614 1436 5665 dicere
1472 5616 1686 5679 absque
1720 5618 1886 5667 certis
1925 5617 2077 5667 testi-

442 5685 664 5734 moniis.
710 5687 841 5737 Istic
875 5700 1004 5738 vero
1049 5691 1264 5737 tantum
1316 5688 1473 5738 abest
1501 5690 1563 5737 ut
1598 5693 1744 5738 certa
1782 5689 1895 5737 sint
1930 5688 2077 5738 testi-

444 5757 632 5806 monia
667 5770 789 5819 quas
831 5772 971 5821 opus
1001 5758 1140 5808 illud
1184 5760 1435 5809 Duranto
1477 5758 1817 5821 abjudicant,
1855 5763 1914 5809 ut
1941 5773 2076 5809 con-

444 5832 527 5879 tra
561 5829 747 5880 omnia
776 5833 1113 5882 concurrant
1151 5830 1221 5881 ad
1252 5830 1391 5882 illud
1428 5831 1479 5882 ei
1524 5830 1903 5883 asserendum.
1940 5831 2068 5884 Nar-

2101 4509 2158 4581 D

2177 4049 2235 4098 in
2265 4063 2432 4113 quem
2457 4050 2540 4099 vir
2569 4050 2809 4113 optimus
2855 4062 2887 4098 a
2928 4047 3157 4112 perditis
3198 4053 3251 4098 et
3284 4048 3534 4099 factiosis
3572 4045 3790 4097 homini-

2178 4121 2284 4172 bus
2309 4122 2597 4185 conjectus
2622 4120 2802 4171 fuerat
2854 4120 3079 4184 scripta,
3119 4120 3304 4170 triduo
3353 4124 3485 4170 ante
3525 4115 3788 4168 miserabi-

2176 4192 2286 4243 lem
2318 4194 2437 4256 ejus
2466 4196 2718 4253 mortem,
2746 4193 2802 4241 in
2829 4205 2939 4255 qua
2982 4204 3131 4249 eum,
3163 4192 3258 4254 qui
3290 4195 3413 4241 tum
3455 4190 3642 4241 Romae
3670 4189 3790 4244 erat,

2179 4270 2334 4326 rogat
2363 4267 2428 4312 ut
2474 4262 2927 4327 quandocunque
2961 4262 3075 4324 ipse
3114 4261 3284 4312 rebus
3319 4261 3583 4311 humanis
3610 4270 3789 4309 exces-

2178 4336 2328 4395 serit,
2359 4334 2564 4384 librum
2589 4346 2756 4384 suum
2781 4336 2940 4384 curet
2966 4333 3156 4385 Roma
3186 4332 3481 4397 approbari
3512 4345 3575 4383 ac
3608 4328 3787 4380 deinde

2178 4407 2325 4471 typis
2370 4406 2637 4456 mandari.
2685 4408 2772 4456 An
2814 4406 2895 4455 fas
2943 4409 3025 4455 est
3065 4405 3280 4468 opinari
3332 4405 3516 4455 virum
3567 4415 3786 4467 gravem,

2180 4478 2411 4540 bonum,
2451 4478 2780 4541 sapientem,
2827 4480 2942 4526 tum
2979 4478 3140 4526 morti
3177 4475 3520 4527 destinatum
3546 4481 3599 4525 et
3623 4472 3787 4537 proxi-

2182 4564 2355 4610 mum,
2411 4551 2485 4599 ita
2543 4547 2924 4612 impudentem
2976 4560 3098 4598 esse
3144 4548 3396 4612 potuisse
3443 4550 3503 4596 ut
3554 4545 3657 4595 sibi
3705 4555 3787 4607 per

2180 4634 2456 4670 summam
2510 4618 2799 4670 audaciam
2858 4623 2911 4670 et
2962 4619 3287 4682 injustitiam
3343 4617 3613 4668 tribueret
3666 4625 3787 4678 epus

2180 4691 2331 4756 quod
2355 4692 2523 4743 sciret
2570 4705 2601 4741 a
2635 4704 2696 4741 se
2730 4703 2842 4740 non
2894 4691 3067 4740 fuisse
3107 4690 3482 4753 compositum
3506 4690 3534 4737 7
3566 4687 3716 4737 Absit
3737 4687 3787 4756 ut

2179 4754 2304 4813 haec
2344 4762 2605 4827 cogitatio
2634 4763 2839 4811 intrare
2888 4762 3063 4825 possit
3116 4761 3174 4811 in
3216 4766 3387 4825 caput
3428 4760 3666 4811 hominis
3706 4754 3786 4827 cui

2179 4847 2336 4884 mens
2364 4826 2499 4884 sana
2528 4836 2613 4883 est
2643 4834 2654 4881 l
2694 4831 2982 4895 Opinionis
3028 4830 3198 4895 hujus
3242 4844 3345 4881 seu
3394 4832 3579 4895 potius
3610 4826 3786 4878 fabula:

2180 4909 2495 4956 commenta
2541 4903 2747 4955 delebit
2786 4902 2921 4962 dies,
2960 4915 3198 4966 eamque
3252 4901 3560 4952 libentibus
3606 4898 3785 4949 animis

2180 4978 2459 5027 remittent
2504 4975 2741 5025 studiosi
2788 4975 3035 5025 veritatis
3074 4978 3130 5025 et
3168 4974 3444 5024 bonarum
3478 4974 3783 5023 litterarum.

2179 5048 2367 5099 Gloria
2426 5048 2650 5098 Danesii
2700 5059 2811 5096 non
2868 5044 3079 5109 indiget
3135 5045 3449 5095 mendaciis
3500 5043 3781 5093 hominum.

2180 5119 2343 5169 Vivet
2397 5119 2455 5167 in
2511 5117 2817 5168 aeternitate
2857 5120 3189 5181 temporum,
3248 5116 3395 5165 fama
3443 5127 3640 5166 rerum.
3675 5109 3783 5159 Fuit

2178 5191 2347 5251 enim,
2374 5194 2437 5240 ut
2465 5190 2540 5239 ait
2570 5188 2977 5238 illustrissimus
3012 5200 3218 5251 praeses
3248 5187 3537 5245 Thuanus,
3572 5204 3599 5230 «
3624 5183 3783 5233 Homo

2178 5250 2556 5323 doctissimus,
2587 5264 2639 5310 et
2673 5260 2786 5323 qui,
2812 5250 3130 5323 quanquam
3172 5258 3343 5308 nullis
3382 5257 3544 5307 editis
3566 5250 3780 5316 scriptis,

2177 5332 2379 5382 meruit
2405 5336 2467 5381 ut
2494 5333 2639 5382 inter
2668 5331 2923 5379 doctrina
2965 5335 3018 5379 et
3062 5329 3257 5378 litteris
3287 5326 3633 5391 politioribus
3659 5333 3782 5387 prte-

2176 5407 2387 5454 stantes
2419 5403 2588 5465 hujus
2624 5404 2728 5452 aevi
2759 5402 2906 5451 viros
2939 5404 3280 5450 numeretur.
3313 5416 3341 5444 υ
3389 5398 3492 5449 Cui
3535 5395 3783 5447 accedens

2178 5475 2429 5527 Scmvola
2499 5473 2975 5534 Sammarthanus,
3006 5474 3075 5535 gin
3124 5471 3321 5535 Elogiis
3367 5469 3638 5520 Gallorum
3664 5465 3783 5543 doc.-

2177 5548 2315 5595 trimi
2358 5545 2649 5595 illustrium
2692 5545 2841 5595 dolet
2881 5560 2912 5592 α
2965 5543 3120 5593 nulla
3168 5545 3282 5606 jam
3331 5551 3619 5604 superesse
3660 5538 3780 5587 tanti

2176 5617 2384 5681 ingenii
2409 5620 2635 5681 tamque
2664 5615 2912 5665 diuturni
2947 5614 3152 5665 laboris
3182 5616 3555 5664 monumenta.
3587 5628 3614 5655 »

2240 5676 2342 5752 (31)
2367 5676 2576 5737 Partem
2606 5687 2669 5736 de
2691 5686 2966 5750 sacriﬁcio.
3004 5685 3142 5736 Vide
3176 5685 3380 5735 Petavii
3422 5680 3711 5752 diatribam
3725 5676 3778 5726 dc

2178 5748 2481 5810 Paénitcutta
2511 5764 2560 5809 et
2599 5748 3039 5810 Reconciliationc
3073 5757 3264 5809 veteris
3302 5753 3540 5807 Ecclesia:
3568 5748 3780 5803 moribus

2173 5837 2402 5897 recepta,
2429 5843 2547 5896 cap.
2584 5831 2631 5882 3.
