3998 6194
192 286 277 340 637
1224 284 1424 340 LIBER
1461 286 1547 341 DE
1586 286 1809 341 OPEBE
1847 285 1931 341 ΕΤ
1970 284 2449 342 ELEEMOSYNIS.

3416 289 3516 345 638

189 425 326 463 suras
349 408 405 461 et
434 406 716 477 angustias
743 407 1010 477 egestatis
1041 409 1473 479 operantem,in
1498 410 1779 480 gawpliy-
1808 425 1859 494 Α
1884 411 1986 477 Qui
2034 411 2241 477 dicunt,
2300 410 2503 480 inquit,
2539 413 2695 480 patri
2735 418 2831 465 aut
2872 413 3055 473 matri,
3102 415 3219 469 Non
3266 416 3395 467 novi
3446 420 3513 474 te,

186 502 370 558 lacium
417 500 527 555 duo
572 518 699 572 quae
744 502 864 555 sola
891 503 935 536 ⁷⁷
987 502 1091 556 sibi
1128 503 1353 557 fuerant
1391 502 1610 557 minuta
1650 503 1781 556 mit-

188 602 411 652 tentem:
460 611 625 665 quam
669 612 797 649 cum
854 596 1341 651 animadverteret
1398 595 1672 651 Dominus
1727 600 1785 651 et

184 691 391 757 videret,
424 704 537 742 non
568 689 634 743 de
658 689 998 759 patrimonio
1029 690 1127 745 sed
1163 690 1232 745 de
1261 691 1451 745 animo
1493 707 1634 761 opus
1660 690 1782 760 ejus

184 782 508 849 examinans,
562 789 617 837 et
667 783 1034 839 considerans
1078 802 1191 841 non
1248 790 1523 856 quantum
1579 784 1675 839 sed
1717 800 1783 839 ex

182 880 365 949 quanto
387 876 654 943 dedisset,
700 878 994 948 respondit
1033 884 1089 933 et
1124 879 1261 933 dixit
1302 896 1315 933 :
1350 882 1521 934 Amen
1546 879 1665 933 dico
1688 894 1777 933 υο-

183 972 244 1025 bis
265 973 510 1040 quoniam
546 972 715 1025 vidua.
756 974 861 1026 ista
896 974 1025 1042 plus
1070 974 1314 1027 omnibus
1353 975 1500 1027 misit
1548 974 1609 1026 in
1638 973 1782 1027 dona

180 1068 274 1119 Dei.
301 1066 486 1121 Omnes
524 1066 665 1119 enim
705 1068 799 1121 isti
835 1082 901 1120 ear
935 1082 992 1121 eo
1041 1068 1183 1136 quod
1213 1067 1515 1122 abundavit
1542 1067 1652 1120 illis
1677 1068 1779 1119 mi-

178 1165 336 1212 serunt
366 1160 423 1211 in
452 1159 599 1213 dona
630 1162 745 1225 Dei,
776 1161 884 1214 haec
904 1166 1081 1214 autem
1108 1161 1173 1215 de
1207 1163 1395 1230 inopia
1428 1176 1531 1215 sua
1574 1175 1781 1214 omnem

178 1267 517 1321 quemcunque
578 1255 771 1308 habuit
826 1256 1025 1308 victum
1081 1256 1229 1309 misit
1291 1256 1464 1323 (Luc.,
1519 1270 1630 1321 xx1,
1706 1256 1776 1323 3).

178 1346 387 1400 Multum
414 1346 582 1399 beata
622 1347 827 1401 mulier
870 1354 927 1401 et
975 1348 1241 1418 gloriosa,
1290 1364 1416 1418 quae
1449 1348 1620 1403 etiam
1646 1352 1780 1401 ante

178 1440 308 1494 diem
338 1440 539 1509 judicii
578 1441 789 1511 judicis
827 1442 1040 1496 meruit
1077 1458 1208 1496 voce
1258 1443 1478 1496 laudari
1512 1443 1642 1512 (32).
1678 1443 1781 1495 Pu-

180 1534 291 1589 deat
318 1534 521 1589 divites
538 1534 849 1589 sterilitatis
874 1538 1048 1606 atque
1068 1535 1419 1589 inﬁdelitatis
1441 1535 1544 1605 (33)
1567 1552 1683 1589 suae
1704 1536 1775 1589 ⁷⁸.

179 1628 348 1693 Vidua,
378 1633 433 1682 et
460 1628 631 1682 vidua
662 1628 828 1699 inops
852 1628 965 1699 (34)
1006 1629 1194 1697 rebus,
1242 1630 1393 1683 dives
1433 1630 1491 1682 in
1526 1645 1699 1699 opere
1728 1630 1773 1663 ⁷⁸

176 1722 457 1775 invenitur.
514 1723 767 1794 Cumque
814 1722 1075 1776 universa
1126 1738 1255 1794 quae
1300 1723 1506 1777 dantur
1550 1722 1776 1793 pupillis

1884 508 1932 558 et
1957 505 2096 572 ﬁlios
2134 519 2254 558 suos
2310 519 2418 558 non
2459 511 2816 571 agnoverunt,
2856 506 2913 559 hi
2957 507 3334 561 custodierunt
3370 522 3513 576 prm-

1883 604 2037 667 cepta
2065 604 2180 660 tua,
2214 604 2263 652 et
2301 602 2680 652 testamentum
2726 604 2877 652 tuum
2925 605 3275 654 servaverunt
3307 601 3512 667 (Deut.,

1883 708 2065 754 χχχιιι,
2097 695 2169 761 9).
2198 692 2358 757 Nam,
2387 691 2431 745 si
2458 691 2632 746 Deum
2680 696 2798 746 toto
2846 693 3013 747 corde
3046 692 3360 764 diligimus,
3406 710 3513 747 nec

1883 788 2147 857 parentes
2186 801 2291 839 nec
2336 784 2481 839 filios
2531 786 2647 839 Deo
2692 786 2965 856 praeferre
3012 786 3302 841 debemus.
3353 788 3512 851 Quod

1882 882 1939 934 et
1966 880 2209 933 Joannes
2237 879 2294 932 in
2332 878 2581 949 Epistola
2623 895 2725 933 sua
2764 878 2926 949 ponit
2948 879 3017 947 ⁸³,
3045 878 3381 934 charitatem
3412 880 3512 934 Dei

1884 972 2037 1042 apud
2071 988 2168 1027 eos
2195 988 2312 1026 non
2354 988 2473 1025 esse
2519 988 2663 1043 quos
2705 972 3002 1026 videamus
3033 972 3259 1042 operari
3288 972 3345 1025 in
3379 990 3514 1043 pau-

1881 1082 2047 1138 peres
2113 1065 2261 1120 nolle
2322 1088 2331 1118 :
2389 1068 2495 1133 Qui
2550 1068 2819 1132 habuerit,
2876 1066 3096 1136 inquit,
3152 1067 3516 1120 substantiam

1881 1160 2092 1219 mundi,
2130 1164 2179 1215 et
2226 1160 2423 1214 viderit
2461 1162 2695 1227 fratrem
2740 1176 2898 1215 suum
2943 1160 3339 1214 desiderantem
3366 1160 3434 1221 3‘,
3465 1166 3515 1213 et

1880 1254 2135 1308 clauserit
2186 1255 2393 1308 viscera
2462 1270 2583 1321 sua,
2652 1255 2913 1323 quomodo
2933 1254 2978 1289 ⁸⁵
3039 1253 3355 1308 Charitas86
3420 1255 3517 1307 Dei

1880 1354 2063 1403 manet
2092 1350 2151 1401 in
2182 1348 2277 1402 illo
2305 1350 2506 1418 (Joan.,
2538 1364 2611 1414 ιιι,
2652 1350 2733 1417 17)
2761 1349 2786 1401 ‘?
2821 1347 2875 1402 Si
2903 1346 3056 1401 enim
3089 1349 3233 1401 Deus
3262 1347 3512 1401 eleemo-

1881 1442 2033 1511 syuis
2101 1458 2422 1512 pauperum
2475 1442 2803 1505 faeneratur,
2843 1444 2901 1494 et
2942 1458 3073 1495 cum
3123 1441 3296 1495 datur
3348 1440 3513 1494 mini-

1879 1535 1989 1588 mis
2006 1535 2228 1591 Christo
2256 1535 2445 1603 datur,
2476 1552 2588 1589 non
2622 1540 2706 1590 est
2735 1535 2887 1605 quod
2916 1534 3041 1605 quis
3069 1537 3302 1589 terrena
3324 1535 3513 1589 coeleso

1881 1628 2033 1683 tibus
2061 1629 2327 1699 praeferat
2354 1645 2460 1683 nec
2485 1628 2689 1683 divinis
2732 1628 2983 1682 humana
3014 1634 3329 1700 praeponat.

1952 1724 2101 1778 XVII.
2132 1722 2217 1777 Sic
2267 1723 2434 1777 vidua
2478 1724 2595 1789 illa,
2653 1723 2711 1777 in
2753 1722 2921 1777 tertio
2971 1724 3301 1794 Regnorum
3339 1723 3508 1790 libro,

176 1819 219 1868 et
241 1816 410 1869 viduis
441 1816 833 1885 conferantur,
863 1817 957 1872 dat
984 1817 1079 1872 illa
1109 1832 1285 1889 quam
1316 1816 1614 1888 oportebat
1639 1816 1781 1871 acci-
1802 1802 1857 1873 Β
1881 1833 2030 1883 cum,
2062 1816 2121 1870 in
2153 1816 2405 1871 siccitate
2449 1820 2506 1872 et
2550 1818 2702 1871 fame
2746 1817 3094 1887 consumptis
3124 1817 3410 1885 omnibus,
3441 1818 3509 1871 de

176 1926 317 1981 pere;
347 1914 411 1964 ut
438 1911 692 1965 sciamus
722 1928 849 1983 quae
890 1928 1057 1982 poena
1092 1912 1339 1966 sterilem
1385 1912 1619 1965 divitem
1649 1927 1774 1965 ma-

173 2010 297 2070 neat,
345 2005 579 2076 quando
627 2006 735 2059 hoc
774 2007 893 2076 ipso
938 2006 1277 2060 documento
1326 2005 1550 2075 operari
1599 2005 1775 2059 etiam

1882 1911 2104 1965 modico
2130 1911 2278 1965 farre
2311 1916 2367 1964 et
2399 1911 2521 1965 oleo
2548 1911 2701 1982 quod
2731 1910 3093 1981 superfuerat
3118 1910 3347 1964 fecisset
3378 1910 3510 1963 sub-

1880 2004 2212 2059 cinericium
2246 2021 2452 2075 panem
2484 2006 2552 2073 ⁸⁷,
2587 2021 2702 2076 quo
2736 2004 3039 2075 absumpto
3070 2004 3351 2059 moritura
3382 2020 3513 2057 cum

172 2114 420 2169 pauperes
472 2098 750 2153 debeant.
808 2104 1029 2169 Atque,
1087 2106 1148 2154 ut
1205 2098 1592 2170 intelligamus
1654 2098 1777 2152 haec
1877 2099 2075 2153 liberis
2132 2106 2294 2165 esset,
2348 2099 2681 2170 supervenit
2753 2098 2960 2166 Helias,
3038 2104 3097 2153 et
3174 2098 3339 2169 petiit
3406 2097 3515 2151 sibi

173 2209 319 2262 opera
339 2194 385 2227 ⁸ο
409 2194 531 2247 Deo
558 2192 683 2247 dari
732 2197 788 2247 et
833 2210 965 2248 eum
1013 2192 1265 2263 quisquis
1300 2193 1419 2247 haec
1464 2192 1632 2247 faciat
1677 2193 1777 2247 Do-

172 2286 361 2340 minum
388 2286 737 2357 promereri,
768 2287 1021 2343 Christus
1050 2287 1188 2341 illud
1208 2287 1303 2341 Dei
1329 2288 1474 2341 dona
1505 2286 1773 2357 appellat,

175 2386 219 2433 et
254 2382 303 2433 in
356 2382 514 2435 dona
560 2382 665 2435 Dei
711 2382 935 2435 viduam
980 2382 1123 2435 duos
1169 2380 1521 2451 quadrantes
1561 2381 1778 2435 misisse

174 2473 441 2544 signiﬁcat,
472 2482 539 2529 ut
582 2476 769 2545 magis
810 2493 873 2529 ac
919 2475 1098 2545 magis
1134 2475 1311 2545 possit
1352 2491 1475 2528 esse
1505 2475 1777 2529 manifes-

174 2574 273 2621 tum
299 2570 427 2639 quia
455 2569 558 2640 qui
595 2569 898 2623 miseretur
940 2569 1202 2639 pauperis
1236 2571 1415 2623 Deum
1446 2569 1686 2623 faeneret
1708 2570 1774 2621 ει.

232 2662 349 2717 XV].
381 2663 489 2717 Sed
518 2679 629 2716 nec
673 2663 762 2716 illa
809 2680 917 2729 res,
956 2662 1156 2717 fratres
1192 2664 1528 2730 charissimi,
1556 2680 1589 2716 a
1615 2662 1779 2716 bonis

176 2755 408 2825 operibus
436 2762 491 2811 et
515 2755 695 2827 justis
724 2756 975 2810 refrenet
1010 2762 1066 2809 et
1098 2762 1324 2811 revocet
1367 2756 1775 2822 Christianum,

176 2849 301 2918 quod
332 2850 595 2903 excusari
629 2867 685 2904 se
730 2866 891 2920 posse
937 2851 1139 2921 aliquis
1181 2850 1470 2904 existimet
1498 2850 1776 2903 beneficio

178 2941 338 3014 614
388 2944 668 3011 ﬁliorum,
724 2944 955 3014 quando
1006 2944 1062 2997 in
1112 2944 1381 3015 impensis
1432 2944 1778 3015 spiritalibus

176 3036 427 3091 Christum
480 3037 822 3107 cogitare“,
884 3037 981 3108 qui
1051 3037 1307 3109 accipere
1357 3056 1414 3092 se
1488 3037 1779 3109 professus

178 3130 258 3195 est,
307 3131 639 3200 debeamus,
703 3148 808 3185 nec
854 3148 1150 3186 conservos
1189 3132 1295 3202 (35)
1341 3130 1530 3185 liberis
1572 3132 1780 3186 nostris

1876 2193 2035 2264 prius
2057 2194 2104 2228 ⁸⁸
2133 2194 2206 2247 ad
2232 2192 2524 2248 edendum
2558 2193 2682 2247 dari
2704 2210 2720 2261 ;
2756 2198 2889 2247 tunc
2918 2193 3071 2265 quod
3120 2192 3513 2263 superfuisset,

1878 2286 2010 2340 inde
2048 2285 2207 2341 illam
2239 2303 2371 2340 cum
2418 2287 2548 2340 filiis
2596 2288 2709 2340 suis
2742 2287 2909 2341 vesci.
2960 2288 3069 2341 Nec
3119 2286 3514 2356 obtemperare

1878 2380 1975 2434 illa
2032 2380 2331 2447 dubitavit,
2374 2386 2471 2433 aut
2520 2381 2695 2435 Heliae
2738 2380 2884 2435 filios
2936 2382 3121 2434 mater
3176 2380 3233 2433 in
3282 2380 3430 2433 fame
3461 2384 3517 2434 et

1878 2477 2130 2545 egestate
2175 2474 2512 2546 praeposuit.
2562 2475 2649 2528 Fit
2693 2474 2810 2529 imo
2872 2476 2929 2529 in
2973 2479 3278 2545 conspectu
3320 2472 3510 2545 615

1879 2568 1977 2621 Dei
2006 2567 2157 2638 quod
2204 2569 2315 2621 Deo
2359 2569 2616 2638 placeat;
2661 2574 2924 2639 prompte
2970 2584 3034 2622 ac
3081 2568 3324 2622 libenter
3364 2568 3514 2637 quod

1879 2662 2176 2733 petebatur
2204 2662 2466 2724 offertur;
2511 2680 2614 2716 nec
2661 2663 2733 2717 de
2778 2661 3125 2716 abundantia
3180 2661 3382 2732 portio,
3414 2661 3513 2715 sed

1881 2756 1947 2809 de
2005 2756 2227 2811 modico
2280 2759 2467 2810 totum
2516 2756 2703 2823 datur,
2767 2759 2822 2812 et
2885 2755 3263 2810 esurientibus
3315 2754 3514 2808 liberis

1880 2851 2023 2904 alter
2075 2850 2231 2920 prius
2288 2850 2555 2921 pascitur,
2616 2868 2802 2921 neque
2844 2852 2902 2904 in
2954 2852 3192 2921 penuria
3242 2853 3299 2903 et
3358 2849 3514 2903 fame

1880 2943 2036 2997 cibus
2089 2948 2219 2998 ante
2264 2961 2440 3014 quam
2491 2944 2873 2998 misericordia
2912 2945 3228 3015 cogitatur;
3264 2948 3345 3009 ut,
3376 2943 3513 2997 dum

1881 3037 1938 3090 in
2001 3054 2172 3108 opere
2238 3038 2472 3091 salutari
2498 3039 2543 3073 ⁸9
2585 3039 2881 3092 carnaliter
2930 3039 3044 3092 vita
3098 3036 3506 3105 contemnitur,

1882 3131 2213 3201 spiritaliter
2257 3131 2448 3186 anima
2486 3138 2762 3187 servetur.
2812 3132 3002 3186 llelias
3052 3132 3243 3202 itaque
3310 3136 3511 3201 typum

185 3179 258 3195 ﬁ"
310 3179 639 3200 ""'"'"""7
703 3179 806 3185 ""
857 3179 1043 3186 "'“"'
1068 3179 1147 3185 ““”
1191 3179 1293 3202 \"I
1342 3179 1528 3185 ""'""
1572 3179 1777 3186 —"""
1883 3179 2202 3201 “’[’“”’“’““⁵““¹“
2258 3179 2448 3186 “’”“’⁵“”“”’
2487 3179 2569 3186 ’τ’
2594 3179 2762 3187 "'"'"
2812 3179 3000 3186 """"'
3054 3179 3242 3202 ""'.l""
3316 3179 3357 3201 'J
3375 3179 3511 3201 ι”““’-

177 3223 255 3276 sed
282 3225 587 3279 Dominum
628 3226 1017 3295 praeferamus,
1062 3224 1184 3297 ipso
1213 3226 1528 3279 instruente
1568 3227 1625 3280 et
1655 3242 1777 3279 nio-
1801 3179 1855 3251 Ο
1882 3226 2086 3280 Christi
2116 3242 2337 3296 gerens,
2368 3230 2425 3280 et
2452 3227 2598 3296 quod
2640 3228 2734 3280 ille
2779 3244 2883 3297 pro
2919 3225 3305 3280 misericordia
3333 3225 3513 3279 vicem

177 3324 319 3373 nente
374 3336 386 3372 :
439 3320 552 3384 Qui
603 3320 808 3389 diligit,
862 3320 1065 3389 inquit,
1123 3325 1340 3388 patrem
1398 3325 1497 3373 aut
1556 3325 1781 3375 matrem

175 3426 311 3481 super
336 3430 430 3476 me,
466 3429 581 3467 non
614 3418 690 3467 est
734 3430 814 3467 me
860 3415 1097 3483 dignus;
1152 3418 1203 3467 et
1243 3416 1341 3483 qui
1377 3414 1562 3483 diligit
1607 3414 1777 3482 ﬁlium

176 3510 251 3559 aut
274 3508 435 3575 ﬁliam
461 3523 632 3577 super
668 3524 770 3573 me,
822 3524 930 3561 non
970 3513 1048 3561 est
1086 3524 1167 3563 me
1206 3509 1405 3577 dignus
1445 3509 1689 3578 (Matt/1.,
1723 3526 1775 3578 x,

1880 3319 2116 3389 singulis
2152 3320 2354 3374 reddat
2398 3320 2726 3387 ostendens,
2768 3319 3059 3391 respondit
3085 3326 3139 3373 et
3170 3319 3316 3373 dixit
3347 3337 3359 3372 :
3392 3323 3513 3374 Haec

1878 3414 2012 3468 dicit
2060 3416 2322 3469 Dominus
2369 3434 2385 3468 :
2430 3416 2640 3470 Fidetia
2700 3417 2875 3481 farris
2947 3416 3055 3485 (36)
3126 3430 3233 3467 non
3284 3414 3514 3482 deﬁciet,

1879 3514 1928 3562 et
1954 3524 2205 3578 capsaces
2245 3510 2346 3563 olei
2366 3510 2415 3543 9°
2462 3508 2568 3579 (3‘7)
2616 3525 2721 3563 non
2768 3515 3039 3563 minuetur
3077 3523 3244 3577 usque
3288 3510 3348 3561 in
3377 3507 3517 3560 diem

176 3600 263 3663 37ft.
320 3602 454 3656 Item
497 3602 563 3655 in
608 3601 1070 3669 Deuteronomio,
1129 3602 1201 3656 ad
1249 3602 1778 3656 corroborationem
1877 3619 1982 3671 quo
2050 3602 2207 3656 dabit
2270 3604 2529 3657 Dominus
2573 3603 2796 3657 imbrem
2837 3619 2999 3672 super
3047 3608 3251 3657 terram
3294 3602 3333 3671 (Ι
3364 3602 3515 3668 Reg.,

174 3693 281 3747 fidei
330 3700 383 3750 et
426 3695 798 3750 dilectionem
848 3694 970 3759 Dei,
1026 3695 1190 3767 paria
1245 3696 1558 3767 conscripta
1598 3700 1774 3751 sunt:

1879 3712 2004 3764 xvn,
2064 3696 2168 3766 14).
2218 3696 2565 3751 ‘Secundum
2609 3696 2814 3751 divinae
2870 3696 3293 3769 pollicitationis
3342 3694 3513 3749 ﬁdem

1552 3852 1761 3916 Variae
1819 3852 2151 3915 lectiones.

221 3976 255 4007 ’7
279 3978 525 4045 Quasque
560 3982 678 4030 sola
710 3982 880 4030 Saris.
947 3982 987 4014 ⁷⁸
1013 3982 1338 4032 Sterilitatis
1386 3985 1556 4044 atque
1604 3981 1950 4030 infelicitatis
1990 3982 2077 4029 Ar.
2110 3981 2275 4029 Saris.
2316 3982 2468 4029 West.
2525 3982 2659 4029 Voss.
2696 3983 2741 4031 1.
2791 3981 2944 4030 Ebor.
2978 3984 3119 4030 Lam.
3150 3981 3197 4029 6.
3225 3979 3333 4029 ΝΟ.
3391 3978 3436 4037 1,
3466 3976 3497 4024 Ξ

180 4049 279 4097 Tha.
303 4055 428 4101 Foss.
468 4054 594 4102 Rud.
634 4055 675 4111 1,
701 4054 753 4110 2,
777 4054 827 4103 3.
891 4053 941 4086 79
975 4055 1062 4102 Sic
1097 4056 1247 4103 West.
1280 4055 1370 4103 Ar.
1396 4056 1536 4102 Lam.
1572 4051 1722 4100 Ebor.
1755 4053 1862 4099 Lin.
1891 4051 2014 4100 Bod.
2046 4052 2093 4105 1,
2122 4051 2169 4104 2.
2197 4051 2243 4100 3.
2278 4050 2337 4098 In
2370 4064 2535 4114 opere
2565 4051 2719 4115 larga
2749 4053 3031 4101 invenitur
3071 4052 3226 4100 Oxon.
3281 4048 3321 4082 ⁸ο
3352 4048 3516 4096 Hanc

176 4133 368 4181 operam
402 4126 509 4173 ΝΟ.
544 4125 591 4173 2.
658 4124 699 4158 δ’
730 4126 846 4174 Deo
877 4126 1108 4175 {cauerat
1139 4125 1257 4173 Bod.
1294 4126 1338 4185 ‘1,
1369 4125 1414 4173 2.

1485 4124 1525 4155 δ’
1557 4123 1778 4173 Christo

1883 4134 2028 4183 igere
2054 4122 2216 4170 δαν-ιε.
2286 4120 2325 4153 ⁸³
2354 4122 2513 4171 Ponit
2551 4125 2605 4171 et
2631 4124 2763 4172 dicit
2798 4124 2958 4171 Saris.
2985 4122 3028 4157 ⁸⁴
3062 4123 3305 4171 Fratrem
3339 4130 3516 4179 egen~

174 4193 275 4239 tem
310 4194 456 4241 West.
486 4193 913 4245 Desiderantem
954 4194 1165 4257 aliquid
1205 4196 1314 4242 Ver.
1382 4194 1423 4227 ⁸⁵
1454 4194 1679 4243 Viscera
1724 4207 1845 4253 sua,
1872 4194 1941 4244 ab
1992 4206 2057 4242 eo
2096 4195 2250 4241 West.
2304 4194 2438 4241 Voss.
2469 4193 2516 4242 Ξ.
2566 4195 2699 4241 Pem.
2729 4196 2866 4243 Foss.
2933 4195 2974 4228 εδ
3001 4191 3292 4256 Quomodo
3317 4187 3518 4252 pot-erit

184 4260 274 4308 l’er.
333 4262 372 4296 ⁸7
401 4263 733 4314 Cineritium
764 4265 870 4313 Ver.
909 4264 1029 4313 Bod.
1059 4266 1104 4326 1,
1135 4263 1165 4313 2
1210 4266 1257 4314 4.
1325 4264 1366 4297 ⁸³
1394 4264 1512 4317 Sibi
1540 4265 1728 4317 cibum
1764 4266 1917 4328 prius
1938 4264 2058 4313 Bod.
2081 4266 2125 4313 1.

179 4331 318 4382 δατ-ιε.
348 4336 561 4386 Minuet
600 4336 712 4384 Ver.

2196 4263 2237 4296 δι’
2270 4264 2331 4313 In
2352 4278 2516 4329 opere
2545 4263 2777 4328 spiritali
2800 4265 2963 4315 Saris.
3032 4266 3072 4296 9°
3098 4261 3307 4327 Hydria
3325 4259 3515 4310 farinae

1444 4399 1665 4482 Steph.
1714 4398 1961 4462 Baluzii
2006 4401 2205 4460 nota.

233 4551 315 4611 (32)
357 4555 551 4603 Meruit
594 4568 712 4604 voce
758 4554 993 4604 laudari.
1036 4556 1410 4619 Hieronymus
1439 4557 1494 4606 in
1533 4557 1780 4621 Epistola
1801 4542 1859 4612 Ι)
1947 4559 2044 4619 (36)
2076 4558 2276 4608 Fidelia
2303 4559 2485 4622 farris.
2519 4559 2708 4610 Codex
2738 4560 2987 4609 Lamonii
3015 4558 3143 4623 ﬁala
3173 4557 3512 4618 Pithasanus,

180 4620 235 4669 ad
260 4623 657 4676 Demetriadem
689 4627 751 4675 de
792 4627 1106 4689 Virginitate
1129 4629 1415 4687 servanda,
1449 4629 1686 4691 loquens
1713 4628 1781 4678 de

179 4700 344 4743 sancto
372 4698 585 4747 Joanne
611 4698 854 4759 Baptista
896 4698 970 4747 ait
998 4712 1009 4745 :
1046 4715 1075 4746 «
1105 4701 1248 4747 Ante
1291 4698 1435 4750 diem
1476 4699 1674 4762 judicii
1697 4700 1782 4762 ju-

182 4763 299 4813 dicis
322 4780 452 4818 voce
487 4768 765 4818 laudatus.
790 4787 817 4813 υ

232 4838 313 4899 (33)
338 4841 675 4903 Inﬁdelitalis.
715 4843 915 4890 Parum
950 4842 1124 4892 abfuit
1155 4844 1288 4906 quin
1330 4856 1590 4907 ponerem
1640 4846 1781 4905 infe-

186 4906 386 4971 licitatis,
418 4914 574 4974 juxta
612 4914 909 4963 lectionem
948 4918 1193 4963 veterum
1243 4906 1569 4976 editionum,
1615 4930 1780 4979 quam

184 4980 487 5051 confirmant
514 4985 708 5047 viginti
745 4988 797 5034 et
828 4985 938 5034 duo
968 4985 1300 5051 exemplaria
1322 4990 1507 5034 nostra
1539 4987 1781 5036 etunde-

184 5050 274 5099 cim
297 5055 608 5116 Anglicana.
660 5056 942 5105 Manutius
987 5057 1170 5119 posuit
1218 5056 1567 5118 inﬁdelitatis.
1606 5056 1781 5107 Aliter

186 5120 397 5174 Pamelio
422 5128 601 5176 visum
627 5131 726 5177 est.

235 5196 323 5254 t3t)
370 5199 433 5247 Et
492 5199 654 5248 vidua
694 5201 861 5262 inops.
901 5201 980 5249 Ita
1032 5202 1246 5251 restitui
1280 5202 1433 5251 hunc
1471 5201 1655 5251 locum
1711 5215 1781 5251 ex

186 5263 277 5314 ﬁde
304 5269 506 5319 codicis
550 5271 888 5333 Burgundici
936 5276 990 5323 et
1024 5273 1214 5323 Sancti
1260 5274 1554 5337 Arnulphi.
1599 5273 1780 5323 Crete-

185 5347 285 5386 rum
314 5340 449 5389 mala
481 5355 592 5390 non
629 5347 712 5391 est
760 5342 922 5392 lectio
964 5344 1461 5405 Gratianopolitani
1510 5350 1565 5395 et
1614 5346 1781 5394 unius

186 5410 293 5466 mei,
321 5410 372 5459 in
400 5412 603 5474 quibus
629 5415 897 5477 scriptum
927 5420 1011 5464 est
1046 5430 1056 5462 :
1092 5433 1118 5461 «
1159 5414 1338 5464 Vidua
1383 5420 1436 5465 et
1477 5417 1636 5478 inops
1666 5429 1778 5465 non

186 5478 325 5551 vidua
354 5483 406 5531 in
436 5495 599 5547 opere
629 5485 982 5535 invenitur.»
1023 5488 1189 5537 Porro
1231 5501 1337 5536 vox
1387 5487 1562 5551 larga,
1612 5501 1780 5549 quam

188 5546 487 5603 Manutiana’
523 5555 687 5605 editio
743 5558 993 5617 inseruit,
1048 5560 1304 5623 nuspiam
1379 5546 1647 5622 reperitur
1724 5560 1779 5607 in

189 5624 398 5697 antiquis
439 5628 846 5692 exemplaribus
900 5630 1102 5679 nostris
1153 5643 1336 5694 neque
1387 5631 1444 5679 in
1517 5630 1779 5694 Anglica-

190 5700 277 5738 IIIS.

243 5763 450 5825 (35)Nec
484 5782 763 5821 conservos.
809 5770 997 5821 Codex
1047 5771 1545 5833 Compendiensis:
1595 5786 1623 5819 ‹‹
1667 5772 1781 5822 Nec

193 5844 353 5885 servos
406 5846 497 5889 aut
545 5842 742 5894 liberos
803 5848 1020 5894 nostros
1064 5844 1302 5896 Domino
1332 5845 1703 5909 prieteramus.
1752 5858 1780 5890 ››

1881 4629 2073 4691 hydria
2108 4628 2304 4691 farina:
2347 4644 2457 4681 non
2493 4631 2689 4690 deficiet
2741 4636 2787 4679 et
2831 4644 2923 4679 vas
2966 4629 3066 4678 olei
3099 4642 3205 4677 non
3231 4630 3508 4677 minuetur.

1882 4702 1961 4750 Ita
1997 4703 2162 4751 etiam
2206 4703 2376 4750 ferme
2433 4703 2487 4750 in
2523 4715 2571 4751 c.
2618 4715 2757 4760 xvn,
2811 4701 2843 4749 1.
2878 4713 2933 4748 ιιι
2988 4700 3318 4761 Regnorum.
3371 4697 3512 4747 Vide

1881 4778 2138 4823 sanctum
2169 4773 2525 4822 Ambrosium
2558 4771 2590 4820 ι.
2641 4786 2677 4821 ιι
2719 4772 3037 4835 ΟΠὶετίονωη,
3083 4783 3131 4819 c.
3179 4772 3226 4832 4,
3263 4772 3319 4820 et
3365 4770 3399 4818 1.
3436 4782 3511 4829 ιιι,

1882 4858 1929 4894 c.
1960 4846 2004 4894 1.

1941 4916 2041 4979 (37)
2082 4916 2330 4978 Capsaces
2392 4914 2512 4963 olei.
2571 4914 2821 4977 Prosper,
2874 4927 2971 4963 seu
3022 4915 3149 4977 quis
3202 4913 3361 4971 alius,
3402 4912 3436 4961 l.
3478 4925 3514 4961 II

1880 4987 1943 5036 de
1991 4986 2428 5036 Promissionibus
2481 4991 2525 5034 et
2575 4984 3011 5035 Prwdictionibus
3068 4986 3178 5044 Dei,
3236 4998 3356 5046 cap.
3405 4984 3509 5033 9.9:

1880 5072 1908 5104 ‹‹
1944 5057 2218 5120 Capsaces
2261 5059 2366 5108 olei
2430 5070 2543 5106 non
2588 5058 2888 5107 minuetur.
2933 5075 2963 5105 »
3020 5057 3395 5118 Hieronymus
3458 5055 3514 5103 in

1880 5127 2129 5191 Epistola
2158 5130 2229 5178 ad
2258 5128 2477 5177 Furiam
2509 5127 2577 5178 de
2609 5129 2889 5179 Viduitate
2912 5127 3183 5179 servanda
3217 5141 3228 5174 :
3258 5144 3286 5171 «
3315 5127 3517 5177 Farina

1880 5201 2097 5260 seritur,
2125 5204 2180 5250 et
2222 5200 2331 5249 olei
2381 5213 2645 5262 capsaces
2693 5201 2987 5250 invenitur.
3024 5218 3051 5245 »
3094 5200 3232 5248 Item
3275 5198 3331 5246 in
3375 5198 3514 5261 Epi-

1880 5271 2019 5321 stola
2089 5272 2157 5321 ad
2212 5271 2547 5321 Eustochium
2620 5270 2688 5320 de
2756 5271 3078 5335 Virginitate
3173 5268 3445 5320 servanda
3500 5282 3509 5315 :

1880 5358 1910 5389 ‹‹
1947 5342 2141 5391 Mirum
2199 5343 2255 5390 in
2305 5342 2534 5391 modum
2592 5355 2821 5404 capsace
2854 5343 3145 5405 completo.
3184 5361 3211 5387 ν
3242 5340 3515 5403 Sulpitius

1882 5414 2119 5465 Severus
2171 5413 2309 5462 lib.1
2365 5415 2542 5463 Sacra:
2587 5414 2829 5463 Historia:
2878 5414 3111 5477 loquens
3164 5413 3232 5462 de
3286 5411 3516 5461 historia

1881 5486 2057 5536 Helia:
2084 5498 2096 5532 :
2125 5501 2153 5533 «
2182 5484 2332 5545 Inde,
2366 5485 2683 5534 admonitus
2718 5498 2749 5533 a
2776 5486 3029 5545 Domino,
3070 5484 3312 5546 Sareptee
3356 5482 3514 5544 oppi-

1884 5557 2016 5607 dum
2047 5557 2222 5619 petiit,
2286 5557 2357 5606 ad
2387 5557 2679 5607 mulierem
2723 5555 2939 5606 viduam
2984 5556 3220 5606 divertit.
3258 5555 3514 5616 Cumque

1880 5628 1951 5678 ab
1997 5642 2061 5678 ea
2110 5636 2360 5678 esuriens
2418 5630 2608 5679 cibum
2674 5632 2901 5692 peteret,
2957 5628 3051 5677 illa
3104 5628 3323 5677 causari
3403 5639 3513 5674 non

1882 5712 2005 5751 esse
2039 5700 2142 5749 sibi
2177 5700 2283 5749 nisi
2328 5700 2591 5763 pusillum
2635 5702 2790 5750 farris
2843 5704 2896 5749 et
2936 5700 3197 5763 pusillum
3233 5698 3358 5757 olei,
3404 5710 3513 5758 quo

1881 5772 2193 5836 absumpto,
2242 5786 2352 5822 una
2413 5786 2541 5823 cum
2601 5772 2731 5823 ﬁliis
2796 5775 3032 5822 mortem
3086 5770 3447 5836 exspectaret,
3484 5783 3513 5813 ››

1882 5847 1985 5895 etc.
