3998 6194
493 272 597 330 639

1418 274 1474 330 S.
1515 275 1829 333 CYPRIANI
1867 275 2141 332 OPERUM
2182 275 2353 331 PARS
2390 274 2458 330 ll.
2489 301 2559 314 —-
2585 271 2955 330 OPUSCULA.
3714 281 3803 337 640

495 397 868 469 multiplicata
897 399 1028 453 sunt
1056 398 1235 456 viduae
1262 404 1322 455 et
1349 401 1631 454 cumulata
1663 415 1790 471 quae
1832 398 2112 471 praestitit,
2140 412 2194 483 Α
2219 398 2424 467 diligis,
2458 398 2502 450 si
2532 397 2609 451 eis
2633 395 2862 451 exhibes
2893 395 3123 467 plenam
3169 400 3225 451 ct
3266 396 3557 467 paternam
3581 397 3810 457 dulcedi-

492 498 549 544 et
578 492 839 562 operibus
858 492 1026 562 justis
1048 494 1117 562 θι,
1164 511 1229 549 ac
1272 493 1677 548 misericordiae
1729 492 1951 547 meritis
1972 507 2113 563 aug-

492 590 680 638 menta
733 589 788 639 et
833 585 1188 643 incrementa
1237 587 1613 653 sumentibus,
1670 587 1834 642 farris
1903 590 1959 640 et
2011 586 2116 640 olei

487 692 619 731 vasa
646 679 934 749 completa
962 686 1112 735 sunt.
1164 683 1274 735 Nec
1323 682 1452 735 ﬁliis
1497 681 1727 735 abstulit
1755 685 1940 735 mater
1965 682 2117 751 quod

488 770 660 826 Helia!
719 772 894 843 dedit,
958 775 1054 829 sed
1126 775 1311 846 magis
1357 774 1594 830 contulit
1643 775 1772 829 ﬁliis
1818 776 1965 845 quod
2013 776 2114 830 be-

489 864 666 935 nigne
691 866 738 900 ⁹²
767 872 822 922 et
850 868 944 938 pie
973 868 1122 923 fecit.
1169 870 1235 923 Et
1257 869 1348 923 illa
1379 870 1634 924 nondum
1660 869 1947 924 Christum
1979 869 2118 923 scie-

489 958 606 1026 ba’t,
636 960 891 1015 nondum
930 968 1214 1034 praecepta
1246 964 1369 1033 ejus
1405 964 1681 1030 audierat,
1714 981 1827 1018 non
1867 980 2032 1019 cruce
2063 970 2119 1019 et

488 1052 754 1123 passione
782 1055 900 1125 ejus
944 1057 1257 1127 redempta,
1290 1056 1478 1111 cibum
1528 1062 1584 1112 et
1622 1062 1821 1129 potum
1858 1075 1957 1128 pro
1986 1074 2114 1112 san-

491 1147 662 1216 guine
690 1149 1043 1219 rependebat
1069 1168 1081 1216 ;
1115 1154 1178 1205 ut
1206 1167 1271 1204 ex
1305 1152 1411 1207 hoc
1441 1154 1713 1222 appareat
1748 1155 2027 1223 quantum
2054 1153 2113 1207 in

486 1241 739 1297 Ecclesia
770 1249 965 1313 peccet
991 1246 1108 1315 qui,
1141 1261 1199 1298 se
1229 1250 1285 1299 et
1314 1246 1459 1300 ﬁlios
1487 1246 1709 1302 Christo
1737 1250 2113 1317 anteponens,

485 1334 709 1390 divitias
748 1354 879 1392 suas
919 1343 1125 1400 servat,
1172 1355 1278 1393 nec
1322 1339 1739 1410 patrimonium
1785 1357 1913 1394 cum
1976 1340 2117 1395 indi-

487 1429 746 1500 gentium
773 1435 1111 1502 paupertate
1139 1434 1545 1487 communicat.

558 1524 737 1578 XVIII.
766 1523 872 1579 Sed
905 1525 1061 1579 enim
1105 1527 1268 1580 multi
1296 1534 1425 1580 sunt
1450 1528 1505 1581 iu
1534 1527 1700 1581 domo
1728 1527 1915 1594 liberi,
1949 1532 2005 1581 et
2037 1545 2118 1581 re-

485 1616 675 1671 tardat
723 1622 778 1672 te
825 1620 1206 1674 numerositas
1250 1621 1499 1675 ﬁliorum
1548 1622 1851 1692 quominus
1880 1622 2117 1692 largiter

484 1708 648 1764 bonis
697 1712 962 1782 operibus
1029 1713 1269 1767 lliSlSL‘tS.
1315 1713 1486 1785 Atqui
1548 1715 1651 1769 hoc
1707 1715 1828 1785 ipso
1885 1715 2113 1786 operari

2216 508 2347 547 nem
2376 490 2685 560 charitatis,
2718 490 2941 561 operari
2998 490 3185 560 magis
3227 489 3418 559 debes,
3454 496 3511 546 ut
3543 492 3682 549 ﬁlios
3706 498 3812 551 tuos

2219 587 2334 640 Deo
2356 585 2508 654 justa
2536 584 2871 655 operatione
2903 583 3298 639 commendes.

2286 680 2413 737 XIX.
2441 680 2549 733 Nec
2574 694 2706 733 eum
2735 677 2923 733 liberis
2951 678 2997 711 95
3030 677 3140 733 tuis
3159 677 3372 748 cogites
3398 683 3609 749 patrem
3639 683 3728 752 qui
3758 688 3814 739 et

2218 772 2592 843 temporarius
2639 777 2694 828 et
2740 772 3001 827 inﬁrmus
3047 776 3131 826 est
3153 773 3223 840 9°,
3271 771 3369 825 sed
3413 771 3629 827 illum97
3671 792 3814 845 pares

2218 867 2315 937 qui
2341 869 2590 922 aeternus
2614 871 2670 921 et
2688 867 2887 920 ﬁrmus
2910 865 3157 919 ﬁliorum
3187 864 3525 936 spiritalium
3554 873 3705 937 pater
3722 875 3811 924 est.

2220 960 2301 1014 llli
2328 960 2555 1031 assigna
2592 960 2891 1015 facultates
2936 964 3064 1014 tuas
3107 975 3250 1031 quas
3291 958 3607 1014 heredibus
3630 978 3811 1018 servas.

2219 1054 2315 1108 Ille
2342 1054 2411 1107 sit
2452 1054 2647 1108 liberis
2686 1053 2797 1108 tuis
2846 1056 3021 1122 tutor,
3053 1053 3150 1107 ille
3194 1055 3446 1120 curator,
3500 1053 3592 1107 ille
3641 1060 3814 1111 contra

2220 1163 2421 1201 omnes
2450 1148 2683 1218 injurias
2727 1148 3028 1201 saeculares
3068 1147 3258 1201 divina
3305 1147 3593 1218 majestate
3624 1155 3816 1219 protec-

2220 1244 2328 1295 tor.
2363 1241 2778 1296 Patrimonium
2825 1242 2938 1295 Deo
2980 1241 3324 1295 creditum"
3376 1257 3483 1295 nec
3527 1242 3813 1312 respublica

2218 1336 2409 1405 eripit,
2450 1351 2552 1389 nec
2578 1337 2744 1389 ﬁscus
2784 1334 3019 1402 invadit,
3063 1351 3168 1389 nec
3208 1334 3495 1389 calumnia
3522 1335 3702 1406 aliqua
3741 1338 3810 1391 fo-

2217 1430 2399 1482 rensis
2436 1430 2659 1483 evertit.
2708 1431 2765 1483 In
2812 1435 2932 1483 tuto
2979 1429 3287 1483 haereditas
3314 1429 3548 1500 ponitur
3570 1446 3688 1500 qua:
3716 1431 3811 1484 Deo

2216 1522 2450 1577 custode
2483 1529 2760 1577 servatur.
2793 1525 2902 1577 Hoc
2929 1528 3014 1577 est
3058 1522 3242 1577 charis
3278 1522 3609 1594 pignoribus
3633 1524 3682 1577 in
3711 1542 3813 1594 pos-

2217 1621 2402 1672 terum
2432 1616 2748 1687 providere,
2782 1616 2887 1671 hoc
2916 1619 3002 1671 est
3022 1616 3228 1671 futuris
3255 1616 3578 1672 haeredibus
3607 1623 3813 1687 paterna

2217 1710 2421 1782 pietate
2443 1710 2736 1766 consulere
2760 1710 3079 1765 secundum
3108 1711 3277 1767 ﬁdem
3305 1710 3607 1781 Scriptura:
3628 1718 3811 1765 sancta:

485 1805 730 1875 amplius
762 1806 937 1861 debes
980 1824 1091 1878 quo
1124 1809 1436 1862 multorum
1486 1808 1791 1879 pignorum
1840 1815 2002 1879 pater
2030 1826 2108 1863 es.

2216 1804 2451 1858 dicentis
2480 1822 2492 1858 :
2520 1806 2715 1858 Junior
2754 1806 2845 1871 fui
2871 1805 2941 1867 99,
2989 1810 3038 1860 et
3067 1807 3221 1859 senui
3257 1811 3306 1858 et
3346 1820 3451 1858 non
3491 1804 3605 1858 ridi
3626 1805 3813 1872 justum

484 1897 677 1952 Plures
705 1903 838 1954 sunt
867 1917 968 1970 pro
1002 1901 1206 1972 quibus
1231 1902 1536 1956 Dominum
1570 1901 1928 1974 depreceris;
1972 1903 2113 1957 mul-

481 1995 675 2046 torum
708 1994 908 2048 delicta
936 1995 1264 2050 redimenda
1291 1996 1772 2064 sunt,fmultorum
1804 1998 2113 2067 purgandae

484 2086 864 2156 conscientiae,
918 2090 1229 2143 multorum
1282 2090 1490 2145 anima:
1534 2089 1845 2144 liberandae
1885 2092 2014 2161 (38).
2046 2093 2114 2145 Ut

483 2178 543 2233 in
594 2179 701 2234 hac
756 2180 868 2235 vita
920 2183 1173 2237 saeculari
1227 2182 1418 2255 616
1466 2183 1681 2238 alendis
1736 2184 2108 2239 sustinendis-

481 2288 592 2343 que
621 2273 668 2307 9³
715 2273 1066 2345 pignoribus,
1112 2293 1225 2347 quo
1278 2278 1459 2346 major
1521 2281 1605 2331 est
1660 2294 1958 2355 numerus,
2009 2279 2112 2334 hoc

482 2366 670 2436 major
696 2372 753 2421 et
781 2374 1039 2439 sumptus
1083 2376 1187 2437 est,
1227 2371 1303 2424 ita
1345 2373 1401 2425 et
1442 2371 1499 2424 in
1529 2370 1639 2425 vita
1666 2371 1905 2442 spiritali
1940 2377 2111 2443 atque

479 2460 705 2529 caelesti,
736 2478 848 2534 quo
880 2463 1125 2534 amplior
1149 2465 1322 2519 fuerit
1351 2463 1657 2535 pignorum
1689 2466 1871 2537 copia,
1905 2482 2025 2521 esse
2054 2470 2113 2521 et

482 2570 723 2624 operum
756 2556 925 2611 debet
958 2558 1142 2629 major
1187 2558 1468 2629 impensa.
1509 2558 1597 2615 Sic
1627 2562 1684 2613 et
1708 2559 1806 2614 Job
1836 2560 2111 2614 sacriﬁcia

478 2663 783 2704 numerosa
812 2666 914 2720 pro
941 2651 1134 2707 liberis
1161 2651 1437 2708 oﬁ‘erebat
1466 2670 1481 2720 ;
1510 2659 1866 2725 quantusque
1896 2659 2019 2709 erat
2050 2654 2107 2708 in

478 2741 646 2797 domo
686 2744 996 2815 pignorum
1035 2762 1330 2814 numerus,
1373 2749 1561 2800 tantus
1610 2747 1855 2801 dabatur
1896 2750 2007 2802 Deo
2051 2751 2110 2802 et

474 2851 750 2892 numerus
803 2838 1139 2894 hostiarum.
1188 2842 1253 2894 Et
1298 2840 1567 2911 quoniam
1615 2841 1868 2912 quotidie
1907 2842 2106 2896 deesse

476 2946 590 2986 non
621 2936 804 3003 potest
843 2934 995 3004 quod
1036 2938 1302 3005 peccetur
1333 2934 1392 2989 in
1441 2942 1741 3005 conspectu
1783 2935 1903 3005 Dei,
1933 2935 2104 2989 sacri-

475 3026 598 3079 ﬁcia
627 3026 957 3097 quotidiana
1001 3045 1113 3082 non
1153 3029 1413 3095 deerant,
1453 3029 1657 3100 quibus
1703 3035 1934 3100 possent
1979 3045 2107 3100 pec»

475 3123 593 3174 cata
621 3121 831 3192 tergeri
858 3123 926 3175 θλ.
966 3122 1172 3177 Probat
1202 3124 1309 3194 (39)
1342 3122 1631 3194 Scriptura
1653 3124 1848 3178 divina
1876 3123 2098 3178 dicens:

2214 1899 2552 1965 derelictum,
2590 1914 2759 1968 neque
2785 1914 2957 1953 semen
2983 1900 3097 1968 ejus
3137 1914 3293 1967 egens
3334 1900 3514 1968 prme'
3550 1900 3668 1968 (40).
3700 1901 3814 1953 Tota

2213 1993 2300 2047 die
2322 1995 2609 2048 miseretur
2642 1998 2692 2047 et
2716 1995 2948 2060 ﬂeuerat
2979 1991 3107 2063 (41),
3131 1997 3182 2048 et
3196 2007 3395 2055 semen,
3428 1990 3609 2063 617
3639 1992 3739 2059 ejus
3765 1993 3813 2045 in

2214 2086 2577 2142 benedictione
2627 2087 2751 2141 est2
2814 2087 2979 2155 (P3111,
3036 2102 3221 2152 xxxvr,
3289 2086 3404 2154 25).
3463 2087 3526 2139 Et
3582 2085 3810 2139 iterum:

2214 2182 2321 2249 Qui
2350 2187 2699 2236 conversatur
2722 2183 2835 2236 sine
2860 2183 3258 2250 vituperatione
3283 2179 3631 2249 injustitiu“,
3656 2179 3813 2232 beatos

2207 2279 2329 2344 post
2368 2290 2422 2330 se
2458 2276 2596 2344 ﬁlios
2636 2276 2903 2344 relinquet
2945 2274 3149 2343 (Prae,
3180 2290 3272 2337 xx,
3314 2273 3394 2341 7).
3445 2272 3812 2326 Prmvaricator

2211 2367 2408 2439 itaque
2442 2372 2502 2422 et
2540 2368 2800 2440 proditor
2845 2373 3009 2439 pater
3049 2383 3128 2434 es,
3162 2366 3272 2421 nisi
3302 2366 3433 2420 ﬁliis
3461 2366 3570 2420 tuis
3596 2364 3811 2419 ﬁdeliter

2212 2463 2489 2531 consulas,
2545 2462 2653 2516 nisi
2713 2460 3111 2516 conservandis
3164 2462 3244 2515 eis
3295 2460 3561 2532 religiosa
3607 2463 3661 2514 et
3701 2474 3809 2512 vera

2211 2555 2418 2627 pietate
2446 2555 2773 2627 prospicias.
2804 2555 2907 2619 Qui
2948 2555 3139 2610 studes
3187 2559 3416 2609 terreno
3464 2553 3639 2625 magis
3661 2568 3809 2624 quam

2210 2651 2422 2705 cmlesti
2449 2648 2815 2721 patrimonio,
2846 2648 2989 2703 ﬁlios
3026 2654 3151 2703 tuos
3188 2649 3417 2703 diabolo
3448 2648 3654 2718 magis‘
3679 2661 3808 2701 com-

2208 2744 2483 2798 mendare
2512 2759 2686 2815 quam
2715 2742 2958 2810 Christo,
2990 2741 3077 2796 bis
3116 2742 3405 2813 delinquis
3448 2745 3505 2796 et
3534 2740 3802 2812 geminum

2206 2854 2271 2892 ac
2309 2839 2517 2909 duplex
2545 2838 2766 2892 crimen
2808 2836 3078 2904 admittis,
3110 2842 3167 2890 et
3194 2836 3345 2907 quod
3386 2852 3501 2890 non
3548 2849 3807 2906 prmparas

2208 2932 2334 2985 ﬁliis
2366 2932 2475 2985 tuis
2502 2932 2598 2987 Dei
2629 2932 2802 3002 patris
2829 2930 3125 2993 auxilium,
3157 2934 3217 2984 et
3252 2929 3409 3001 quod
3459 2930 3620 2984 doces
3647 2928 3804 2981 ﬁlios5

2206 3025 2618 3096 patrimonium
2650 3026 2775 3096 plus
2799 3041 2993 3079 amare
3022 3040 3193 3096 quam
3238 3024 3548 3079 Christum.

2276 3122 2377 3175 XX.
2437 3122 2564 3175 Esto
2614 3120 2800 3191 potius
2852 3119 3041 3173 liberis
3094 3119 3203 3172 tuis
3254 3123 3422 3189 pater
3476 3118 3598 3173 talis
3647 3116 3804 3188 qualis

474 3216 573 3268 Job
597 3183 746 3269 homo
774 3231 930 3270 verus
974 3223 1022 3269 et
1051 3183 1231 3284 justus
1273 3183 1624 3285 tabuit-ﬁlios
1652 3224 1853 3287 septem
1888 3223 1938 3271 et
1962 3218 2107 3286 filius
2128 3183 2181 3255 Ο
2205 3215 2405 3269 Tobias
2446 3183 2679 3269 exstitit.
2716 3215 2789 3267 Da
2817 3213 2978 3267 utilia
3013 3218 3070 3266 et
3093 3183 3365 3266 salutaria
3394 3183 3679 3283 praecepta
3701 3210 3801 3279 pig-

474 3315 597 3370 trcs,
649 3315 699 3364 et
737 3309 1070 3364 emundabut
1115 3310 1238 3363 illos
1278 3310 1503 3379 oﬁerens
1528 3326 1627 3380 pro
1660 3313 1734 3365 eis
1782 3312 1981 3365 hostias
2003 3316 2105 3367 Deo

473 3404 765 3457 secundum
803 3418 1083 3457 numerum
1122 3404 1359 3466 illorum,
1408 3408 1459 3458 et
1503 3421 1605 3474 pro
1646 3407 1884 3473 peccatis
1926 3419 2106 3459 eorum

474 3498 705 3550 vitulum
732 3511 897 3550 unum
925 3495 1083 3566 (Job.,
1114 3513 1148 3562 Ι,
1182 3499 1234 3564 2,
1270 3497 1345 3565 5).
1378 3496 1433 3551 Si
1463 3513 1600 3569 ergo
1634 3514 1763 3552 vere
1794 3497 1935 3551 ﬁlios
1980 3500 2106 3552 tuos

2208 3309 2445 3363 noribus
2487 3309 2680 3380 qualia
2748 3308 2843 3361 ille
2887 3307 3003 3361 ﬁlio
3056 3306 3249 3369 dedit;
3285 3307 3502 3361 manda
3548 3306 3667 3360 ﬁliis
3710 3306 3803 3358 tuis

2205 3404 2357 3475 quod
2402 3408 2458 3458 et
2504 3402 2597 3456 ille
2636 3403 2752 3457 ﬁlio
2797 3394 3087 3456 mandavit
3138 3401 3332 3457 dicens
3380 3418 3394 3455 :
3450 3404 3516 3457 Et
3544 3416 3692 3461 nunc,
3716 3400 3799 3468 ﬁli,

2205 3499 2407 3553 mando
2453 3498 2573 3565 tibi,
2613 3499 2753 3552 servi
2796 3500 2898 3552 Deo
2937 3499 2996 3552 in
3043 3499 3292 3563 veritate,
3325 3502 3375 3552 et
3416 3499 3510 3565 fac
3534 3510 3697 3551 coram
3724 3493 3802 3547 illo

1842 3653 2051 3717 Variae
2110 3653 2445 3717 lectiones.

532 3768 574 3800 ⁹¹
605 3767 861 3818 Praestitit
884 3770 941 3819 in
984 3771 1245 3834 operibus
1283 3771 1447 3834 justis
1497 3771 1618 3821 Bod.
1654 3773 1771 3821 1.4.
1840 3772 1881 3802 ⁹²
1913 3771 2165 3823 Contulit
2214 3773 2364 3837 quod
2407 3772 2647 3838 benigne
2706 3773 2826 3823 Bod.
2881 3775 2924 3823 1.
2992 3773 3034 3804 9‘
3065 3772 3294 3823 Alendis
3345 3767 3799 3838 sustentandisque

468 3838 630 3890 Saris.
698 3840 739 3871 ⁹⁴
783 3839 983 3891 Probat
1012 3842 1119 3893 hoc
1154 3845 1303 3895 West.
1371 3843 1412 3875 95
1453 3842 1566 3893 Nec
1590 3847 1643 3892 te
1685 3842 1873 3892 liberis
1904 3844 2069 3892 Saris.
2136 3844 2272 3893 Voss.
2307 3846 2349 3893 1.

2419 3844 2461 3878 εο
2484 3836 2746 3894 Inﬁrmus
2775 3858 2834 3895 es
2881 3844 3045 3894 Saris.
3094 3844 3227 3892 Voss.
3283 3846 3324 3893 1.
3398 3842 3436 3875 λ⁷
3466 3844 3665 3892 Patrem
3692 3836 3794 3886 add.

470 3910 623 3959 Oxon.
692 3909 733 3942 9⁸
762 3912 879 3962 Deo
909 3911 1253 3963 credentium
1290 3913 1381 3963 Ar.
1412 3912 1533 3962 Bod.
1567 3914 1614 3975 1,
1640 3914 1690 3973 2,
1728 3915 1770 3964 1.
1802 3915 1940 3963 Lam.
1970 3914 2084 3963 Nec
2112 3913 2202 3963 fur
2230 3915 2373 3977 rapit
2418 3915 2551 3964 Voss.
2578 3915 2623 3964 2.
2692 3915 3017 3966 9i’Juvenior
3039 3915 3118 3964 fui
3144 3914 3269 3964 Bod.
3303 3916 3348 3965 1.
3380 3916 3543 3965 Sam‘s.
3612 3916 3625 3943 ¹
3651 3910 3796 3972 Qua:-

466 3992 595 4031 rens
619 3994 817 4044 panem
849 3983 1014 4033 Suria.
1053 3985 1211 4035 West.
1234 3986 1325 4033 Ar.
1357 3984 1480 4033 Borl.
1514 3987 1557 4046 1,
1589 3984 1637 4044 2,
1664 3986 1715 4046 3,
1745 3985 1793 4035 4.
1861 3982 1883 4016 ²
1906 3984 2303 4035 Benedictione
2328 3986 2432 4036 erit
2481 3984 2601 4034 Bod.
2632 3987 2676 4045 1,
2701 3986 2750 4035 3.
2819 3987 2836 4015 ³
2862 3985 3280 4048 Vituperatione
3322 3990 3380 4035 et
3426 3984 3625 4047 injuria
3648 3980 3795 4032 Sorte.

364 4118 371 4127 δ
465 4052 486 4084 ⁴
512 4051 748 4103 Diabolo
762 4055 939 4104 mavis
970 4056 1107 4104 Pem.
1153 4055 1287 4105 Voss.
1316 4060 1363 4104 2.
1431 4060 1449 4089 5
1476 4056 1563 4106 Sic
1590 4057 1717 4107 Bod.
1754 4059 1801 4120 1,
1830 4057 1878 4119 2,
1905 4058 1951 4119 3,
1977 4058 2024 4107 4.
2055 4057 2196 4120 Spir.
2236 4058 2339 4106 νει.
2373 4059 2561 4106 innom.
2608 4056 2740 4105 Voss.
2765 4057 2811 4106 1.
2838 4056 2980 4105 Lam.
3007 4056 3155 4105 Ebor.
3187 4056 3350 4106 Filiis
3377 4054 3565 4120 Rigalt.

1771 4184 1992 4268 Steph.
2042 4185 2286 4250 Baluzii
2330 4191 2523 4249 notae.

530 4308 626 4369 (38)
655 4307 857 4355 Anima:
887 4305 1186 4357 liberandae.
1204 4307 1442 4370 Quidam
1468 4309 1592 4360 libri
1624 4315 1840 4362 veteres
1866 4314 1921 4361 et
1944 4325 2098 4376 quaa-

466 4378 595 4427 dam
622 4378 891 4429 editiones
915 4379 1120 4430 habent
1146 4382 1473 4430 redimendae.

531 4450 893 4513 (39):Tcrgori.
941 4449 1035 4501 Sic
1082 4451 1289 4501 habent
1330 4455 1575 4516 antiquas
1619 4453 1909 4513 editiones,
1934 4456 2098 4505 etiam

466 4522 804 4617 Manutiapa,
866 4526 921 4617 ert
978 4535 1173 4572 omnes
1236 4524 1350 4573 fere
1424 4523 1549 4617 libri
1605 4529 1836 4617 veteres.
1891 4527 1961 4575 Et
2017 4527 2178 4617 sicD

466 4593 690 4617 Amn:nn
744 4606 875 4617 Ann“
924 4607 1014 4617 ...η
1052 4606 1167 4617 Anan
1196 4595 1407 4617 manu“
1486 4609 1695 4617 --ρ-κδ---
1797 4600 1909 4617 Α-ι,.
1960 4598 2089 4617 ιτ---

2198 4310 2484 4362 Juvenalis
2515 4310 2627 4363 Sat.
2656 4313 2689 4361 5
2721 4327 2732 4359 :

2903 4420 3004 4469 Sed
3031 4422 3081 4468 et
3110 4432 3231 4468 mox
3262 4417 3453 4482 pocula
3470 4421 3685 4480 torques.

2499 4490 2712 4540 Saucius
2747 4494 2800 4541 et
2830 4490 2988 4540 rubra
3035 4490 3273 4553 deterget
3307 4489 3526 4539 vulnera
3554 4497 3739 4549 mappa.

464 4593 691 4643 omnino
720 4592 1018 4656 legendum
1049 4606 1169 4645 esse
1196 4595 1411 4644 monuit
1435 4595 1714 4646 Erasmus.
1743 4596 1930 4648 Recte.
1960 4598 2096 4648 Nam
2127 4592 2175 4617 δ’
2198 4605 2270 4656 Et
2299 4605 2412 4657 sat.
2444 4606 2503 4655 14
2534 4620 2546 4653 :

464 4677 630 4727 supra
690 4665 849 4727 epist.
908 4666 939 4713 8

465 4734 656 4796 Varro,
688 4734 783 4784 lib.
806 4748 864 4784 Ill
889 4734 953 4784 de
985 4735 1052 4784 Re
1079 4736 1301 4797 rustica,
1340 4748 1462 4800 cap.
1486 4738 1518 4787 5
1555 4752 1565 4785 :
1596 4753 1627 4785 «
1647 4738 1716 4787 Et
1750 4751 1879 4789 eum
1914 4740 2097 4802 potius

462 4819 560 4870 per
599 4806 821 4857 canales
860 4810 1121 4869 angustos
1173 4820 1393 4871 serpere
1450 4822 1561 4872 quo
1616 4810 1779 4859 facile
1826 4810 2095 4873 extergeri

461 4879 692 4941 possint.
728 4897 757 4923 »
787 4876 942 4938 Cato,
972 4891 1091 4941 cap.
1123 4890 1160 4926 ιι
1189 4878 1252 4928 de
1278 4880 1345 4928 Re
1374 4882 1617 4929 rustica:
1645 4896 1673 4929 α
1703 4881 1903 4931 Fossas
1937 4886 2095 4932 vete-

461 4962 547 4998 res
590 4949 806 5011 tergeri.
866 4966 894 4995 »
938 4947 1271 5009 Columella,
1323 4950 1418 4999 lib.
1476 4964 1551 5012 vr,
1608 4965 1726 5014 cap.
1772 4954 1804 5003 9
1842 4967 1852 5000 :
1897 4972 1923 4997 α
1951 4953 2095 5002 Tum

460 5020 627 5069 etiam
658 5019 921 5070 convenit
949 5020 1179 5085 spongia
1209 5020 1361 5071 labra
1393 5021 1682 5087 detergeri.
1718 5038 1746 5070 »
1783 5022 2091 5083 Lucretius,

459 5089 554 5139 lib.
583 5102 641 5140 Iv
675 5106 685 5138 :

580 5183 731 5233 Certe
755 5184 861 5247 jaci
887 5188 939 5235 et
972 5184 1163 5248 tergeri
1190 5186 1354 5236 multa
1381 5185 1635 5236 videmus.

460 5264 594 5314 item
627 5263 721 5313 lib.
755 5278 811 5314 v1
849 5280 861 5313 ε

1002 4678 1013 4712 :
1070 4682 1098 4711 «
1140 4665 1253 4715 Vos
1306 4668 1486 4715 vestra
1531 4667 1717 4717 laetitia
1766 4670 2039 4732 tergeatis.
2068 4684 2097 4717 »

583 5371 770 5422 Aridus
799 5372 935 5422 unde
966 5387 1118 5422 aures
1155 5377 1322 5436 terget
1350 5388 1509 5424 sonus
1533 5374 1640 5425 ille.

456 5480 721 5532 Horatius
748 5480 841 5531 lib.
874 5494 911 5531 ιι
935 5480 1140 5544 Carm.,
1172 5481 1283 5532 Sat.
1306 5481 1337 5530 2
1367 5498 1384 5533 ε

582 5583 692 5630 Hoc
713 5579 886 5645 potius
915 5595 1069 5644 quam
1095 5581 1286 5646 gallina
1322 5585 1526 5646 tergere
1564 5582 1807 5646 palatum.

458 5685 609 5737 Idem
640 5685 733 5736 lib.
768 5700 783 5735 1
815 5686 1022 5746 Carm.,
1054 5686 1156 5737 Od.
1186 5688 1213 5735 7
1245 5702 1255 5734 :

582 5781 742 5830 Albus
763 5784 816 5830 ut
841 5781 1049 5832 obscuri
1079 5781 1315 5846 deterget
1339 5781 1519 5832 nubila
1545 5782 1665 5831 coeli

582 5852 726 5918 Step9
750 5856 922 5905 notus.

2893 4678 3027 4727 Vasa
3052 4691 3237 4742 aspera
3271 4679 3470 4741 tergeat
3488 4676 3627 4725 alter.

2197 4779 2368 4831 Silius
2394 4781 2621 4832 Italicus
2646 4780 2743 4831 lib.
2776 4794 2812 4830 ιι
2847 4797 2857 4830 :

2815 4875 3071 4934 Quoniam
3105 4874 3223 4926 data
3252 4876 3404 4941 copia
3425 4877 3630 4939 longum

2385 4962 2602 5025 Deterge
2629 4961 2788 5011 situm
2825 4961 2980 5012 ferro.

2195 5068 2261 5131 Q.
2322 5068 2566 5130 Curtius,
2604 5069 2640 5119 l.
2671 5082 2714 5120 x
2743 5085 2753 5142 ς
2784 5087 2812 5115 «
2838 5070 3271 5135 Abstergerique
3323 5071 3559 5120 invicem
3591 5066 3727 5142 remi.
3758 5078 3785 5142 ξ

2195 5141 2467 5205 Apuleius
2521 5142 2576 5190 in
2620 5141 2879 5205 Apologia
2917 5156 2934 5189 :
2979 5159 3008 5191 ‹‹
3046 5142 3403 5193 Continuatio
3445 5142 3601 5191 etiam
3636 5138 3786 5187 iterati

2193 5213 2398 5263 laboris
2427 5227 2651 5264 omnem
2690 5215 2920 5277 gratiam
2962 5227 3191 5277 corpore
3234 5214 3496 5277 deterget,
3531 5206 3786 5277 habitudi-

2193 5299 2323 5336 nem
2350 5289 2556 5335 tenuat.
2581 5303 2609 5330 »
2639 5276 3028 5357 Symmachus,
3060 5276 3155 5335 lib.
3188 5300 3260 5348 vr,
3287 5276 3443 5357 epist.
3470 5283 3530 5333 73
3556 5297 3567 5329 :
3593 5296 3626 5357 «Α
3646 5276 3782 5357 Laeti:

2194 5357 2269 5405 tia
2322 5360 2533 5420 tergeat
2584 5346 2791 5406 nubem
2840 5358 3127 5420 presentis
3171 5346 3487 5415 iracundiae,
3514 5374 3539 5400 »
3584 5355 3633 5402 et
3674 5346 3784 5399 alibi

2193 5439 2341 5490 saepe
2360 5426 2509 5490 apud
2534 5426 2687 5477 hunc
2717 5432 3016 5477 auctorem.

2256 5498 2354 5560 (40)
2385 5500 2556 5562 Egens
2585 5511 2741 5560 pane.
2789 5499 2982 5548 Plures
3010 5498 3136 5549 libri
3181 5503 3397 5550 veteres
3441 5496 3635 5547 habent
3673 5503 3784 5555 φυκ-

2191 5583 2315 5619 rens
2341 5582 2548 5633 panem.
2582 5570 2663 5619 lta
2698 5570 2864 5619 etiam
2892 5569 3061 5620 editio
3082 5570 3337 5635 Vulgata.

2256 5642 2354 5703 (41)
2387 5642 2650 5690 Forum-at.
2688 5643 2767 5691 Ita
2792 5643 3125 5705 posteriores
3162 5642 3431 5692 editiones
3476 5643 3530 5690 et
3562 5635 3780 5702 plerique

2192 5712 2317 5763 libri
2375 5716 2607 5762 veteres.
2667 5712 2807 5763 Aliae
2860 5713 3131 5763 editiones
3181 5719 3235 5764 ct
3285 5714 3422 5764 liber
3471 5710 3777 5761 Psalmorum

2192 5784 2454 5848 vulgatus
2473 5784 2778 5839 commodat.
2814 5784 2907 5838 Sic
2936 5786 3105 5839 etiam
3132 5785 3299 5839 editio
3336 5784 3643 5850 Anglicana.

3906 5850 3934 6104 J
