3998 6194
160 263 242 321 et:
1170 252 1381 320 LIBER
1423 264 1511 319 ne
1551 260 1776 318 OPERE
1815 262 1897 318 nr
1939 254 2415 317 ELEEMOSYNIS.

3381 260 3482 320 642

156 389 280 458 quod
312 389 396 443 illi
423 388 632 457 placet;
679 394 728 442 et
767 389 897 457 ﬁliis
930 390 1037 442 tuis
1074 388 1279 441 morata
1309 393 1367 443 ut
1393 389 1605 455 faciant
1622 387 1744 455 jus-
1771 396 1828 469 Α
1851 400 2158 456 provocare
2192 384 2476 438 dicentem
2508 400 2522 437 :
2556 404 2585 431 «
2614 383 2731 453 Ego
2779 400 2883 455 pro
2929 384 3051 438 istis
3087 400 3228 455 quos
3255 402 3484 441 mecum

154 487 311 538 titiam
357 489 406 536 et
450 483 817 551 eleemosynas,
868 487 918 536 et
962 484 1069 536 sint
1109 496 1358 536 memores
1410 485 1536 542 Dei,
1581 485 1629 536 ct
1672 483 1751 535 bc-

150 578 376 631 ncdicant
420 592 608 631 nomen
650 578 759 646 ejus
803 578 949 631 omni
999 581 1229 645 tempore
1278 576 1450 644 (Tob.,
1500 592 1612 640 x1v,
1660 578 1746 644 10,

156 676 239 739 .1).
288 672 351 723 Et
391 670 629 725 iterum:
675 671 928 726 Omnibus
974 672 1163 725 diebus
1204 672 1333 725 vitae
1376 675 1499 731 tuae,
1541 671 1624 738 ﬁli
1667 670 1750 723 di-

150 767 417 827 lectissime,
464 766 631 819 Deum
682 766 739 818 in
789 770 963 820 mente
1009 765 1163 829 habe,
1213 769 1263 819 et
1309 765 1423 818 noli
1468 765 1750 832 praeterire

143 864 383 929 praecepta
437 859 566 927 ejus.
610 860 889 913 Justitiam
927 862 1020 927 fac
1073 859 1322 913 omnibus
1379 858 1567 913 diebus
1620 859 1750 911 vita

144 959 247 1015 tua,
297 959 345 1008 et
388 953 500 1007 noli
552 952 833 1007 ambulare
876 954 1023 1007 riam
1071 954 1385 1022 iniquitatis
1432 967 1445 1004 :
1493 954 1749 1021 quoniam

142 1051 305 1115 agente
330 1052 377 1101 te
406 1062 472 1101 ero
510 1049 755 1115 veritate,
797 1049 901 1101 erit
939 1051 1211 1116 respectus
1249 1060 1468 1116 operum
1508 1050 1744 1100 tuorum.

142 1143 210 1195 Er
231 1141 529 1195 substantia
563 1146 657 1194 tua
681 1143 777 1208 fac
813 1142 1223 1209 eleemosynam,
1253 1146 1302 1195 et
1351 1140 1467 1194 noli
1507 1145 1748 1194 avertere

139 1236 309 1303 faciem
350 1240 503 1289 tuam
546 1236 614 1288 ab
668 1235 781 1289 ullo
828 1251 1086 1305 paupere.
1116 1237 1203 1288 Ita
1243 1237 1333 1303 fiet
1379 1240 1442 1288 ut
1480 1249 1575 1289 nec
1622 1251 1655 1286 (ι
1700 1240 1749 1287 te

140 1333 395 1384 avertatur
440 1331 609 1395 facies
652 1331 764 1383 Dei.
806 1331 976 1384 Prout
1028 1328 1308 1391 habueris,
1350 1328 1453 1396 ﬁli,
1500 1330 1576 1382 sic
1630 1330 1742 1395 fac.

140 1423 190 1477 Si
234 1422 328 1477 tibi
365 1424 537 1489 fuerit
582 1425 796 1493 copiosa
844 1423 1175 1489 substantia,
1218 1422 1349 1491 plus
1392 1437 1459 1476 ea:
1501 1423 1603 1476 illa
1652 1423 1747 1488 fac

139 1517 499 1586 eleemosynam
540 1534 556 1571 :
608 1519 657 1572 si
709 1519 965 1586 exiguum
1019 1516 1309 1585 habueris,
1365 1531 1431 1570 ea:
1485 1516 1581 1570 hoc
1629 1518 1746 1586 ipso

141 1613 305 1680 exiguo
383 1613 739 1665 communica.
814 1614 881 1665 Et
957 1626 1023 1665 ne
1100 1611 1340 1665 timueris
1413 1626 1532 1664 cum
1605 1613 1747 1678 facis

140 1706 537 1773 elemosynam;
580 1707 862 1775 praemium
890 1706 1032 1759 enim
1077 1705 1270 1759 bonum
1294 1707 1506 1775 reponis
1550 1704 1652 1758 tibi
1686 1707 1745 1759 in

1853 479 2003 532 vides
2048 495 2153 531 nec
2196 478 2387 547 alapas
2428 476 2639 547 accepi,
2683 494 2787 531 nec
2821 477 3046 548 ﬂagella
3087 480 3351 547 sustinui,
3384 496 3488 535 nec

1852 588 2074 627 crucem
2104 572 2334 643 pertuli,
2365 587 2466 624 nec
2493 571 2837 641 sanguinem
2880 572 3018 641 fudi,
3053 588 3157 627 nec
3198 574 3482 628 familiam

1852 682 2040 721 meam
2075 666 2257 737 pretio
2286 665 2564 736 passionis
2601 668 2657 719 et
2700 666 2918 720 cruoris
2961 666 3213 733 redemi;
3244 668 3343 723 sed
3376 685 3483 723 nec

1849 775 2090 831 regnum
2135 759 2242 813 illis
2287 760 2515 813 cceleste
2555 759 2849 830 promitto,
2897 775 3003 814 nec
3047 761 3119 815 ad
3149 762 3483 832 paradisum

1849 854 2107 908 restituta
2155 853 2578 908 immortalitate
2628 853 2816 908 denuo
2850 869 3093 920 revoco;
3138 860 3198 909 et-
3245 871 3487 911 munera

1852 947 1992 1001 mihi
2047 964 2219 1018 quam
2271 945 2534 1018 pretiosa,
2578 964 2750 1018 quam
2794 948 3051 1017 grandia,
3097 964 3267 1019 quam
3309 949 3486 1004 nimio

1850 1048 1907 1095 et
1949 1042 2117 1112 longo
2167 1040 2365 1095 labore
2408 1040 2669 1111 quaesita,
2699 1040 3205 1112 sumptuosissimis
3245 1058 3484 1113 appara-

1848 1134 1999 1189 tibus
2025 1139 2381 1205 comparant,
2414 1136 2579 1189 rebus
2608 1134 2722 1189 suis
2757 1136 2839 1190 vel
2868 1134 3135 1207 obligatis
3170 1135 3231 1191 in
3276 1152 3487 1191 mune-

1850 1229 1925 1282 ris
1951 1230 2373 1299 comparatione
2402 1230 2488 1283 vel
2526 1229 2805 1284 venditis:
2846 1245 2909 1284 ac
2951 1229 3057 1284 nisi
3105 1230 3275 1286 editio
3313 1231 3486 1289 hone-

1848 1328 1936 1377 sta
1982 1323 2311 1377 successerit
2358 1324 2425 1391 ¹²,
2481 1323 2751 1377 conviciis
2803 1339 2867 1377 ac
2922 1323 3098 1378 sibilis
3153 1324 3484 1397 ejiciuntur,

1849 1421 1907 1471 et
1936 1417 2128 1472 furore
2168 1417 2433 1489 populari
2475 1433 2890 1488 nonnunquam
2936 1435 3085 1488 pene
3133 1420 3483 1491 lapidantur,

1846 1512 1991 1565 Tuos
2043 1511 2183 1565 tales
2234 1511 2612 1578 numerarios,
2663 1511 2906 1578 Christe,
2954 1512 3291 1569 demonstra
3347 1515 3482 1585 (45),

1849 1605 1970 1660 illos
2012 1604 2213 1660 divites
2240 1606 2306 1673 ‘3,
2335 1605 2459 1659 illos
2502 1605 2744 1676 copiosis
2796 1605 2999 1677 opibus
3045 1606 3368 1676 afﬂuentes,
3412 1626 3484 1664 an

1848 1699 1907 1753 in
1954 1699 2194 1753 Ecclesia
2247 1699 2587 1770 praesidente
2637 1705 2692 1753 et
2744 1705 3035 1770 spectante
3088 1707 3141 1756 te
3193 1701 3478 1772 ejusmodi

139 1799 255 1852 diem
293 1802 641 1861 necessitatis,
685 1801 816 1869 quia
860 1800 1190 1867 eleemosyna
1235 1814 1269 1853 a
1312 1804 1478 1853 morte
1527 1800 1740 1865 liberat,
1768 1768 1821 1839 Β
1849 1809 2058 1848 munus
2115 1793 2326 1860 edant,
2382 1792 2776 1864 oppigneratis
2828 1794 2918 1847 vel
2968 1794 3247 1850 distractis
3302 1796 3472 1851 rebus

137 1899 292 1947 etnon
318 1896 540 1962 patitur
566 1896 647 1947 ire
691 1896 753 1946 in
790 1893 1081 1962 gehennam
1113 1893 1155 1946 θ.
1195 1895 1390 1948 Munus
1430 1894 1625 1947 bonum
1666 1900 1744 1947 est

136 1987 433 2056 elemosyna
474 1988 721 2043 omnibus
764 1988 862 2058 qui
898 1988 1118 2053 faciunt
1155 2003 1271 2041 eam
1318 2002 1499 2041 corum
1538 2002 1745 2041 summo

137 2081 223 2135 Deo
248 2082 424 2150 (Tob.,
465 2097 538 2143 ιν,
569 2081 741 2149 2-16).

196 2174 311 2229 XXI.
342 2176 521 2239 Quale
568 2191 778 2229 munus
818 2178 920 2241 est,
965 2175 1171 2229 fratres
1204 2175 1539 2242 charissimi,
1586 2175 1747 2246 cujus

142 2267 289 2323 editio
314 2270 332 2303 τ
361 2271 477 2324 Deo
522 2272 815 2340 spectante
856 2268 1212 2323 celebratur!
1242 2269 1297 2323 Si
1340 2270 1397 2323 in
1446 2269 1745 2340 gentilium

141 2378 347 2418 munere
380 2363 606 2434 grande
647 2370 704 2417 et
749 2363 1064 2434 gloriosum
1111 2362 1336 2417 videtur
1380 2364 1747 2435 proconsules

142 2456 213 2509 vel
250 2457 621 2528 imperatores
654 2457 866 2512 habere
900 2460 1208 2525 praesentes
1240 2457 1373 2527 (42),
1406 2461 1463 2512 et
1505 2474 1748 2529 appara-

139 2554 212 2603 tus
246 2568 303 2604 ac
332 2558 599 2622 sumptus
635 2551 788 2622 apud
829 2551 1182 2606 munerarius
1220 2551 1331 2623 (t3)
1371 2553 1552 2622 major
1580 2558 1662 2607 est
1690 2554 1748 2606 ut

141 2644 328 2712 possint
354 2644 579 2715 placere
607 2644 939 2715 majoribus,
968 2647 1184 2715 quanto
1226 2644 1504 2699 illustrior
1546 2661 1744 2699 mune—

144 2737 203 2789 ris
223 2744 271 2790 et
296 2740 478 2809 major
501 2745 587 2792 est
611 2738 788 2809 gloria
809 2740 987 2793 Deum
1012 2742 1068 2792 et
1093 2739 1377 2793 Christum
1402 2744 1748 2810 spectatores

141 2829 359 2886 habere!
397 2833 624 2896 Quanto
671 2830 863 2905 618
907 2831 1029 2886 istic
1072 2837 1128 2886 et
1177 2836 1476 2902 apparatus
1522 2831 1751 2887 uberior

141 2930 184 2977 et
205 2933 452 2997 sumptus
486 2926 701 2996 largior
729 2926 1085 2981 exliibendus
1112 2931 1196 2980 est
1224 2926 1318 2979 ubi
1344 2926 1414 2980 ad
1440 2933 1738 2997 spectacu-

141 3018 236 3071 lum
260 3020 613 3073 conveniunt
650 3021 922 3074 cmlorum
963 3020 1232 3087 Virtutes,
1262 3021 1609 3075 conveniunt
1647 3038 1743 3075 an-

1846 1888 1980 1955 suis,
2010 1888 2125 1941 imo
2154 1887 2225 1941 ad
2266 1888 2517 1942 caelestes
2559 1886 2854 1942 thesauros
2900 1892 3117 1942 mutata
3167 1888 3224 1942 in
3270 1890 3478 1945 melius

1846 1981 2204 2053 possessione
2259 1980 2565 2036 translatis.
2623 1984 2686 2036 In
2744 1981 2866 2035 istis
2930 1982 3265 2037 muneribus
3333 1984 3475 2038 meis

1847 2075 2076 2130 caducis
2105 2081 2273 2146 atque
2309 2076 2550 2130 terrenis
2588 2091 2756 2130 nemo
2798 2076 3069 2146 pascitur,
3101 2093 3269 2132 nemo
3309 2079 3483 2133 vesti-

1847 2175 1959 2237 tur,
1990 2186 2161 2224 nemo
2192 2170 2301 2224 cibi
2330 2170 2568 2240 alicujus
2590 2176 2690 2225 aut
2710 2171 2897 2241 potius
2918 2171 3121 2226 solatio
3145 2164 3477 2228 sustinetur.

1847 2267 2061 2321 Cuncta
2105 2263 2257 2318 inter
2304 2264 2559 2318 furorem
2610 2263 2829 2319 edentis
2876 2271 2930 2319 et
2981 2266 3285 2335 spectantis
3335 2283 3485 2321 erro.

1849 2374 1971 2412 rem
2030 2357 2272 2428 prodiga
2327 2363 2383 2411 et
2437 2359 2608 2412 stulta
2670 2358 3024 2428 voluptatum
3088 2360 3483 2415 frustrantium

1848 2452 2096 2506 vanitate
2126 2451 2463 2522 depereunt.
2500 2452 2615 2506 Illic
2660 2451 2719 2505 in
2761 2453 3109 2524 pauperibus
3139 2454 3250 2508 tuis
3290 2458 3349 2508 tu
3389 2470 3484 2509 ve-

1849 2546 1999 2601 stiris
2039 2550 2096 2600 et
2139 2546 2405 2618 pasceris,
2457 2546 2516 2600 in
2563 2551 2833 2601 aeternam
2886 2547 3058 2602 vitam
3108 2550 3482 2619 operantibus

1850 2640 2168 2712 polliceris;
2201 2646 2256 2694 et
2284 2640 2373 2694 vix
2406 2639 2487 2694 tui
2518 2640 2661 2694 meis
2685 2641 3056 2711 pereuntibus
3090 2644 3136 2677 ¹⁴
3171 2644 3479 2714 adaequan-

1850 2740 1961 2801 tur,
1999 2734 2097 2805 qui
2129 2751 2160 2788 a
2190 2737 2246 2788 te
2274 2734 2477 2788 divinis
2506 2735 2862 2790 mercedibus
2892 2740 2949 2791 et
2973 2736 3224 2807 praemiis
3252 2738 3491 2792 cmlesti-

1849 2829 1953 2883 bus
1981 2829 2360 2883 honorantur.

1922 2921 2114 2995 619
2150 2923 2333 2978 XXIII.
2368 2921 2514 2985 Quid
2547 2922 2619 2977 ad
2656 2923 2779 2978 haec
2809 2925 3244 2995 respondemus,
3277 2926 3481 2983 fratres

1850 3016 2211 3072 charissimi?
2261 3016 2546 3087 Sacrilege
2597 3016 2889 3071 sterilitate
2924 3019 2969 3052 ¹⁵
3017 3023 3074 3074 et
3117 3021 3361 3091 quadam
3398 3026 3484 3077 te-

144 3113 233 3180 geli
256 3130 478 3181 omnes,
512 3114 610 3168 ubi
644 3115 979 3168 munerario
1009 3130 1121 3168 non
1143 3114 1422 3186 quadriga
1443 3116 1525 3168 vel
1549 3131 1820 3212 consu-C
1849 3111 2158 3165 nebrarum
2225 3112 2397 3165 nocte
2454 3114 2751 3181 coopertas
2804 3111 3045 3167 divitum
3102 3119 3324 3170 mentes
3376 3130 3488 3187 qua

141 3203 262 3259 latus
314 3209 550 3277 petitur,
583 3208 683 3262 sed
723 3209 838 3262 vita
872 3214 1084 3263 aeterna
1128 3211 1447 3279 praestatur,
1480 3226 1581 3263 nec
1610 3226 1740 3280 cap-

141 3301 268 3353 tatur
296 3303 482 3356 inanis
517 3307 573 3356 et
599 3303 984 3373 temporarias
1012 3301 1171 3356 favor
1194 3302 1369 3374 vulgi,
1399 3302 1496 3357 sed
1538 3319 1743 3373 perpe-

142 3398 279 3448 tuum
309 3396 618 3466 praemium
650 3396 813 3466 regni
842 3395 1083 3451 coelestis
1111 3398 1132 3431 ⁸
1158 3396 1468 3467 accipitur!

194 3489 333 3544 XXII.
378 3492 590 3562 Atque,
638 3494 701 3544 ut
743 3490 933 3561 pigros
980 3496 1035 3546 et
1075 3491 1290 3546 steriles
1332 3495 1389 3546 et
1434 3491 1746 3563 cupiditate

141 3584 439 3639 nummaria
496 3583 639 3653 nihil
690 3584 834 3639 circa
885 3584 1134 3639 fructum
1186 3585 1381 3640 salutis
1444 3589 1748 3657 operantes

144 3679 295 3748 magis
356 3679 616 3750 pudeat,
681 3684 741 3732 ut
802 3678 927 3748 plus
992 3679 1401 3733 conscientiam
1462 3678 1746 3735 sordidam

142 3769 402 3826 dedecoris
428 3789 499 3827 ac
546 3772 912 3843 turpitudinis
941 3790 1057 3828 suae
1085 3773 1261 3828 rubor
1291 3774 1471 3828 credat
1497 3776 1539 3841 θ,
1583 3782 1755 3844 ponat

141 3867 504 3939 unusquisque
539 3867 648 3937 (44)
695 3873 826 3921 ante
871 3868 1063 3922 oculos
1107 3884 1239 3922 suos
1284 3867 1573 3922 diabolum
1623 3884 1751 3922 cum

141 3960 285 4012 servis
326 3962 439 4014 suis
490 3961 559 4025 ιο,
603 3960 661 4014 id
714 3966 799 4015 est
850 3978 978 4016 cum
1028 3962 1241 4034 populo
1292 3956 1628 4032 perditionis
1680 3977 1744 4016 ac

143 4054 337 4121 mortis,
391 4056 447 4108 in
506 4054 764 4108 medium
822 4055 1100 4126 prosilire,
1158 4055 1386 4125 plebem
1433 4055 1639 4109 Christi
1680 4056 1748 4123 ¹¹,

140 4153 391 4214 praesente
420 4154 476 4204 et
514 4148 806 4218 judicante
849 4149 992 4220 ipso,
1021 4150 1461 4222 comparationis
1489 4154 1750 4204 examine

1849 3206 2069 3261 ratione
2124 3204 2516 3273 defendimus,
2569 3221 2680 3275 qua
2734 3206 3093 3261 excusatione
3143 3224 3481 3281 purgamus,

1847 3299 1945 3371 qui
1974 3298 2185 3352 diaboli
2231 3299 2404 3353 servis
2452 3298 2705 3354 minores
2751 3316 2966 3367 sumus,
3003 3304 3064 3355 ut
3106 3302 3329 3358 Christo
3378 3320 3481 3375 pro

1846 3393 2029 3464 pretio
2056 3392 2332 3463 passionis
2366 3398 2422 3447 et
2446 3392 2741 3464 sanguinis
2768 3393 2949 3449 vicem
2986 3411 3090 3450 nec
3136 3396 3194 3450 in
3245 3397 3486 3452 modicis

1848 3486 2230 3558 rependamus
2249 3487 2276 3541 ‘l
2305 3488 2589 3557 Praecepta
2630 3486 2720 3541 ille
2748 3488 2914 3543 nobis
2937 3488 3113 3557 dedit,
3137 3490 3275 3561 quid
3294 3490 3484 3547 facere

1849 3597 2039 3635 servos
2080 3596 2209 3635 suos
2256 3582 2548 3651 oporteret
2590 3580 2879 3651 instruxit,
2924 3583 3292 3654 operantibus
3333 3602 3484 3656 prte-

1853 3675 2034 3729 mium
2076 3674 2378 3745 pollicitus,
2422 3681 2477 3729 et
2515 3675 2856 3746 supplicium
2904 3677 3194 3732 sterilibus
3237 3680 3480 3734 commi-

1853 3772 2040 3832 natus,
2072 3769 2415 3823 sententiam
2465 3785 2620 3822 suam
2663 3770 2917 3839 protulit,
2957 3771 3094 3841 quid
3130 3772 3486 3842 judicaturus

1854 3864 1925 3918 sit
1952 3866 2086 3917 ante
2114 3862 2390 3934 praedixit.
2425 3863 2561 3926 Qum
2593 3868 2777 3934 potest
2806 3865 3088 3920 excusatio
3120 3866 3165 3900 ¹⁸
3204 3881 3326 3921 esse
3373 3884 3485 3923 ces-

1852 3958 2018 4026 santi,
2050 3973 2178 4029 qua:
2218 3956 2472 4011 defensio
2501 3957 2698 4023 sterili,
2733 3957 2839 4012 nisi
2872 3959 3025 4029 quod
3074 3976 3192 4014 non
3234 3961 3482 4016 faciente

1852 4069 2014 4108 servo
2067 4050 2221 4123 quod
2274 4051 2316 4085 ¹⁷
2370 4050 2720 4121 praecipitur,
2779 4052 3053 4106 Dominus
3108 4053 3282 4112 faciet
3333 4057 3485 4125 quod

1854 4147 2124 4214 minatur,
2179 4144 2278 4215 qui
2322 4150 2381 4199 et
2420 4144 2599 4200 dicit:
2637 4145 2767 4202 Cum
2811 4148 3014 4202 venerit
3053 4147 3221 4203 Filius
3260 4149 3486 4205 hominis

1510 4330 1720 4394 Varias
1764 4328 2101 4393 lectiones.

188 4476 205 4510 ⁸
227 4479 305 4527 Sic
329 4481 387 4530 In
414 4482 576 4532 West.
612 4486 700 4531 Ar.
732 4483 855 4533 Ben.
884 4484 1020 4533 Pem.
1043 4483 1151 4534 ΝΟ.
1181 4489 1228 4533 2.
1254 4485 1416 4535 Saris.
1464 4482 1596 4532 Voss.
1620 4487 1668 4532 2.
1716 4481 1856 4531 Lam.
1892 4479 2015 4529 Bod.
2044 4480 2092 4541 1,
2134 4483 2183 4538 2,
2223 4484 2273 4541 3,
2301 4484 2344 4529 In.
2382 4481 2495 4530 Ver.
2525 4478 2852 4531 Gehennam
2881 4479 3043 4541 lmpr.
3110 4477 3128 4509 7
3156 4478 3329 4543 Cujus
3356 4494 3489 4542 prm-

141 4545 256 4598 bitio
286 4552 404 4599 Bud.
461 4555 510 4601 1.
580 4554 597 4583 ³
636 4557 717 4604 Ac
748 4554 975 4605 cculeste
1001 4568 1231 4619 regnum
1269 4557 1374 4604 Lin.
1444 4555 1463 4585 τ’
1490 4554 1679 4605 Rubor
1730 4552 1961 4603 accedat
1986 4551 2124 4601 Pem.
2158 4553 2288 4601 Voss.
2326 4554 2369 4601 1.

2449 4552 2486 4582 ¹⁰
2531 4549 2831 4600 Diabolum
2864 4563 2994 4599 cum
3026 4550 3237 4612 angelis
3277 4551 3408 4599 Voss.
3442 4554 3485 4600 1.

142 4620 174 4648 "
202 4619 406 4673 Christo
431 4628 708 4688 praesente
771 4626 902 4674 Voss.
953 4627 997 4674 1.
1036 4627 1169 4674 Lam.
1199 4622 1323 4676 Bod.
1358 4627 1405 4680 1.
1431 4630 1479 4684 3,
1520 4628 1561 4672 4.
1635 4628 1672 4657 ¹²
1722 4622 2034 4674 Accesserit
2092 4624 2253 4672 Saris.
2332 4627 2365 4656 ⁸³
2395 4623 2725 4672 Demonstra
2755 4621 2960 4670 nivites
3008 4622 3096 4669 Ar.
3150 4622 3309 4671 West.
3342 4623 3481 4670 Lam.

142 4688 270 4737 Ebor.
305 4693 465 4743 Saris.
499 4695 613 4743 Borl
657 4696 702 4754 1,
729 4700 778 4754 2,
806 4700 853 4755 3,
881 4699 923 4744 4.
1002 4698 1037 4728 ¹⁴
1072 4696 1205 4746 Meis
1232 4696 1593 4760 perdentibus
1617 4697 1706 4745 Ar.
1750 4697 1909 4745 West.
1944 4694 2053 4744 Bod
2094 4697 2136 4742 Io.
2191 4695 2296 4743 Ver.
2328 4693 2475 4744 Corb.
2517 4695 2653 4742 Man.
2685 4693 2810 4740 Mor.
2884 4694 2921 4723 ‘5
2948 4690 3255 4755 Sacrilegas
3285 4691 3486 4740 sterili-

144 4761 258 4811 tates
280 4765 413 4814 Lam.
441 4766 569 4815 Bod.
602 4770 652 4824 2,
687 4771 727 4815 4Δ
746 4768 859 4816 Ver.

937 4767 973 4798 ’δ
1010 4766 1148 4829 Quas
1172 4771 1351 4831 potest
1378 4780 1499 4818 esse
1518 4766 1766 4817 defensio
1787 4768 1952 4817 Saris.
1987 4767 2119 4815 Voss.
2144 4767 2187 4815 1.
2213 4763 2342 4813 Bod.
2375 4765 2422 4825 1,
2444 4762 2493 4825 2,
2516 4763 2563 4823 3,
2592 4764 2637 4812 4.

2712 4760 2749 4793 ¹⁷
2777 4759 2949 4812 Servo
2979 4761 3213 4825 quiquid
3245 4761 3366 4809 alii.

1421 4916 1645 4998 Steph.
1687 4915 1934 4979 Baluzii
1980 4919 2174 4978 notae.

196 5045 265 5103 (12
323 5049 667 5110 Imperatores
708 5049 899 5101 habere
936 5058 1231 5114 praesentes.
1271 5052 1449 5115 Supra
1495 5052 1651 5116 epist.
1694 5052 1742 5111 8,

143 5125 233 5176 pag
288 5119 360 5176 17,
417 5119 669 5170 Clinslus
717 5121 922 5171 dicitur
970 5122 1213 5173 adfuisse
1262 5123 1553 5173 certamini
1592 5137 1741 5172 mar-

143 5186 320 5245 tyrum.
366 5189 681 5253 Cassianus,
714 5193 808 5242 lib.
836 5207 914 5250 γι,
956 5206 1075 5256 cap.
1104 5194 1172 5243 9:
1221 5210 1252 5242 α
1288 5195 1562 5244 Dominus
1606 5208 1744 5257 pug-

144 5264 253 5329 I_lam
321 5264 638 5313 certaminis
707 5266 881 5314 nostri
929 5266 1134 5329 jugiter
1180 5270 1410 5329 spectat.
1466 5284 1491 5310 »
1541 5268 1748 5317 Auctor

144 5323 379 5390 Epistolas
408 5334 483 5381 ad
518 5323 1090 5396 Demetriadem,vinvter
1120 5323 1285 5401 opera
1327 5338 1503 5388 sancti
1550 5338 1748 5389 Hiero—

146 5403 278 5460 nl’mi
308 5418 318 5450 :
350 5420 375 5449 «
400 5405 549 5455 Huic
578 5410 726 5456 tanto
756 5408 1075 5471 spectaculo
1104 5408 1231 5459 vide
1271 5423 1436 5474 quem
1478 5411 1747 5469 animum,

146 5482 300 5549 quam
333 5475 537 5549 debeas
574 5478 765 5529 afferre
812 5480 1092 5537 virtutem,
1132 5483 1186 5530 et
1238 5481 1559 5531 certaminis
1601 5494 1745 5543 mag-

145 5543 432 5597 nitudinem
460 5547 529 5598 de
554 5550 925 5612 spectantium
953 5550 1220 5613 dignitate
1251 5552 1462 5600 metire.
1494 5569 1517 5597 »

205 5615 290 5687 (t3)
322 5619 667 5670 Munerarios.
705 5622 1083 5685 Hieronymus
1114 5623 1169 5671 in
1206 5622 1453 5687 Epistola
1484 5623 1553 5671 ad
1592 5622 1751 5671 Pam-

150 5685 383 5736 machium
430 5690 501 5740 de
553 5692 898 5744 Dormitione
946 5694 1194 5743 Paulinus
1248 5685 1270 5741 ἶ
1315 5712 1343 5738 «
1404 5693 1752 5744 Munerarius

150 5765 433 5819 Pauperum
478 5768 530 5811 et
576 5765 859 5828 egentium
904 5764 1251 5815 candidatus.
1299 5780 1329 5812 »
1386 5765 1527 5815 Vide
1572 5764 1752 5815 Seue-

151 5835 276 5891 οδω,
316 5830 409 5881 lib.
447 5844 487 5883 ιι
530 5834 592 5885 do
626 5835 913 5903 Beneﬁciis,
940 5850 1061 5902 cap.
1103 5837 1184 5900 21,
1224 5841 1280 5889 et
1328 5836 1552 5887 Maximi
1599 5836 1755 5887 Tau-

1845 5051 2083 5101 rinensis
2125 5048 2425 5098 Homiliam
2468 5049 2525 5096 in
2552 5046 2752 5110 vigiliis
2780 5044 2995 5096 Natalis
3042 5043 3273 5095 Domini.
3307 5041 3487 5107 Quin.

1846 5123 2090 5183 tilianus,
2118 5121 2210 5171 lib.
2245 5132 2361 5177 vm,
2407 5133 2524 5183 cap.
2570 5120 2617 5177 3,
2664 5117 2832 5168 tradit
2880 5119 3198 5180 Augustum
3242 5117 3487 5179 primum

1846 5195 2019 5245 fuisse
2040 5194 2136 5257 qui
2166 5192 2309 5242 dixit
2335 5190 2717 5240 munerarium.

1911 5267 2009 5328 (44)
2058 5265 2231 5314 Ponat
2279 5261 2663 5326 unusquisque.
2714 5260 2819 5310 Hic
2864 5259 3025 5309 locus
3068 5257 3303 5308 refertur
3345 5259 3493 5324 apud

1848 5342 2103 5387 sanctum
2143 5335 2518 5397 Augustinum
2564 5332 2659 5382 lib.
2702 5346 2774 5394 1v,
2816 5334 3009 5382 contra
3045 5329 3183 5381 duas
3227 5330 3491 5394 Epistolas

1850 5408 2279 5472 Pelagianorum,
2304 5420 2426 5469 cap.
2460 5407 2507 5455 8.

1917 5480 2012 5542 (45)
2063 5480 2383 5528 Demonstra.
2429 5476 2626 5525 Postea
2677 5474 2928 5536 sequitur
2969 5473 3024 5521 in
3074 5471 3320 5522 editione
3376 5471 3492 5521 Ma-

1850 5552 2100 5610 nutiana,
2145 5566 2171 5595 α
2218 5549 2515 5612 Ρνωοθριὶε
2559 5546 2667 5595 tuis
2713 5546 2959 5594 munitos
3000 5548 3054 5594 et
3103 5557 3202 5606 pro
3250 5545 3491 5593 terrenis

1852 5622 2099 5674 cmlestia
2130 5624 2471 5684 recepturos.
2500 5638 2526 5661 ν
2559 5619 2631 5666 At
2659 5629 2760 5681 ego
2783 5631 2910 5666 cum
2940 5615 3189 5665 Morellio
3211 5627 3489 5678 expungo,

1853 5695 1983 5758 quia
2015 5692 2110 5743 illa
2157 5705 2269 5741 non
2304 5691 2491 5741 inveni
2542 5690 2598 5739 in
2641 5690 2885 5752 antiquis
2932 5685 3271 5758 editionibus
3307 5697 3493 5747 neque

1853 5766 1911 5816 in
1962 5764 2076 5815 ullo
2126 5776 2317 5814 eorum
2370 5765 2622 5812 veterum
2667 5759 3069 5824 exemplarium
3114 5757 3321 5821 quibus
3355 5768 3492 5807 usus

1854 5850 2000 5898 sum,
2032 5839 2088 5888 et
2112 5835 2313 5888 desunt
2336 5834 2501 5885 etiam
2532 5833 2589 5883 in
2616 5844 2817 5883 novem
2845 5829 3187 5896 Anglicanis.
