3998 6194
484 227 586 290 633

1383 229 1439 287 s.
1482 215 1796 288 eveniant
1836 225 2110 286 ornatui
2152 226 2322 285 PARS
2363 227 2424 284 ιι.
2458 259 2527 270 -
2564 218 2931 285 OPUSCULA.
3693 227 3775 292 stt

481 363 542 413 in
573 359 824 413 claritate
848 371 970 424 sua,
999 359 1047 409 et
1085 370 1264 410 omnes
1305 357 1488 424 angeli
1531 372 1649 409 cum
1689 371 1768 421 eo,
1801 359 1927 409 tunc
1971 354 2110 409 sede-
2135 354 2432 441 AChristo
2491 352 2831 408 vestimenta
2885 356 3149 418 terrena,
3201 349 3520 408 indumenta
3568 355 3781 414 coelestia

485 455 561 507 bit
598 455 654 506 in
719 453 904 504 throno
945 451 1216 503 claritatis
1255 465 1366 504 suae
1394 450 1437 483 ¹⁸
1473 466 1484 501 :
1531 457 1579 503 et
1628 450 1950 516 colligentur
1989 454 2112 501 ante

484 563 603 602 eum
655 559 833 599 omnes
879 549 1081 611 gentes,
1135 549 1184 597 et
1230 543 1530 611 segregabit
1589 558 1674 597 eos
1726 544 1795 596 ab
1849 545 2111 603 invicem,

484 639 932 708 quemadmodum
992 643 1181 706 pastor
1228 643 1471 704 segregat
1525 651 1643 690 oves
1693 637 1760 689 ab
1810 636 2012 697 haedis,
2067 640 2116 688 et

481 738 682 789 statuet
737 748 854 787 oves
909 733 981 785 ad
1026 732 1305 785 dexteram
1358 747 1534 792 suam,
1584 730 1760 784 hazdos
1817 736 1994 783 autem
2043 729 2116 782 ad

483 829 787 882 sinistram.
827 829 973 880 Tunc
999 826 1136 880 dicet
1165 841 1262 879 rea:
1290 827 1358 878 iis
1395 827 1489 894 qui
1526 824 1602 878 ad
1641 825 1922 878 dexteram
1965 838 2118 876 suam

485 927 644 976 erunt
693 923 734 954 '9
783 939 799 974 :
863 922 1065 981 Venite,
1125 919 1388 972 benedicti
1443 921 1625 972 Patris
1676 920 1800 978 mei,
1853 918 2118 986 percipite

485 1031 710 1082 regnum
759 1014 902 1083 quod
939 1014 1088 1067 vobis
1126 1018 1389 1082 paratum
1433 1017 1509 1066 est
1556 1012 1621 1065 ab
1662 1013 1867 1079 origine
1906 1011 2114 1063 mundi.

488 1111 708 1164 Esurivi
760 1109 922 1168 enim,
973 1113 1023 1161 et
1071 1107 1296 1161 dedistis
1341 1106 1477 1159 mihi
1517 1105 1847 1159 manducare
1891 1121 1902 1159 :
1951 1105 2119 1171 sit-ivi,

490 1207 540 1256 et
563 1205 792 1271 potastsz
821 1217 936 1256 me:
973 1201 1156 1271 hospes
1181 1202 1290 1267 fui,
1322 1205 1372 1254 et
1406 1199 1715 1254 adduxistis
1752 1215 1832 1253 me
1860 1215 1872 1252 :
1918 1199 2119 1258 nudus.

489 1302 541 1350 et
567 1298 795 1350 vestistis
828 1311 909 1349 me
939 1294 1024 1348 ὀε
1073 1295 1380 1361 infirmatus
1427 1309 1564 1355 sum,
1608 1299 1658 1347 et
1694 1294 1962 1347 visitastis
1999 1307 2118 1346 me:

2216 448 2496 518 recepturi
2535 464 2547 501 :
2588 448 2790 501 demus
2818 446 3006 500 cibum
3035 451 3090 500 et
3117 450 3312 516 potum
3337 447 3653 518 saecularem,
3673 467 3781 506 cum

2213 542 2495 596 Abraham
2545 546 2601 596 et
2641 544 2794 595 Isaac
2826 546 2884 594 et
2927 540 3098 594 Jacob
3144 540 3214 594 ad
3259 540 3558 596 convivium
3597 545 3786 600 ccnleste

2214 635 2461 690 venturi.
2495 637 2570 690 Ne
2600 651 2800 706 parum
2829 639 3112 689 metamus
3139 634 3210 702 9°,
3244 633 3541 704 plurimum
3576 638 3786 693 semine-

2218 745 2363 783 mus.
2393 728 2691 784 Securitati
2716 745 2780 782 ac
2809 729 2978 782 saluti
3019 733 3266 796 aeternae,
3302 727 3433 781 dum
3466 733 3671 800 tempus
3703 737 3789 801 est,

2219 824 2597 889 consulamus,
2631 823 2800 877 Paulo
2831 822 3089 894 apostolo
3117 821 3459 876 admonente
3485 825 3539 875 et
3565 822 3788 880 dicente:

2217 920 2379 986 Ergo,
2413 918 2541 971 dum
2574 923 2780 987 tempus
2823 917 3099 983 habemus,
3149 931 3425 986 operemur
3461 918 3594 985 quod
3636 919 3797 973 bonum

2221 1017 2297 1065 est
2353 1012 2425 1065 ad
2477 1027 2678 1074 omnes,
2725 1013 2961 1066 maxime
2998 1015 3180 1065 autem
3234 1010 3309 1064 ad
3348 1011 3638 1066 domesticos
3673 1013 3794 1080 ﬁdei.

2221 1109 2423 1162 Bonum
2475 1111 2654 1160 autem
2702 1107 2962 1172 facientes
3013 1120 3120 1160 non
3169 1105 3475 1173 deﬁciamus
3515 1123 3530 1173 ;
3603 1111 3799 1176 tempore

2221 1202 2364 1255 enim
2388 1214 2485 1255 suo
2517 1203 2771 1254 metemus
2801 1199 3034 1270 (Gatat.,
3062 1215 3139 1268 vi,
3173 1199 3282 1268 10).

2293 1295 2440 1348 ΧΧν.
2481 1293 2828 1364 Cogitemus,
2886 1294 3090 1347 fratres
3142 1291 3517 1360 dilectissimi,
3562 1292 3683 1364 quid
3717 1294 3801 1349 sub

491 1394 550 1444 in
587 1405 794 1445 carcere
822 1390 933 1455 fui,
959 1392 1009 1442 et
1026 1389 1258 1442 uenistis
1298 1387 1372 1441 ad
1407 1403 1507 1442 me.
1545 1390 1688 1441 Tunc
1725 1387 2124 1456 respondebunt
2225 1388 2496 1459 apostolis
2523 1387 2725 1442 fecerit
2751 1385 3107 1442 credentium
3148 1385 3413 1458 populus,
3441 1387 3653 1458 quando
3680 1389 3804 1442 inter

492 1487 541 1538 ei
571 1484 712 1552 justi
758 1482 989 1536 dicentes
1021 1500 1038 1535 :
1084 1483 1324 1541 Domine,
1367 1481 1585 1551 quando
1633 1487 1680 1535 te
1715 1481 1961 1535 vidimus
2007 1495 2122 1534 esu-
2226 1483 2346 1552 ipsa
2373 1481 2689 1552 primordia
2715 1481 3028 1551 majoribus
3052 1479 3358 1535 virtutibus
3402 1496 3559 1535 mens
3591 1481 3803 1552 vigebat,

490 1581 712 1632 rientem
740 1580 790 1630 et
833 1577 1107 1645 pavimus,
1135 1578 1401 1630 sitientem
1435 1581 1483 1629 et
1521 1577 1876 1645 pota-vimus?
1905 1575 2127 1644 quando
2227 1577 2453 1647 quando
2481 1575 2839 1630 credentium
2882 1575 3021 1629 fides
3066 1591 3210 1629 novo
3259 1575 3445 1629 adhuc
3490 1575 3611 1629 fidei
3651 1576 3805 1630 calore

494 1677 542 1724 te
584 1670 817 1724 vidimus
857 1671 1136 1740 hospitem,
1166 1675 1215 1722 et
1258 1669 1626 1735 adduximus;
1675 1668 1906 1736 nudum,
1937 1673 1988 1722 et
2033 1683 2122 1722 ve-
2231 1669 2507 1724 fervebat.
2541 1668 2835 1723 Domicilia
2865 1674 3001 1724 tunc
3027 1675 3084 1723 et
3110 1668 3324 1739 praedia
3351 1668 3742 1736 venundabant,
3764 1673 3811 1722 et

491 1766 781 1820 stivimus?
831 1763 1049 1833 quando
1095 1769 1276 1817 autem
1322 1767 1370 1817 te
1411 1763 1647 1816 vidimus
1693 1755 2030 1830 inﬁrmari"
2079 1756 2666 1834 ethispensandam
2713 1762 3056 1834 pauperibus
3092 1763 3138 1797 ²⁷
3181 1762 3557 1834 quantitatem
3598 1762 3808 1816 libenter

492 1860 553 1913 in
595 1873 821 1925 carcere,
852 1863 904 1912 et
945 1859 1189 1912 venimus
1217 1857 1289 1910 ad
1331 1863 1380 1911 te
1407 1859 1434 1910 7
1475 1860 1624 1912 Tunc
1662 1857 1984 1926 respondens
2014 1859 2129 1911 Rea:
2229 1875 2294 1912 ac
2321 1857 2554 1928 largiter
2584 1857 2848 1928 apostolis
2874 1857 3209 1920 offerebant,
3241 1862 3470 1911 terreno
3497 1855 3805 1928 patrimonio

495 1953 634 2007 dicet
679 1955 752 2007 eis
799 1973 808 2004 2
866 1952 1040 2005 Amen
1097 1952 1215 2005 dico
1258 1952 1431 2014 vobis,
1479 1951 1726 2020 quandiu
1775 1952 1979 2017 fecistis
2031 1953 2133 2003 uni
2231 1952 2456 2006 vendito
2489 1957 2662 2022 atque
2689 1952 2981 2019 distracto,
3029 1952 3231 2007 fundos
3271 1951 3404 2005 illuc
3443 1951 3809 2005 transferentes

491 2046 686 2100 horum
724 2062 790 2100 ea:
813 2045 1082 2111 fratribus
1110 2047 1239 2099 meis
1262 2047 1522 2107 minimis,
1552 2046 1687 2098 mihi
1723 2046 1943 2111 fecistis.
1982 2045 2128 2098 Tune
2232 2047 2326 2100 ubi
2373 2047 2589 2100 fructus
2640 2049 2917 2117 caperent
2961 2046 3339 2117 possessionis
3382 2050 3603 2100 aeterna:
3626 2044 3688 2111 ³⁸,
3723 2043 3815 2097 illic

495 2141 632 2195 dicet
673 2145 722 2194 et
762 2141 874 2193 illis
901 2142 995 2209 qui
1035 2139 1108 2193 ad
1145 2141 1425 2194 sinistram
1464 2139 1582 2207 ejus
1627 2144 1785 2192 erunt
1815 2138 1902 2192 “2
1960 2140 2129 2193 Disee-
2231 2143 2637 2211 comparantes
2663 2139 2867 2195 domos
2893 2140 2990 2194 ubi
3023 2140 3344 2210 inciperent
3377 2155 3595 2210 semper
3631 2136 3814 2191 habita-

497 2232 608 2289 dite
629 2250 662 2287 a
687 2249 787 2299 me,
819 2233 1120 2294 maledicti,
1142 2235 1200 2287 in
1227 2235 1403 2300 ignem
1439 2239 1696 2287 mternum
1729 2248 1882 2302 quem
1906 2233 2130 2301 paravit

495 2329 660 2384 Pater
701 2341 847 2381 meus
894 2326 1108 2381 diabolo
1154 2332 1204 2380 et
1247 2327 1454 2393 angelis
1513 2326 1647 2394 ejus.
1693 2327 1914 2381 Esuriri
1966 2327 2126 2392 enim,

499 2429 547 2476 et
598 2437 703 2475 non
741 2421 965 2476 dedistis
1005 2421 1138 2475 mihi
1175 2420 1506 2474 manducare
1538 2438 1553 2473 :
1597 2421 1768 2486 sitici,
1799 2425 1848 2473 et
1888 2436 1995 2474 non
2028 2435 2126 2488 po-

506 2518 669 2571 tastis
710 2531 790 2570 me
821 2533 837 2569 :
870 2515 1053 2585 hospes
1081 2517 1187 2582 fui,
1212 2521 1262 2568 et
1285 2530 1390 2568 non
1419 2514 1728 2568 adduxistis
1762 2530 1844 2568 me
1869 2531 1884 2581 ;
1925 2514 2127 2574 nudus,

500 2616 550 2664 et
595 2626 704 2664 non
750 2611 990 2664 vestistis
1031 2625 1112 2663 me
1139 2628 1154 2674 ;
1185 2611 1429 2678 inﬁrmus
1469 2614 1518 2661 et
1569 2610 1626 2661 in
1675 2623 1905 2674 carcere,
1937 2614 1987 2661 et
2023 2623 2130 2662 non

499 2705 766 2759 oisitastis
797 2719 877 2756 me
901 2703 968 2756 ’3.
1018 2705 1163 2758 Tunc
1194 2702 1594 2772 respondebunt
1633 2707 1684 2756 et
1710 2703 1818 2771 ipsi
1849 2702 2084 2756 dicentes
2111 2720 2127 2755 :

500 2800 739 2857 Domine,
788 2797 1006 2866 quando
1051 2802 1099 2852 te
1140 2797 1376 2850 vidimus
1423 2797 1746 2850 esurientem
1795 2801 1894 2849 aut
1943 2797 2126 2849 sitien-

499 2898 606 2946 tem
651 2896 751 2945 aut
790 2891 1049 2960 hospitem
1091 2895 1193 2944 aut
1233 2890 1441 2944 nudum
1489 2893 1586 2943 aut
1623 2891 1896 2958 inﬁrmum
1932 2895 2030 2943 aut
2073 2891 2131 2942 in

498 3000 728 3047 carcere,
772 2989 821 3039 et
868 2999 974 3038 non
1017 2985 1449 3039 ministravimus
1494 2983 1642 3037 tibi?
1687 2986 1752 3038 Et
1790 2983 2132 3054 respondebit

497 3079 651 3133 illis:
684 3077 859 3132 Amen
899 3078 1016 3132 dico
1054 3078 1220 3142 vobis,
1253 3077 1502 3146 quandiu
1550 3093 1657 3131 non
1691 3079 1894 3144 fecistis
1931 3079 2028 3131 uni
2065 3093 2130 3130 ea:

499 3175 736 3228 minimis
782 3175 889 3237 his,
922 3187 1088 3242 neque
1130 3173 1266 3225 mihi
1305 3172 1533 3237 fecistis.
1562 3173 1630 3226 Et
1669 3172 1900 3225 abibunt
1938 3173 2034 3225 isti
2074 3128 2207 3224 inC

498 3268 885 3322 ambustionem
914 3265 960 3299 9‘
987 3272 1266 3329 aeternam,
1305 3265 1438 3333 justi
1473 3269 1652 3318 autem
1691 3267 1747 3318 in
1787 3267 1960 3319 vitam
1986 3271 2134 3319 aeter—

2231 2251 2317 2288 re.
2353 2233 2500 2288 Talis
2535 2237 2669 2288 tunc
2695 2233 2804 2288 fuit
2828 2234 2886 2288 in
2916 2233 3349 2304 operationibus
3377 2233 3643 2300 cumulus,
3669 2231 3818 2303 qualis

2230 2329 2291 2382 in
2320 2327 2626 2383 dilectione
2647 2343 2976 2396 consensus,
3008 2327 3153 2381 sicut
3182 2327 3431 2398 legimus
3463 2327 3518 2381 in
3543 2326 3682 2380 Actis
3703 2330 3817 2395 Apo-

2231 2423 2508 2477 stolorum
2575 2440 2586 2476 :
2649 2421 2830 2476 Turba
2883 2426 3060 2476 autem
3116 2437 3296 2476 eorum
3360 2423 3456 2491 qui
3513 2420 3816 2474 crediderant

2230 2519 2415 2571 anima
2465 2531 2530 2571 ac
2570 2520 2742 2571 mente
2786 2531 2901 2569 una
2935 2516 3215 2584 agebant:
3263 2531 3360 2570 nec
3396 2517 3506 2582 fuit
3551 2517 3682 2569 inter
3719 2514 3817 2567 illos

2229 2611 2513 2666 discrimen
2539 2611 2715 2672 illum,
2745 2626 2840 2664 nec
2879 2609 3181 2680 quidquam
3227 2624 3390 2664 suum
3422 2608 3730 2677 judicabant
3768 2621 3818 2660 ea:

2231 2704 2379 2758 bonis
2426 2719 2547 2773 quae
2589 2705 2665 2758 eis
2712 2708 2889 2769 erant,
2934 2703 3026 2758 sed
3058 2705 3287 2770 fuerunt
3332 2703 3449 2756 illis
3495 2704 3662 2756 omnia
3702 2715 3816 2754 com-

2230 2799 2421 2851 munia
2447 2797 2618 2868 (Act.,
2659 2813 2730 2864 iv,
2773 2797 2884 2864 3'2).
2930 2798 3041 2850 Hoc
3078 2801 3162 2850 est
3205 2796 3500 2850 nativitate
3546 2794 3759 2866 spiritali
3781 2791 3818 2824 ²⁹

2231 2907 2360 2945 vere
2389 2888 2490 2944 Dei
2513 2890 2661 2945 filios
2687 2890 2735 2924 3°
2768 2890 2912 2957 fieri,
2944 2891 3051 2944 hoc
3079 2896 3162 2944 est
3192 2890 3323 2960 lege
3371 2889 3574 2944 ccelesti
3620 2887 3819 2958 aequita-

2230 2990 2347 3039 tem
2378 2985 2479 3038 Dei
2515 2985 2692 3038 Patris
2722 2983 2954 3040 imitari.
2989 2983 3391 3054 Quodcunque
3435 2982 3584 3037 enim
3620 2981 3705 3037 Dei
3735 2980 3818 3045 est,

2234 3078 2290 3132 in
2328 3081 2521 3133 nostra
2549 3077 2920 3149 usurpatione
2952 3094 3259 3132 commune
3285 3081 3394 3146 est,
3426 3094 3523 3132 nec
3563 3075 3821 3147 quisquam

2236 3189 2268 3226 a
2305 3172 2598 3227 beneficiis
2642 3173 2766 3244 ejus
2806 3175 2864 3225 et
2909 3172 3246 3226 muneribus
3285 3175 3532 3238 arcetur,
3564 3170 3823 3240 quominus

2235 3283 2404 3321 omne
2431 3267 2750 3321 humanum
2778 3283 2961 3337 genus
2991 3265 3242 3320 bonitate
3267 3283 3334 3319 ac
3379 3264 3632 3336 largitate
3665 3262 3822 3316 divina

497 3377 625 3415 nam
666 3361 906 3431 (Matth.,
942 3375 1067 3426 xxv,
1097 3357 1301 3426 31-46).
1335 3357 1477 3421 Quid
1522 3358 1708 3428 potuit
1749 3358 1909 3412 nobis
1954 3359 2136 3429 majus

501 3454 758 3509 Christus
787 3452 1062 3507 edicere?
1099 3451 1394 3515 Quomodo
1439 3451 1623 3521 magis
1673 3451 1855 3522 potuit
1896 3452 2135 3522 justitia:

500 3565 566 3603 ac
622 3545 1031 3602 misericordiae
1084 3548 1292 3600 nostrae
1344 3561 1512 3617 opera
1564 3561 1904 3616 provocare,
1960 3563 2133 3618 quam

504 3642 654 3715 quod
714 3641 968 3712 praestari
1021 3637 1212 3712 620
1267 3640 1409 3694 dixit
1454 3639 1560 3694 sibi
1610 3639 1884 3710 quidquid
1941 3642 2137 3711 egenti

506 3739 811 3809 praestatur
839 3741 896 3789 et
922 3735 1180 3806 pauperi,
1213 3739 1268 3788 et
1297 3750 1354 3788 se
1383 3733 1527 3788 dixit
1552 3733 1766 3788 offendi
1809 3734 1917 3788 nisi
1946 3735 2135 3805 egenti

504 3834 814 3902 praestetur
859 3832 918 3882 et
967 3829 1242 3900 pauperi?
1283 3833 1345 3882 ut
1387 3828 1482 3899 qui
1529 3835 1786 3899 respectu
1836 3828 2030 3882 fratris
2077 3829 2132 3882 in

503 3923 748 3979 Ecclesia
800 3940 913 3978 non
957 3928 1234 3988 movetur,
1260 3923 1346 3976 vel
1392 3921 1599 3977 Christi
1649 3922 2135 3993 contemplatione

507 4021 820 4084 moveatur,
872 4020 928 4071 et
972 4015 1067 4088 qui
1115 4033 1231 4071 non
1265 4017 1472 4087 cogitat
1519 4017 1574 4070 iu
1626 4016 1823 4071 labore
1869 4022 2038 4088 atque
2076 4017 2134 4071 in

506 4119 756 4184 egestate
795 4127 1157 4179 conservum,
1186 4111 1270 4165 vel
1321 4111 1627 4165 Dominum
1660 4111 1867 4182 cogitet
1911 4111 1967 4164 in
2015 4111 2134 4182 ipso

505 4207 605 4262 illo
634 4223 806 4276 quem
846 4203 1080 4276 despicit
1101 4204 1499 4259 constitutum.

2236 3360 2536 3432 aequaliter
2563 3361 2911 3433 perfruatur.
2948 3361 3036 3416 Sic
3069 3359 3370 3430 aequaliter
3407 3359 3528 3415 dies
3564 3357 3822 3416 illuminat,

2236 3455 2316 3509 sol
2345 3454 2544 3523 radiat,
2575 3454 2758 3510 imber
2782 3455 2945 3526 rigat,
2968 3460 3176 3510 .ventus
3203 3453 3421 3525 aspirat
3451 3472 3464 3520 ;
3496 3459 3550 3509 et
3575 3451 3823 3507 dormien-

2236 3549 2387 3603 tibus
2427 3565 2665 3604 somnus
2712 3565 2860 3602 unus
2909 3552 3012 3615 est,
3056 3552 3114 3602 et
3156 3548 3453 3603 stellarum
3495 3547 3741 3618 splendor
3776 3558 3825 3595 ac

2237 3643 2387 3696 lunae
2417 3643 2744 3697 communis
2779 3647 2882 3697 est.
2913 3644 3033 3707 Quo
3075 3643 3414 3714 aequalitatis
3458 3642 3564 3712 (46)
3607 3637 3827 3707 exemplo

2235 3736 2275 3770 ³¹
2307 3737 2406 3808 qui
2439 3735 2619 3808 621
2659 3753 2947 3807 possessor
2974 3738 3029 3790 in
3062 3737 3227 3791 terris
3258 3736 3519 3791 redditus
3549 3753 3608 3789 ac
3646 3734 3824 3788 fructus

2237 3847 2368 3884 suos
2412 3847 2542 3884 cum
2593 3832 2947 3885 fraternitate
2978 3832 3238 3902 partitur,
3287 3830 3430 3885 dum
3473 3825 3827 3900 largitionibus

2238 3924 2501 3995 gratuitis
2539 3924 2858 3978 communis
2908 3942 2971 3978 ac
3008 3925 3196 3994 justus
3238 3925 3350 3995 (47)
3396 3929 3500 3990 est,
3540 3923 3628 3976 Dei
3681 3916 3826 3973 Patris

2238 4018 2485 4072 imitator
2506 4022 2608 4073 est.

2308 4111 2480 4167 XXVI.
2536 4115 2670 4176 Quae
2727 4113 2817 4167 illa
2872 4112 3000 4175 erit,
3061 4113 3262 4167 fratres
3332 4109 3663 4176 charissimi,
3728 4120 3825 4175 0Pe'

2239 4207 2486 4260 rantium
2543 4207 2740 4277 gloria,
2794 4223 2964 4276 quam
3011 4207 3242 4277 grandis
3287 4213 3346 4262 ct
3389 4222 3609 4260 summa
3651 4199 3828 4263 lmtilia,

575 4302 750 4356 XXIV.
783 4301 848 4354 Et
880 4298 1109 4365 idcirco,
1149 4299 1352 4353 fratres
1395 4297 1736 4365 charissimi,
1769 4299 1973 4369 quibus
2014 4315 2132 4354 me-
2238 4317 2367 4354 cum
2417 4301 2694 4372 pupulum
2741 4317 2906 4354 suum
2951 4301 3225 4354 Dominus
3271 4300 3507 4372 coeperit
3550 4307 3828 4354 recensere,

508 4405 600 4452 tus
630 4395 688 4448 in
725 4395 897 4448 Deum
948 4409 1160 4462 pronus
1195 4395 1296 4459 est,
1331 4397 1407 4457 et,
1437 4396 1622 4463 spreto
1655 4393 1976 4464 calcatoque
2013 4393 2133 4464 jam
2239 4400 2296 4448 et
2365 4393 2581 4448 meritis
2645 4399 2813 4464 atque
2873 4395 3137 4465 operibus
3186 4394 3395 4448 nostris
3457 4391 3683 4464 praemia
3724 4401 3829 4458 pro-

508 4489 746 4556 mundo,
780 4488 850 4542 ad
897 4503 1144 4557 superna
1172 4489 1229 4540 et
1273 4486 1464 4540 divina
1507 4486 1729 4540 animus
1777 4490 1994 4541 erectus
2037 4487 2416 4570 est,Dmissa
2474 4488 2838 4542 contribuens
2869 4530 2882 4554 ,
2949 4504 3050 4559 pro
3118 4489 3361 4542 terrenis
3426 4485 3702 4549 coelestia,
3748 4493 3829 4549 pro

509 4585 618 4639 fide
650 4583 840 4654 plena,
873 4584 1064 4635 mente
1095 4580 1320 4647 devota,
1356 4580 1684 4652 Operatione
1716 4581 1987 4635 continua
2015 4597 2137 4652 pro-
2238 4581 2645 4653 temporalibus
2709 4583 3054 4654 sempiterna
3090 4624 3104 4649 ,
3170 4599 3271 4652 pro
3353 4581 3587 4636 modicis
3657 4587 3831 4642 magna

510 4677 783 4734 merendo
811 4676 1045 4732 Domino
1078 4675 1125 4710 35
1153 4674 1486 4746 obsequium
1515 4674 1894 4746 praebeamus.
1930 4675 2138 4729 Demus
2237 4681 2529 4748 praestare,
2562 4675 2764 4732 offerre
2804 4693 2906 4730 nos
2949 4677 3115 4745 Patri,
3147 4676 3234 4731 cui
3280 4693 3383 4731 nos
3414 4692 3512 4729 sua
3556 4669 3830 4727 sanctiﬁca-

1879 4829 2090 4894 Variaa
2146 4831 2483 4896 lectiones.

566 4962 606 4995 ¹⁸
629 4962 690 5010 In
719 4959 968 5011 claritate
995 4971 1093 5009 sua
1127 4960 1215 5008 Ar.
1269 4960 1418 5012 West.
1444 4959 1590 5008 Saris
1617 4958 1766 5009 .Bod.
1802 4959 1847 5016 1,
1871 4955 1920 5015 2,
1948 4961 1992 5013 3,
2020 4959 2065 5008 4.
2087 4973 2197 5022 sup.
2225 4959 2340 5008 adu.
2375 4959 2494 5008 Jud.
2517 4963 2565 5008 et
2591 4960 2662 5007 ad
2689 4962 2834 5022 Quir.
2861 4961 2919 5010 In
2965 4961 3136 5025 gloria
3171 4959 3296 5022 Imp.
3367 4960 3407 4991 '9
3433 4956 3680 5009 Dextram
3704 4961 3832 5025 suam

517 5038 663 5083 sunt.
703 5038 790 5082 Ar.
842 5034 991 5080 ul'cst.
1025 5029 1192 5077 ειη-τέ.
1225 5029 1347 5077 Bod.
1382 5030 1427 5088 1,
1463 5031 1511 5089 ‘2,
1533 5029 1580 5090 3,
1609 5030 1662 5078 4.
1758 5032 1797 5059 ’δ
1825 5030 2066 5080 Texistis
2111 5021 2202 5080 me
2242 5034 2329 5078 Ar.
2370 5033 2518 5082 West.
2547 5021 2715 5079 δαν-τέ.
2738 5046 2847 5093 sup.
2889 5021 2989 5079 ad:
3020 5031 3138 5079 Jud.
3169 5021 3253 5079 ad.
3286 5031 3434 5092 Quir.
3472 5027 3710 5078 Vestistis
3731 5021 3832 5080 Imp.

508 5107 548 5136 ¹¹
581 5101 865 5152 Inﬂrmum
897 5101 1018 5150 Bod.
1051 5102 1227 5160 [ευρ.
1258 5100 1373 5147 adv.
1401 5099 1519 5148 Jud.
1557 5104 1607 5148 et
1632 5101 1702 5147 ad
1734 5102 1935 5161 Quirin.
1965 5101 2286 5151 Inﬁrmatus
2319 5115 2440 5150 sum
2487 5101 2612 5162 Imp.
2681 5105 2723 5132 η
2750 5100 3042 5151 Sinistrum
3080 5103 3202 5164 ejus
3227 5105 3361 5149 sunt
3388 5100 3477 5148 Ar.
3517 5099 3658 5147 West.
3694 5093 3832 5164 Saris.

509 5173 630 5222 Bod.
666 5176 708 5234 t,
739 5177 785 5225 2,
809 5175 855 5226 3,
888 5174 930 5217 4.
1000 5175 1040 5203 ³³
1070 5169 1282 5218 Venisti
1313 5169 1382 5218 ad
1425 5169 1531 5218 ΝΟ.
1583 5171 1629 5218 2.
1667 5171 1786 5219 Bod.
1821 5175 1865 5228 3,
1891 5177 1932 5220 4.
2004 5176 2046 5205 ﬂ
2071 5173 2531 5224 Combustionem
2557 5175 2690 5222 Pem.
2747 5173 2880 5221 Voss.
2914 5162 3120 5234 Ignem
3153 5173 3263 5222 Lin.
3334 5175 3376 5205 ’⁵
3413 5171 3473 5218 In
3510 5162 3833 5234 promerendo

523 5246 656 5292 Voss.
693 5229 733 5291 ἰ.
802 5243 844 5272 ¹⁶
870 5241 1140 5291 Metemus
1175 5253 1282 5288 non
1310 5239 1518 5304 fatigati
1556 5240 1677 5288 Bod.
1707 5241 1752 5302 1,
1781 5245 1824 5290 ti.
1893 5241 1936 5274 ’⁷
1968 5243 2308 5307 Pauperibus
2346 5244 2664 5294 facultatem
2709 5246 2858 5293 West.
2926 5229 2970 5276 ίέ
2996 5243 3237 5293 Είθτῐιω
3268 5248 3364 5291 :ut
3397 5229 3833 5307 com—parentMBod-

511 5317 556 5372 4,
579 5315 623 5363 4.
694 5310 734 5344 ’⁸
755 5310 999 5374 Spiritali
1031 5311 1218 5359 vivere
1260 5302 1428 5362 West.‘
1481 5310 1518 5341 ³ο
1545 5309 1745 5359 Filium
1777 5311 1916 5360 Lam.
1958 5302 2101 5362 EboF
2133 5317 2282 5365 West.
2354 5315 2392 5346 ³⁸
2417 5314 2542 5377 Quo
2588 5313 2864 5377 asquitatis
2895 5313 3017 5362 Bod.
3050 5315 3096 5374 ί,
3141 5312 3192 5372 2,
3219 5313 3267 5363 3.
3303 5309 3650 5374 Equalitatis
3677 5302 3770 5355 ΝΟ.
3795 5303 3833 5347 Ξ.

528 5384 647 5433 Tew.
677 5385 833 5432 Drur.
858 5385 904 5429 2.

1810 5474 2034 5556 Steph.
2084 5474 2332 5538 Baluzii
2375 5481 2571 5540 notae.

573 5602 670 5665 (46)
720 5600 1083 5666 £qualitatis.
1135 5601 1214 5651 Ita
1266 5601 1550 5662 Erasmus,
1595 5606 1649 5653 et
1695 5602 1786 5652 alii
1829 5607 1954 5666 post
1997 5616 2143 5653 eum.
2312 5604 2408 5666 (47)
2456 5602 2754 5653 Communis
2797 5617 2860 5652 ac
2899 5603 3093 5666 justus.
3140 5598 3571 5652 Commodianus
3610 5590 3831 5668 Instruat.

510 5662 674 5724 Nolui
701 5662 889 5725 autem
921 5677 1156 5735 mutare,
1185 5674 1444 5736 quamvis
1471 5674 1526 5722 in
1555 5662 1966 5725 omnibus—fere
1997 5673 2146 5724 codi-
2247 5662 2347 5724 30':
2399 5676 2567 5724 Estote
2615 5662 2912 5724 communes
2955 5674 3206 5735 minimis,
3245 5672 3367 5721 dum
3414 5675 3610 5732 tempus
3646 5662 3831 5714 habetis.

509 5745 676 5868 cibus:
702 5745 948 5866 qqtiquis
971 5749 1028 5796 et
1053 5744 1109 5794 in
1143 5743 1543 5795 vetustioribus
1568 5744 1908 5797 editionibus
1932 5745 2147 5812 legatur
2250 5746 2388 5797 Item
2425 5746 2684 5797 lnstruct.
2713 5745 2792 5797 63.

515 5831 653 5870 moui
679 5831 714 5870 α
742 5829 802 5868 ιε.

515 5831 802 5886 asquuaus.
