3998 6194
185 256 267 319 643
1321 252 1517 318 LIBER
1558 258 1647 318 DE
1688 249 1865 345 Bono
1908 248 2301 315 rauenna.
3397 270 3496 331 646

181 388 307 441 tione
326 385 368 419 ³³
423 383 674 451 restituit,
729 385 1104 439 mteruitatem
1157 384 1321 440 nobis
1350 385 1757 441 immortalita-
1790 380 2221 466 ACht‘istianus
2274 383 2502 453 adjutus
2557 387 2772 455 perfert
2799 388 2846 424 ³⁵
2889 391 3130 462 gratiam
3163 394 3499 468 spiritalem,

181 486 379 550 temque
410 477 616 549 largiri,
647 478 718 532 ad
748 496 920 549 quam
953 496 1056 533 nos
1093 479 1389 549 sanguinis
1415 480 1501 533 sui
1532 480 1768 533 viviﬁca-
1869 478 2228 544 promeretur
2288 476 2575 532 Christum
2634 481 2913 553 judicem,
2975 487 3154 542 Deum
3210 495 3503 562 computat

180 575 307 627 tione
346 570 640 643 reparavit,
685 572 921 625 reduces
957 572 1028 626 ad
1074 572 1401 644 paradisum
1451 573 1639 628 denuo
1692 573 1767 626 fa-
1869 566 2210 622 debitorem.
2251 570 2334 625 Ad
2374 572 2517 626 hanc
2567 590 2806 644 operum
2855 579 3190 636 salutarium
3241 583 3499 653 palmam

178 683 297 733 cere,
324 682 495 736 regna
529 666 797 720 oculorum
842 665 954 720 iide
1004 671 1060 720 et
1100 666 1338 721 veritate
1383 682 1497 721 smn
1550 666 1769 737 poilici-
1867 659 2111 715 libenter
2139 677 2203 716 ac
2234 669 2503 734 prompte
2532 670 2835 734 certemus,
2868 688 3065 728 omnes
3105 675 3163 729 in
3201 692 3383 748 agone
3403 679 3497 750 ju-

174 761 374 816 tationis
423 760 674 831 aperire!
724 761 852 814 Hinc
896 760 1154 816 haereant
1206 760 1450 815 ﬁrmiter
1500 760 1753 814 sensibus

1924 750 2034 805 itiae
2086 752 2201 805 Deo
2241 756 2297 807 et
2335 754 2555 810 Christo
2599 762 2887 827 spectante
2927 777 3251 831 curramus;
3300 770 3357 823 et
3402 767 3499 840 qui

174 858 373 925 nostris,
412 859 531 913 haec
581 858 977 930 intelligantur
1028 859 1197 929 plena
1242 858 1377 925 ﬁde,
1429 859 1550 913 haec
1596 858 1765 913 corde
1867 845 2076 898 53301110
2103 848 2159 899 εἴ
2189 847 2403 902 mundo
2445 849 2690 920 majores
2729 854 3003 949 9359.13")
3046 858 3338 929 εωΡίωηει
3368 878 3496 916 ουτ·

170 959 269 1007 toto
293 952 618 1024 diligantur,
651 951 1243 1007 beeciudesinentium
1269 968 1509 1023 operum
1535 969 1767 1023 magna-
1867 954 1990 991 ευω
2050 942 2313 994 nostrum
2370 942 2529 996 "una
2584 944 2769 998 5‘90"“
2825 942 3134 1004 etvmumﬁ
3191 953 3499 1023 cupiditate

171 1047 399 1101 nimitate
448 1048 496 1080 ³³
542 1045 909 1100 redimantur.
962 1046 1250 1101 Praeclara
1291 1050 1350 1101 et
1398 1046 1587 1100 divina
1634 1063 1750 1112 res,

1919 1032 2174 1086 .rdemus.
2239 1034 2296 1088 Si
2359 1036 2676 1106 expeditos,
2742 1038 2786 1092 si
2855 1039 3095 1108 celeres,
3161 1044 3207 1097 si
3272 1045 3330 1099 in
3392 1048 3498 1102 hoc

167 1142 344 1196 fratres
402 1139 756 1206 cbarissimi,
822 1139 1085 1194 salutaris
1152 1140 1441 1210 operatio,
1499 1140 1765 1195 solatium
1866 1126 2051 1195 ορενίε
2120 1142 2305 1196 “gone
2371 1136 2667 1186 currentes
2723 1133 2841 1188 dies
2908 1150 3010 1190 1108
3073 1137 3159 1191 vel
3223 1139 3497 1195 redditio-
3549 1187 3563 1201 .

169 1233 354 1305 grande
406 1234 785 1301 credentium,
822 1231 1015 1305 622
1060 1234 1379 1288 securitatis
1423 1236 1632 1288 nostra:
1682 1250 1748 1288 sa

1921 1235 1953 1271 .s
2006 1218 2053 1252 ³⁵
2111 1219 2195 1274 vel
2264 1224 2672 1292 persecutionis
2723 1227 2767 1260 ³⁷
2835 1227 3155 1298 invenerit',
3218 1249 3500 1305 nusquam

166 1328 301 1383 tum
343 1327 690 1399 pmsidium,
728 1326 1158 1382 munimentum
1208 1327 1348 1399 spei,
1380 1328 1557 1382 tutela
1602 1327 1760 1395 ﬁdei,
1868 1313 2141 1367 Dominus
2187 1316 2403 1370 meritis
2459 1319 2665 1373 nostris
2712 1321 2781 1375 ad
2832 1323 3137 1393 prasmium
3180 1326 3387 1383 deerit.
3437 1329 3499 1383 in

166 1421 361 1476 medela
387 1420 605 1491 peccati
634 1422 702 1486 ³⁸,
737 1437 823 1474 res
855 1420 1039 1491 posita
1069 1421 1127 1474 in
1170 1425 1443 1491 potestate
1479 1421 1740 1476 facientis

1917 1422 2003 1461 ace
2030 1407 2384 1463 vincentibus
2411 1426 2680 1467 coronam
2711 1416 3009 1471 candidam
3059 1418 3171 1491 (48)
3213 1436 3317 1491 pro
3356 1437 3496 1493 ope-

166 1531 237 1570 res
276 1517 328 1568 et
366 1514 595 1585 grandis
630 1519 686 1568 et
731 1513 915 1568 facilis
958 1514 1077 1569 sine
1117 1514 1369 1585 periculo
1418 1514 1763 1585 persecutio-
1865 1500 2023 1555 ribus
2051 1501 2229 1569 dab“,
2279 1503 2336 1557 ίο
2386 1507 2779 1575 Ρθνδθευίίοηθ
2822 1526 3169 1582 Purpuream
3213 1529 3318 1584 i3r0
3368 1532 3499 1587 Ρθθ·

166 1607 253 1673 nis,
276 1624 475 1663 corona
504 1607 676 1678 pacis,
704 1624 900 1661 verum
950 1607 1047 1662 Dei
1090 1624 1302 1662 munus
1335 1614 1391 1663 et
1421 1609 1761 1677 maximum,
1865 1595 2020 1650 δίοΠο
2050 1596 2376 1665 geminabit-

165 1701 377 1757 iniirmis
437 1702 863 1769 necessarium,
928 1701 1170 1756 fortibus
1233 1702 1579 1773 gloriosum,
1648 1719 1763 1774 quo

1500 1836 1709 1900 Variae
1766 1836 2108 1901 lectiones.

214 1955 245 1985 ³¹
268 1953 381 2031 Qui
396 1966 517 2031 nos
537 1952 659 2003 Bod.
691 1957 735 2002 3.
758 1954 846 2031 De
876 1952 1313 2031 sanctificatione
1358 1953 1479 2031 80d.
1507 1958 1583 2031 2._
1624 1954 2140 2031 "‘Magnanimitate
2181 1955 2483 2031 reddantur
2519 1959 2628 2010 Lin.
2698 1963 2737 1994 ³⁸
2767 1960 2978 2015 Medeia
3005 1966 3219 2030 peccati
3260 1968 3499 2031 reposita

161 2026 261 2095 [ira
300 2024 601 2088 35Adiutus
649 2026 891 2088 perferre
922 2024 1042 2074 Bod.
1074 2026 1113 2073 l.
1150 2025 1377 2075 Praefert
1413 2028 1522 2089 Rig.
1560 2028 1639 2075 Ac
1663 2026 1850 2087 justus
1890 2028 2040 2075 West.
2071 2023 2185 2075 Lin.
2255 2029 2294 2060 ³⁵
2324 2027 2637 2081 Reditionis
2680 2032 2815 2081 Lam.
2875 2023 3025 2085 Εόονῖ
3075 2038 3183 2087 NC.
3218 2040 3261 2087 l.
3319 2023 3498 2095 i’eron,

162 2093 287 2144 Core.
325 2096 425 2145 νει.
456 2096 566 2144 lnn.
595 2097 735 2159 Spir.
768 2098 903 2145 Man.
939 2095 1114 2144 Routh.
1147 2111 1211 2145 επ
1234 2098 1263 2146 4
1287 2098 1396 2147 suis
1414 2096 1562 2146 codd.
1634 2096 1672 2128 ³7
1701 2097 2084 2148 Percussionis
2116 2100 2294 2149 Marci.
3006 2102 3009 2105 ’

1426 2213 1647 2296 Steph.
1699 2211 1944 2277 Baluzii
1989 2222 2185 2279 nota).

209 2332 291 2407 (ξς)
330 2330 932 2407 Coronam—candidam.
970 2329 1148 2407 supra
1189 2329 1366 2394 Epist.
1406 2344 1524 2407 vix},
1568 2346 1619 2395 p.
1662 2333 1721 2381 18
1752 2346 1840 2407 ει)
1866 2334 2048 2383 solum
2095 2335 2244 2407 enim
2287 2333 2486 2386 effusio
2522 2337 2810 2407 sanguinis
2856 2338 2911 2387 in
2952 2340 3302 2391 confessione
3333 2356 3496 2407 repu-

210 2370 290 2392 ιω,
332 2370 597 2380 ,ων-...η
632 2370 932 2380 -...-........--.
971 2370 1148 2393 ..-γης
1189 2370 1366 2394 ..ιη-..-
1420 2370 1524 2392 ....,
1568 2370 1619 2395 ι..
1666 2370 1720 2381 ,ν
1752 2370 1763 2380 .
1866 2370 2048 2383 πω...
2095 2370 2244 2385 om...
2288 2370 2486 2386 υμυοω
2522 2370 2810 2401 “domum
2952 2370 3302 2391 υυωσωιυυυ
3333 2370 3496 2407 mpu-

162 2416 184 2441 κ
225 2400 342 2450 Erat
397 2406 552 2452 certe
607 2404 662 2451 in
722 2401 981 2465 operibus
1021 2402 1250 2451 fratrum
1302 2401 1558 2463 candida,
1612 2370 1842 2453 nuncB
1871 2409 2034 2466 tatur,
2067 2404 2164 2456 sed
2206 2406 2422 2457 devote
2453 2420 2677 2471 quoque
2716 2404 2919 2459 mentis
2952 2410 3190 2461 servitus
3222 2412 3497 2464 immacu-

160 2473 277 2522 tacta
320 2478 402 2523 est
451 2475 511 2523 in
559 2477 862 2537 martyrum
914 2486 1111 2524 cruore
1162 2486 1456 2537 purpurea.
1498 2492 1526 2519 »
1568 2473 1764 2525 Hiero-
1866 2474 1975 2525 lata
2007 2475 2394 2540 quotidianum
2425 2479 2752 2542 martyrium
2782 2482 2883 2529 est.
2907 2479 3007 2530 Illa
3029 2494 3233 2533 corona
3259 2483 3330 2534 de
3359 2485 3499 2535 rosis

160 2558 335 2607 nymus
372 2547 429 2593 in
470 2544 759 2608 Epitaphio
797 2543 973 2594 Paulae
1008 2544 1080 2594 ad
1130 2543 1495 2595 Eustochium
1531 2559 1542 2592 :
1572 2563 1599 2591 α
1644 2545 1764 2595 Non
1866 2550 1922 2596 et
1952 2547 2111 2597 violis
2139 2548 2420 2611 plectitur,
2448 2550 2552 2599 ista
2582 2549 2650 2599 de
2677 2550 2822 2600 liliis.

166 2724 321 2735 ...η-
336 2728 342 2730 π

766 2857 994 2983 DE
1118 2855 1606 2985 BONO
1725 2855 2345 2987 PATIED

1282 2855 1606 2985 )NO
1725 2855 2758 2988 ΡΑΤΙΕΝΤΙίἘ
2844 2839 2861 2873 ¹

1568 3124 1907 3217 LIBER
1967 3111 2042 3181 (¹)

157 3529 538 3583 Anconam-un.
569 3557 636 3565 —
660 3527 868 3597 Scripti
893 3523 1058 3595 hujus
1089 3524 1421 3581 occasionem
1452 3526 1533 3581 ita
1564 3525 1757 3597 paucis
1784 3525 2006 3597 eaponit
2047 3526 2160 3594 ipse
2214 3520 2523 3597 Cyprianus
2571 3522 2668 3581 sub
2710 3528 2872 3597 ﬁnem
2920 3526 3095 3599 Epist.
3150 3527 3226 3583 ad
3271 3530 3497 3585 Jubaia-

213 3634 329 3671 nam
364 3635 376 3672 :
415 3640 441 3665 α
503 3616 765 3671 Servatur
791 3633 824 3669 a
875 3617 1027 3669 nobis
1066 3619 1339 3685 patienter
1385 3623 1435 3670 et
1470 3618 1661 3671 leniter
1695 3618 1937 3672 charitas
1963 3618 2156 3677 animi,
2191 3617 2404 3685 collegii
2432 3616 2623 3679 honor,
2678 3616 2983 3673 dilectionis
3030 3619 3329 3682 vinculum,
3381 3636 3499 3674 con-

214 3710 384 3761 cordia
415 3707 734 3762 sacerdotii.
766 3708 991 3774 Propter
1019 3705 1115 3759 hoc
1144 3708 1305 3759 etiam
1348 3722 1495 3760 nunc
1530 3708 1769 3761 libellum
1800 3708 1865 3761 de
1912 3710 2055 3762 Bono
2097 3708 2400 3778 patientiae,
2434 3711 2702 3775 quantum
2757 3708 2937 3762 valuit
2986 3714 3172 3763 nostra
3224 3711 3499 3763 mediocri-

216 3805 307 3864 tas,
335 3799 687 3867 permittente
732 3798 951 3849 Domino
1000 3799 1049 3848 et
1098 3796 1427 3864 inspirante,
1480 3799 1909 3866 conscripsimus,
1956 3812 2109 3866 quem
2182 3797 2256 3850 ad
2326 3802 2395 3858 te,
2452 3811 2552 3865 pro
2607 3801 2803 3850 mutua
2878 3798 3186 3865 dilectione,
3247 3801 3498 3853 transmi-

213 3890 384 3940 simus.
442 3906 470 3936 ι)
561 3886 851 3953 Postquam
904 3888 1088 3953 itaque
1147 3886 1329 3947 initio,
1376 3888 1704 3955 patientiam
1752 3902 1933 3941 ueram
1983 3903 2017 3940 a
2085 3886 2235 3952 falsa
2279 3885 2725 3954 philosophorum
2794 3887 3075 3949 distinxit,
3146 3903 3181 3941 a
3222 3890 3495 3957 patientia

214 3976 318 4041 Dei,
361 3976 577 4031 Christi
628 3990 686 4028 os
732 3974 1006 4041 justorum
1074 3976 1335 4035 omnium,
1396 3976 1719 4044 patientiam
1777 3977 2136 4029 christianum
2207 3975 2563 4029 commendat.
2619 3975 2823 4029 Deinde
2895 3992 3002 4030 non
3053 3977 3242 4030 utilem
3318 3978 3496 4039 modo,

212 4068 297 4120 sed
320 4072 369 4120 et
418 4066 787 4118 necessariam
855 4064 1011 4117 illam
1061 4079 1169 4119 esse
1222 4069 1333 4118 tum
1384 4063 1701 4134 Scripturis,
1757 4070 1871 4119 tum
1914 4065 2218 4119 rationibus
2275 4065 2496 4134 probat,
2546 4066 2803 4137 exemplis
2856 4067 2981 4120 item
3024 4066 3121 4119 Job
3172 4071 3223 4120 et
3276 4066 3494 4120 Tobia':

212 4161 343 4208 etut
383 4171 451 4209 ex
510 4155 755 4223 opposito
787 4153 892 4208 sibi
948 4156 1081 4208 vitio
1128 4157 1305 4223 magis
1352 4156 1630 4223 patientia:
1687 4156 1884 4209 bonum
1933 4156 2216 4216 elucescat,
2268 4155 2629 4224 impatientia:
2679 4158 2941 4223 quantum
2995 4155 3202 4209 malum
3252 4156 3323 4208 sit
3367 4171 3496 4224 pro-

212 4256 470 4324 sequitur.
511 4254 776 4307 Postremo
812 4252 1069 4307 vindicta:
1105 4254 1458 4324 cupiditatem
1487 4256 1784 4323 vituperat,
1828 4255 2086 4322 docetque
2130 4257 2252 4316 Deo,
2276 4255 2447 4323 juxta
2498 4254 2831 4323 Scripturas,
2857 4253 3281 4324 permittendum
3315 4255 3501 4323 potius

212 4359 362 4411 quam
393 4343 551 4397 nobis
601 4343 971 4411 arroqandam
1010 4344 1368 4400 ultionem.Si
1394 4359 1499 4413 quo
1538 4344 1647 4397 alio
1681 4350 1859 4399 autem
1906 4346 1961 4397 in
1993 4344 2128 4398 libro
2183 4345 2276 4407 hoc
2324 4348 2482 4413 certe,
2538 4343 2933 4399 Tertullianum
2980 4345 3253 4406 imitatur,
3304 4342 3501 4396 librum

212 4448 387 4503 nempe
416 4432 533 4501 ejus
558 4432 623 4486 de
648 4434 946 4486 Patientia.
992 4432 1201 4487 PAIEL.

216 4551 250 4605 i.
278 4553 351 4606 De
387 4553 671 4623 patientia
716 4552 1028 4619 locuturus,
1076 4553 1280 4609 fratres
1307 4553 1679 4620 dilectissimi,
1712 4559 2057 4639 etCsermo
2102 4553 2123 4588 ³
2175 4558 2230 4608 et
2273 4552 2420 4608 ratio
2468 4551 2730 4607 salutaris
2788 4550 3097 4606 efﬁcaciter
3143 4549 3398 4618 discitur,
3452 4549 3497 4603 si

157 4645 401 4699 utilitates
462 4647 587 4717 ejus
648 4651 704 4701 et
759 4647 1058 4701 commoda
1118 4648 1559 4718 praedicaturus,
1618 4648 1767 4703 unde
1868 4647 2159 4719 patienter
2196 4645 2346 4719 quod
2396 4645 2603 4701 dicitur
2641 4645 2925 4700 audiatur.
2955 4646 3066 4699 Nec
3107 4643 3359 4711 invenio,
3388 4643 3499 4698 fra-

159 4740 319 4806 potius
349 4740 619 4811 incipiam
668 4757 839 4811 quam
886 4741 1034 4811 quod
1082 4758 1231 4795 nunc
1280 4758 1506 4813 quoque
1548 4741 1619 4796 ad
1662 4759 1765 4796 au-
1867 4745 1984 4796 tres
2031 4738 2400 4808 dilectissimi,
2434 4740 2587 4794 inter
2629 4742 2865 4794 caeteras
2905 4738 3148 4794 caelestis
3185 4737 3498 4808 disciplinae

156 4831 404 4888 dientiam
460 4838 704 4889 vestram
749 4834 1082 4905 patientiam
1122 4835 1290 4891 video
1332 4853 1453 4890 esse
1504 4853 1762 4890 necessa-
1867 4836 1984 4890 vias
2051 4834 2256 4907 quibus
2319 4834 2391 4888 ad
2458 4833 2859 4905 consequentia
2920 4832 3193 4887 divinitus
3264 4831 3501 4903 praemia

156 4926 303 4995 riam,
343 4935 406 4981 nt
456 4945 560 4983 nec
605 4929 710 4982 hoc
751 4928 935 5000 ipsum
985 4929 1133 5000 quod
1180 4928 1387 4984 auditis
1432 4936 1489 4984 et
1533 4930 1760 5000 discitis,
1870 4929 1987 5001 spei
2045 4946 2108 4983 ac
2165 4928 2297 4984 ﬁdei
2358 4930 2569 4982 nostra:
2630 4932 2780 4982 secta
2835 4927 2910 4999 ('2)
2963 4926 3249 4998 dirigitur,

154 5020 257 5074 sine
296 5023 579 5094 patientia
621 5023 810 5077 facere
852 5023 1094 5094 possitis.
1129 5024 1284 5078 Tunc
1326 5023 1478 5078 enim
1530 5025 1765 5080 demum
1866 5023 2006 5097 quid
2056 5021 2238 5094 magis
2280 5022 2354 5077 sit
2394 5023 2414 5056 ³
2455 5022 2542 5076 vel
2595 5021 2788 5078 utilius
2829 5020 2904 5077 ad
2949 5021 3127 5076 vitam
3176 5020 3265 5075 vel
3316 5022 3502 5093 majus

1524 5152 1734 5217 Variae
1777 5152 2115 5217 lectiones.

207 5262 221 5289 ⁴
251 5261 326 5310 De
358 5262 631 5312 Patientia
664 5263 784 5312 Bod.
815 5266 857 5312 ι.
891 5263 995 5312 Lm.
1034 5263 1252 5327 August.
1319 5266 1339 5296 ι
1371 5263 1565 5314 Sermo
1594 5264 1820 5314 Domini
1856 5262 1976 5313 Had.
2005 5265 2051 5313 4.
2123 5262 2139 5295 ³
2170 5258 2396 5326 Aliquid
2437 5260 2613 5325 magis
2641 5258 2730 5312 vel
2759 5259 2897 5312 utile
2925 5258 2994 5311 ad
3019 5260 3189 5310 vitam
3213 5259 3302 5314 vel
3329 5262 3507 5326 magis

156 5328 213 5377 ad
237 5331 461 5394 gloriam
493 5346 613 5383 esse
637 5336 1012 5385 necessarium
1044 5334 1173 5384 Bod.
1208 5337 1254 5383 ι.

1440 5422 1666 5507 Steph.
1714 5423 1961 5487 Baluzii
2004 5428 2203 5487 notae.

207 5547 267 5610 tl)
306 5548 496 5635 ‘Huju‘s
527 5549 846 5635 sui‘operi's
884 5551 1225 5635 mentionem
1272 5551 1407 5635 facit
1434 5550 1843 5635 CyprianusD
1930 5550 1996 5632 (ἐξ
2038 5549 2185 5599 Fidei
2224 5552 2419 5635 nostra
2456 5553 2613 5635 secta.
2657 5545 2857 5635 Supra)
2873 5546 3033 5635 epis't‘.
3080 5542 3508 5635 22,3Higmilita‘te

156 5618 204 5666 in
243 5621 390 5671 calce
438 5621 702 5685 Epistolas
754 5622 826 5672 ad
880 5622 1227 5672 Jubaianum.
1275 5623 1542 5686 Ejusdem
1591 5616 1841 5688 ωειλ-³³
1868 5636 1931 5671 ac
1957 5623 2144 5670 timore
2176 5625 2323 5671 secta:
2362 5625 2558 5669 nostra:
2600 5619 2942 5669 verecundus.
2984 5618 3117 5667 Item
3164 5618 3220 5666 in
3260 5616 3505 5679 Epistnla

158 5693 311 5740 menti
354 5692 553 5744 librum
602 5695 826 5758 scripsit
874 5694 1266 5745 Tertullianus.
1317 5696 1453 5745 Item
1504 5696 1771 5758 Augusti-
1872 5694 1945 5744 ad
1977 5692 2261 5755 Quirinum
2291 5691 2519 5754 praefixa
2558 5691 2715 5741 libris
2763 5688 3195 5739 Testimoniorum
3223 5700 3242 5735 :
3273 5705 3300 5730 «
3330 5688 3505 5748 QUIB-

158 5772 269 5811 nus.
298 5763 479 5814 Etiam
512 5757 736 5829 quidam
770 5766 980 5816 Paulus
1019 5768 1317 5830 episcopus
1355 5767 1490 5817 olim
1530 5757 1773 5831 scripsit,
1874 5764 2001 5815 dam
2025 5762 2270 5828 capitula
2292 5762 2360 5813 ad
2391 5762 2707 5827 religiosam
2737 5765 2903 5814 sectio
2931 5764 3133 5812 nostra
3155 5757 3505 5825 disciplinam

160 5834 213 5883 ut
236 5836 465 5887 testatur
487 5835 825 5902 Gennadius,
854 5836 1058 5891 librum
1088 5838 1151 5890 de
1176 5835 1462 5890 Patientia.
1873 5834 2226 5904 pertinentia.
2252 5853 2282 5883 ››
