3998 6194
469 247 569 310 647
1372 242 1433 303 s.
1476 246 1791 303 CYPBIANI
1828 244 2103 304 OPERUM
2147 246 2318 303 PARS
2357 232 2421 300 ll.
2457 275 2524 285 -
2553 240 2922 302 OPUSCULA.
3706 244 3796 305 ets

469 379 537 434 ad
586 378 848 450 gloriam,
890 390 1063 447 quam
1118 378 1182 428 ut
1239 372 1535 445 praeceptis
1590 372 1889 428 dominicis
1943 371 2101 428 obse-
2123 372 2314 458 ADeo
2357 371 2535 425 virtus
2579 371 2682 425 ista
2733 368 3070 426 communis.
3102 367 3239 424 Inde
3289 367 3559 438 patientia
3598 368 3797 441 incipit,

470 474 602 544 quio
650 470 871 526 timoris
918 486 983 524 ac
1030 468 1347 524 devotionis
1399 468 1721 534 innitimur,
1768 467 2101 539 patientiam
2205 466 2337 521 inde
2381 464 2607 520 claritas
2652 465 2775 536 ejus
2818 470 2875 519 et
2916 462 3164 536 dignitas
3210 466 3380 534 caput
3425 463 3615 517 sumit.
3645 463 3801 535 Origo

471 566 722 621 maxime
750 566 867 619 tota
893 562 1286 618 observatione
1315 568 1582 616 tueamur
1612 563 1654 617 ⁴.
2206 564 2263 615 et
2315 559 2654 631 magnitudo
2718 558 3011 629 patientia:
3078 558 3189 612 Deo
3259 558 3488 612 auctore
3549 556 3804 627 procedit.

545 661 614 715 ll.
661 660 819 714 Hanc
874 674 932 713 se
975 657 1179 713 sectari
1224 656 1550 728 philosOphi
1600 670 1826 727 quoque
1859 656 1879 689 ⁸
1931 655 2104 727 proti-
2207 654 2501 725 Diligenda
2545 669 2635 708 res
2680 652 2903 707 homini
2937 668 3064 723 quas
3111 652 3229 707 Deo
3270 651 3439 706 chara
3465 650 3506 685 ¹³
3550 656 3667 705 est:
3713 651 3804 706 bo-

469 756 685 809 tentur.
742 753 850 809 Sed
895 758 1010 807 tam
1070 750 1184 805 illic
1235 749 1501 822 patientia
1558 748 1702 803 falsa
1752 752 1875 815 est,
1930 764 2106 820 quam
2207 764 2346 804 num
2403 748 2556 819 quod
2599 749 2754 802 amat
2800 746 3070 817 majestas
3112 744 3303 801 divina
3351 742 3716 800 commendat.
3757 746 3806 801 Si

473 852 531 902 et
598 846 740 901 falsa
803 844 1086 917 sapientia
1151 847 1253 898 est.
1314 844 1472 899 Unde
1540 842 1695 897 enim
1746 843 1832 897 vel
1883 842 2108 913 sapiens
2209 843 2476 898 dominus
2518 841 2682 897 nobis
2729 844 2789 896 et
2841 846 3007 912 pater
3055 842 3203 896 Deus
3245 845 3348 910 est,
3397 842 3677 895 sectemur
3722 856 3806 911 pa-

474 958 597 997 esse
627 942 711 996 vel
748 941 964 1011 patiens
994 930 1170 1010 pd'ssit
1192 938 1291 1009 qui
1326 954 1432 992 nec
1462 936 1798 1008 sapientiam
1852 952 1956 991 nec
2005 953 2105 1007 pa-
2207 937 2468 993 tientiam
2509 935 2734 991 domini
2778 936 2998 1008 pariter
3025 938 3085 991 et
3121 934 3298 1007 patris
3333 951 3347 989 :
3394 933 3525 1006 quia
3564 939 3619 988 et
3644 950 3809 989 servos

471 1034 735 1090 tientiam
778 1032 877 1087 Dei
919 1031 1174 1088 novit“?
1217 1030 1449 1103 quando
1478 1030 1599 1101 ipse
1630 1031 1699 1085 de
1739 1030 1828 1085 his
1873 1030 1970 1101 qui
2001 1028 2110 1084 sibi
2210 1033 2439 1102 oportet
2482 1046 2603 1086 esse
2635 1030 3032 1103 obsequentes,
3062 1033 3120 1085 et
3160 1029 3309 1085 ﬁlios
3350 1045 3465 1084 non
3509 1027 3664 1084 decet
3700 1043 3810 1083 esse

406 1189 425 1206 ,
473 1144 672 1200 sapere
702 1127 758 1182 in
805 1125 1022 1181 mundo
1050 1126 1317 1181 videntur
1366 1126 1600 1179 moneat
1641 1129 1697 1178 et
1738 1124 1928 1179 dicat:
1974 1126 2106 1179 Per-
2209 1126 2547 1197 degeneres.

470 1224 598 1278 dam
632 1223 959 1293 sapientiam
993 1222 1349 1289 sapientium,
1381 1225 1431 1274 et
1470 1219 1826 1288 prudentiam
1862 1219 2105 1288 pruden-
2281 1221 2367 1274 IV.
2422 1219 2616 1284 Qualis
2656 1234 2801 1275 'vero
2856 1218 2915 1273 in
2970 1220 3084 1273 Deo
3142 1219 3201 1273 et
3250 1222 3465 1289 quanta
3519 1214 3769 1287 patientia
3795 1258 3809 1286 ,

471 1320 608 1372 tium
653 1316 945 1387 reprobabo
1008 1315 1161 1384 (Isa.,
1201 1331 1347 1382 xxrx,
1398 1313 1506 1382 14).
1541 1316 1682 1368 Item
1731 1313 1932 1369 beatus
1975 1330 2111 1385 apo-
2209 1314 2384 1386 quod,
2435 1314 2495 1368 in
2538 1313 2946 1369 contumeliam
2983 1328 3101 1368 suae
3156 1310 3467 1384 majestatis
3513 1316 3566 1365 et
3608 1310 3811 1366 honoris

474 1411 649 1466 stolas
704 1410 927 1476 Paulus,
981 1409 1185 1479 plenus
1237 1406 1450 1478 Spiritu
1494 1410 1689 1461 sancto
1746 1413 1801 1462 et
1849 1407 2110 1462 vocandis
2208 1408 2474 1463 instituta
2503 1407 2573 1462 ab
2618 1407 2947 1463 hominibus
2984 1406 3228 1478 profana
3267 1405 3484 1477 templa
3520 1410 3576 1460 et
3612 1407 3812 1460 terrena

470 1502 900 1574 formandisque
954 1503 973 1537 ⁷
1033 1502 1309 1557 Gentibus
1362 1501 1596 1569 missus,
1651 1504 2006 1556 contestetur
2054 1507 2110 1557 et
2208 1501 2488 1573 ﬁgmenta
2514 1505 2572 1556 et
2598 1517 2758 1557 sacra
2778 1501 3057 1569 sacrilega
3086 1499 3503 1572 patientissime
3528 1498 3807 1567 sustinens,

471 1597 715 1654 instruat
766 1597 960 1651 dicens
1009 1612 1022 1651 :
1086 1597 1271 1653 Videte
1320 1612 1385 1651 ne
1440 1598 1566 1665 quis
1623 1612 1715 1651 vos
1768 1596 2111 1666 deprwdetur
2208 1612 2382 1667 super
2408 1596 2592 1652 bonos
2634 1601 2690 1651 et
2733 1595 2917 1651 malos
2966 1595 3259 1667 aequaliter
3304 1592 3446 1650 facit
3476 1592 3624 1648 diem
3673 1593 3809 1648 nasci

464 1708 566 1764 per
612 1692 1010 1762 philosophiam
1060 1695 1110 1745 et
1162 1693 1381 1745 inanem
1428 1691 1753 1757 fallaciam,
1808 1690 2170 1764 secundum_
2211 1696 2270 1745 et
2324 1690 2519 1745 lumen
2567 1690 2702 1745 solis
2758 1689 2988 1757 aboriri,
3040 1691 3096 1744 et
3149 1704 3277 1744 cum
3338 1686 3613 1743 imbribus
3658 1692 3812 1743 terras

472 1786 822 1840 traditionem
866 1785 1164 1851 hominum,
1227 1785 1523 1839 secundum
1575 1785 1839 1839 elementa
1888 1784 2102 1851 mundi,
2128 1759 2183 1831 Β
2210 1784 2373 1856 rigat,
2401 1800 2575 1839 nemo
2612 1800 2645 1838 a
2690 1783 2982 1839 beneficiis
3013 1784 3135 1855 ejus
3175 1782 3499 1838 excluditur
3538 1782 3813 1853 quominus

475 1885 655 1935 etnon
683 1879 974 1934 secundum
1020 1879 1310 1940 Christum,
1344 1880 1476 1948 quia
1502 1880 1561 1932 in
1602 1880 1719 1948 ipso
1751 1878 1961 1932 habitat
1990 1894 2102 1932 om-

473 1976 558 2029 nis
584 1973 864 2043 plenitudo
887 1974 1195 2027 divinitatis
1224 1972 1468 2041 (Coloss.,
1501 1989 1561 2039 ιι,
1588 1973 1661 2041 8).
1695 1973 1764 2027 Et
1794 1972 1905 2026 alio
1934 1973 2057 2027 loco
2090 1991 2101 2025 :

472 2069 636 2125 Nemo
690 2084 762 2135 se,
819 2067 1028 2137 inquit,
1084 2067 1339 2136 decipiat.
1385 2069 1447 2123 Si
1495 2069 1616 2136 quis
1680 2082 1734 2121 se
1786 2072 1949 2136 putat
2010 2083 2102 2120 sa-

467 2165 705 2232 pientem
748 2176 854 2216 esse
900 2163 959 2215 in
1012 2161 1177 2228 vobis,
1228 2162 1429 2215 mundo
1475 2162 1601 2215 huic
1647 2162 1845 2216 stultus
1889 2164 2009 2230 ﬁat,
2042 2166 2103 2214 ut

469 2258 568 2325 ﬁat
600 2256 833 2325 sapiens.
871 2256 1153 2324 Sapientia
1191 2257 1335 2309 enim
1368 2255 1561 2309 mundi
1593 2254 1668 2324 (3)
1718 2256 1879 2324 hujus
1919 2256 2104 2309 stulti-

475 2351 555 2403 tia
597 2355 674 2403 cst
718 2349 867 2418 apud
904 2351 1089 2403 Deum.
1128 2349 1405 2418 Scriptum
1452 2354 1527 2402 est
1572 2350 1714 2403 enim
1752 2365 1765 2402 :
1815 2350 2107 2419 Reprehen-

473 2443 636 2498 dum8
666 2445 934 2512 sapientes
960 2444 1018 2497 in
1048 2445 1255 2497 astutia
1281 2445 1538 2512 ipsorum.
1575 2443 1642 2495 Et
1668 2441 1878 2496 iterum
1915 2460 1928 2497 :
1969 2442 2106 2512 Cog-

476 2539 625 2591 novit
668 2538 927 2591 Dominus
956 2537 976 2569 9
1018 2538 1366 2603 cogitationes
1408 2538 1759 2605 sapientium,
1809 2538 1941 2605 quia
1981 2541 2109 2591 sunt

475 2630 656 2685 stultas
715 2632 752 2695 (Ι
822 2629 967 2696 Cor.,
1025 2645 1123 2697 ιιι,
1186 2631 1384 2700 18-20).
1442 2631 1663 2695 Quare,
1728 2628 1772 2683 si
1836 2630 2110 2700 sapientia

474 2722 589 2778 illic
617 2739 748 2777 vera
778 2738 890 2777 non
923 2726 1026 2789 est,
1057 2738 1175 2777 esse
1223 2739 1337 2777 non
1384 2725 1572 2793 potest
1612 2727 1667 2777 et
1709 2738 1844 2776 vera
1887 2723 2106 2793 patien-

475 2816 575 2872 tia.
608 2818 749 2871 Nam
788 2816 835 2871 si
878 2816 1106 2887 sapiens
1137 2817 1183 2851 ¹⁰
1231 2816 1323 2870 ille
1373 2821 1458 2870 est
1504 2817 1603 2887 qui
1653 2822 1737 2871 est
1778 2816 2011 2871 humilis
2054 2820 2112 2872 et

480 2911 657 2979 mitis,
689 2910 1056 2981 philosophos
1085 2914 1276 2965 autem
1307 2926 1409 2964 nec
1433 2910 1680 2965 humiles
1701 2910 1961 2966 videmus
1989 2927 2108 2965 esse

479 3021 585 3060 nec
618 3005 809 3072 mites,
840 3005 939 3059 sed
971 3005 1075 3059 sibi
1107 3005 1353 3059 multum
1397 3005 1698 3075 placentes,
1747 3010 1805 3059 et
1833 3006 1940 3060 hoc
1985 3006 2109 3076 ipso

479 3099 627 3170 quod
650 3099 766 3153 sibi
810 3099 1071 3169 placeant
1113 3099 1229 3153 Deo
1272 3097 1655 3168 displicentes,
1702 3105 1948 3171 apparet
1995 3100 2111 3153 illic

484 3209 680 3248 veram
710 3209 823 3246 non
851 3209 971 3247 esse
1004 3191 1337 3263 patientiam
1375 3193 1416 3226 ¹¹
1449 3192 1543 3247 ubi
1567 3193 1637 3248 sit
1673 3192 1920 3247 insolens
1945 3192 2111 3248 aﬁ'ec-

477 3290 610 3341 talin
634 3286 912 3341 libertatis
939 3286 1176 3341 audacia
1205 3288 1264 3339 et
1293 3285 1495 3341 exserti
1524 3302 1590 3341 ac
1614 3287 1896 3342 seminudi
1927 3290 2114 3358 pecto-

478 3380 556 3436 ris
586 3380 969 3435 inverecunda
987 3380 1283 3450 jactantia.

550 3476 639 3529 lll.
669 3475 781 3528 Nos
821 3477 1033 3541 autem,
1065 3473 1271 3528 fratres
1308 3473 1686 3544 dilectissimi,
1720 3474 1817 3546 qui
1859 3474 2106 3546 philoso-

477 3565 580 3641 phi
640 3584 754 3623 non
812 3567 996 3622 verbis
1051 3568 1148 3622 sed
1210 3567 1371 3622 factis
1431 3584 1675 3636 sumus,
1729 3585 1836 3623 nec
1902 3570 2109 3625 vestitu

480 3661 840 3734 sapientiam,
895 3662 991 3717 sed
1047 3661 1279 3717 veritate
1332 3661 1720 3733 praeferimus,
1774 3664 1871 3733 qui
1928 3664 2105 3719 virtu-

482 3759 602 3811 tum
658 3755 1058 3811 conscientiam
1110 3757 1290 3827 magis
1342 3772 1515 3827 quam
1556 3756 1892 3826 jactantiam
1952 3758 2112 3812 novi-

482 3867 628 3920 mus,
672 3850 769 3922 qui
811 3867 922 3904 non
973 3850 1265 3922 loquimur
1315 3866 1523 3921 magna
1574 3850 1670 3919 (4),
1724 3850 1822 3905 sed
1871 3851 2109 3907 vivimus

482 3946 639 4019 quasi
690 3944 838 3999 servi
886 3945 931 3979 ¹²
983 3947 1039 4000 et
1090 3946 1331 3999 cultores
1385 3944 1501 4013 Dei,
1555 3944 1883 4015 patientiam
1935 3962 2106 4017 quam

480 4039 821 4110 magisteriis
881 4037 1198 4094 caelestibus
1276 4037 1548 4092 discimus
1631 4038 1919 4110 obsequiis
2001 4042 2110 4111 spi-

479 4134 738 4191 ritalibus
782 4132 1162 4205 praebeamus.
1193 4132 1288 4186 Est
1330 4132 1484 4187 enim
1532 4132 1696 4187 nobis
1739 4150 1869 4188 cum
1917 4132 2109 4207 624

2199 1877 2369 1948 justis
2416 1877 2678 1933 similiter
2725 1884 2784 1934 et
2824 1878 3053 1949 injustis
3097 1876 3435 1932 indiscretas
3480 1874 3687 1947 pluvias
3715 1876 3812 1929 lar-

2207 1972 2443 2043 giatur!
2502 1972 2776 2027 Videmus
2828 1971 3189 2043 inseparabili
3242 1972 3571 2043 aequalitate
3622 1970 3814 2041 patien-

2207 2067 2299 2122 tiae
2345 2066 2674 2121 nocentibus
2729 2072 2786 2121 et
2839 2066 3103 2133 innoxiis,
3160 2066 3451 2137 religiosis
3508 2066 3566 2119 et
3622 2063 3809 2134 impiis,

2209 2162 2419 2231 gratias
2464 2161 2772 2232 agentibus
2822 2166 2878 2216 et
2920 2160 3184 2233 ingratis,
3236 2160 3338 2215 Dei
3394 2163 3537 2214 nutu
3579 2163 3815 2228 tempora

2209 2254 2470 2326 obsequi,
2501 2255 2786 2309 elementa
2810 2254 3093 2322 famulari,
3137 2254 3358 2325 spirare
3403 2255 3618 2320 ventos,
3650 2252 3814 2306 fontes

2208 2348 2407 2417 ﬂuere,
2441 2349 2820 2419 grandescere
2849 2349 3037 2420 copias
3076 2349 3354 2403 messium
3381 2348 3450 2415 ν’,
3481 2347 3687 2401 fructus
3709 2361 3813 2400 ma-

2208 2448 2488 2498 turescere
2530 2442 2604 2513 (5)
2648 2443 2966 2509 vinearum,
2994 2442 3305 2498 exuberare
3355 2440 3541 2513 pomis
3590 2440 3814 2506 arbusta,

2210 2552 2450 2591 nemora
2476 2536 2861 2605 frondescere,
2886 2542 3046 2607 prata
3074 2538 3301 2591 ﬂorere.
3331 2538 3421 2604 Et,
3447 2551 3578 2590 cum
3599 2533 3810 2599 crebris,

2210 2630 2324 2684 imo
2354 2630 2645 2685 continuis
2662 2630 3033 2685 exacerbetur
3054 2630 3282 2685 offensis
3298 2630 3471 2697 Deus,
3497 2627 3815 2701 indignatio-

2212 2741 2346 2778 nem
2377 2741 2544 2779 suam
2577 2727 2879 2795 temperat,
2904 2729 2958 2779 et
2990 2725 3377 2795 praestitutum
3405 2723 3578 2779 semel
3609 2720 3815 2779 retribu-

2212 2818 2383 2873 tionis
2412 2818 2567 2873 diem
2596 2818 2882 2890 patienter
2910 2821 3213 2889 exspectat.
3251 2819 3511 2890 Cumque
3548 2816 3734 2871 habeat
3764 2814 3814 2866 in

2210 2915 2487 2984 potestate
2516 2912 2843 2983 vindictam,
2875 2913 3088 2968 mavult
3131 2912 3228 2968 diu
3271 2918 3476 2968 tenere
3512 2911 3583 2982 (6)
3627 2908 3815 2981 patien-

2212 3008 2370 3077 tiam,
2423 3007 2711 3062 sustinens
2752 3007 2964 3063 scilicet
3005 3008 3319 3062 clementer
3364 3010 3422 3061 et
3465 3005 3737 3070 differens,
3761 3009 3815 3056 ut

2214 3103 2261 3156 si
2297 3102 2417 3157 ﬁeri
2452 3105 2659 3174 potest,
2690 3102 2935 3157 multum
2977 3102 3193 3157 malitia
3217 3103 3510 3172 protracta
3533 3096 3810 3171 aliquando

2214 3199 2490 3263 mutetur,
2524 3200 2581 3251 et
2620 3196 2793 3251 homo
2838 3196 2897 3251 in
2936 3212 3194 3251 errorum
3240 3200 3298 3251 et
3339 3195 3611 3250 scelerum
3651 3196 3814 3246 conta-

2212 3288 2385 3361 gione
2436 3289 2715 3345 volutatus
2765 3290 2851 3346 vel
2903 3306 3028 3346 sero
3076 3289 3150 3344 ad
3212 3291 3398 3345 Deum
3465 3290 3810 3352 convertatur,

2210 3382 2334 3454 ipso
2365 3387 2635 3439 monente
2678 3388 2736 3438 et
2777 3384 3004 3440 dicente
3039 3402 3050 3438 :
3092 3385 3228 3443 Nolo
3271 3390 3500 3439 mortem
3544 3380 3809 3438 morientis.

2207 3482 2473 3547 quantum
2497 3483 2558 3533 ut
2580 3483 2889 3534 revertatur
2925 3485 2977 3534 et
3025 3480 3176 3534 vivat
3217 3478 3456 3548 (Ezech.,
3493 3491 3675 3542 χχχιιι,
3720 3472 3809 3542 11).

2209 3569 2279 3624 Ει
2326 3570 2578 3627 iterum:
2626 3574 2977 3629 Revertimini
3016 3572 3092 3626 ad
3137 3588 3218 3627 me
3260 3572 3366 3644 (7),
3413 3572 3545 3626 dicit
3589 3571 3812 3625 Dominus

2210 3666 2484 3735 (Malach.,
2523 3683 2601 3734 ιιι,
2636 3667 2711 3736 7).
2754 3668 2821 3721 Et
2854 3666 3063 3723 iterum
3092 3684 3105 3722 :
3154 3668 3514 3724 Revertimini
3556 3666 3628 3720 ad
3650 3665 3807 3719 Domi-

2206 3776 2337 3813 num
2387 3763 2555 3815 Deum
2614 3765 2865 3830 vestrum,
2923 3763 3184 3831 quoniam
3245 3764 3549 3816 misericors
3612 3764 3660 3814 et
3703 3759 3813 3828 pius

2208 3860 2257 3909 et
2296 3856 2512 3924 patiens
2560 3861 2611 3909 et
2659 3856 2843 3909 multa:
2872 3857 3261 3919 miserationis,
3287 3862 3345 3910 et
3389 3857 3488 3926 qui
3523 3855 3809 3910 sententiam

2207 3949 2390 4015 ﬂectat
2432 3948 2689 4004 adversus
2730 3950 2972 4004 malitias
3021 3952 3294 4017 irrogatas
3347 3951 3392 3984 ¹⁵
3447 3949 3592 4018 (Joel,
3628 3964 3678 4014 ιι,
3724 3944 3808 4012 13).

2211 4041 2374 4105 Quod
2404 4043 2542 4095 item
2568 4042 2769 4098 beatus
2803 4045 3090 4114 apostolus
3137 4043 3341 4098 Paulus
3386 4054 3811 4099 commemorans

2210 4138 2266 4190 et
2299 4139 2655 4208 peccatorum
2699 4138 2768 4191 ad
2808 4137 3201 4209 paenitentiam
3246 4154 3535 4206 revocans,
3580 4134 3811 4208 proponit

1888 4277 2093 4343 Variae
2134 4279 2473 4344 lectiones.

573 4417 595 4448 ⁴
622 4413 934 4464 Teneamus
961 4412 1098 4462 Pem.
1133 4412 1265 4461 Voss.
1291 4413 1335 4462 1.
1404 4416 1420 4445 5
1445 4411 1763 4478 Philosophi
1790 4414 1999 4479 quique
2036 4413 2148 4464 Ver.
2216 4417 2236 4448 ο
2259 4417 2422 4466 Novit
2449 4432 2460 4464 :
2493 4418 2772 4481 quomodo
2797 4423 2851 4469 et
2878 4421 3014 4469 Lam.
3047 4419 3197 4470 Ebor.
3225 4421 3334 4470 ΝΟ.
3362 4422 3406 4470 1.
3473 4419 3495 4453 ⁷
3523 4415 3811 4471 Servandis-

489 4499 599 4550 que
622 4484 877 4548 gentibus
907 4485 1016 4533 Lin.
1084 4482 1102 4514 ⁸
1130 4483 1611 4547 Comprehendam
1650 4485 1779 4533 Voss.
1812 4486 1855 4534 1.
1888 4484 2323 4549 Reprehendens
2352 4489 2486 4537 Pem.
2518 4489 2625 4537 Lin.
2662 4490 2793 4537 Voss.
2824 4494 2870 4537 2.
2902 4490 3012 4540 ΝΟ.
3043 4494 3091 4540 2.
3122 4490 3516 4555 Reprehendes
3559 4492 3671 4552 Sup.
3701 4488 3734 4535 Ι.
3761 4497 3809 4534 ιιι

485 4557 557 4606 ad
579 4557 723 4618 Quir.
756 4570 804 4607 c.
830 4557 904 4607 69.
977 4556 1175 4606 9Deus
1219 4558 1362 4604 Saris
1406 4556 1514 4605 Ver.
1591 4558 1625 4588 ια
1650 4557 1784 4606 Nam
1839 4559 2031 4621 utique
2081 4560 2123 4607 si
2173 4561 2397 4623 patiens
2439 4560 2578 4608 Lam.
2626 4559 2776 4609 Ebor.
2842 4561 2947 4610 ΝΟ.
2986 4564 3028 4610 1.
3058 4563 3189 4611 Pem.
3223 4565 3321 4612 Ar.
3368 4562 3473 4611 HR.
3511 4561 3639 4610 Tha.
3690 4558 3805 4605 Voss.

489 4627 562 4680 Sa
574 4628 731 4691 piens
758 4628 953 4690 Rigalt.

1030 4629 1064 4657 ¹¹
1093 4625 1215 4676 Illic
1240 4638 1351 4675 non
1390 4639 1509 4677 esse
1549 4628 1869 4690 patientiam
1899 4629 2036 4678 Lam.
2078 4629 2183 4678 Lin.
2209 4629 2338 4679 Bod.
2370 4630 2412 4691 1,
2449 4635 2498 4689 ‘2,
2540 4633 2586 4683 3,
2635 4634 2677 4678 4.
2749 4634 2788 4663 ’³
2822 4631 2893 4682 Ut
2918 4632 3061 4681 servi
3105 4633 3271 4681 Saris.
3300 4632 3447 4693 Quia
3471 4632 3607 4681 servi
3633 4627 3739 4679 Bod.
3770 4629 3804 4673 1.

487 4701 526 4729 ’³
560 4697 740 4749 Chara
765 4702 863 4754 est,
886 4712 951 4747 ac
976 4695 1185 4746 bonum
1208 4696 1330 4744 Bod.
1366 4698 1410 4745 1.
1484 4699 1520 4729 ¹⁴
1546 4697 1896 4748 Candescere
1927 4698 2114 4760 copias
2155 4701 2421 4749 messium
2461 4700 2636 4750 Morel.
2683 4701 2918 4751 Fructus
2967 4705 3334 4753 maturescere
3363 4704 3513 4760 (Voss.
3564 4702 3807 4752 Nitescere

510 4773 817 4820 maturatus
847 4770 953 4818 Lin.
1024 4771 1061 4801 '5
1088 4766 1349 4818 Malitiam
1383 4769 1675 4835 irrogatam
1708 4770 1827 4819 Ben.
1860 4769 1987 4819 Bod.
2028 4770 2073 4831 1,
2098 4770 2148 4833 2,
2184 4771 2231 4832 3,
2263 4772 2310 4821 4.
2342 4772 2507 4821 Saris.

1779 4887 2018 4970 Steph.
2062 4887 2310 4952 Baluzii
2355 4894 2550 4953 notae.

545 5043 613 5106 (3)
670 5041 942 5113 Sapientia
1001 5040 1157 5105 hujus
1210 5041 1415 5092 mundi.
1472 5042 1629 5093 lianc
1674 5042 1829 5092 Pauli
1882 5015 2450 5107 apostoliDveteres.
2483 5044 2623 5107 Quae
2652 5046 2816 5097 lectio
2845 5060 2979 5098 sane
3024 5051 3231 5113 optima
3275 5055 3373 5101 est.
3405 5051 3541 5109 Alia,
3572 5061 3687 5113 quae
3720 5046 3803 5095 ha-

483 5117 813 5166 sententiam
856 5112 1053 5165 Celsus
1097 5113 1371 5164 malevolo
1416 5114 1712 5165 adversum
1772 5115 2119 5167 Christianos

484 5188 672 5235 animo
704 5186 957 5236 vertebat
987 5186 1040 5234 in
1070 5186 1411 5235 contrarium
1443 5199 1692 5245 sensum,
1724 5186 1962 5237 dicendo
1992 5187 2118 5238 illos

483 5258 651 5322 vulgo
689 5259 899 5321 jactare
941 5256 1145 5306 malam
1186 5270 1301 5306 rem
1345 5270 1467 5307 esse
1510 5258 1567 5305 in
1613 5259 1722 5307 vita
1765 5259 2115 5322 sapientiam,

484 5328 685 5378 bonam
742 5340 876 5377 vero
938 5328 1250 5377 stultitiam.
1307 5328 1468 5390 Quod
1523 5328 1790 5392 Origenes
1852 5332 2119 5381 adversus

482 5413 611 5450 eum
662 5398 932 5457 scribens,
982 5400 1057 5448 ait
1103 5413 1226 5449 esse
1274 5413 1484 5449 meram
1534 5400 1987 5464 sycophantiam,
2038 5404 2117 5452 uti

483 5484 674 5521 revera
724 5475 825 5529 ost,
879 5484 1007 5521 cum
1058 5473 1127 5521 sit
1178 5484 1436 5533 expresse
1489 5476 1681 5522 contra
1739 5473 1904 5523 verba
1969 5478 2117 5538 Apo-

486 5542 633 5592 stoli.

548 5614 613 5672 (4)
638 5615 754 5664 Νοη
786 5611 1057 5677 loquimur
1079 5626 1295 5677 magna.
1322 5613 1585 5664 Minutius
1606 5615 1761 5665 Felix
1791 5631 1802 5665 :
1828 5634 1853 5660 α
1874 5618 1985 5667 Nos
2006 5630 2118 5667 non

485 5683 681 5735 habitu
728 5686 1075 5748 sapientiam,
1106 5684 1205 5735 sed
1246 5690 1432 5737 mente
1476 5687 1837 5750 praeferimus.
1871 5689 1991 5739 Non
2034 5690 2116 5740 lo-

483 5756 709 5822 quimur
737 5770 959 5822 magna,
985 5756 1086 5809 sed
1112 5757 1368 5808 vivimus.
1396 5777 1425 5805 »

544 5829 615 5891 (5)
656 5830 1023 5881 Maturescere.
1068 5830 1152 5881 Ita
1195 5834 1410 5883 veteres
1453 5830 1726 5884 editiones
1768 5835 1823 5884 et
1854 5846 1959 5885 sex
1989 5833 2117 5886 libri

2217 5115 2310 5166 bet
2360 5117 2643 5178 mitescere,
2691 5132 2861 5182 quam
2904 5119 3169 5171 Erasmus
3208 5124 3436 5183 invexit,
3484 5123 3619 5172 bona
3663 5120 3801 5167 etiam

2217 5191 2336 5249 est,
2412 5192 2467 5238 et
2543 5189 2712 5239 habet
2779 5190 2965 5249 plures
3033 5193 3203 5245 libros
3271 5199 3483 5246 veteres
3553 5193 3804 5243 consenta-

2218 5270 2371 5308 11608.

2283 5330 2346 5391 (6)
2406 5332 2609 5383 Mavult
2659 5333 2752 5384 diu
2803 5339 2983 5384 tenere.
3047 5336 3223 5401 Supra
3280 5339 3434 5402 epist.
3491 5339 3523 5388 9
3573 5350 3584 5384 :
3634 5354 3657 5379 ‹‹
3710 5331 3801 5383 Diu

2216 5402 2539 5464 patientiam
2568 5418 2746 5455 meam
2785 5408 2953 5456 tenui.
2992 5425 3018 5454 ››
3060 5408 3317 5459 Ruricius
3352 5409 3445 5459 lib.
3482 5421 3537 5469 ιι,
3578 5407 3719 5470 epist.
3743 5404 3799 5451 ιε

2217 5489 2248 5522 ‹‹
2279 5474 2539 5524 Tenenda
2566 5482 2648 5526 est
2680 5478 2732 5526 in
2764 5481 3069 5531 tentatione
3101 5482 3379 5543 patientia.
3414 5501 3438 5523 ››

2280 5547 2346 5608 (7;
2372 5547 2711 5600 Revertimmi
2754 5550 2824 5599 ad
2852 5565 2947 5601 me.
2984 5553 3106 5604 Hoc
3139 5557 3503 5617 segmentum,
3543 5547 3679 5615 quod
3720 5544 3803 5617 ba-

2217 5616 2379 5667 betur
2426 5619 2479 5667 in
2522 5619 2863 5671 editionibus
2915 5625 3177 5688 antiquis,
3212 5616 3528 5675 Manutiaua
3572 5616 3795 5672 sustulit;

2218 5688 2500 5739 Morellius
2529 5695 2791 5755 reposuit.
2827 5694 2996 5746 Recte
3025 5710 3197 5758 sane;
3228 5700 3403 5747 exstat
3433 5696 3573 5746 enim
3614 5693 3664 5741 in
3694 5689 3799 5738 octo

2216 5759 2374 5811 libris
2403 5761 2702 5814 veteribus.
