3998 6194
200 276 283 337 649
1351 270 1553 329 LIBER
1590 272 1679 328 DE
1717 269 1893 328 ΒΟΝο
1928 266 2318 327 ΡΑΤΙΕΝἸῚΛΕ.
3413 274 3517 327 650

196 408 241 459 et
262 401 413 457 dicit:
457 397 641 472 625
691 398 782 453 An
826 398 1097 469 numquid
1144 398 1482 467 opulentiam
1523 398 1779 452 bonitatis
1802 394 2138 480 Aimplevit
2182 399 2237 450 et
2280 394 2465 449 factis.
2498 396 2565 450 Et
2610 395 2742 465 quia
2794 396 2862 450 ad
2912 396 3017 451 hoc
3060 396 3424 452 descendisse
3451 414 3510 452 se

194 497 284 566 ejus
346 500 392 549 et
464 495 841 548 sustinentiam
911 497 962 548 et
1038 494 1367 562 patientiam
1416 491 1491 563 (8)
1547 497 1779 546 contem-
1880 487 2104 542 dixerat
2135 486 2327 560 626
2358 493 2421 542 ut
2452 489 2804 543 voluntatem
2832 490 3008 544 Patris
3034 490 3246 546 faceret
3266 491 3513 558 ",inter

192 589 333 656 nis“,
378 589 626 656 ignorans
679 588 939 656 quoniam
976 588 1255 656 patientia
1307 591 1357 641 et
1417 585 1629 641 bonitas
1683 588 1781 640 Dei
1878 584 2087 636 caetera
2116 582 2397 636 mirabilia
2417 582 2465 616 ²⁸
2496 582 2768 637 virtutum
2802 600 3030 639 suarum
3062 585 3267 656 quibus
3298 583 3510 640 indicia

191 683 251 738 ad
287 682 633 752 paenitentiam
655 687 717 750 te
761 680 1036 736 adducit?
1083 682 1165 735 Tu
1215 685 1420 743 autem,
1466 680 1766 735 secundum
1878 674 2083 730 divinae
2111 675 2425 745 majestatis
2467 676 2762 746 expressit,
2809 673 3110 748 paternam
3150 692 3377 751 quoque
3409 696 3512 751 pa-

188 776 414 832 duritiam
461 778 607 829 tuam
647 778 699 829 et
747 790 838 830 cor
884 776 1243 844 impcenitens,
1294 774 1629 829 thesaurizas
1678 773 1778 828 tibi
1878 769 2138 824 tientiam
2188 769 2500 824 tolerantiae
2554 772 2750 825 tenore
2797 772 3059 825 servavit.
3088 774 3300 831 Omnes
3343 779 3507 833 deni-

188 872 302 926 iram
324 872 379 924 in
418 869 499 924 die
546 871 645 923 irae
671 869 716 904 ¹⁷
759 874 810 923 et
852 869 1196 923 reuelationis
1228 868 1377 937 justi
1413 868 1625 935 judieii
1656 869 1774 931 Dei,
1876 879 1987 934 que
2015 863 2063 897 ²⁹
2089 868 2246 917 actus
2273 863 2395 933 ejus
2439 862 2510 917 ab
2554 863 2677 933 ipso
2715 864 2904 918 statim
2951 866 3197 922 adventu
3243 872 3512 940 patientia

187 967 266 1035 qui
284 963 453 1019 reddet
488 965 777 1033 unicuique
815 963 1108 1018 secundum
1155 977 1317 1032 opera
1354 978 1456 1016 sua
1484 962 1681 1033 (Rom,
1712 977 1773 1030 ιι,
1877 956 2086 1011 comite
2113 956 2414 1026 signantur
2441 957 2509 1023 ³ο,
2539 957 2695 1027 quod
2742 958 2998 1029 primum
3018 960 3063 994 ³¹
3114 961 3182 1015 de
3210 962 3304 1017 illa
3330 966 3507 1021 subli-

188 1057 533 1128 Hi).Justum
571 1057 855 1128 judicium
893 1056 991 1111 Dei
1037 1056 1174 1111 dixit
1224 1072 1365 1123 esse,
1409 1056 1541 1127 quia
1584 1071 1776 1110 serum
1877 1051 2072 1105 mitate
2091 1049 2389 1105 cmlestiad
2413 1056 2639 1105 terrena
2658 1051 3008 1107 descendens
3032 1071 3143 1109 non
3171 1062 3513 1127 aspernatur

188 1153 272 1217 est,
316 1150 436 1221 quia
482 1150 577 1205 diu
619 1151 979 1221 multumque
1024 1148 1303 1218 differtur,
1337 1153 1403 1204 ut
1455 1149 1675 1204 homini
1707 1149 1774 1203 ad
1876 1144 1973 1199 Dei
2008 1144 2179 1199 Filius
2208 1159 2436 1198 carnem
2489 1144 2736 1199 hominis
2764 1146 3003 1202 induere
3045 1152 3122 1212 et,
3150 1166 3282 1205 cum
3310 1169 3509 1223 pecca-

185 1244 328 1298 vitam
380 1244 548 1314 longa
603 1243 697 1298 Dei
749 1243 1023 1315 patientia
1064 1243 1416 1299 consulatur.
1470 1244 1624 1298 Tunc
1683 1259 1772 1297 re-
1879 1240 1971 1293 tor
1995 1238 2116 1309 ipse
2146 1255 2262 1293 non
2296 1245 2461 1308 esset,
2502 1239 2686 1294 aliena
2738 1247 2962 1310 peccata
2995 1249 3244 1313 portare.
3276 1248 3515 1303 Immor-

183 1343 524 1410 praesentatur
548 1353 715 1409 poena
746 1337 924 1409 impio
960 1343 1016 1393 et
1042 1337 1344 1409 peccatori,
1393 1337 1619 1410 quando
1651 1336 1775 1407 jam
1877 1331 2093 1387 talitate
2124 1332 2350 1387 interim
2380 1333 2577 1404 posita,
2606 1334 2730 1388 ﬁeri
2758 1351 2817 1388 se
2843 1340 2899 1390 et
2942 1339 3240 1393 mortalem
3278 1340 3513 1411 patitur,

184 1448 279 1487 non
298 1437 472 1502 potest
498 1431 834 1504 poenitentia
864 1431 1131 1504 prodesse
1161 1432 1375 1503 peccati
1406 1432 1471 1486 η.
1876 1428 1943 1481 ut
2004 1426 2278 1481 innocens
2331 1444 2434 1498 pro
2490 1429 2817 1483 nocentium
2869 1431 3050 1485 salute
3101 1433 3419 1502 perimatur
3444 1438 3511 1492 3’.

240 1523 291 1576 V.
316 1524 488 1593 Atque
516 1527 575 1577 ut
615 1521 841 1592 plenius
880 1522 1203 1593 intelligere
1234 1522 1537 1594 possimus,
1569 1522 1775 1578 fratres
1876 1520 2153 1575 Dominus
2202 1521 2519 1592 baptizatur
2558 1539 2593 1577 a
2636 1539 2834 1591 servo;
2883 1530 2958 1588 et,
2988 1527 3291 1582 remissam
3318 1545 3514 1599 pecca-

184 1614 518 1684 dilectissimi,
553 1615 686 1687 quia
728 1616 999 1686 patientia
1039 1616 1137 1671 Dei
1181 1632 1268 1671 res
1301 1622 1407 1687 est,
1434 1620 1491 1673 et
1521 1617 1774 1688 quisquis
1875 1617 2067 1669 torum
2094 1616 2345 1684 daturus,
2377 1616 2499 1687 ipse
2538 1633 2653 1672 non
2706 1618 3049 1689 dedignatur
3077 1621 3298 1677 lavacro
3344 1640 3505 1696 rege.

178 1708 297 1764 lenis
322 1712 376 1763 et
404 1710 627 1780 patiens
652 1714 708 1765 et
730 1710 887 1765 mitis
916 1714 1020 1778 est,
1053 1709 1156 1765 Dei
1182 1710 1364 1766 Patris
1389 1710 1642 1766 imitator
1668 1717 1773 1780 est,
1877 1709 2186 1763 nerationis
2249 1726 2453 1781 corpus
2537 1711 2789 1766 abluere.
2848 1713 3054 1768 Diebus
3127 1716 3510 1788 quadraginta

181 1804 366 1858 cumin
395 1803 703 1874 Evangelio
734 1820 834 1859 suo
884 1803 1159 1859 Dominus
1199 1810 1488 1877 pra-cepta
1532 1805 1591 1859 in
1623 1793 2117 1873 salu-Bjejunat,
2170 1819 2272 1874 per
2327 1819 2498 1875 quem
2546 1804 2738 1859 centeri
2790 1806 3162 1878 saginantur;
3223 1811 3399 1865 esurit
3453 1817 3512 1867 et

178 1900 275 1952 tem
302 1897 474 1966 daret,
510 1903 568 1953 ct
597 1897 786 1953 divina
827 1898 1042 1953 monita
1084 1898 1429 1972 depromens
1455 1900 1523 1954 ad
1555 1899 1772 1971 perfec-
1873 1894 2088 1951 famem
2131 1897 2323 1964 sentit,
2376 1900 2439 1953 ut
2481 1898 2579 1969 qui
2623 1898 2681 1953 in
2732 1898 2882 1955 fame
2914 1902 3191 1957 sermonis
3220 1906 3278 1958 et
3308 1905 3507 1976 gratiae

176 1996 277 2046 tum
307 1993 349 2027 ¹⁹
399 1992 703 2064 discipulos
740 1993 790 2027 ³ο
845 1992 1132 2061 erudiret,
1199 1992 1386 2064 posuit
1461 2000 1517 2048 et
1593 1994 1771 2049 dixit:
1875 1990 2101 2045 fuerant
2130 1991 2336 2045 cmlesti
2378 2008 2522 2063 pane
2553 1996 2903 2049 saturentur.
2938 1996 3076 2050 Cum
3122 1996 3348 2052 diabolo
3377 2005 3503 2054 ten-

174 2084 396 2143 Audistis
467 2089 605 2157 quia
678 2088 884 2142 dictum
961 2094 1039 2143 est
1110 2104 1124 2141 :
1193 2088 1394 2156 Diliges
1469 2091 1775 2158 proximum
1874 2087 2030 2138 tante
2090 2085 2481 2156 congreditur,
2540 2090 2597 2140 et
2652 2087 2945 2143 inimicum
3026 2096 3244 2145 tantum
3315 2092 3508 2148 vicisse

176 2184 305 2235 tuum
329 2181 472 2245 ﬁt,“
503 2182 627 2236 οιιίο
671 2182 893 2236 habebis
937 2183 1215 2237 inimicum
1260 2188 1431 2237 tuum,
1458 2186 1569 2250 Ego
1593 2188 1774 2237 autem
1874 2182 2192 2247 contentus,
2252 2179 2393 2233 nihil
2450 2180 2595 2235 ultra
2644 2180 2816 2235 verba
2870 2189 3126 2237 conatur.
3210 2186 3509 2258 Discipulis

173 2273 269 2329 dico
304 2276 443 2330 vobis
486 2295 505 2329 :
560 2277 784 2345 Diligite
837 2278 1077 2331 inimicos
1113 2283 1312 2331 vestros
1366 2281 1416 2331 et
1466 2281 1613 2331 orate
1671 2293 1773 2347 pro
1875 2288 1989 2327 non
2017 2278 2077 2326 ut
2106 2273 2281 2327 servis
2309 2274 2605 2328 Dominica
2630 2278 3175 2347 potestziteprwfiiit,
3201 2280 3297 2334 sed
3317 2280 3509 2352 benig~

174 2370 234 2422 eis
266 2372 357 2438 qui
398 2385 496 2424 vos
532 2375 955 2440 persequuntur,
1000 2376 1061 2424 ut
1104 2373 1224 2425 sitis
1270 2372 1374 2440 ﬁlii
1402 2373 1582 2426 Putris
1611 2374 1775 2425 vestri
1874 2382 1980 2420 nus
2025 2369 2081 2421 et
2125 2367 2278 2420 mitis
2309 2367 2559 2421 fraterna
2604 2385 2701 2423 eos
2740 2369 3020 2425 charitate
3054 2371 3267 2427 dilexit.
3305 2375 3508 2446 Digna-

171 2464 254 2531 qui
273 2464 323 2517 in
370 2466 516 2518 cwlis
562 2469 658 2526 est,
704 2466 801 2533 qui
841 2465 1003 2518 solem
1057 2478 1215 2518 suum
1258 2466 1395 2519 oriri
1433 2467 1574 2531 facit
1618 2481 1775 2535 super
1874 2463 1963 2514 tus
1996 2466 2080 2515 est
2126 2460 2295 2515 etiam
2340 2461 2512 2532 pedes
2549 2465 2947 2533 Apostolorum
2995 2464 3205 2532 lavare,
3242 2473 3321 2535 ut,
3365 2468 3503 2524 dum

173 2556 311 2611 bonos
350 2565 397 2613 et
444 2559 642 2625 malos,
692 2564 744 2613 et
779 2559 923 2629 pluit
986 2574 1144 2628 super
1188 2559 1369 2627 justos
1422 2565 1471 2613 et
1519 2558 1770 2627 injustas.
1872 2553 2023 2609 circa
2048 2540 2239 2609 servos
2267 2555 2395 2609 talis
2425 2558 2509 2609 est
2537 2556 2818 2621 dominus,
2850 2560 3110 2629 exemplo
3137 2577 3238 2615 suo
3267 2561 3504 2616 doceret

167 2651 220 2707 Si
237 2654 365 2706 enim
400 2652 709 2707 dites-eritis
753 2667 836 2707 eos
884 2654 981 2722 qui
1019 2667 1111 2707 vos
1150 2653 1405 2721 diligunt,
1454 2670 1617 2722 quam
1642 2670 1774 2708 mer—
1873 2649 2056 2719 qualis
2109 2648 2254 2703 circa
2322 2666 2612 2720 compares
2676 2655 2733 2705 et
2803 2653 3049 2723 aequales
3107 2654 3313 2709 debeat
3388 2673 3511 2711 esse

168 2746 317 2799 cedem
367 2746 633 2801 habebitis
661 2749 688 2800 ?
729 2748 921 2803 Nonne
979 2750 1056 2803 sic
1125 2752 1175 2801 et
1227 2748 1512 2817 publicani
1559 2747 1628 2817 (9)
1688 2749 1773 2814 fa-
1873 2757 2200 2796 conservus.
2235 2744 2345 2797 Nec
2374 2743 2699 2798 mirandum
2732 2747 2801 2812 ³³,
2835 2747 2989 2817 quod
3034 2748 3182 2802 circa
3213 2765 3510 2819 compares

166 2841 295 2893 ciunt
320 2841 364 2875 ²²
393 2844 516 2897 ?Et
554 2843 602 2894 si
632 2841 1000 2897 sulutareritis
1044 2844 1249 2909 fratres
1289 2847 1484 2895 restros
1518 2844 1775 2895 tantum?
1873 2836 2335 2906 obaudientesi“,
2382 2837 2509 2891 talis
2555 2839 2834 2893 exstiterit
2911 2841 3009 2911 qui
3062 2843 3267 2897 Judam
3321 2844 3513 2913 potuit

166 2934 280 3002 quid
304 2935 858 3005 amplius/licitis“?
884 2938 1073 2994 Nonne
1100 2940 1151 2989 et
1187 2934 1774 3005 ethnici(‘10)idipsum
1876 2947 2052 3000 usque
2101 2930 2172 2984 ad
2230 2935 2548 2985 extremum
2608 2934 2781 3003 longa
2858 2935 3132 3004 patientia
3207 2937 3508 3007 sustinere,

165 3026 352 3094 faciunt
392 3032 419 3083 ?
465 3033 644 3084 Estote
692 3032 879 3099 itaque
907 3031 954 3064 3"
993 3045 1084 3083 ros
1131 3031 1380 3099 perfecti,
1427 3032 1566 3083 sicut
1614 3033 1776 3084 Pater
1874 3023 2061 3077 cibum
2093 3040 2221 3078 cum
2249 3024 2479 3080 inimico
2508 3042 2707 3095 capere
2740 3028 2932 3098 35(ll),
2976 3028 3194 3084 hostem
3228 3030 3507 3087 domesti-

164 3127 315 3176 υεςεεν
342 3123 389 3157 ιδ
438 3124 669 3178 calatis
714 3125 991 3192 lam-fectus
1041 3128 1115 3178 est
1158 3124 1401 3193 (Matth,
1432 3139 1483 3191 γ,
1558 3125 1769 3192 43-48).
1796 3166 1847 3193 η
1874 3135 2002 3171 cum
2034 3119 2176 3172 scire
2205 3136 2307 3172 nec
2341 3120 2524 3189 palam
2561 3122 2861 3175 ostendere
2881 3124 3322 3193 ('12),traditoris
3349 3142 3509 3181 oscu-

169 3166 300 3176 ---ω
438 3166 667 3178 μην..-
714 3166 990 3192 ,...,W.....
1042 3166 1113 3178 υ...
1443 3166 1483 3191 .,
1566 3166 1621 3177 ,υ
1670 3166 1769 3192 ην
2035 3166 2174 3172 η---
2205 3166 2306 3172 η--
2342 3166 2524 3189 ,ν-ω---
2562 3166 3322 3193 νην--.-νη,ημηηυηυηυ
3350 3166 3506 3181 νυν..-

166 3212 238 3268 Sic
261 3217 533 3285 perfectos
570 3216 714 3270 dixit
755 3216 874 3270 licri
918 3215 1012 3271 Dei
1062 3216 1220 3280 filios,
1252 3217 1330 3270 sic
1388 3215 1771 3270 consummari
1795 3166 1849 3239 Ο
1873 3212 1990 3266 lum
2021 3230 2131 3265 non
2168 3230 2443 3266 recusare.
2486 3215 2545 3267 ln
2575 3214 2781 3268 Judaeis
2809 3231 2940 3269 vero
2978 3217 3287 3271 tolerandis
3313 3235 3506 3291 aequa-

166 3310 386 3364 ostendit
428 3316 492 3365 et
537 3309 730 3364 docuit
771 3311 975 3364 caelesti
1022 3310 1311 3364 nativitate
1360 3315 1653 3380 reparatus
1682 3328 1695 3375 ;
1729 3310 1773 3363 si
1873 3304 2102 3359 nimitas
2129 3310 2335 3377 quanta
2382 3312 2436 3360 et
2485 3311 2697 3377 quanta
2744 3309 3055 3379 patientia!
3086 3311 3409 3367 incredulos
3437 3314 3506 3370 ad

162 3403 413 3472 patientia
445 3402 549 3459 Dei
580 3404 756 3457 Patris
802 3407 1031 3457 maneat
1069 3404 1124 3457 in
1170 3403 1352 3470 nobis,
1385 3404 1430 3456 si
1458 3403 1772 3458 similitudo
1873 3398 2046 3452 fidem
2076 3400 2367 3454 suadendo
2400 3399 2644 3468 ﬂectere,
2678 3401 2955 3473 obsequio
2996 3402 3253 3475 ingratos
3290 3406 3507 3477 fovere,

163 3493 346 3562 divina,
374 3514 552 3569 quam
586 3503 814 3569 peccato
836 3498 886 3531 ²⁶
918 3496 1095 3551 Adam
1131 3496 1473 3568 perdiderat,
1509 3497 1773 3551 manifes-
1873 3492 2393 3547 contradicentibus
2422 3495 2764 3564 respondere
2809 3496 3035 3560 leuiter,
3079 3499 3357 3569 superbos
3384 3517 3508 3555 sus-

163 3590 295 3644 tetor
334 3599 388 3645 et
418 3593 609 3646 luceat
652 3590 710 3645 in
747 3591 964 3645 actibus
1009 3590 1237 3645 nostris.
1280 3590 1419 3654 Quae
1470 3591 1653 3661 gloria
1691 3596 1775 3645 est
1872 3586 2054 3641 tinere
2087 3588 2415 3654 clementer,
2446 3587 2740 3642 humiliter
2766 3592 3243 3662 persequentibus
3276 3595 3499 3661 cedere,

162 3681 382 3740 similem
412 3686 530 3740 Deo
552 3686 678 3740 ﬁeri
703 3685 717 3739 ι
740 3684 922 3756 qualis
952 3691 1007 3739 et
1044 3686 1257 3755 quanta
1300 3683 1536 3738 felicitas
1565 3684 1772 3743 habere
1874 3680 2288 3751 prophetarum
2311 3680 2698 3736 interfectores
2729 3686 2785 3737 et
2813 3683 3115 3739 adversum
3152 3687 3329 3741 Deum
3358 3704 3511 3741 sem-

160 3773 212 3830 in
239 3777 537 3834 virtutibus
564 3778 719 3849 quod
750 3778 957 3833 divinis
982 3778 1245 3833 laudibus
1294 3778 1468 3848 possit
1512 3777 1770 3848 aequari!
1876 3790 1979 3844 per
2030 3774 2271 3828 rebelles
2317 3791 2492 3845 usque
2534 3776 2603 3829 ad
2654 3777 2835 3830 crucis
2881 3780 2938 3832 et
2983 3779 3265 3849 passionis
3306 3780 3506 3836 horam

223 3871 301 3926 νι.
332 3874 445 3927 Nec
491 3873 620 3940 hoc,
651 3872 855 3927 fratres
901 3871 1272 3939 dilectissimi,
1316 3872 1474 3926 Jesus
1521 3871 1774 3925 Christus
1875 3869 2018 3924 velle
2048 3869 2342 3940 colligere.

160 3963 289 4021 Deus
309 3974 364 4022 et
388 3968 668 4023 Dominus
707 3971 902 4022 noster
944 3970 1167 4021 tantum
1212 3965 1393 4019 verbis
1430 3965 1639 4028 docuit,
1676 3965 1773 4019 sed
1947 3964 2058 4018 νη.
2102 3963 2216 4018 Sub
2265 3963 2385 4035 ipsa
2420 3969 2610 4019 autem
2673 3966 2941 4036 passione
2972 3972 3029 4021 et
3078 3984 3268 4038 cruce,
3327 3972 3509 4041 prius-

1513 4110 1722 4176 Variaa
1778 4109 2117 4174 lectiones.

209 4247 247 4281 "
273 4248 677 4301 Sustinentiam
697 4253 751 4300 et
777 4250 1095 4314 patientiam
1131 4250 1245 4299 Ver.
1279 4249 1394 4297 Ben.
1415 4246 1573 4297 Saris.
1599 4245 1721 4296 Bod.
1748 4249 1793 4309 l,
1811 4246 1859 4307 3,
1887 4247 1935 4296 4.
1967 4249 2057 4299 Ar.
2090 4245 2212 4309 Sup.
2239 4244 2310 4293 ad
2335 4245 2480 4307 Quir.
2499 4247 2537 4295 Ι.
2570 4259 2645 4308 ιιι,
2673 4261 2713 4295 c.
2747 4246 2827 4298 35.
2846 4246 3206 4301 Sustinentim
3227 4252 3281 4302 et
3300 4252 3515 4316 patien-

158 4317 238 4388 tia
272 4319 412 4369 Oxon
438 4323 489 4369 et
519 4324 687 4370 auter.
718 4320 837 4371 edd.
910 4319 947 4353 ‘7
973 4321 1033 4370 ln
1062 4320 1208 4369 diem
1240 4319 1335 4369 irae
1366 4318 1487 4367 Bod.
1522 4320 1570 4379 l,
1596 4322 1639 4369 li.
1682 4320 1793 4367 Ver.
1866 4317 1904 4352 ’⁸
1934 4319 2032 4366 Sic.
2064 4317 2201 4365 Lam.
2240 4319 2352 4367 Ver.
2381 4317 2500 4366 Tim.
2523 4319 2659 4367 Foss.
2695 4318 2955 4369 Peccanti
2984 4322 3138 4370 Oxon.
3211 4322 3250 4356 ¹⁹
3275 4323 3362 4373 Ad
3379 4338 3508 4388 pro—

155 4386 345 4440 fectum
383 4389 539 4441 EbOr.
588 4390 708 4440 Bod.
739 4395 783 4439 3.
854 4393 894 4423 υ
924 4388 1242 4454 Discipulos
1284 4403 1415 4440 suos
1446 4394 1578 4444 Pem.
1638 4392 1773 4440 Voss.
1812 4390 1857 4438 1.
1926 4391 1967 4420 ¹¹
2000 4388 2319 4437 Proximum
2350 4388 2468 4448 tibi,
2507 4394 2561 4439 et
2588 4388 2715 4438 odio
2758 4388 2992 4441 habebis
3040 4392 3332 4443 inimicum
3380 4386 3512 4454 tibi,

155 4458 285 4510 lam.
313 4462 422 4511 Lin.
479 4460 600 4509 Bod.
634 4462 682 4517 l,
712 4461 764 4520 2,
795 4464 837 4510 1ο.
888 4463 1000 4511 Ver.
1070 4462 1111 4494 ³³
1139 4461 1333 4511 Nonne
1363 4467 1418 4512 et
1445 4462 1729 4528 publicani
1760 4460 1867 4510 hoc
1914 4460 2125 4509 faciunt
2171 4460 2294 4508 Bod.
2326 4462 2369 4510 1.
2404 4460 2521 4509 Tim.
2590 4461 2630 4494 υ
2672 4461 2929 4525 Amplius
2974 4463 3190 4513 facietis
3226 4466 3350 4515 Bod.
3380 4467 3424 4527 l,
3461 4467 3512 4515 9.

157 4529 287 4580 Lam.
315 4533 454 4582 Foss.
522 4533 565 4563 ³⁸
612 4531 781 4581 Eritis
805 4533 993 4595 itaque
1039 4532 1160 4581 Bod.
1196 4533 1241 4586 i,
1269 4536 1317 4590 ἓ,
1343 4537 1392 4593 3,
1449 4536 1569 4584 Thu.
1617 4533 1750 4581 Foss.
1812 4532 1920 4580 Ver.
1989 4533 2030 4563 ³⁵
2062 4528 2356 4591 Quomodo
2400 4534 2553 4593 pater
2584 4530 2707 4579 Bod.
2740 4533 2788 4591 i,
2828 4532 2877 4589 2,
2905 4536 2951 4579 3.
2981 4534 3027 4581 4.
3072 4534 3185 4581 Ver.
3252 4534 3292 4567 ’⁸
3326 4535 3505 4597 Quam

152 4603 426 4670 peccando
456 4601 633 4653 Adam
664 4601 790 4651 Bod.
820 4602 869 4651 3.
935 4599 977 4633 ³⁷
1011 4601 1367 4653 Vo‘untatem
1406 4608 1576 4667 patris
1612 4603 1939 4666 adimpleret
1969 4600 2090 4651 Bod.
2123 4601 2170 4650 3.
2239 4602 2281 4633 ³³
2314 4601 2587 4670 Magnalia
2626 4604 2739 4651 Ver.
2809 4602 2852 4636 '9
2880 4602 3076 4655 Omnis
3117 4604 3357 4670 denique
3385 4606 3507 4655 Bod.

159 4669 201 4730 1,
226 4671 271 4733 2,
297 4673 344 4735 3,
371 4676 419 4724 4.
453 4674 595 4723 Lam.
630 4672 750 4722 Thu.
818 4670 860 4705 ³ο
890 4672 1152 4735 Signatur
1192 4674 1312 4724 Bod.
1340 4677 1387 4735 1,
1411 4675 1461 4737 2,
1492 4677 1540 4735 3,
1574 4679 1617 4724 4.
1651 4675 1789 4723 Lam.
1832 4673 1953 4723 Thu.
2024 4674 2063 4703 ³¹
2086 4670 2331 4722 Primum
2361 4668 2512 4734 quod
2549 4672 2685 4719 Lam.
2728 4671 2876 4720 Ebor.
2946 4674 2985 4704 ³³
3011 4671 3201 4724 Salute
3246 4668 3511 4738 puniatur

156 4739 268 4791 Bod.
292 4742 339 4793 3.
410 4745 449 4776 ³⁸
486 4742 805 4793 Mirandum
828 4744 877 4793 si
903 4742 1028 4793 Bod.
1058 4744 1103 4793 1.
1169 4741 1214 4777 ³⁴
1238 4743 1618 4797 Obaudientes
1646 4746 1757 4794 Lin.
1784 4744 1893 4794 ΝΟ.
1921 4745 1969 4793 2.
2007 4742 2343 4795 Obedientes
2367 4742 2486 4790 alii.
2512 4741 2817 4805 Compares
2841 4742 3096 4793 Undenam
3116 4746 3143 4794 ‘2
3173 4744 3373 4795 nullum
3396 4745 3511 4809 fon.

158 4811 249 4861 tam
271 4814 405 4865 voci:
432 4812 590 4878 hujus
615 4811 869 4877 indigitat
891 4813 1076 4863 Baluz.
1146 4814 1188 4846 ³⁵
1212 4813 1447 4865 Inimico
1473 4826 1671 4879 capere
1705 4816 1794 4864 Ar.
1825 4814 1952 4865 Bod.
1986 4815 2032 4871 1,
2065 4818 2113 4876 2,
2147 4815 2285 4863 Lam.
2315 4809 2474 4861 Ebor.
2506 4813 2628 4861 Ben.
2663 4811 2774 4861 Ver.

1450 4923 1675 5005 Steph.
1723 4923 1969 4987 Baluzii
2010 4928 2209 4987 notae.

209 5059 275 5121 (8)
300 5061 676 5111 Sustinentiam
704 5066 752 5113 et
776 5064 1106 5127 patientiam.
1142 5062 1395 5115 Dubitari
1435 5078 1545 5114 non
1597 5046 1855 5128 potest!)
1878 5064 2024 5128 apud
2052 5062 2299 5123 Judaeos,
2353 5075 2505 5112 nunc
2561 5061 2707 5125 apud
2761 5060 3110 5113 Christianos
3154 5076 3282 5114 cum
3315 5067 3509 5129 primis

155 5131 280 5192 quin
314 5132 441 5183 hac
487 5132 806 5184 emendatio
848 5138 995 5185 certa
1034 5136 1121 5196 sit,
1171 5149 1298 5186 cum
1349 5137 1422 5185 ita
1466 5136 1680 5201 legatur
1715 5137 1771 5186 in
1875 5136 2190 5186 honestum.
2244 5135 2359 5186 Nec
2392 5133 2447 5184 id
2496 5146 2628 5183 sane
2672 5134 2893 5193 mirum,
2942 5147 3073 5184 cum
3118 5134 3397 5187 institores
3445 5154 3509 5189 nc

153 5203 326 5281 capite
354 5204 566 5281 35libri
596 5217 652 5281 ιιι
688 5205 1134 5281 Testimoniorum,
1181 5208 1234 5281 in
1274 5207 1586 5258 octodecim
1616 5207 1772 5259 codi-
1876 5208 2132 5257 mensarii
2163 5206 2423 5257 omnibus
2440 5216 2580 5269 pene
2608 5208 3022 5267 anteponantur
3041 5205 3187 5269 apud
3214 5208 3507 5273 utriusque

152 5270 303 5343 gibus
325 5275 547 5335 nostris,
599 5276 655 5324 in
692 5280 902 5340 septem
945 5277 1267 5341 Anglicanis
1296 5282 1348 5327 et
1395 5279 1450 5327 in
1501 5282 1773 5343 excerptis
1875 5278 2193 5342 reipublicaa
2254 5281 2576 5331 summates.
2628 5288 2769 5339 quos
2848 5289 2953 5326 nec
3009 5278 3332 5328 Aristoteles
3404 5270 3508 5329 nec

151 5339 308 5393 Flori.
341 5344 438 5395 Sic
461 5348 629 5396 etiam
655 5346 711 5395 in
743 5339 1122 5412 Afﬂigemensi
1155 5349 1422 5412 scriptum
1461 5350 1633 5400 fuisse
1662 5339 1771 5400 tes-
1876 5339 2094 5399 Tullius
2129 5351 2270 5400 inter
2316 5350 2577 5399 honestos
2602 5348 2753 5397 cives
2778 5346 2969 5397 haberi
2999 5347 3136 5397 vult.
3173 5365 3201 5392 »

150 5414 288 5463 tatur
312 5415 609 5477 Pamelius,
645 5421 699 5468 et
730 5418 787 5468 in
812 5417 1119 5469 Veronensi
1167 5423 1221 5469 et
1259 5420 1649 5471 Beneventano
1677 5420 1773 5471 Ri-
1940 5421 2033 5483 (10)
2067 5420 2360 5480 Publicani,
2401 5444 2455 5455 -—
2485 5417 2691 5467 ethnici.
2740 5416 2882 5467 Vide
2931 5416 3188 5469 Cotelerii
3237 5424 3397 5471 notas
3445 5422 3510 5472 sd

152 5483 364 5546 galtius.
393 5485 533 5537 Intra
571 5488 630 5537 in
660 5486 771 5539 hoc
796 5490 916 5553 ipso
960 5488 1101 5539 libro
1148 5505 1159 5539 :
1200 5509 1227 5536 «
1257 5490 1415 5541 Tolle
1459 5491 1774 5542 sustinendi
1874 5490 1969 5542 lib.
2004 5504 2061 5543 IV
2090 5491 2526 5541 Constitutionum
2553 5487 2989 5553 apostoliearum,
3026 5502 3145 5553 cap.
3176 5492 3223 5540 6.

148 5554 527 5626 tolerandique
551 5559 940 5622 substantiam,
972 5564 1026 5611 et
1049 5562 1221 5612 nullis
1247 5561 1527 5613 radicibus
1552 5576 1617 5613 ac
1648 5563 1773 5613 viri-
1940 5564 2035 5626 (11)
2067 5563 2281 5625 Capere.
2307 5562 2485 5610 Antea
2508 5559 2794 5623 legebatur
2822 5573 3039 5608 sumere.
3066 5561 3177 5610 Nos
3207 5563 3507 5613 maluimus

148 5624 253 5677 bus
275 5634 606 5693 perseverat.
642 5649 672 5677 ››
1873 5624 2173 5685 lectiOnem
2241 5645 2408 5696 quam
2449 5632 2751 5694 prefer-unt
2805 5632 3003 5695 viginti
3055 5631 3181 5681 libri
3238 5635 3409 5683 nostri
3457 5641 3504 5683 ut

209 5704 277 5766 (9)
304 5703 591 5755 Publicani.
616 5721 646 5754 α
678 5705 739 5756 Id
781 5710 884 5769 est,
943 5708 1038 5772 qui
1089 5707 1376 5772 vectigalia
1419 5707 1773 5770 redimentes,
1877 5708 2125 5771 quinque
2156 5704 2463 5767 Anglicani.

155 5772 350 5843 [inquit
380 5772 643 5827 Erasmus
691 5776 750 5827 in
789 5776 941 5829 hunc
986 5778 1170 5830 locum
1210 5778 1498 5843 Matthmi],
1535 5779 1686 5831 unde
1721 5784 1778 5830 et
1936 5776 2038 5841 (12)
2067 5774 2360 5826 Ostendere.
2399 5773 2779 5824 Tertullianus
2819 5773 2876 5823 in
2923 5773 3065 5826 libro
3098 5773 3163 5825 de
3188 5775 3453 5825 Patientia
3492 5793 3507 5827 :

151 5845 521 5913 redemptores
548 5848 827 5902 dicuntur.
861 5850 1053 5904 Genus
1084 5852 1375 5904 hominum
1404 5854 1537 5905 olim
1571 5855 1777 5906 infame
1877 5864 1908 5901 α
1938 5849 2124 5901 Deum
2156 5846 2340 5912 ipsum
2362 5844 2664 5897 ostendens
2687 5845 2968 5910 patientius
2998 5846 3334 5910 exemplum.
3365 5860 3396 5894 »

466 5939 743 6012 Panos.
788 5941 896 6015 Ν.

3155 5939 3228 6002 21
