3998 6194
477 267 573 320 651

478 405 650 462 quam
681 387 750 440 ad
781 380 1171 438 crudelitatem
1193 376 1344 432 necis
1365 381 1421 431 et
1449 376 1781 432 effusionem
1809 375 2098 448 sanguinis

469 484 778 547 veniretur,
811 492 940 548 quas
980 471 1362 528 conviciorum
1413 471 1622 541 probra
1668 470 1949 542 patienter
1993 487 2096 524 au-

470 578 606 642 dita,
634 589 764 645 qum
796 568 988 642 627
1024 565 1504 622 contumeliarum
1543 565 1784 618 tolerata
1829 563 2093 632 ludibria,

469 675 535 726 ut
591 663 987 722 insultantium
1039 659 1433 731 sputamine36
1475 657 1764 728 exciperet
1815 656 1948 728 (13),
1999 658 2096 728 qui

469 766 637 837 sputo
667 777 767 815 suo
795 757 927 813 caeci
957 754 1151 810 oculos
1191 753 1359 823 paulo
1403 755 1534 806 ante
1578 751 1918 818 formasset;
1953 754 2009 805 et
2033 750 2094 804 in

468 858 631 929 cujus
681 853 912 910 nomine
961 866 993 904 a
1043 848 1217 902 servis
1269 863 1420 900 nunc
1471 846 1592 916 ejus
1641 845 1894 900 diabolus
1965 861 2093 899 cum

469 950 689 1023 angelis
747 946 860 1001 suis
912 943 1255 1014 ﬂagellatur,
1309 940 1535 1011 ﬂagella
1585 939 1704 1010 ipse
1753 941 2088 1010 pateretur;

467 1047 840 1102 coronaretur
881 1036 1055 1109 spinis
1107 1035 1206 1106 qui
1259 1039 1537 1104 martyres
1586 1033 1820 1088 ﬂoribus
1861 1038 2094 1087 coronat

470 1137 716 1204 aeternis,
749 1132 951 1206 palmis
981 1130 1040 1184 in
1074 1129 1280 1183 faciem
1309 1127 1706 1182 verberaretur
1749 1126 1846 1197 qui
1875 1127 2090 1197 palmas

465 1249 631 1288 veras
651 1226 1004 1283 vincentibus
1031 1222 1250 1288 tribuit,
1290 1221 1626 1291 spoliaretur
1665 1224 1816 1274 veste
1861 1226 2092 1275 terrena

465 1327 565 1400 qui
591 1323 932 1380 indumento
964 1315 1414 1372 immortalitatis
1443 1320 1680 1368 caeteros
1719 1315 1906 1381 vestit,
1941 1314 2091 1368 ciba-

464 1427 626 1476 retur
655 1417 781 1472 felle
809 1413 908 1484 qui
935 1412 1122 1466 cibum
1146 1409 1426 1464 ccelestem
1459 1408 1639 1471 dedit,
1671 1414 1832 1462 aceto
1864 1414 2088 1479 potare-

463 1521 556 1568 tur
580 1512 676 1582 qui
707 1509 952 1563 salutare
997 1503 1270 1576 poculum
1300 1504 1343 1536 ³⁷
1390 1502 1742 1572 propinavit!
1795 1502 1893 1556 Ille
1925 1501 2088 1556 inno-

462 1623 614 1673 cens,
643 1605 736 1659 ille
756 1603 966 1673 justus,
1000 1600 1178 1652 immo
1203 1597 1526 1651 innocentia
1553 1596 1672 1666 ipsa
1693 1602 1746 1650 et
1775 1597 1892 1666 ipsa
1915 1595 2086 1666 ³⁸(14)

450 1699 689 1772 justitia,
723 1698 870 1751 inter
895 1693 1241 1748 facinorosos
1285 1690 1611 1760 deputatur,
1661 1693 1718 1743 et
1747 1689 2089 1744 testimoniis

1403 251 1459 308 S.
1503 251 1814 307 CYPRIANI
1852 252 2126 307 OPERUM
2161 251 2337 307 PARS
2366 249 2431 304 II.
2461 280 2529 291 —
2562 252 2936 310 OPUSCULA.
3689 271 3774 325 632

2196 375 2512 430 admissum
2541 375 2736 449 628
2769 378 2988 432 facinus
3016 385 3352 450 agnoscant,
3395 401 3500 438 non
3529 388 3694 443 solum
3717 393 3775 446 ad

2197 469 2615 539 indulgentiam
2649 473 2922 537 criminis,
2971 473 3066 527 sed
3114 478 3170 528 et
3209 474 3283 528 ad
3331 479 3606 546 praemium
3637 486 3777 554 regni

2195 563 2432 618 caelestis
2463 564 2737 619 admittit.
2769 565 2917 628 Quid
2964 570 3152 636 potest
3181 568 3499 640 patientius,
3533 574 3656 642 quid
3701 577 3780 631 be-

2195 651 2426 722 nignius
2454 652 2561 706 dici
2585 653 2611 707 ‘?
2639 654 2959 709 Vivificatur
2987 657 3194 711 Christi
3221 659 3491 728 sanguine
3510 662 3668 716 etiam
3695 668 3778 736 qui

2192 745 2344 800 fudit
2369 746 2707 816 sanguinem
2739 748 2967 804 Christi.
3019 750 3162 804 Talis
3211 756 3296 805 est
3341 752 3537 808 Christi
3563 771 3620 810 ac
3649 761 3781 814 tanta

2193 839 2468 910 patientia
2493 857 2510 910 ;
2541 857 2668 911 quae
2697 841 2806 897 nisi
2834 843 2960 897 talis
2987 860 3051 898 ac
3077 849 3230 898 tanta
3259 845 3538 917 existeret,
3567 851 3778 908 Paulum

2193 949 2422 1005 quoque
2448 936 2768 1004 apostolum
2799 937 3043 991 Ecclesia
3090 955 3206 993 non
3238 939 3491 995 haberet.

2263 1029 2348 1082 IX.
2384 1027 2546 1092 Quod
2574 1029 2618 1082 si
2645 1034 2702 1084 et
2725 1046 2853 1099 nos,
2885 1030 3087 1086 fratres
3113 1033 3480 1096 dilectissimi,
3509 1036 3564 1090 in
3591 1039 3782 1097 Christo

2193 1138 2411 1185 sumus,
2439 1123 2485 1176 si
2516 1122 2702 1194 ipsum
2738 1123 3049 1192 induimus,
3103 1126 3151 1179 si
3193 1128 3313 1198 ipse
3356 1132 3441 1183 est
3467 1131 3646 1186 salutis
3671 1151 3780 1189 nos-

2192 1217 2295 1269 tra:
2320 1216 2429 1282 via,
2477 1217 2572 1287 qui
2619 1217 2908 1273 Christum
2948 1219 3196 1291 vestigiis
3241 1223 3575 1279 salutaribus
3618 1230 3781 1299 sequi-

2191 1326 2339 1378 mur,
2370 1327 2470 1380 per
2495 1311 2699 1364 Christi
2734 1313 2988 1383 exempla
3025 1315 3374 1384 gradiamur,
3406 1318 3546 1372 sicut
3570 1321 3784 1376 Joannes

2192 1405 2474 1473 apostolus
2515 1405 2746 1459 instruit
2799 1407 2994 1462 dicens
3025 1425 3037 1462 :
3071 1411 3174 1474 Qui
3231 1411 3366 1465 dicit
3421 1427 3472 1467 sc
3513 1415 3567 1467 in
3603 1415 3783 1471 Christo

2189 1513 2420 1563 manere,
2471 1499 2620 1553 debet
2661 1502 2922 1569 quomodo
2958 1503 3050 1556 ille
3077 1504 3383 1558 ambulavit
3410 1511 3458 1559 et
3490 1507 3595 1574 ipse
3624 1511 3782 1563 ambu-

2191 1592 2304 1646 lare
2326 1591 2366 1662 (l
2387 1594 2568 1660 Joan.,
2599 1609 2658 1658 ιι,
2693 1595 2768 1662 6).
2797 1595 2937 1648 Item
2970 1597 3182 1664 Petrus,
3226 1614 3400 1668 super
3429 1616 3592 1670 quem
3621 1604 3781 1657 Eccle-

2190 1685 2269 1738 sia
2297 1686 2523 1740 Domini
2567 1687 2896 1758 dignatione
2937 1689 3168 1744 fundata
3198 1696 3305 1759 est,
3352 1693 3410 1746 in
3456 1694 3684 1764 Epistola
3702 1713 3785 1751 sua

455 1793 608 1850 falsis
656 1790 864 1845 veritas
919 1785 1216 1858 premitur,
1267 1784 1556 1854 judicatur
1601 1783 1983 1853 judicaturus,
2033 1776 2166 1847 etB
2193 1778 2355 1848 ponit
2383 1783 2440 1832 et
2467 1778 2604 1833 dicit
2647 1797 2658 1834 :
2693 1781 2933 1836 Christus
2965 1799 3159 1852 passus
3197 1790 3272 1839 est
3309 1801 3414 1854 pro
3453 1789 3611 1850 nobis,
3649 1791 3785 1843 retiu-

455 1887 555 1943 Dei
587 1886 791 1941 Sermo
820 1882 888 1936 ad
935 1881 1226 1935 victimam
1267 1882 1462 1932 tacens
1491 1877 1732 1931 ducitur.
1768 1877 1833 1930 Et
1860 1892 1988 1930 cum
2015 1875 2090 1928 ad

457 1996 684 2036 crucem
717 1975 940 2031 Domini
970 1972 1393 2028 confundantur
1422 1971 1627 2037 sidera,
1662 1971 1948 2024 elementa
1975 1975 2089 2023 tur-

453 2076 681 2140 bentur,
715 2069 1112 2126 contremiscat
1139 2072 1310 2132 terra,
1355 2083 1462 2120 nox
1511 2065 1660 2119 diem
1693 2064 1941 2130 claudat,
1975 2064 2079 2130 sol,

454 2185 527 2224 ne
568 2168 894 2223 Judazorum
934 2161 1150 2216 facinus
1193 2160 1446 2229 aspicere
1498 2163 1754 2229 cogatur,
1803 2163 1857 2212 et
1895 2157 2086 2211 radios

455 2266 512 2318 et
541 2261 732 2317 oculos
784 2274 913 2312 suos
977 2254 1292 2320 subtrahat,
1340 2253 1434 2307 ille
1477 2269 1584 2306 non
1644 2252 1914 2323 loquitur,
1982 2267 2085 2305 nec

453 2358 732 2423 movetur,
779 2368 885 2406 nec
929 2349 1289 2420 majestatem
1335 2363 1498 2400 suam
1550 2346 1652 2400 sub
1707 2347 1829 2416 ipsa
1881 2346 2080 2400 saltem

451 2449 712 2523 passione
745 2446 1064 2517 profitetur.
1098 2443 1284 2512 Usque
1315 2440 1387 2494 ad
1430 2440 1602 2494 ﬁnem
1650 2445 2083 2511 perseveranter

453 2561 518 2600 ac
552 2542 771 2614 jugiter
823 2540 1140 2593 tolerantur
1189 2534 1405 2604 omnia,
1458 2537 1520 2588 ut
1569 2537 2001 2588 consummatur
2022 2532 2080 2586 in

451 2638 675 2693 Christo
707 2635 871 2705 plena
901 2637 959 2687 et
985 2631 1232 2702 perfecta
1263 2627 1560 2699 patientia.

522 2731 655 2785 Vlll.
686 2731 752 2784 Et
799 2729 926 2799 post
978 2725 1084 2780 ista
1117 2722 1306 2778 omnia
1337 2722 1406 2789 3°,
1459 2721 1644 2776 adhuc
1684 2719 2077 2775 interfectores

449 2843 598 2892 suos,
629 2823 675 2879 si
697 2819 950 2878 conversi
983 2819 1052 2874 ad
1082 2833 1212 2872 eum
1243 2815 1518 2884 venerint,
1561 2814 1830 2885 suscipit;
1875 2819 1930 2868 et
1976 2831 2071 2884 pa-

447 2920 649 2977 tientia
687 2914 917 2971 salutari
959 2913 1031 2968 ad
1071 2909 1522 2967 conservandum
1567 2908 1855 2979 benignus
1891 2912 1947 2962 et
1975 2924 2073 2978 pa-

447 3013 686 3071 tiens”.
748 3007 1046 3066 Ecclesiam
1116 3021 1279 3059 suam
1359 3003 1574 3057 nemini
1641 3002 1870 3057 claudit.
1942 3004 2074 3056 Illos

673 3053 686 3080 1

448 3105 819 3174 adversarios,
891 3102 1009 3156 illos
1047 3099 1426 3169 blasphemas,
1493 3097 1619 3151 illos
1684 3095 1930 3150 nominis
1985 3097 2073 3151 sui

2191 1887 2359 1941 quens
2421 1874 2571 1927 vobis
2607 1874 2651 1907 ⁴¹
2707 1876 3035 1945 exemplum,
3098 1883 3158 1931 ut
3226 1883 3529 1949 sequamini
3589 1879 3786 1952 vestigia

2190 1965 2341 2032 ejus;
2398 1969 2497 2035 qui
2532 1973 2814 2036 peccatum
2880 1985 2985 2024 non
3023 1971 3174 2037 fecit,
3231 1989 3330 2028 nec
3377 1975 3531 2030 dolus
3571 1979 3788 2032 inventus

2189 2065 2263 2112 est
2303 2062 2358 2112 in
2387 2075 2474 2114 ore
2515 2061 2662 2128 ejus;
2705 2064 2800 2130 qui
2829 2078 2965 2117 cum
3015 2065 3449 2130 maledz’ceretur,
3493 2084 3595 2123 non
3641 2086 3789 2124 rema-

2189 2153 2555 2220 ledicebat";
2608 2171 2726 2209 cum
2765 2163 3044 2225 pateretur
3062 2159 3131 2222 ‘3,
3185 2176 3292 2215 non
3347 2164 3784 2217 comminabatur:

2187 2248 2437 2302 tradebat
2482 2253 2660 2303 autem
2701 2265 2755 2304 se
2769 2251 3060 2319 judicanti
3103 2267 3158 2308 se
3189 2255 3396 2322 injuste
3427 2257 3472 2290 “
3501 2257 3540 2326 (l
3562 2259 3711 2319 Petr.,
3737 2274 3785 2325 ιι,

2186 2340 2293 2410 2η.

2254 2436 2312 2488 Χ.
2347 2436 2676 2491 Invenimus
2707 2438 2952 2510 denique
2986 2443 3042 2496 et
3082 2442 3445 2510 patriarchas
3493 2450 3547 2500 et
3576 2447 3788 2518 prophe-

2182 2531 2266 2582 tas
2292 2535 2345 2582 et
2387 2530 2576 2599 justos
2623 2548 2844 2600 omnes,
2887 2534 2982 2604 qui
3031 2534 3280 2605 figuram
3321 2539 3524 2594 Christi
3564 2540 3786 2612 imagine

2182 2630 2478 2692 praeeunte
2499 2625 2825 2694 portabant,
2851 2628 2991 2680 nihil
3015 2629 3200 2699 magis
3227 2633 3534 2687 custodisse
3564 2633 3617 2688 in
3645 2634 3786 2688 laude

2179 2717 2456 2771 virtutum
2505 2735 2736 2772 suarum
2796 2737 2965 2791 quam
3013 2723 3160 2793 quod
3204 2726 3548 2795 patientiam
3598 2728 3716 2782 forti
3744 2733 3790 2782 et

2178 2810 2361 2864 stabili
2395 2812 2821 2883 mquanimitate
2854 2819 3184 2873 tenuerunt.
3233 2819 3329 2874 Sic
3383 2820 3520 2876 Abel
3561 2822 3782 2893 “origi-

2178 2920 2310 2959 nem
2341 2905 2599 2976 martyrii
2630 2912 2685 2960 et
2713 2908 3032 2978 passionem
3063 2910 3203 2981 justi
3225 2915 3272 2948 ⁸⁸
3301 2913 3554 2970 hominis
3575 2917 3780 2971 initians

2176 2999 2395 3069 primus
2417 3003 2476 3053 et
2499 2999 2768 3055 dedicans
2806 3002 3078 3058 adversus
3106 3006 3338 3062 fratrem
3382 3009 3716 3065 fratricidam
3742 3011 3778 3043 ‘7

2179 3092 2284 3161 (15)
2332 3110 2447 3148 non
2503 3094 2717 3148 resistit
2781 3112 2885 3151 nec
2938 3099 3280 3168 reluctatur,
3338 3104 3438 3158 sed
3477 3104 3696 3158 humilis
3736 3107 3784 3157 et

449 3161 678 3273 semper
705 3161 988 3264 inimicos,
1035 3194 1082 3248 si
1134 3161 1519 3264 paenitentiam
1557 3191 1746 3246 delicti
1782 3196 1973 3261 agant,
2031 3161 2152 3244 sic
2178 3188 2330 3242 mitis
2360 3188 2644 3260 patienter
2670 3189 2963 3247 occiditur.
3001 3192 3087 3247 Sic
3117 3193 3312 3268 629
3359 3197 3645 3253 Abraham
3688 3198 3783 3252 Deo

1838 3366 2046 3430 Variae
2091 3365 2424 3429 lectiones.

512 3511 552 3548 ³⁸
579 3509 908 3576 Spulamina
933 3507 1215 3571 exciperet
1240 3507 1331 3556 Ar.
1366 3505 1530 3553 Sari's.
1560 3505 1697 3554 Lam
1734 3503 1858 3576 Bod.
1886 3505 1930 3562 1,
1963 3505 2010 3562 2,
2041 3504 2090 3564 3,
2120 3505 2166 3554 4.
2209 3504 2320 3553 Ver.
2355 3504 2639 3555 Patienter
2675 3504 2797 3553 add.
2829 3506 2985 3555 Oxon.
3057 3507 3096 3540 ³⁷
3127 3508 3369 3560 Salutari
3396 3512 3594 3575 poculo
3618 3509 3728 3561 Bod.
3748 3511 3785 3559 4.

450 3575 723 3634 Salutaria
751 3581 948 3644 pocula
971 3581 1109 3628 Lam.
1141 3578 1295 3627 Ebor.
1321 3578 1430 3627 ΝΟ.
1463 3578 1507 3626 1.
1545 3576 1672 3625 Bod.
1694 3580 1740 3624 2.
1769 3575 2007 3626 Salutari
2032 3576 2234 3638 poculo
2259 3576 2382 3625 Thu.
2452 3577 2491 3611 ³⁸
2521 3578 2642 3640 Ipse
2661 3582 2714 3627 et
2743 3577 2859 3640 ipse
2883 3578 3006 3627 Bod.
3043 3580 3088 3639 1,
3108 3580 3159 3634 9.,
3184 3586 3228 3628 3.
3267 3582 3393 3631 Tliu.
3430 3585 3562 3632 Foss.
3630 3584 3665 3611 ³-³
3687 3581 3791 3628 Post

448 3655 554 3704 ista
582 3653 767 3702 adhuc
794 3652 930 3700 Lam.
969 3647 1116 3697 Ebor.
1149 3648 1252 3696 ΝΟ.
1281 3649 1326 3696 1,
1350 3649 1462 3696 Lin.
1488 3646 1690 3729 Bodl},
1719 3651 1766 3700 2.
1786 3647 1836 3702 3,
1868 3650 1890 3694 4
1939 3649 2020 3729 “‘0
2053 3647 2353 3728 Eeiiignus,
2383 3649 2692 3729 Ecclesium
2724 3648 2890 3729 omen:
2913 3649 2994 3729 ea.
3035 3651 3128 3729 λίς.
3158 3651 3504 3729 Suria._Lam_

448 3726 494 3774 1.
533 3725 666 3772 Pem.
709 3724 843 3770 Voss.
875 3721 916 3769 1.
955 3721 1060 3768 Lin.
1097 3722 1207 3768 Ver.
1248 3718 1330 3766 νει
1380 3721 1566 3765 ἱηηογη.
1598 3717 1738 3779 Spir.
1771 3719 1904 3765 Man.
1939 3718 2220 3779 Benignus
2251 3726 2306 3769 et
2333 3723 2546 3782 patiens
2572 3721 2696 3783 Imp.
2769 3722 2811 3751 ⁴⁴
2848 3721 3019 3770 Nobis
3055 3721 3164 3770 Ver.
3233 3723 3276 3753 ⁴¹
3314 3722 3670 3773 Remaledixit
3698 3720 3785 3767 Li‘n.

455 3797 582 3848 Bod.
615 3801 656 3846 4.
693 3796 858 3845 Saris.
892 3794 1002 3843 ΝΟ.
1043 3797 1090 3840 2.
1134 3794 1248 3841 Ver.
1309 3792 1430 3840 Tim.
1460 3790 1827 3840 Maledicebat
1860 3791 2017 3838 Oxon.
2084 3793 2125 3824 ⁴³
2158 3792 2267 3853 Qui
2313 3805 2440 3840 cum
2475 3796 2754 3857 pateretur
2795 3794 2930 3840 Voss.
2966 3797 3008 3844 1.
3075 3791 3119 3821 ⁴⁴
3167 3792 3455 3842 Judicanti
3498 3794 3684 3856 injuste
3713 3791 3786 3838 Ar.

409 3899 418 3908 -
447 3871 491 3903 ⁴⁶
521 3867 661 3918 Abel
693 3867 749 3915 in
777 3864 991 3928 origine
1021 3861 1216 3910 mundi
1248 3862 1574 3924 martyrium
1613 3861 1744 3909 Voss.
1779 3863 1820 3910 1.
1886 3861 1930 3892 ⁴⁶
1960 3861 2102 3910 Justi
2129 3863 2354 3911 initians
2384 3867 2473 3913 Ar.
2506 3866 2632 3915 Bod.
2666 3867 2713 3915 2.
2756 3866 2864 3914 Ver.
2933 3863 2976 3898 ⁴⁷
3006 3863 3255 3913 Fratrem
3310 3864 3643 3915 homicidam
3670 3863 3786 3911 Lam.

450 3937 816 3990 Fratricidam
843 3936 978 3984 Foss.
1019 3933 1359 3983 Parricidam
1383 3933 1538 3982 Oxon.

1711 4042 1940 4124 Steph.
1987 4043 2234 4107 Baluzii
2277 4051 2473 4109 notae.

514 4190 608 4251 (13)
659 4187 970 4251 Sputamina
1021 4185 1300 4248 exciperet.
1357 4183 1624 4233 Erasmus
1679 4184 1900 4247 scripsit
1949 4198 2081 4247 spu-

451 4265 659 4313 tamina
679 4261 944 4322 patienter
967 4257 1242 4320 exciperet.
1278 4256 1477 4305 Mirum
1523 4260 1606 4305 est
1645 4260 1853 4319 quanto
1897 4256 2081 4305 favore

451 4335 740 4394 acceptum
773 4330 841 4378 sit
870 4329 977 4377 hoc
1024 4325 1366 4376 adverbium.
1419 4325 1624 4375 Omnes
1658 4325 1927 4376 editiones
1957 4341 2082 4391 quas

448 4403 701 4468 prodiere
752 4405 876 4463 post
915 4399 1255 4448 Erasmicam
1307 4395 1443 4446 illud
1486 4397 1847 4447 retinuerunt.
1900 4397 1969 4447 Et
2005 4403 2083 4448 ta-

450 4467 578 4525 men
635 4485 736 4535 ego
790 4469 929 4520 illud
979 4470 1235 4533 nuspiam
1284 4467 1461 4530 reperi
1512 4468 1566 4516 in
1642 4471 1792 4517 tanto
1849 4482 2084 4518 numero

2182 4185 2244 4234 de
2292 4187 2435 4235 Bono
2475 4189 2766 4250 Patientia,
2806 4189 2943 4240 Cain
3000 4191 3159 4239 vocat
3205 4186 3561 4238 fratricidam.
3619 4183 3785 4234 Cicero

2185 4257 2238 4304 in
2291 4257 2552 4308 Oratione
2608 4274 2706 4321 pro
2759 4263 2918 4311 Domo
2954 4275 3050 4310 sua
3090 4259 3157 4310 ad
3216 4257 3511 4308 Pontiﬁces
3542 4271 3553 4303 :
3585 4272 3611 4302 α
3643 4254 3785 4302 Extra

2185 4329 2438 4380 ordinem
2505 4332 2629 4381 ferri
2685 4332 2824 4382 nihil
2881 4333 3088 4396 placuit
3124 4331 3337 4382 Clodio.
3383 4328 3539 4400 Quid,
3588 4325 3648 4373 de
3713 4333 3786 4400 me

2187 4400 2337 4462 quod
2396 4400 2584 4452 tulisse
2629 4406 2681 4452 te
2731 4404 2891 4465 dicis,
2949 4403 3246 4468 parricida.
3301 4397 3786 4476 fratricidaLsorori-

2186 4471 2327 4532 cida,
2386 4485 2572 4523 nonne
2619 4475 2718 4523 ista
2749 4479 2902 4525 extra
2954 4474 3206 4525 ordinem
3253 4472 3538 4522 tulisti?»
3585 4469 3783 4516 Priscia-

447 4511 1147 4605 v‘e‘te‘ruirzivexemplariu‘rwn
1198 4511 1404 4603 quibus
1448 4553 1585 4587 usus
1640 4552 1764 4588 sum
1813 4553 1980 4603 quam
2026 4542 2080 4590 in
2107 4511 2439 4599 011118,,1”).
2475 4557 2522 4592 ιε
2554 4563 2582 4590 ‹‹
2615 4545 2717 4594 Pro
2757 4546 3095 4609 parenticida
3143 4558 3239 4608 per
3287 4553 3570 4606 syncopen
3604 4538 3783 4609 facturn

448 4613 806 4668 Lamoniano.
887 4614 1054 4662 Deest
1105 4613 1266 4661 etiam
1326 4612 1382 4660 in
1457 4615 1668 4672 septem
1739 4611 2080 4673 Anglicanis.

447 4688 642 4750 Itaque
668 4698 782 4734 non
826 4683 1062 4733 arbitror
1095 4695 1436 4746 quemquam
1465 4694 1554 4730 me
1585 4683 1908 4731 temeritatis
1939 4683 2082 4732 insi-

447 4758 662 4808 mulare
717 4769 878 4820 posse
945 4754 1096 4818 quod
1173 4753 1512 4812 sustulerim,
1580 4754 1887 4815 praesertim
1950 4768 2080 4804 cum

447 4833 657 4882 certum
711 4829 782 4877 sit
836 4826 972 4876 iliud
1025 4826 1148 4875 istic
1208 4825 1438 4874 minime
1501 4826 1879 4874 necessarium
1939 4839 2076 4876 esse.

445 4902 595 4951 Infra
631 4914 752 4963 pag.
917 4911 928 4944 :
962 4915 990 4946 ‹‹
1020 4897 1243 4946 Faciem
1292 4909 1451 4944 suam
1492 4909 1603 4944 non
1653 4897 1853 4945 avertit
1910 4911 1938 4945 a
1984 4897 2080 4948 fm-

445 4971 617 5022 ditate
665 4973 970 5032 sputorum.
1022 4981 1049 5012 >>
1101 4967 1491 5025 Tertullianus,
1540 4967 1593 5014 in
1640 4966 1778 5016 libro
1827 4968 1890 5016 de
1939 4969 2079 5032 Fuga

443 5043 500 5092 in
523 5041 875 5107 persecutione
903 5054 920 5088 :
949 5057 975 5082 ‹‹
1005 5037 1226 5087 Faciem
1278 5050 1390 5086 non
1435 5037 1634 5087 avertit
1673 5051 1703 5087 a
1751 5041 2080 5102 sputamini-

443 5115 567 5165 bus.
607 5133 633 5158 »

507 5187 602 5248 (14)
652 5185 773 5247 Ipsa
819 5186 866 5230 et
915 5181 1091 5243 ipsa...
1176 5180 1256 5229 Ita
1320 5179 1572 5243 plerique
1645 5179 1772 5230 libri
1841 5186 2073 5233 veterea.

443 5255 552 5306 Alii
580 5252 738 5303 multi
798 5251 1002 5300 habent
1035 5251 1142 5313 ipse
1181 5255 1225 5299 et
1280 5251 1404 5312 ipse.
1456 5250 1700 5314 Utraque
1735 5251 1901 5303 lectio
1931 5253 2076 5304 bona

445 5331 546 5376 est.

507 5397 601 5457 (15)
658 5393 1036 5445 Fratrz’cidam.
1092 5393 1209 5455 Ego
1267 5391 1413 5442 hanc
1465 5392 1762 5445 lectionem
1822 5396 2073 5459 praefero,

443 5473 561 5518 tum
611 5468 740 5531 quia
795 5479 898 5515 vox
951 5469 1034 5514 est
1089 5463 1389 5514 admodum
1436 5463 1624 5523 latina,
1671 5471 1726 5516 et.
1775 5469 1906 5530 quia
1953 5481 2075 5518 eam

441 5539 650 5588 habent
680 5541 894 5588 veteres
939 5535 1226 5596 editiones,
1278 5537 1443 5585 etiam
1488 5536 1826 5597 Morelliana,
1863 5543 1918 5587 et
1973 5539 2074 5588 ali-

440 5616 578 5675 quot
602 5609 726 5660 libri
774 5613 1008 5670 veteres,
1051 5611 1173 5657 tum
1222 5609 1388 5658 etiam
1432 5609 1584 5672 quia,
1616 5622 1742 5659 cum
1773 5615 1978 5660 remota
2003 5611 2074 5660 sit

437 5683 508 5734 ab
561 5695 668 5732 usu
717 5682 950 5746 vulgari,
1008 5683 1142 5743 puto
1211 5692 1309 5730 eos
1357 5681 1454 5743 qui
1525 5686 1835 5743 posuerunt
1887 5684 2073 5745 parri-

433 5754 608 5806 cidam
663 5753 1008 5802 existimasse
1046 5751 1211 5800 aliam
1261 5750 1561 5802 lectionem
1625 5765 1736 5801 non
1791 5766 1914 5802 esse
1966 5753 2072 5803 bo-

434 5838 584 5878 nam.
640 5823 954 5890 Cyprianus
1013 5821 1083 5873 de
1132 5822 1239 5874 hac
1313 5823 1431 5887 ipsa
1494 5836 1552 5874 re
1606 5836 1775 5887 agens
1823 5825 1881 5874 in
1933 5824 2073 5876 libro

2185 4614 2465 4676 patricida,
2545 4617 2710 4666 frater
2777 4620 2960 4668 fratris
3008 4615 3306 4688 fratricida,
3381 4626 3550 4688 soror:
3596 4614 3784 4688 sor-9W

2181 4686 2503 4758 sororicida.
2535 4704 2563 4735 »
2618 4689 2996 4738 Tertullianus
3049 4689 3106 4737 in
3183 4685 3323 4735 libro
3381 4684 3446 4733 de
3479 4681 3782 4758 ΔΡςιιξρξτιςέαξ·

2181 4772 2210 4803 ‹‹
2242 4756 2377 4806 Cain
2425 4758 2518 4807 ille
2555 4760 2764 4821 primus
2806 4759 3084 4808 homicida
3116 4761 3187 4829 et_
3210 4758 3426 4829 primus
3472 4746 3784 4829 fratricidaif

2181 4831 2235 4877 et
2288 4829 2342 4876 in
2397 4828 2536 4877 libro
2579 4830 2641 4878 de
2677 4829 3041 4892 Spectaculis:
3069 4833 3102 4879 Α
3161 4826 3446 4889 fratricida
3501 4825 3780 4896 institutore.

2181 4899 2399 4975 Lucifer
2441 4899 2808 4975 Calaritanus,
2857 4902 2964 4975 lib.
3012 4915 3046 4951 ιι
3095 4914 3192 4964 pro
3227 4902 3421 4975 sancto
3470 4893 3779 4975 Athanasio:

2181 4988 2208 5014 «
2261 4968 2398 5019 Cain
2454 4986 2677 5036 quoque
2723 4973 3020 5024 fratricida:
3067 4961 3456 5034 comparetur,
3519 4967 3572 5014 in
3635 4961 3781 5010 morte

2180 5054 2403 5092 manere
2425 5043 2759 5106 designetur.
2795 5044 2910 5094 Cur
2938 5057 3026 5094 me
3073 5043 3179 5092 hoc
3214 5055 3362 5114 ropus
3400 5037 3625 5114 implere
3647 5043 3780 5114 σθω-ς

2178 5113 2424 5175 pellebas
2462 5098 2611 5178 quod
2666 5128 2754 5164 me
2811 5118 2872 5164 ut
2924 5114 3063 5164 Cain
3119 5098 3346 5163 fecisset
3393 5098 3710 5178 {rat—riguum
3739 5098 3781 5145 et

2178 5170 2356 5233 filium
2385 5170 2642 5236 diaboli?
2682 5203 2708 5234 ››
2759 5186 3106 5243 Philastrius,
3159 5198 3279 5246 cap.
3335 5181 3423 5231 128
3455 5194 3466 5227 :
3506 5195 3533 5223 ι(
3558 5176 3650 5246 Est
3683 5170 3780 5246 1ιὲθῇ

2178 5257 2327 5329 rests
2362 5271 2489 5329 quas
2543 5272 2652 5306 non
2706 5262 2850 5329 recte
2886 5242 3148 5319 intelligit
3193 5242 3260 5304 de
3318 5252 3458 5329 (ξξλίῐὶ
3494 5244 3645 5329 ,(11³οά

2180 5326 2542 5376 fratricidium
2575 5328 2725 5391 quod
2767 5330 3120 5379 commiserat
3160 5329 3314 5401 rogat
3345 5321 3778 5401 Dominumgui‘uﬂ

2177 5399 2360 5459 potius
2396 5413 2564 5462 quam
2591 5387 2818 5448 dimitti.
2849 5418 2874 5444 »
2907 5387 3394 5456 Salvianus,ilib.t
3531 5387 3780 5471 Qubcrfi’

2179 5455 2317 5518 tione
2350 5455 2460 5532 Dei,
2494 5484 2612 5534 cap.
2640 5473 2686 5531 6,
2712 5471 2780 5520 de
2805 5471 2911 5520 hac
2933 5473 3049 5534 ipsa
3076 5484 3132 5520 re
3159 5482 3326 5532 agens
3354 5463 3568 5526 scripi”it
3589 5474 3651 5539 {ff
3674 5455 3780 5539 Fr?

2175 5529 2456 5590 tricidium
2509 5529 2624 5593 Deo
2675 5529 2810 5593 teste
2859 5529 3125 5593 facturus.
3158 5529 3550 5593 {Cassianus
3603 5529 3776 5582 lib.xx..

2176 5624 2294 5674 cap.
2320 5613 2351 5660 9
2383 5628 2393 5661 :
2424 5631 2450 5658 α
2482 5614 2609 5664 Post
2636 5614 2999 5688 fratricidium
3032 5614 3314 5688 pmnitere,
3335 5628 3372 5688 _»
3406 5611 3459 5657 et
3477 5602 3776 5688 .Coltatqiltl,

2175 5671 2296 5758 cap.
2332 5684 2434 5758 21A:
2466 5701 2495 5735 «
2517 5688 2566 5758 ᾼ
2594 5685 2877 5758 fratricida
2903 5691 2957 5736 et
2983 5671 3170 5758 impio.
3199 5698 3227 5732 θ
3259 5679 3556 5758 Primasius
3582 5671 3777 5758 inngi:

2174 5743 2373 5803 stolam
2407 5756 2562 5805 Pauli
2594 5756 2668 5805 ad
2697 5757 2986 5806 Romanos:
3014 5777 3041 5801 «
3063 5743 3309 5821 Signum
3343 5748 3543 5803 Christi
3568 5743 3776 5821 portavit

2175 5824 2475 5891 homicida,
2519 5829 2665 5880 sicut
2703 5827 2842 5880 Cain
2891 5817 3174 5880 fratricida
3224 5825 3532 5893 portavit.»
3574 5817 3774 5871 Garma-
