3998 6194
202 222 304 275 653

1335 217 1537 273 LIBER
1578 219 1664 273 DE
1704 215 1884 272 BONO
1921 217 2320 273 ΡΑΤΙΕΝΤΙίΕ.

3475 229 3576 282 654

200 344 438 399 credens
469 347 525 399 et
551 342 801 398 radicem
843 359 906 397 ac
952 341 1391 397 fundamentum
1435 342 1568 398 fidei
1614 343 1832 414 primus
1857 345 1994 430 Ain
2019 343 2211 397 sudore
2235 343 2415 396 vultus
2445 344 2526 397 tui
2549 344 2670 399 edes
2688 361 2886 414 panem
2912 351 3067 402 tuum
3088 348 3254 404 donec
3280 355 3573 405 revertaris

193 437 544 505 instituens,
595 443 841 494 tentatus
891 437 949 492 in
1005 436 1160 505 ﬁlio,
1218 451 1334 490 non
1386 436 1604 492 dubitat
1650 453 1837 507 neque

196 535 518 600 cunctatur,
549 533 646 586 sed
696 531 996 603 preceptis
1037 530 1135 585 Dei
1175 533 1298 585 tota
1350 531 1626 602 patientia
1669 532 1840 586 devo-

195 624 379 680 tionis
417 625 771 697 obsequitur.
826 629 894 681 Et
933 627 1103 690 Isaac,
1165 625 1236 679 ad
1281 625 1482 679 hostias
1535 625 1843 680 Dominica:

204 719 649 774 similitudinem
681 721 1100 791 praﬁguratus,
1135 719 1365 790 quando
1391 735 1423 772 a
1449 722 1607 790 patre
1637 719 1842 774 immo-

192 813 412 869 landus
443 813 699 881 oﬂ'ertur,
726 813 951 884 patiens
977 813 1285 868 invenitur.
1307 815 1373 868 Et
1393 814 1582 882 Jacob,
1612 813 1845 884 fugatus

187 923 221 961 a
263 907 448 962 fratre
487 907 559 962 de
593 912 744 962 terra
785 924 888 962 sua
919 909 1202 979 patienter
1237 907 1481 975 excedit,
1532 914 1588 962 et
1633 907 1846 978 majore

185 1001 482 1073 patientia
509 1002 870 1072 postmodum
901 1001 1138 1073 supplex
1163 1002 1348 1056 adhuc
1387 1001 1570 1072 magis
1600 1001 1844 1072 impium

183 1099 248 1150 et.
304 1099 734 1166 persecutorem
787 1096 1119 1151 muneribus
1179 1095 1427 1166 pacificis
1483 1095 1556 1149 ad
1607 1112 1845 1151 concor-

186 1188 363 1244 diam
419 1189 648 1260 redigit.
698 1190 942 1260 Joseph,
992 1190 1349 1244 venundatus
1391 1207 1425 1244 a
1475 1189 1746 1244 fratribus
1789 1196 1845 1246 et

187 1284 488 1354 relegatus
533 1284 603 1351 η,
651 1299 770 1338 non
812 1285 1034 1337 tantum
1089 1284 1377 1354 patienter
1423 1283 1696 1354 ignoscit,
1747 1284 1844 1338 sed

189 1383 257 1432 ct
305 1377 548 1448 gratuita
601 1377 888 1432 frumenta
934 1379 981 1412 ιθ
1022 1377 1384 1432 venientibus
1427 1377 1665 1448 largiter
1699 1378 1747 1412 5°
1792 1381 1848 1432 et

189 1472 528 1526 clementer
574 1471 846 1542 impertit.
898 1473 1113 1544 Moyses
1155 1471 1224 1526 ab
1270 1471 1491 1542 ingrato
1531 1477 1586 1527 et
1629 1471 1846 1542 perﬁdo

190 1566 425 1637 populo
465 1567 855 1621 contemnitur
891 1567 1221 1638 frequenter
1264 1572 1321 1621 et
1360 1583 1509 1638 pene
1537 1566 1843 1637 lapidatur,

191 1665 260 1714 et
291 1665 482 1714 tamen
516 1661 656 1714 lenis
685 1666 741 1714 et
767 1662 992 1730 patiens
1030 1677 1134 1732 pro
1170 1661 1381 1716 eisdem
1414 1661 1724 1716 Dominum
1753 1662 1848 1715 de-

1942 440 2001 490 in
2045 442 2240 491 terram
2287 437 2354 490 de
2393 453 2501 506 qua
2539 445 2785 508 sumptus
2827 456 2920 494 es:
2953 445 3085 511 quia
3125 447 3268 498 terra
3313 460 3385 511 es,
3428 450 3479 498 et
3516 448 3574 499 in

1945 536 2146 585 terram
2187 531 2288 584 ibis
2331 530 2506 602 (Gem,
2553 548 2633 598 Ill,
2685 536 2746 585 l7
2793 534 2999 605 seqq.).
3050 537 3222 606 Hujus
3273 539 3570 593 sententim

1943 625 2168 679 vinculo
2206 624 2455 694 colligati
2491 641 2692 679 omnes
2727 631 2783 680 et
2808 629 3092 682 constricti
3123 646 3341 699 sumus,
3369 633 3570 703 donec,

1945 723 2222 789 expuucta
2269 716 2311 750 ⁸⁵
2356 722 2558 787 morte,
2607 719 2676 773 de
2713 720 2822 774 isto
2868 722 3072 776 saeculo
3117 724 3466 780 recedamus.
3510 729 3572 780 In

1945 812 2172 868 tristitia
2196 817 2251 867 et
2278 812 2495 883 gemitu
2517 811 2695 868 simus
2717 830 2945 868 necesse
2976 819 3058 868 est
3085 818 3349 872 omnibus
3374 820 3574 875 diebus

1945 906 2074 960 vita:
2126 904 2320 978 630
2373 909 2604 974 nostrae,
2655 907 2890 962 edamus
2942 925 3152 979 panem
3209 927 3437 968 necesse
3492 922 3577 970 est

1945 1017 2077 1055 cum
2107 1001 2314 1054 sudore
2343 1006 2400 1055 et
2425 1000 2643 1055 labore.

2016 1095 2129 1149 XII.
2157 1093 2316 1148 Unde
2359 1096 2748 1166 unusquisque
2786 1101 3042 1151 nostrum
3083 1113 3211 1152 cum
3250 1100 3502 1156 nascitur
3529 1103 3575 1138 ⁵⁵

1947 1190 2005 1242 et
2029 1187 2274 1259 hospitio
2311 1188 2513 1242 mundi
2550 1189 2720 1259 hujus
2751 1189 3051 1260 excipitur,
3084 1191 3310 1247 initium
3343 1196 3516 1250 sumit
3545 1213 3578 1251 a

1945 1281 2244 1353 lacrymis,
2293 1287 2350 1336 et
2399 1282 2654 1352 quamvis
2701 1283 2889 1338 adhuc
2938 1285 3198 1340 omnium
3252 1288 3474 1343 nescius
3524 1296 3580 1344 et

1946 1375 2205 1445 ignarus,
2241 1375 2384 1430 nihil
2413 1377 2564 1430 aliud
2598 1377 2752 1431 novit
2777 1378 2839 1431 in
2869 1378 2966 1432 illa
3003 1379 3128 1449 ipsa
3163 1380 3349 1451 prima
3387 1382 3579 1438 nativi-

1946 1473 2061 1525 tate
2111 1487 2285 1540 quam
2332 1470 2490 1525 flere.
2527 1471 2891 1526 Providentia
2930 1474 3175 1527 naturali
3214 1475 3575 1546 lamentatur,

1947 1564 2076 1618 vitae
2124 1565 2380 1618 mortalis
2419 1565 2463 1598 ⁵7
2504 1565 2819 1619 anxietatcs
2861 1571 2917 1620 et
2956 1567 3178 1622 labores
3212 1575 3267 1624 ct
3307 1571 3580 1640 procellas

1950 1658 2149 1711 mundi
2185 1674 2323 1728 quas
2368 1658 2704 1728 ingreditur,
2735 1660 2790 1713 in
2821 1661 3048 1714 exordio
3082 1663 3275 1716 statim
3321 1680 3420 1718 suo
3461 1665 3576 1735 plo-

190 1759 498 1825 precatur.
540 1755 597 1807 In
652 1754 824 1809 David
853 1771 1005 1821 vero,
1033 1773 1096 1810 ex
1123 1771 1237 1826 quo
1268 1755 1584 1810 secundum
1615 1771 1845 1809 carnem
1868 1735 1923 1806 Β
1949 1755 2072 1806 ratu
2103 1757 2160 1805 et
2192 1753 2410 1821 gemitu
2436 1753 2592 1805 rudis
2623 1753 2816 1806 anima
2842 1758 3102 1809 testatur.
3138 1756 3388 1811 Sudatur
3426 1761 3576 1813 enim

191 1848 420 1903 Christi
469 1849 729 1902 nativitas
777 1850 976 1914 oritur,
1032 1865 1202 1919 quam
1253 1865 1460 1919 magna
1502 1855 1560 1903 et
1606 1849 1749 1902 mira
1795 1855 1848 1903 et

192 1937 532 1993 Christiana
562 1938 858 2009 patientia,
903 1937 1163 1991 habuisse
1193 1939 1238 1972 δι
1269 1937 1328 1991 in
1377 1954 1553 1992 manu
1597 1955 1749 2008 saepe
1789 1943 1852 1991 ut

191 2031 344 2087 Saul
378 2048 570 2102 regem
613 2037 1050 2102 persequentem
1082 2048 1139 2086 sc
1180 2037 1238 2085 et
1275 2032 1601 2086 interficere
1643 2049 1848 2086 concu-

188 2125 524 2197 piscentem
593 2132 777 2195 posset
844 2125 1132 2191 occidere,
1197 2129 1254 2180 et
1310 2131 1497 2180 tamen
1562 2126 1848 2180 subditum

192 2219 323 2273 sibi
363 2226 420 2274 et
461 2219 731 2274 traditum
778 2219 1038 2274 maluisse
1078 2235 1325 2285 servare,
1371 2236 1475 2274 nec
1523 2220 1850 2289 rependisse

188 2313 447 2368 inimico
505 2313 714 2377 vicem,
774 2313 872 2368 sed
935 2313 1185 2367 occisum
1253 2313 1441 2366 adhuc
1505 2313 1735 2383 insuper
1796 2315 1853 2368 et

190 2407 560 2461 vindicasse!
612 2408 712 2461 Tot
760 2407 1006 2478 denique
1059 2407 1352 2478 prophetze
1406 2407 1711 2468 interfecti,
1771 2411 1854 2461 tot

195 2508 496 2571 martyres
545 2500 804 2572 gloriosis
853 2501 1128 2556 mortibus
1177 2501 1459 2566 honorati,
1508 2500 1604 2571 qui
1652 2517 1852 2555 omnes

197 2596 285 2650 ad
318 2595 572 2649 caelestes
602 2611 842 2650 coronas
875 2595 1169 2666 patientia:
1207 2595 1370 2649 laude
1401 2599 1700 2649 venerunt.
1740 2597 1849 2649 Ne-

196 2706 322 2761 que
391 2689 541 2742 enim
607 2695 792 2760 potest
853 2688 1034 2760 accipi
1099 2689 1360 2743 dolorum
1411 2691 1469 2742 et
1518 2689 1847 2759 passionum

199 2799 459 2848 corona,
519 2783 622 2837 nisi
677 2786 962 2853 praecedat
1000 2784 1062 2836 in
1112 2783 1307 2838 dolore
1353 2785 1411 2836 et
1454 2784 1710 2854 passione
1759 2800 1854 2854 pa-

199 2877 412 2933 tientia
423 2918 436 2930 .

282 2973 368 3026 Xl.
407 2971 595 3034 Quam
619 2969 688 3024 sit
717 2973 907 3026 autem
939 2970 1218 3042 patientia
1247 2972 1402 3026 utilis
1434 2975 1490 3025 et
1513 2971 1851 3038 necessaria,

1953 1845 2230 1916 quamdiu
2273 1845 2399 1898 istic
2426 1845 2632 1899 vivitur
2656 1850 2714 1900 et
2744 1846 3062 1902 laboratur.
3105 1851 3216 1903 Nec
3247 1851 3579 1906 sudantibus

1951 1944 2007 1993 et
2033 1939 2419 1992 laborantibus
2453 1944 2686 2009 possunt
2720 1940 2827 1994 alia
2865 1943 3048 2013 magis
3089 1959 3256 2013 quam
3289 1945 3581 2015 patientiae

1953 2033 2244 2086 subvenire
2274 2033 2472 2087 solatia
2499 2050 2512 2087 :
2544 2051 2670 2104 quae
2699 2051 2826 2088 cum
2861 2039 2992 2106 apta
3027 2036 3140 2089 sint
3178 2041 3234 2091 et
3271 2040 3582 2093 necessaria

1952 2125 2009 2180 in
2068 2127 2173 2180 isto
2225 2128 2439 2181 mundo
2488 2128 2788 2195 universis,
2846 2134 2966 2183 tum
3023 2131 3207 2200 magis
3259 2132 3436 2202 nobis,
3487 2133 3583 2204 qui

1951 2219 2174 2275 diabolo
2218 2221 2595 2290 impugnante
2641 2223 2766 2290 plus
2811 2224 3135 2292 quatimur;
3183 2226 3299 2294 qui,
3361 2226 3418 2279 in
3465 2228 3584 2281 acie

1954 2313 2210 2383 quotidie
2285 2319 2532 2381 stantes,
2589 2315 2884 2369 inveterati
2945 2321 3000 2370 et
3057 2318 3341 2372 exercitati
3405 2319 3586 2373 hostis

1951 2407 2445 2462 colluctationibus
2485 2407 2824 2478 fatigamur;
2876 2409 3101 2478 quibus,
3150 2417 3357 2480 printer
3400 2414 3584 2467 varias

1954 2506 2010 2555 et
2049 2502 2299 2556 assiduas
2327 2501 2710 2556 tentationum
2753 2518 2995 2572 pugnas,
3029 2503 3086 2557 in
3127 2507 3583 2574 persecutionum

1952 2609 2181 2664 quoque
2236 2593 2546 2647 certamine
2597 2592 2942 2662 patrimonia
2988 2593 3362 2665 relinquenda
3419 2604 3579 2667 sunt,

1955 2686 2281 2740 subeundus
2318 2702 2506 2739 carcer
2545 2686 2613 2752 ⁵⁸,
2653 2685 2952 2756 portanda:
2979 2693 3213 2756 catenae,
3247 2690 3453 2744 animm
3481 2690 3583 2745 im-

1955 2780 2294 2850 pendendm,
2345 2779 2589 2850 gladius,
2640 2779 2858 2847 bestiae,
2906 2779 3091 2850 ignes,
3135 2798 3344 2850 cruces,
3397 2785 3588 2839 omnia

1954 2873 2198 2944 denique
2231 2876 2649 2928 tormentorum
2691 2891 2756 2928 ac
2797 2890 3093 2944 pinnarum
3136 2891 3348 2946 genera
3389 2877 3499 2931 fide
3531 2884 3587 2933 et

1954 2966 2160 3020 virtute
2218 2967 2511 3037 patientiae
2577 2967 2958 3038 perferenda,
3013 2968 3255 3024 Domino
3319 2970 3443 3041 ipso
3494 2972 3582 3026 in-

199 3065 421 3121 fratres
447 3065 816 3132 dilectissimi,
854 3069 914 3118 ut
952 3066 1304 3119 manifestius
1335 3066 1512 3137 possit
1537 3069 1594 3120 et
1629 3065 1852 3135 plenius
1876 3104 1928 3178 Ο
1955 3067 2210 3114 struente
2241 3067 2296 3114 et
2321 3061 2540 3114 dicente
2576 3077 2588 3114 :
2620 3064 2742 3116 Hac
2771 3062 2978 3115 locutus
3002 3079 3118 3129 sum
3148 3063 3294 3118 vobis
3316 3069 3376 3118 ut
3417 3067 3477 3119 in
3507 3082 3587 3121 me

231 3177 237 3178 ,
273 3177 280 3178 κ
305 3177 308 3178 ,
335 3159 370 3178 κ·
432 3159 530 3178 “-2
568 3161 832 3178 ,,_.,i-,,l:_
889 3159 1160 3178 ,,_,_,,fi,.l,__.
1198 3162 1298 3178 :‘tn
1343 3176 1487 3178 _A,,,,,
1535 3159 1580 3178 ?,_
1642 3159 1809 3178 ,μ’μῗη
1832 3175 1847 3178 _
1955 3171 2132 3178 ....---..
2176 3155 2260 3178 ι..ι
2283 3157 2408 3178 ,,.Δ.’,.
2451 3173 2462 3178 -
2495 3157 2549 3178 ἐν..
2582 3155 2782 3178 -.λ-..-,.1η
2814 3155 2919 3178 Il".\
2957 3161 3125 3178 -.-.J-..-
3159 3172 3456 3178 u---_--___..___
3493 3160 3508 3178 ι
3537 3175 3556 3178 Α

207 3159 397 3224 nosci,
431 3159 534 3212 Dei
563 3161 842 3212 sententia
877 3159 1162 3228 cogitetur
1195 3162 1300 3228 (16)
1333 3176 1499 3229 quam
1533 3159 1589 3212 in
1633 3159 1854 3228 origine
1878 3155 1928 3178 υ
1947 3171 2136 3224 pacem
2169 3155 2408 3208 habeatis
2447 3173 2462 3207 :
2494 3157 2551 3208 in
2579 3155 2786 3208 mundo
2813 3155 2919 3224 (l7)
2951 3161 3128 3210 autem
3153 3172 3462 3226 pressuram
3487 3160 3585 3214 ha-

204 3252 410 3307 statim
456 3251 654 3306 mundi
694 3257 750 3305 et
793 3251 1019 3322 generis
1062 3252 1299 3306 humani
1344 3253 1542 3318 Adam,
1585 3252 1853 3322 przncepti

203 3346 524 3402 immemor
573 3351 631 3400 et
675 3345 823 3398 datae
877 3345 1019 3416 legis
1070 3349 1472 3416 transgressor,
1523 3345 1738 3416 accepit
1781 3347 1847 3398 ⁵2.

202 3441 368 3495 Tunc
405 3439 644 3493 sciemus
680 3457 848 3510 quam
895 3439 1177 3510 patientes
1213 3456 1336 3494 esse
1382 3441 1435 3492 in
1491 3440 1597 3494 isto
1646 3440 1850 3493 saeculo

205 3534 550 3596 debeamus,
598 3535 694 3604 qui
738 3534 813 3587 sic
865 3535 1151 3587 nascimur
1199 3538 1260 3587 nt
1304 3533 1580 3603 pressuris
1627 3533 1748 3586 istic
1793 3537 1852 3587 et

202 3627 729 3682 conﬂictationibus
757 3628 1087 3682 laboremus
1134 3644 1146 3681 :
1189 3631 1329 3694 Quia
1366 3630 1596 3687 audisti,
1641 3627 1847 3697 inquit,

198 3738 389 3776 vocem
432 3723 675 3776 mulieris
717 3727 839 3783 tuae,
869 3727 919 3776 et
962 3723 1306 3776 manducasti
1340 3737 1405 3776 em
1438 3723 1538 3775 illa
1571 3722 1758 3775 arbore
1785 3722 1850 3775 de

198 3832 317 3886 qua
361 3816 478 3869 sola
521 3831 879 3885 praeceperam
926 3817 1029 3869 tibi
1069 3832 1133 3869 ne
1171 3815 1527 3870 manducures
1563 3815 1630 3876 ⁵³,
1676 3816 1844 3868 male-

197 3910 361 3964 dicta
402 3915 545 3962 terra
586 3912 686 3963 erit
731 3913 789 3962 in
822 3911 1071 3963 omnibus
1115 3911 1360 3978 operibus
1400 3912 1508 3962 tuis
1541 3927 1552 3963 :
1588 3911 1646 3963 in
1681 3911 1845 3963 tristi-

198 4006 284 4059 tia
320 4009 372 4057 et
410 4006 610 4071 gemitu
669 4003 789 4057 edes
833 4019 900 4057 ea:
942 4019 1004 4057 ea
1052 4005 1296 4057 omnibus
1329 4003 1513 4057 diebus
1559 4007 1680 4057 vitae
1719 4009 1841 4066 tua,

191 4102 391 4170 Spinas
417 4103 469 4152 et
499 4098 724 4152 tribulos
751 4098 924 4166 ejiciet
955 4099 1055 4152 tibi
1078 4099 1146 4160 5i,
1181 4104 1231 4152 et
1262 4098 1383 4151 edes
1408 4098 1671 4166 pabulum
1699 4101 1846 4166 agri;

1955 3250 2160 3310 bebitis,
2184 3248 2278 3302 sed
2301 3248 2451 3315 ﬁdite
2482 3248 2528 3281 ⁵9
2558 3251 2816 3316 quoniam
2845 3264 2938 3318 ego
2966 3251 3074 3303 uici
3092 3251 3354 3305 mundum
3383 3253 3582 3323 (Joan.,

1952 3359 2060 3410 XVI,
2094 3344 2201 3411 33).
2236 3341 2290 3396 Si
2321 3345 2517 3395 autem
2548 3341 2647 3412 qui
2680 3341 2906 3397 diabolo
2937 3347 2994 3398 et
3031 3345 3246 3399 mundo
3287 3348 3581 3402 renuntia-

1951 3437 2156 3503 vimus,
2190 3452 2476 3506 pressurus
2519 3442 2575 3489 et
2617 3436 3008 3491 infestationes
3053 3437 3263 3493 diaboli
3297 3444 3355 3494 et
3390 3443 3584 3496 mundi

1951 3531 2204 3585 crebrius
2238 3547 2298 3583 ac
2340 3529 2643 3583 violentius
2685 3530 2960 3600 patimur,
3006 3535 3217 3602 quanto
3261 3535 3448 3604 magis
3488 3552 3586 3607 pa-

1949 3625 2206 3678 tientiam
2240 3631 2432 3678 tenere
2477 3623 2766 3693 debemus,
2803 3641 2916 3695 qua
2951 3625 3232 3696 adjutrice
3273 3633 3329 3682 et
3371 3629 3579 3684 comite

1948 3720 2140 3773 omnia
2165 3719 2367 3772 infesta
2400 3718 2747 3772 toleremus?

2019 3815 2153 3867 Xlll.
2205 3811 2426 3865 Domini
2459 3816 2515 3864 et
2548 3810 2803 3880 magistri
2842 3813 3018 3866 nostri
3060 3814 3108 3848 ⁶⁰
3144 3815 3391 3870 salutare
3431 3833 3579 3886 prae-

1946 3911 2174 3977 ceptum
2228 3911 2310 3959 est
2365 3921 2378 3958 :
2427 3906 2526 3970 Qui
2583 3905 2992 3966 toleraverit“,
3045 3906 3250 3977 inquit,
3296 3924 3462 3978 usque
3509 3912 3584 3964 ad

1942 4004 2118 4070 ﬁnem,
2166 4000 2249 4052 hic
2297 3999 2484 4052 salvus
2527 4001 2629 4052 erit
2678 4000 2914 4067 (Matth.,
2965 4016 3017 4068 x,
3065 4001 3175 4067 22).
3221 4003 3287 4056 Et
3329 4003 3581 4060 iterum:

1941 4097 2002 4152 Si
2025 4094 2451 4164 permanseritis,
2488 4092 2697 4163 inquit,
2731 4095 2788 4148 in
2814 4094 2972 4148 verbo
3009 4109 3144 4158 meo,
3176 4110 3294 4151 vere
3322 4097 3581 4168 discipuli

1597 4219 1806 4284 Variae
1859 4219 2196 4282 lectiones.

283 4355 332 4388 ‘9
356 4355 583 4420 Ligatus
624 4356 763 4404 Lam.
807 4358 939 4404 Pem.
981 4359 1113 4405 Voss.
1160 4357 1208 4406 2.
1275 4356 1525 4406 l"Gratis
1577 4357 1709 4405 Pem.
1766 4358 1896 4405 Voss.
1941 4359 1986 4402 2.
2020 4355 2204 4404 Grana
2243 4355 2295 4402 et
2352 4351 2625 4400 frumenta
2668 4350 2789 4400 Bod.
2839 4354 2884 4398 3.
2954 4353 2993 4384 5"
3043 4352 3295 4418 Largitur
3342 4357 3468 4407 Bod.
3530 4362 3578 4410 3.

198 4428 245 4461 υ
267 4425 553 4476 Habuisse
581 4426 924 4490 dignoscitur
950 4427 1072 4475 Bod.
1104 4431 1148 4474 3.
1187 4427 1228 4459 ε’
1254 4429 1493 4490 Accepta
1533 4429 1705 4491 gratia
1732 4441 1841 4476 non
1873 4429 2069 4481 tenuit,
2103 4423 2198 4472 sed
2230 4424 2414 4472 amisit
2455 4424 2583 4471 Voss.
2617 4423 2663 4470 1.

2734 4425 2771 4455 ⁵³
2804 4423 3166 4474 Manducares
3192 4439 3258 4474 ex
3289 4441 3352 4477 ea
3377 4431 3502 4479 Bod.
3533 4435 3581 4483 1.

198 4499 243 4532 ⁵⁴
270 4497 624 4547 Germinabit
653 4499 749 4547 tibi
776 4499 883 4547 ΝΟ.
941 4499 980 4546 l.
1054 4500 1093 4528 ⁵⁵
1144 4499 1436 4548 Exstineta
1463 4503 1640 4547 morte
1671 4497 1796 4547 Bod.
1817 4501 1860 4546 .t.
1897 4496 2172 4546 Exstincti
2197 4498 2371 4543 morte
2399 4493 2523 4542 Bod.
2552 4494 2597 4540 3.
2670 4492 2709 4524 ⁵⁸
2728 4493 2995 4556 Unusque
3019 4508 3146 4544 cum
3169 4498 3419 4548 nascitur
3446 4503 3577 4550 Bod.

204 4569 256 4629 4,
296 4567 350 4626 2,
380 4571 428 4627 3,
459 4570 504 4617 4.
534 4570 696 4618 Saris.

769 4568 811 4601 ⁵⁷
840 4568 984 4617 Vitae
1015 4571 1338 4632 temporalis
1401 4571 1510 4618 Ver.
1584 4569 1623 4610 ⁵⁸
1651 4569 1994 4619 Subeundus
2023 4570 2103 4616 est
2151 4565 2274 4616 Bod.
2309 4567 2355 4614 3.
2423 4563 2466 4595 ⁵9
2489 4563 2600 4613 Sed
2631 4562 2838 4613 credite
2880 4565 2987 4613 ΝΟ.
3035 4570 3076 4613 1.
3114 4567 3248 4615 Lam.
3295 4569 3418 4618 Boa'.
3452 4573 3498 4632 t,
3530 4573 3578 4620 :2.

201 4638 248 4671 ⁶⁰
276 4638 525 4702 Magistri
566 4639 742 4688 nostri
767 4640 908 4688 Lam.
940 4637 1092 4688 Ebor.
1119 4640 1226 4689 Lin.
1255 4640 1418 4690 Saris.
1449 4641 1574 4691 Bod.
1614 4644 1654 4703 t,
1681 4643 1729 4702 2,
1761 4641 1809 4704 3,
1837 4643 1878 4690 ι.
1912 4638 2158 4704 Magistri
2185 4637 2429 4687 salutare
2461 4635 2623 4684 Oxon.
2691 4636 2733 4666 ⁶¹
2769 4635 2879 4696 Qui
2909 4641 3345 4698 perseveraverit
3374 4641 3482 4690 Lin.

1501 4771 1726 4852 Steph.
1775 4769 2023 4833 Baluzii
2067 4772 2258 4830 notae.

207 4898 344 4946 nus,
369 4884 664 4947 episcopus
706 4885 1048 4947 Parisiensis,
1086 4889 1141 4937 in
1173 4889 1399 4951 epistola
1430 4889 1501 4937 ad
1549 4889 1848 4938 Bruncchil-

210 4957 331 5008 dem
368 4956 606 5018 reginam
654 4973 672 5004 .·
725 4976 752 4999 ‹‹
806 4957 962 5008 Unus
1010 4972 1078 5008 ex
1113 4960 1247 5021 ipsis
1298 4959 1433 5009 Cain
1487 4960 1849 5009 fratricidium

210 5027 570 5091 perpetravit.
617 5045 643 5071 »
696 5027 998 5090 Gregorius
1055 5029 1414 5085 Turonensis,
1475 5029 1566 5078 lib.
1622 5043 1637 5078 ι
1700 5031 1848 5089 Hist,

211 5110 338 5159 cap.
375 5097 459 5146 2:
521 5115 547 5141 ‹‹
603 5097 662 5145 In
709 5099 931 5148 fratrem
985 5101 1271 5164 sanguinis
1325 5101 1596 5150 eﬂ'usione
1673 5116 1850 5151 novus

214 5169 498 5219 fratricida
558 5182 919 5234 consurgens.
971 5191 996 5217 υ
1052 5171 1365 5222 Concilium
1413 5174 1846 5234 Wormaciense,

215 5252 340 5302 cap.
369 5240 434 5290 30
465 5255 530 5288 :«
575 5241 882 5290 Statuimus
932 5247 996 5292 ut
1037 5244 1328 5305 parricidas
1381 5249 1435 5293 et
1485 5245 1848 5295 fratricidee.»

216 5309 534 5360 Concilium
567 5311 970 5375 Trosleianum,
1003 5328 1122 5377 cap.
1151 5315 1226 5367 13.
1259 5315 1494 5379 loquens
1519 5317 1588 5365 de
1617 5317 1848 5365 crimine

219 5379 359 5431 Cain
393 5399 404 5430 :
433 5401 459 5427 α
495 5383 563 5432 Et
601 5383 719 5446 ipse
752 5398 933 5448 usque
986 5385 1054 5434 ad
1104 5387 1394 5448 septimam
1433 5387 1844 5448 generationem

217 5454 510 5502 fratricidii
545 5459 595 5502 et
634 5454 858 5505 invidias
893 5469 1012 5506 suae
1041 5471 1220 5520 vagus
1249 5459 1626 5521 profugusque
1653 5470 1847 5520 poenas

217 5524 415 5574 lueret.
451 5546 475 5569 »
502 5526 778 5575 Alcuinus
831 5529 948 5577 sive
995 5529 1121 5590 quis
1164 5528 1308 5576 alius
1355 5529 1407 5576 in
1446 5529 1585 5578 libro
1620 5528 1681 5578 de
1709 5528 1848 5576 divi-

217 5595 305 5644 m‘s
335 5595 539 5657 ofﬁciis,
575 5611 693 5659 cap.
739 5599 792 5646 I3
847 5613 856 5645 :
901 5615 928 5645 α
978 5599 1282 5652 Fratricida
1332 5601 1425 5662 qui
1486 5600 1707 5648 fratrem
1757 5611 1849 5648 oc-

222 5663 376 5717 cidit.
405 5685 432 5712 »
457 5667 736 5717 Honorius
780 5683 919 5732 papa
971 5671 1045 5718 lIl
1078 5669 1225 5732 apud
1270 5670 1567 5721 Odoricum
1609 5667 1851 5732 Raynal-

221 5734 378 5796 dum,
405 5750 492 5786 an.
533 5738 672 5798 12.4.5,
708 5740 737 5801 §
773 5741 835 5790 '29
867 5757 877 5790 :
921 5759 950 5787 «
989 5740 1281 5792 Crudelior
1320 5740 1459 5792 Cain
1506 5739 1854 5790 fratricida.»

225 5807 501 5878 Georgius
547 5811 945 5865 Podiebradius
1001 5828 1098 5867 rex
1166 5815 1450 5866 Bohemim
1505 5817 1556 5865 in
1614 5811 1856 5879 Epistola

1953 4885 2243 4950 apostolica
2293 4882 2361 4931 ad
2403 4893 2588 4942 regem
2633 4880 2933 4946 Hungariae
2981 4881 3263 4934 Matthiam
3313 4901 3578 4952 generum

1952 4972 2117 5008 suum
2143 4959 2195 5005 in
2235 4959 2384 5004 tomo
2421 4952 2491 5001 IV
2533 4953 2806 5016 Spicilcgii
2845 4954 3196 5017 Dacheriani,
3240 4972 3290 5022 p.
3337 4961 3448 5020 4H,
3479 4977 3581 5008 vn-

1951 5033 2043 5080 cat
2071 5029 2204 5077 Cain
2243 5024 2597 5089 fratricidam.
2652 5025 2986 5075 Parricidam
3032 5032 3214 5077 tamen
3261 5043 3424 5092 posse
3471 5034 3579 5083 dici

1950 5101 2142 5150 matris
2171 5103 2266 5147 aut
2291 5097 2474 5146 fratris
2509 5096 2916 5146 interfectorem
2967 5099 3130 5148 tradit
3179 5099 3579 5168 Quintilianus,

1949 5172 2043 5221 lib.
2072 5185 2190 5232 vin,
2222 5184 2339 5232 cap.
2376 5169 2422 5218 6.

2009 5243 2104 5304 (l6)
2163 5241 2254 5289 Dei
2298 5239 2554 5288 sententia
2615 5239 2879 5302 cogitetur.
2951 5239 3093 5290 Citat
3178 5242 3329 5293 hunc
3393 5246 3575 5298 locu-‘1

1948 5316 2174 5362 sanctus
2198 5311 2545 5373 Augustinus
2575 5310 2670 5360 lib.
2694 5324 2751 5361 1v
2770 5315 2942 5360 contra
2968 5313 3103 5363 duas
3140 5315 3402 5378 Epistolas
3431 5322 3580 5370 Priu-

1944 5384 2249 5449 gianorum,
2283 5395 2402 5444 cap.
2431 5383 2476 5429 8.

2011 5457 2106 5514 (l7)
2131 5457 2190 5504 In
2223 5454 2437 5502 mundo.
2466 5455 2589 5503 Duo
2615 5453 2740 5504 libri
2764 5459 2978 5504 veteres
3012 5455 3221 5506 habent
3267 5459 3324 5506 in
3364 5463 3578 5519 mumln,

1949 5533 2004 5579 et
2033 5541 2196 5591 supra
2251 5527 2454 5576 lineam
2507 5525 2584 5575 vel
2615 5526 2820 5576 seculo.
2878 5528 3021 5578 Hinc
3070 5530 3279 5580 factum
3323 5537 3404 5594 ut,
3451 5548 3579 5582 cum

1950 5599 2205 5649 nonnulli
2237 5599 2466 5646 mallent
2494 5599 2707 5656 mundo,
2742 5598 2833 5647 alii
2860 5600 3069 5661 seculo,
3103 5601 3365 5652 alterutra
3389 5616 3578 5653 earum

1951 5671 2256 5720 lectionum
2307 5668 2486 5732 posita
2538 5669 2610 5717 sit
2647 5669 2702 5717 in
2751 5670 3163 5734 exemplaribus
3207 5674 3453 5739 antiquis
3487 5688 3584 5739 pro

1953 5740 2179 5792 arbitrio
2206 5739 2575 5789 librariorum.
