3998 6194
487 261 589 315 655
1374 254 1433 312 8.
1473 256 1785 313 CYPRIANI
1825 252 2066 312 OPERUl

2208 251 2315 310 LRS
2352 253 2414 309 ιι.
2457 282 2525 292 -
2562 208 2929 310 OPUSCULA.
3702 265 3787 320 656

484 385 591 438 mei
627 384 780 437 eritis
805 380 875 444 59,
907 385 957 434 et
987 380 1309 448 cognoscetis
1343 382 1644 441 veritatem,
1673 384 1725 434 et
1754 381 1955 434 veritas
1990 379 2118 432 libe-
2144 388 2357 463 Areus
2384 378 2584 430 contra
2615 375 2762 429 facta
2799 372 2981 427 carnis
3018 374 3077 427 et
3106 373 3374 444 corporis,
3407 377 3593 448 quibus
3629 384 3795 441 anima

483 477 633 531 rabit
664 490 754 529 vos
786 474 985 545 (Joan.,
1027 488 1145 541 vni,
1185 472 1296 542 3t).
1338 472 1717 527 Tolerandum
1763 475 1821 526 et
1856 486 2120 543 perseve-
2224 475 2583 539 expugnatur
2611 473 2668 521 et
2696 467 2916 538 capitur
2942 467 3011 534 “9,
3040 466 3315 521 virtutum
3344 484 3559 526 suarum
3583 491 3797 549 propug-

484 568 732 624 randum
762 568 869 633 est,
907 566 1113 621 fratres
1145 565 1511 632 dilectissimi,
1547 568 1627 632 ut,
1671 565 1743 619 ad
1774 580 1937 635 spem
1983 564 2125 619 veri-
2224 563 2428 616 naculo
2471 561 2800 616 reluctatur.
2851 560 3220 631 Inspiciamus
3262 561 3497 634 denique
3541 583 3703 636 pauca
3740 572 3797 626 de

486 660 622 717 tatis
649 665 706 715 et
729 659 1013 714 libertatis
1042 658 1379 724 admissi,ad
1400 658 1690 713 veritatem
1719 661 1777 713 et
1800 658 2121 713 libertatem
2223 656 2438 723 multis,
2472 660 2538 709 ut
2572 655 2640 710 de
2680 654 2877 725 paucis
2916 653 3302 726 intelligantur
3326 662 3382 710 et
3407 661 3613 715 caetera.
3653 662 3797 719 Adul-

486 754 673 825 ipsam
712 752 1011 825 pervenire
1047 751 1360 823 possimus;
1407 752 1543 823 quia
1583 752 1693 806 hoc
1728 751 1918 822 ipsum
1967 750 2124 822 quod
2225 749 2454 815 terium,
2507 747 2694 814 fraus,
2739 748 3148 815 homicidium,
3199 750 3434 804 mortale
3476 752 3670 808 crimen
3712 760 3801 812 est.

486 846 790 905 Christiani
838 862 1057 912 sumus,
1106 845 1237 899 ﬁdei
1289 849 1346 899 et
1390 843 1509 915 spei
1549 859 1641 898 res
1683 846 1798 910 est;
1838 850 1899 899 ut
1930 848 2122 899 autem
2225 842 2310 897 Sit
2346 841 2510 896 fortis
2549 846 2605 896 et
2638 841 2851 896 stabilis
2898 841 2954 896 in
2996 842 3168 897 corde
3216 842 3479 913 patientia
3510 846 3581 912 7°;
3626 850 3678 901 et
3715 866 3801 903 nec

488 957 615 1013 spes
645 945 702 994 et
727 939 872 994 ﬁdes
901 938 973 993 ad
999 939 1245 993 fructum
1284 938 1367 992 sui
1403 937 1624 1010 possint
1663 938 1985 1009 pervenire,
2023 954 2122 1008 pa-
2224 934 2504 990 adulterio
2530 934 2942 990 sanctificatum
2970 952 3177 1007 corpus
3201 942 3259 991 et
3289 936 3383 991 Dei
3423 940 3678 1010 templum
3705 943 3804 1011 pol-

489 1032 687 1088 tientia
715 1048 859 1104 opus
884 1038 987 1087 est.
1017 1032 1143 1085 Non
1183 1031 1337 1085 enim
1378 1036 1722 1101 praesentem
1761 1031 1999 1101 gloriam
2034 1046 2121 1083 se-
2224 1028 2433 1096 luitur,
2482 1046 2585 1084 nec
2624 1029 2861 1100 justitiae
2913 1029 3095 1084 dicata
3139 1030 3468 1085 innocentia
3506 1036 3805 1103 contagione

488 1126 736 1199 quimur,
770 1125 869 1180 sed
893 1126 1166 1191 futuram,
1197 1125 1511 1178 secundum
1553 1123 1702 1194 quod
1746 1128 1804 1178 et
1836 1124 2044 1178 Paulus
2075 1124 2123 1158 ⁸³
2223 1122 2439 1177 fraudis
2483 1123 2762 1189 inﬁcitur,
2802 1139 2906 1178 nec
2942 1129 3072 1194 post
3108 1127 3392 1194 gestatam
3426 1127 3526 1195 ('20)
3552 1127 3805 1182 Eucharis-

491 1225 775 1296 apostolus
803 1228 997 1277 monet
1037 1222 1232 1276 dicens
1267 1238 1280 1275 :
1312 1223 1415 1291 Spe
1454 1222 1659 1275 saluati
1689 1237 1870 1276 sumus
1895 1222 1962 1274 δ”.
1995 1223 2124 1292 Spes
2228 1215 2367 1270 tiam
2397 1217 2440 1251 ⁷¹
2473 1233 2679 1271 manus
2708 1217 2900 1287 gladio
2928 1221 2984 1271 ct
3011 1234 3215 1272 cruore
3244 1219 3568 1273 maculatur,

490 1325 671 1373 autem
701 1332 822 1387 qum
840 1317 1061 1370 videtur
1077 1331 1183 1369 non
1203 1321 1282 1369 est
1311 1330 1430 1384 spes
1457 1330 1469 1368 :
1495 1315 1639 1384 quod
1662 1317 1804 1369 enim
1828 1316 1977 1369 videt
2003 1318 2126 1385 quis
2297 1311 2400 1363 XV.
2446 1310 2699 1365 Charitas
2744 1310 3119 1365 fraternitatis
3163 1312 3451 1366 vinculum
3499 1319 3605 1380 est,
3636 1314 3809 1370 funda-

488 1412 623 1480 quid
641 1410 939 1480 sperat?Si
963 1413 1142 1462 autem
1172 1408 1315 1478 quod
1336 1424 1443 1461 non
1471 1409 1713 1462 videmus
1742 1423 2023 1478 speramus
2052 1409 2124 1472 53,
2225 1406 2487 1457 mentum
2528 1403 2698 1473 pacis,
2740 1405 3017 1458 tenacitas
3048 1422 3113 1459 ac
3156 1405 3398 1461 firmitas
3438 1407 3672 1473 unitatis,
3705 1425 3811 1478 qua:

490 1503 672 1576 631
719 1519 819 1573 per
853 1504 1185 1572 patientiam
1219 1507 1589 1571 exspectamus
1618 1503 1812 1573 (Rom,
1847 1518 1966 1570 vm,
2012 1502 2123 1572 24).
2227 1500 2282 1551 et
2319 1512 2417 1567 spe
2457 1495 2649 1569 632
2677 1502 2734 1552 et
2760 1497 2869 1552 fide
2917 1498 3099 1569 major
3138 1505 3242 1566 est,
3297 1515 3426 1570 quae
3472 1504 3527 1554 et
3572 1516 3728 1572 Opera
3768 1507 3814 1555 et

486 1599 802 1668 Propterea
833 1595 1177 1667 exspectatio
1205 1597 1263 1648 et
1295 1594 1572 1665 patientia
1598 1596 1923 1650 necessaria
1953 1598 2126 1649 estut
2227 1590 2502 1661 martyria
2538 1591 2829 1662 praecedit,
2874 1608 3003 1662 quae
3042 1592 3337 1647 nobiscum
3380 1609 3597 1664 semper
3631 1599 3815 1649 eterna

487 1689 549 1744 id
588 1688 744 1760 quod
777 1688 1053 1759 cepimus
1088 1686 1448 1758 impleamus,
1481 1694 1535 1742 et
1563 1688 1715 1758 quod
1750 1688 2033 1742 credimus
2070 1691 2129 1742 et
2229 1684 2382 1753 apud
2426 1685 2603 1738 Deum
2656 1684 2712 1738 in
2764 1686 2958 1755 regnis
3006 1686 3054 1720 ⁷³
3104 1685 3427 1741 ccelestibus
3472 1687 3815 1757 permanebit.

487 1798 778 1854 speramus
813 1784 928 1837 Deo
966 1784 1412 1852 repraesentante
1455 1782 1568 1853 (18)
1599 1782 1647 1816 ⁶⁶
1675 1781 1981 1852 capiamus.
2027 1773 2376 1845 De-BTolle
2416 1777 2498 1831 illi
2538 1778 2895 1847 patientiam,
2938 1784 2996 1833 et
3037 1779 3285 1833 desolata
3328 1796 3441 1835 non
3483 1780 3655 1834 durat.
3692 1782 3817 1836 Tolle

484 1876 663 1948 nique
687 1875 798 1929 alio
822 1876 878 1928 in
901 1874 1025 1929 loco
1048 1874 1518 1945 idem'apostolus
1533 1875 1717 1945 justas
1741 1883 1800 1929 et
1819 1878 2124 1945 operantes
2222 1870 2302 1924 illi
2348 1870 2665 1925 sustinendi
2706 1871 3099 1943 tolerandique
3140 1872 3539 1941 substantiam,
3582 1877 3636 1927 et
3678 1874 3820 1928 nullis

488 1973 545 2024 et
574 1968 747 2023 divini
773 1968 1004 2022 faenoris
1029 1968 1388 2022 incremento
1419 1967 1671 2023 cmlestes
1692 1969 1992 2023 thesauros
2013 1968 2124 2022 sibi
2223 1963 2507 2018 radicibus
2535 1980 2601 2018 ac
2632 1963 2846 2018 viribus
2876 1970 3220 2035 perseverat.
3247 1968 3542 2037 Apostolus
3580 1966 3815 2038 denique,

486 2062 868 2117 recondentes
897 2066 956 2115 ut
986 2062 1267 2131 patientes
1293 2078 1522 2132 quoque
1555 2061 1668 2116 sint
1695 2061 1930 2116 instruit
1958 2062 2125 2117 etdo-
2224 2072 2356 2111 cum
2415 2056 2485 2112 de
2537 2057 2810 2112 charitate
2863 2059 3215 2129 loqueretur,
3273 2061 3627 2115 tolerantiam
3672 2060 3740 2115 illi
3776 2066 3821 2115 et

488 2159 597 2222 cet,
644 2154 838 2209 dicens
882 2172 893 2207 :
938 2157 1100 2224 Ergo,
1141 2155 1272 2208 dum
1310 2161 1518 2225 tempus
1561 2156 1817 2209 habemus
1846 2171 2126 2225 operemur
2224 2151 2557 2221 patientiam
2577 2151 2793 2222 junxit.
2833 2152 3108 2220 Charitas,
3144 2154 3356 2225 inquit,
3388 2158 3728 2223 magnanima
3743 2159 3820 2219 est,

487 2249 631 2319 quod
659 2249 853 2302 bonum
882 2254 957 2302 est
986 2247 1060 2300 ad
1089 2262 1288 2309 omnes,
1329 2251 1563 2302 maxime
1600 2264 1724 2303 vero
1763 2249 1836 2302 ad
1872 2248 2120 2303 domesti-
2224 2246 2462 2299 charitas
2489 2245 2718 2315 benigna
2747 2252 2846 2312 est,
2879 2248 3120 2302 charitas
3156 2263 3265 2302 non
3299 2249 3600 2311 aemulatur,
3629 2265 3725 2303 non
3748 2251 3822 2303 in-

488 2357 574 2397 cos
617 2342 763 2411 ﬁdei.
813 2342 1025 2395 Bonum
1076 2346 1254 2395 autem
1310 2342 1572 2407 facientes
1624 2358 1730 2395 non
1785 2342 2124 2410 deﬁciamus;
2224 2339 2408 2406 ﬂatur,
2458 2355 2566 2393 non
2605 2342 2891 2408 irritatur,
2940 2356 3045 2395 non
3088 2343 3291 2410 cogitat
3345 2344 3545 2397 malum
3584 2344 3645 2409 ⁷³,
3675 2345 3822 2396 omnia

490 2443 722 2506 tempore
749 2438 891 2489 enim
917 2450 1010 2489 suo
1038 2439 1297 2488 metemus
1329 2435 1375 2469 ⁵⁷
1410 2435 1638 2505 (Galat.,
1679 2451 1755 2502 v1,
1797 2435 1872 2504 9).
1904 2436 2122 2489 Admo-
2226 2432 2426 2499 diligit,
2464 2448 2647 2487 omnia
2685 2434 2899 2496 credit,
2939 2437 3123 2489 omnia
3168 2443 3374 2504 sperat,
3417 2440 3595 2492 omnia
3632 2438 3823 2491 sustinet

490 2532 592 2583 net
634 2544 708 2583 ne
754 2528 881 2599 quis
925 2527 1232 2597 impatiens
1270 2528 1327 2581 in
1379 2528 1709 2599 operatione
1755 2529 2000 2597 deﬁciat,
2051 2545 2123 2583 ne
2228 2526 2267 2595 (1
2317 2524 2461 2586 σοι’..
2501 2542 2618 2589 xm,
2662 2527 2796 2596 4-7).
2836 2527 3096 2582 Ostendit
3124 2529 3257 2583 inde
3301 2530 3459 2584 illam
3498 2545 3823 2601 perseverare

489 2621 617 2693 quis
642 2621 1051 2676 tentationibus
1076 2623 1176 2675 aut
1201 2627 1466 2676 avocatus
1501 2627 1601 2676 aut
1626 2622 1808 2677 victus
1839 2622 1899 2677 in
1938 2623 2126 2677 medio
2226 2619 2499 2673 tenaciter
2535 2636 2697 2690 posse
2741 2621 2897 2692 quod
2944 2622 3166 2677 noverit
3210 2623 3405 2677 omnia
3452 2624 3729 2679 sustinere.
3773 2624 3824 2678 Et

488 2715 673 2770 laudis
702 2719 758 2769 et
785 2715 981 2785 gloriae
1021 2714 1232 2769 itinere
1269 2714 1527 2785 desistat,
1562 2721 1619 2769 et
1647 2720 1891 2787 pereant
1922 2722 2125 2787 praete-
2225 2712 2334 2766 alio
2376 2712 2431 2767 in
2470 2712 2595 2767 loco
2630 2729 2641 2767 :
2683 2715 3040 2779 Sustinentes,
3080 2715 3287 2787 inquit,
3336 2720 3558 2773 invicem
3602 2719 3657 2771 in
3696 2717 3826 2772 dilec-

486 2808 616 2877 rita,
659 2808 799 2862 dum
850 2824 979 2880 quae
1026 2810 1316 2878 coeperant
1358 2808 1631 2863 desinunt
1677 2825 1798 2864 esse
1850 2806 2123 2880 perfecta,
2230 2806 2392 2867 tione,
2427 2809 2560 2862 satis
2591 2813 2805 2873 agentes
2842 2823 3059 2863 servare
3091 2811 3360 2865 unitatem
3398 2812 3624 2881 spiritus
3646 2813 3700 2864 in
3721 2824 3825 2863 con-

489 2902 636 2957 sicut
663 2902 934 2972 scriptum
972 2907 1056 2956 est
1088 2918 1101 2955 :
1134 2903 1363 2956 Iustitia
1391 2902 1533 2970 justi
1566 2918 1677 2958 non
1722 2904 1973 2958 liberabit
2008 2918 2129 2959 eum
2217 2899 2506 2966 junctione
2531 2902 2687 2970 pacis
2721 2900 2964 2972 (Ephes.,
3002 2919 3072 2969 IV,
3116 2904 3191 2973 2).
3238 2904 3506 2959 Probavit
3548 2920 3647 2959 nec
3679 2903 3828 2958 unita-

487 2999 547 3051 in
574 3011 915 3066 quacumque
949 2996 1036 3049 die
1076 2998 1405 3049 exerravertt
1439 2996 1677 3061 (Ezech.,
1708 2999 2029 3064 xxxm,1‘2).
2064 2998 2129 3050 Et
2232 2996 2342 3046 tem
2369 2995 2581 3047 servari
2615 3011 2776 3065 posse
2807 3011 2911 3050 nec
2961 3012 3161 3066 pacem
3205 2997 3316 3051 nisi
3361 3015 3422 3052 se
3472 2998 3700 3053 invicem
3734 2996 3827 3050 fra-

487 3089 697 3144 iterum
734 3106 746 3143 :
785 3091 921 3143 Tene
949 3089 1092 3159 quod
1117 3089 1302 3149 habes,
1334 3105 1400 3143 ne
1424 3091 1568 3143 alius
1605 3092 1838 3161 accipiat
1876 3106 2127 3145 coronam
2155 3144 2200 3161 ﬂ
2227 3091 2344 3140 tres
2375 3090 2579 3141 mutua
2610 3090 2912 3143 tolerantia
2942 3090 3189 3158 foveant,
3222 3094 3281 3144 et
3307 3091 3624 3147 concordiae
3662 3092 3826 3146 vincu-

491 3188 639 3238 tuam
667 3182 879 3252 (Apoc,
914 3198 990 3249 ιιι,
1027 3181 1132 3249 11).
1168 3181 1305 3244 Quae
1337 3198 1440 3235 vox
1469 3182 1804 3237 adhortatur
1845 3183 2128 3253 patienter
2148 3180 2202 3217 υ
2228 3180 2347 3236 lum
2376 3180 2648 3251 patientia
2682 3182 3073 3238 intercedente
3103 3185 3445 3239 custodiant.

488 3279 548 3330 et
597 3277 820 3330 fortiter
872 3290 1253 3344 perseverare,
1311 3280 1376 3328 ut
1426 3274 1525 3345 qui
1576 3276 1644 3329 ad
1700 3292 1966 3330 coronam
2018 3276 2125 3347 (19)
2298 3275 2427 3329 XVI.
2470 3274 2614 3338 Quid
2665 3275 2897 3345 deinde,
2940 3280 3002 3331 ut
3044 3294 3157 3332 non
3192 3278 3358 3349 jures
3399 3288 3585 3351 neque
3626 3278 3827 3334 maledi-

487 3368 660 3423 laude
707 3369 830 3439 jam
886 3368 1143 3439 proxima
1192 3368 1393 3421 nititur
1432 3368 1511 3433 ⁸⁸,
1558 3368 1803 3425 durante
1854 3368 2127 3441 patientia
2226 3384 2337 3435 cas,
2383 3374 2446 3422 ut
2491 3372 2586 3422 tua
2628 3368 2821 3424 ablata
2861 3386 2974 3424 non
3017 3376 3260 3443 repetas,
3295 3378 3381 3440 ut,
3421 3378 3643 3446 accepta
3674 3373 3826 3443 alapa,

489 3467 817 3517 coronetur.
2226 3468 2284 3516 et
2319 3462 2558 3516 alteram
2590 3461 2884 3518 maxillam
2916 3462 3242 3519 verberanti
3271 3466 3554 3537 prmbeas,
3601 3468 3659 3521 ut
3693 3464 3830 3521 fratri

560 3557 691 3610 XIV.
742 3553 1021 3610 Patientia
1060 3558 1273 3620 autem,
1323 3553 1531 3610 fratres
1579 3554 1961 3624 dilectissimi,
2006 3572 2126 3612 non
2226 3554 2287 3609 in
2316 3557 2371 3609 te
2400 3556 2655 3626 peccanti
2686 3573 2801 3611 non
2843 3560 3071 3612 tantum
3112 3559 3323 3629 septies
3353 3562 3486 3632 (21),
3513 3560 3608 3615 sed
3635 3564 3827 3631 septua-

489 3653 709 3705 tantum
743 3650 892 3702 bona
920 3647 1185 3714 custodit,
1228 3648 1325 3702 sed
1359 3653 1415 3704 et
1451 3649 1675 3720 repellit
1712 3648 1966 3703 adversa.
1995 3650 2120 3720 Spi-
2228 3648 2347 3721 gies
2385 3648 2593 3719 septies
2638 3650 2708 3716 ⁷⁸,
2748 3651 2847 3704 sed
2891 3657 2945 3705 ct
2988 3651 3181 3706 omnia
3228 3655 3470 3709 omnino
3516 3660 3731 3725 peccata
3763 3652 3829 3705 di-

488 3744 626 3798 ritui
670 3746 865 3798 sancto
909 3742 1103 3796 favens
1145 3744 1204 3796 et
1240 3742 1556 3797 ccelestibus
1598 3758 1659 3796 ac
1702 3742 1905 3797 divinis
1933 3744 2121 3798 cohaa-
2227 3742 2435 3810 mittas,
2470 3747 2531 3796 ut
2569 3742 2777 3815 diligas
2816 3744 3081 3800 inimicos
3109 3752 3255 3814 tuos,
3288 3754 3351 3802 ut
3389 3763 3498 3819 pro
3540 3743 3831 3802 adversariis

1875 3916 2084 3982 Variae
2124 3918 2463 3981 lectiones.

549 4052 595 4086 ⁸³
616 4052 888 4114 Discipuli
917 4052 1026 4123 mei
1055 4052 1188 4102 estis
1220 4053 1318 4102 Ar.
1366 4053 1536 4103 Saris.
1563 4053 1689 4104 Bod.
1718 4056 1765 4115 1,
1795 4054 1846 4113 2,
1872 4053 1920 4115 3,
1951 4055 1998 4104 4.
2066 4054 2109 4088 ⁸³
2137 4054 2461 4106 Secundum
2489 4053 2639 4119 quod
2669 4059 2724 4107 et
2749 4055 2955 4108 Paulus
2980 4057 3103 4108 Bod.
3142 4060 3189 4120 1,
3218 4058 3266 4123 2,
3288 4059 3338 4122 3,
3368 4060 3417 4111 4.
3483 4059 3528 4094 α
3557 4057 3701 4110 Salvi
3728 4055 3833 4106 facti

501 4138 699 4176 sumus
726 4125 871 4173 Lam.
906 4122 1058 4173 Ebor.
1089 4123 1224 4172 Pem.
1255 4123 1382 4173 Bod.
1414 4124 1460 4173 2.
1528 4122 1570 4157 ⁸⁵
1597 4124 2081 4188 Exspectationem
2131 4138 2422 4188 speramus
2472 4126 2637 4175 Saris.
2671 4130 2757 4176 Ar.
2805 4127 2930 4177 Bod.
2970 4127 3020 4186 2,
3045 4129 3093 4178 4.
3152 4129 3263 4179 Ver.
3335 4131 3381 4163 ³⁸
3427 4130 3547 4180 Deo
3571 4139 3834 4192 represen-

503 4200 657 4247 tante
696 4195 823 4246 Bod.
852 4197 899 4256 1,
938 4196 985 4256 2,
1014 4197 1062 4255 3,
1089 4196 1135 4244 4.
1165 4195 1331 4245 Saris.
1381 4196 1496 4245 Lin.
1551 4196 1662 4246 Ver.
1717 4200 1896 4248 Benev.
1935 4199 2114 4248 Bonet.
2168 4198 2285 4246 Deo
2330 4199 2628 4260 praestante
2670 4196 2825 4245 Oxon.
2892 4194 2937 4228 ⁸⁷
2972 4196 3253 4248 Metemus
3302 4213 3419 4250 non
3447 4200 3649 4263 fatigati
3679 4197 3773 4247 ΝΟ.
3798 4198 3833 4244 1.

493 4266 539 4300 ⁸⁸
576 4264 851 4317 Coronam
879 4264 1064 4315 laudis
1087 4266 1201 4328 jam
1227 4266 1546 4328 proximam
1596 4268 1778 4331 Bod.1,
1809 4270 1926 4331 3,4.
1976 4271 2116 4319 Voss.
2146 4272 2191 4317 1.
2216 4268 2459 4317 Laudem
2492 4280 2658 4330 quam
2691 4266 2940 4330 proxime
2974 4268 3153 4318 Marci.
3186 4269 3255 4319 Et
3286 4269 3510 4320 tandem
3536 4270 3647 4332 jam
3679 4264 3832 4330 proxi-

490 4349 637 4386 mam
690 4336 827 4383 Foss.
860 4336 1009 4383 Eros.
1075 4334 1119 4366 '9
1148 4334 1422 4397 Qualitur
1451 4337 1587 4389 Γιςιι.
1630 4341 1768 4388 Voss.
1802 4340 1850 4389 2.
1882 4339 2008 4389 Bod.
2053 4340 2084 4388 2
2105 4373 2117 4386 .
2156 4341 2201 4388 4.
2270 4336 2311 4371 ⁷ο
2334 4338 2427 4387 Sic
2446 4336 2572 4387 forti
2597 4340 2649 4386 et
2673 4336 2855 4386 stabili
2881 4342 3144 4387 manente
3172 4339 3226 4388 in
3262 4339 3436 4389 corde
3458 4338 3725 4402 patientia,
3750 4345 3833 4384 nec

495 4405 775 4457 adulterio
801 4408 964 4455 Saris.
1033 4405 1074 4438 7'
1101 4404 1381 4456 Cestatam
1404 4407 1827 4459 Eucharistiam
1852 4409 1979 4460 Bod.
2010 4411 2057 4468 1,
2088 4410 2136 4459 2.
2166 4412 2275 4458 ΜΒ.
2314 4409 2432 4458 Thu.
2468 4410 2602 4457 Foss.
2643 4406 2772 4453 Voss.
2805 4408 2850 4467 1,
2876 4407 2922 4456 2.
2956 4407 3095 4457 Lam.
3129 4407 3283 4457 Ebor.
3311 4414 3362 4458 et
3387 4422 3558 4457 omne:
3584 4408 3837 4471 Impr.ante

489 4477 685 4528 Pamel.
714 4476 939 4528 Gestam
964 4477 1373 4528 Eucharistiam
1398 4480 1507 4528 Lin.
1577 4479 1621 4513 ⁷³
1644 4481 1874 4532 Eterna
1899 4482 1953 4530 in
1982 4482 2167 4544 regnis
2216 4483 2303 4529 Ar.
2338 4481 2477 4528 Lam.
2536 4476 2689 4524 Ebor.
2730 4476 2838 4527 ΝΟ.
2887 4479 2998 4527 Lin.
3030 4478 3153 4528 Bod.
3192 4481 3236 4541 1,
3281 4480 3328 4541 2,
3366 4482 3418 4541 3,
3450 4482 3498 4529 4.
3567 4478 3606 4512 ⁷³
3649 4477 3833 4540 Cogitat

488 4548 717 4611 malum,
742 4561 851 4597 non
884 4546 1089 4611 gaudet
1116 4560 1286 4610 super
1311 4550 1628 4613 iniquitate,
1661 4552 1971 4603 collaetatur
2007 4558 2193 4603 autem
2226 4553 2279 4601 in
2313 4551 2543 4601 veritate
2587 4550 2692 4598 Lz‘n.
2763 4547 2804 4581 ⁷⁴
2838 4548 3204 4613 Septuaginta
3233 4555 3293 4601 et
3326 4557 3544 4615 septem
3574 4549 3692 4600 Bod.
3720 4548 3759 4596 4.

1785 4679 2013 4763 Steph.
2058 4680 2305 4745 Baluzii
2350 4684 2548 4743 notae.

547 4823 644 4896 (t_8)
678 4824 1115 4886 Reprzsentante.
1145 4824 1265 4889 Ego
1305 4839 1418 4876 non
1448 4827 1666 4878 inﬁcior
1716 4831 1852 4894 quin
1905 4821 2205 4896 vulgataD
2227 4843 2359 4881 vero
2387 4830 2687 4881 lectionem
2719 4829 2996 4879 Pamelius
3038 4830 3227 4879 retulit
3260 4829 3318 4878 in
3367 4830 3704 4885 contextum,
3731 4833 3829 4896 eam

484 4891 674 4952 lectio,
720 4906 847 4956 qua:
901 4899 1183 4956 praestante
1240 4896 1427 4959 habet,
1482 4901 1554 4949 sit
1604 4891 1830 4964 optima.
1880 4904 1953 4953 At
1997 4891 2184 4953 cum—
2228 4900 2486 4959 videlicet
2516 4901 2587 4950 ob
2626 4914 2850 4951 causam
2897 4900 3047 4964 quod
3083 4913 3257 4950 manu
3305 4912 3420 4949 non
3465 4901 3706 4962 gustetur
3737 4893 3829 4944 Eu-

484 4968 673 5013 nostra
736 4965 948 5014 nitatur
1000 4968 1326 5018 auctoritate
1381 4969 1771 5020 novemdecim
1835 4971 2126 5035 exempla—
2227 4972 2508 5033 charistia,
2567 4970 2661 5022 sed
2718 4971 2851 5021 olim
2928 4973 3131 5034 gestari
3205 4971 3368 5021 solita
3419 4971 3492 5020 sit
3550 4970 3604 5019 in
3669 4976 3829 5016 manu.

484 5036 627 5085 rium
680 5039 996 5086 nostrorum
1050 5043 1105 5087 et
1152 5051 1251 5087 sex
1293 5040 1750 5103 Anglicanorum,
1786 5046 1904 5092 tum
1959 5044 2125 5093 etiam
2228 5043 2388 5106 Quod
2438 5043 2709 5106 Rigaltius
2767 5041 3020 5106 probavit
3095 5043 3288 5105 Itaque
3344 5042 3531 5091 visum
3575 5044 3656 5089 est
3711 5036 3831 5085 hanc

481 5107 799 5179 testimonio
857 5106 1023 5168 Flori,
1074 5107 1372 5159 arbitratus
1418 5124 1541 5161 sum
1593 5124 1714 5162 eam
1784 5112 2123 5163 reddendam
2225 5116 2542 5172 lectionem,
2595 5128 2722 5179 quas
2774 5118 3039 5178 prmterea
3086 5116 3283 5164 nititur
3346 5112 3673 5163 auctoritate
3726 5108 3831 5179 octo

481 5190 603 5227 esse
632 5177 931 5241 Cypriano-
2223 5190 2472 5237 veterum
2522 5177 2944 5248 exemplarium,
2988 5198 3111 5236 esse
3151 5184 3517 5235 retinendam.
3566 5182 3695 5232 Nam
3740 5178 3831 5241 Cy-

544 5251 644 5309 (19)
710 5249 786 5298 Ad
837 5262 1131 5321 coronam,
1164 5250 1401 5301 Multum
1447 5253 1663 5303 variant
1724 5255 1779 5304 in
1832 5255 1941 5307 hoc
1998 5256 2123 5307 loco
2224 5259 2455 5321 prianus
2509 5258 2563 5306 in
2621 5258 2760 5306 libro
2817 5257 2882 5305 de
2936 5257 3138 5320 Lapsis,
3185 5258 3260 5306 ait
3313 5272 3324 5305 :
3372 5274 3402 5305 α
3440 5256 3510 5304 Et
3557 5251 3700 5317 quod
3739 5260 3831 5297 non

482 5323 666 5370 vetera
715 5320 1073 5383 exemplaria.
1106 5320 1374 5382 Quaedam
1422 5325 1573 5374 enim
1618 5325 1884 5376 exhibent
1929 5327 2120 5378 lectio-
2224 5320 2413 5377 statim
2436 5329 2658 5378 Domini
2685 5341 2886 5391 corpus
2920 5328 3223 5391 inquinatis
3259 5326 3522 5376 manibus
3551 5322 3781 5391 accipiat.
3800 5334 3829 5391 _»

481 5405 608 5462 nem
639 5404 804 5455 quam
837 5404 938 5439 nos
963 5392 1317 5451 retinuimus,
1348 5393 1455 5443 alia
1503 5396 1574 5444 ad
1622 5409 1873 5446 coronam
1922 5398 2120 5459 laudis,
2228 5399 2365 5448 Vide
2393 5399 2665 5448 Joannem
2699 5389 3043 5462 Stephanum
3074 5399 3427 5457 Durantium,
3455 5397 3549 5446 lib.
3578 5409 3611 5454 ι,
3636 5406 3747 5462 cap.
3767 5389 3829 5447 16,

481 5461 591 5512 alia
620 5466 675 5512 et
701 5466 917 5511 veteres
959 5462 1227 5514 editiones
1273 5464 1345 5513 ad
1379 5478 1629 5515 coronam
1678 5472 1725 5516 et
1771 5467 1974 5518 tandem
1996 5470 2119 5532 jam
2220 5469 2289 5521 de
2320 5469 2521 5520 Ritibus
2568 5470 2805 5520 Ecclesiae
2842 5471 3122 5531 catholicas,
3171 5470 3395 5521 Henrici
3445 5467 3644 5517 Valesii
3689 5461 3830 5511 adno-

478 5536 798 5609 prorzcimam.
841 5533 924 5582 Ex
954 5533 1064 5584 illis
1094 5534 1267 5585 lector
1293 5548 1416 5585 eam
1460 5537 1626 5601 eliget
1657 5552 1783 5602 quae
1810 5538 1915 5589 sibi
1945 5541 2120 5604 magis
2220 5542 2455 5591 tationes
2497 5542 2566 5591 ad
2609 5542 2937 5605 Eusebium,
2981 5543 3074 5592 lib.
3124 5556 3202 5602 vr,
3244 5555 3363 5606 cap.
3406 5541 3488 5601 43,
3535 5542 3589 5589 et
3635 5535 3723 5609 lib.
3749 5542 3828 5609 vti.

480 5607 746 5681 arriserit.
1006 5676 1033 5681 Α
1544 5679 1553 5681 Α
2219 5625 2340 5675 cap.
2385 5614 2449 5674 9;
2490 5612 2846 5664 Cardinalem
2901 5615 3132 5675 Bonam,
3182 5613 3278 5664 lib.
3327 5626 3363 5664 ιι
3399 5614 3588 5662 Rerum
3618 5606 3829 5681 timeat-

538 5679 957 5749 (20)_AGestatam.
996 5676 1206 5749 Omnes
1236 5681 1450 5749 veteres
1491 5679 1766 5732 editiones
1813 5686 1870 5733 et
1916 5681 2116 5733 sexde-
2217 5674 2422 5744 carum,
2450 5696 2569 5749 cap.
2608 5685 2687 5746 17,
2734 5689 2789 5735 et
2832 5674 3264 5748 Hospinianum,
3311 5684 3405 5734 lib.
3452 5696 3469 5732 ι
3513 5681 3577 5732 de
3615 5674 3821 5741 Templis:

473 5749 584 5799 cim
610 5746 739 5798 libri
777 5752 1017 5811 veteres,
1070 5748 1239 5800 etiam
1280 5748 1694 5815 Seguierianus,
1754 5752 1961 5803 habent
1984 5765 2111 5818 gus-
2227 5766 2347 5817 cap.
2378 5755 2426 5805 ὅ.

470 5823 658 5884 tatam,
685 5825 835 5886 octo,
883 5821 938 5872 et
988 5820 1046 5871 in
1090 5817 1182 5870 his
1228 5819 1584 5886 Veronensis,
1627 5828 1900 5889 gestatam.
1949 5817 2114 5876 Istam
2280 5825 2381 5890 (2|)
2437 5827 2556 5880 Non
2617 5832 2822 5881 tantum
2861 5827 3063 5895 septies.
3132 5828 3211 5880 Ita
3276 5830 3499 5881 veteres
3563 5820 3809 5875 editione!
