3998 6194
217 165 297 217 657
1362 155 1557 211 LIBER
1598 155 1683 209 DE
1716 156 1794 211 ΒΟ

1933 156 2324 212 ΡΑΤΙΡΝΤΙΑΞ.

3428 165 3530 218 658

215 291 256 340 et
277 279 697 354 persecutoribus
741 296 974 351 precem
1004 279 1220 334 facias?
1270 280 1556 334 Poterisne
1583 281 1629 313 ⁷⁵
1676 280 1782 333 ista
1810 292 1866 365 Α
1889 279 1956 332 de
2001 281 2342 334 cruciatibus
2383 281 2718 351 vulnerum,
2749 282 2819 336 de
2857 285 3161 340 amissione
3189 285 3521 340 charornm.

213 377 442 450 perﬁcere
460 361 524 442 7°,
562 374 665 428 nisi
719 374 1009 445 patientia
1037 377 1096 428 et
1121 375 1437 429 tolerantia
1465 379 1662 428 teneas
1689 375 1787 429 ﬁr-

210 469 472 526 mitatem?
512 468 667 532 Quod
713 469 924 528 factum
970 469 1232 522 videmus
1275 469 1332 522 in
1380 469 1740 540 Stephano"7
1775 488 1787 524 :

210 566 302 636 qui,
330 579 447 618 cum
476 580 509 616 a
547 563 752 617 Judais
783 563 835 616 vi
867 566 926 616 et
971 563 1252 633 lapidibus
1296 569 1618 630 necaretur,
1676 580 1789 618 non

208 660 289 713 sibi
330 657 643 725 vindictam,
686 657 784 710 sed
835 656 1292 711 interfectoribus
1334 657 1559 711 veniam
1602 663 1792 728 postu-

206 753 327 807 labat
363 750 547 805 dicens
591 767 602 804 :
643 752 888 817 Domine,
934 766 999 804 ne
1054 753 1268 805 statuas
1308 752 1420 805 illis
1462 753 1560 805 hoc
1605 767 1789 821 pecca-

205 855 293 901 tum
318 845 477 914 (Act,
523 859 612 913 v11,
655 845 766 912 59).
799 844 886 898 Sic
913 859 1030 897 esse
1070 843 1322 914 oportuit
1347 844 1600 914 primum
1644 861 1794 898 mar-

204 947 354 1010 tyrem
395 937 615 1003 Christi,
683 937 781 1006 qui
852 941 1130 1008 martyres
1194 940 1486 992 secuturos
1539 938 1794 1008 gloriosa

202 1039 353 1087 morte
392 1046 765 1102 praeurrens,
814 1047 926 1084 non
975 1035 1197 1085 tantum
1243 1031 1552 1085 Dominica
1582 1032 1794 1102 passio-

202 1127 270 1180 nis
300 1125 628 1196 pradicator
668 1125 904 1192 esset",
953 1125 1050 1179 sed
1091 1129 1147 1179 et
1186 1125 1622 1195 patientissima
1649 1125 1790 1180 leni-

200 1220 303 1274 tatis
329 1219 590 1273 imitator.
633 1217 781 1282 Quid
812 1219 996 1272 dicam
1042 1219 1112 1272 de
1156 1218 1259 1286 ira,
1294 1219 1362 1272 de
1393 1219 1694 1281 discordia,
1723 1219 1794 1274 de

199 1314 472 1379 simultate,
491 1328 617 1383 qua
640 1312 696 1366 in
719 1312 1038 1366 Christiano
1059 1329 1180 1367 esse
1201 1329 1314 1366 non
1335 1311 1528 1384 633
1547 1313 1795 1368 debent?

194 1407 260 1463 Sit
284 1407 541 1477 patientia
570 1407 625 1460 in
670 1413 922 1476 pectore,
953 1412 1010 1461 et
1055 1407 1179 1460 hac
1218 1407 1331 1460 illic
1361 1407 1552 1460 locum
1581 1407 1794 1461 habere

198 1517 287 1554 non
310 1506 572 1571 possunt;
599 1503 696 1553 aut
739 1501 782 1554 si
815 1500 970 1554 adire
1011 1501 1378 1566 tcntaveriut,
1429 1500 1539 1554 cito
1570 1502 1796 1554 exclusa

195 1595 479 1660 discedunt,
528 1601 595 1648 ut
641 1594 997 1648 domicilium
1039 1594 1335 1664 paciﬁcum
1384 1601 1706 1665 perseveret
1735 1595 1791 1647 in

1891 374 2002 428 Nec
2027 373 2180 428 aliud
2215 375 2452 444 magis83
2484 375 2632 429 inter
2657 376 2894 446 injustos
2922 379 3189 434 discernit
3222 386 3278 434 et
3302 381 3520 449 justos,

1890 483 2062 538 quam
2092 468 2246 539 quod
2276 468 2334 521 in
2377 469 2628 522 adversis
2670 486 2769 538 per
2815 471 3236 540 impatientiam
3269 473 3530 544 queritur

1893 568 1947 615 et
1977 561 2332 632 blasphemat
2361 562 2625 632 injustus,
2656 563 2922 633 patientia
2945 565 3131 634 justus
3154 569 3198 601 ⁸⁵
3236 568 3526 637 probatur,

1894 655 2039 709 sicut
2082 655 2360 726 scriptum
2391 662 2475 711 est
2509 673 2520 710 :
2566 659 2631 709 In
2663 657 2841 712 dolore
2867 661 3092 721 sustine,
3140 666 3188 714 et
3229 663 3287 713 in
3315 663 3531 715 humili-

1896 754 2007 802 tate
2049 755 2145 803 tua
2189 752 2513 820 patientiam
2551 751 2709 812 habe,
2742 754 3000 820 quoniam
3029 755 3087 806 in
3115 756 3239 820 igne
3266 756 3530 824 probatur

1894 857 2092 898 aurum
2119 849 2169 898 et
2187 851 2473 911 argentum
2501 844 2547 877 ⁸⁵
2577 845 2793 913 (Eecli.,
2827 861 2885 912 ιι,
2920 847 2993 915 4).

1966 937 2141 992 XVlIl.
2194 937 2282 991 Sic
2321 937 2422 992 Job
2471 937 2832 992 examinatus
2882 945 2966 994 est
2996 944 3052 994 et
3082 941 3348 1010 probatus
3379 946 3437 995 et
3462 943 3530 996 ad

1895 1046 2192 1084 summum
2239 1030 2532 1101 fastigium
2576 1031 2765 1085 laudis
2805 1031 3090 1103 patientia
3144 1035 3346 1089 virtute
3398 1051 3531 1105 pro-

1894 1130 2105 1178 vectus.
2140 1125 2358 1188 Quanta
2385 1125 2654 1179 adversus
2683 1142 2815 1179 eum
2845 1126 3055 1181 diaboli
3079 1128 3270 1198 jacula
3302 1129 3529 1198 emissa,

1895 1223 2108 1288 quanta
2156 1217 2386 1272 admota
2446 1220 2768 1273 tormenta!
2825 1221 3045 1274 Iactura
3097 1222 3175 1275 rei
3232 1222 3533 1277 familiaris

1896 1310 2201 1380 inﬂigitur,
2236 1329 2554 1366 numerosa
2577 1313 2788 1366 sobolis
2813 1313 3025 1368 orbitas
3046 1315 3351 1386 irrogatur.
3371 1317 3533 1371 Dives

1897 1404 1954 1458 in
2009 1421 2182 1458 censu
2228 1405 2517 1474 dominus,
2567 1410 2623 1460 et
2667 1407 2724 1459 in
2756 1407 2950 1461 liberis
3001 1415 3164 1479 pater
3207 1409 3394 1476 ditior,
3424 1427 3532 1464 nec

1897 1497 2160 1551 dominus
2225 1503 2459 1569 repente
2509 1516 2614 1553 nec
2674 1505 2835 1570 pater
2897 1505 3000 1555 est.
3064 1503 3289 1557 Accedit
3332 1505 3528 1558 vulne-

1898 1607 2024 1644 rum
2051 1591 2300 1659 vastitas,
2348 1598 2404 1646 et
2443 1593 2799 1647 tabescentes
2829 1609 2895 1648 ac
2940 1594 3182 1650 ﬂuentes
3209 1603 3363 1650 artus
3391 1598 3528 1651 edax

195 1689 335 1743 corde
363 1688 455 1742 ubi
502 1690 680 1743 Deum
732 1688 884 1759 pacis
923 1687 1166 1741 delectet
1206 1688 1482 1741 habitare.
1515 1689 1795 1741 Admonet
1816 1667 1870 1737 Β
1895 1701 2120 1756 quoque
2147 1687 2426 1739 vermium
2458 1703 2624 1757 pana
2653 1688 2954 1741 consumit.
2996 1693 3094 1752 Ac,
3129 1706 3199 1744 ne
3233 1690 3370 1760 quid
3400 1707 3520 1744 om-

193 1782 403 1854 denique
444 1783 750 1854 Apostolus
795 1785 853 1836 et
895 1781 1061 1836 docet
1115 1781 1310 1836 dicens
1332 1782 1378 1815 79
1423 1798 1435 1835 :
1476 1783 1654 1837 Nolite
1678 1798 1798 1835 con-

195 1879 377 1930 tristare
422 1876 690 1945 Spiritum
729 1882 980 1930 sanctum
1025 1877 1140 1941 Dei,
1189 1878 1246 1928 in
1287 1891 1391 1944 quo
1437 1877 1798 1943 signriti'estis

193 1973 235 2022 in
258 1971 382 2024 diem
421 1971 805 2039 redemptionis
835 1970 903 2023 ⁸ο.
950 1971 1134 2026 Omnis
1166 1970 1480 2022 amaritudo
1534 1975 1582 2022 et
1632 1972 1717 2022 ira
1748 1974 1797 2022 et

191 2065 468 2131 indignatio
494 2071 547 2118 et
573 2065 774 2118 clamor
799 2070 848 2117 et
879 2065 1214 2132 blasphemia
1259 2064 1558 2129 auferatur
1586 2080 1618 2115 ιι
1646 2065 1795 2116 vobis

193 2158 397 2228 (Ephes,
427 2175 498 2225 iv,
536 2161 645 2226 50).
675 2157 728 2213 Si
757 2157 913 2210 enim
939 2157 1294 2210 Christianus
1322 2173 1353 2209 a
1375 2158 1562 2210 furore
1589 2162 1643 2210 et
1671 2173 1798 2210 con-

191 2253 415 2306 tentione
459 2253 695 2320 carnali,
742 2256 1012 2321 tauquam
1065 2251 1134 2304 de
1197 2251 1372 2304 maris
1431 2251 1794 2319 turbinibus,

189 2346 408 2414 excessit,
438 2353 495 2400 et
517 2345 856 2415 tranquillus
885 2362 949 2398 ac
989 2344 1134 2397 lenis
1162 2345 1218 2397 in
1249 2350 1412 2413 portu
1442 2344 1647 2399 Christi
1677 2359 1797 2398 esse

183 2439 281 2507 jam
321 2441 501 2511 capit,
555 2455 658 2493 nec
711 2439 854 2492 iram
901 2454 1006 2491 nec
1056 2438 1390 2492 discordiam
1432 2437 1601 2491 debet
1648 2437 1796 2491 intra

187 2541 352 2602 pectus
381 2533 706 2596 admittere,
740 2534 829 2586 cui
857 2548 961 2586 nec
994 2533 1210 2586 malum
1243 2549 1344 2602 pro
1373 2531 1526 2586 malo
1555 2531 1795 2586 reddere

187 2627 322 2680 liceat
347 2644 448 2682 nec
477 2627 692 2681 odisse.

242 2722 381 2773 XVII.
411 2723 645 2776 Necnon
671 2721 740 2774 ad
772 2720 930 2774 varia
962 2734 1188 2790 quoque
1217 2719 1402 2772 carnis
1429 2718 1797 2773 incommoda

187 2821 230 2869 et
267 2815 486 2870 crebros
559 2815 816 2885 corporis
878 2813 1162 2884 durosque
1232 2813 1536 2879 cruciatus,
1589 2812 1796 2882 quibus

186 2908 473 2963 humanum
503 2925 692 2980 genus
717 2907 967 2979 quotidie
1004 2907 1272 2977 fatigatur
1301 2911 1356 2961 et
1385 2907 1660 2978 quatitur,
1696 2924 1792 2976 pa-

187 3003 356 3056 tientia
401 3002 729 3057 necessaria
773 3006 877 3056 est.
931 3002 1105 3067 Nam,
1155 3017 1287 3054 cum
1341 3001 1397 3054 in
1463 3000 1555 3054 illa
1612 3001 1795 3070 prima

184 3097 608 3167 transgressione
636 3096 906 3166 pracepti
951 3095 1191 3148 ﬁrmitas
1228 3093 1484 3164 corporis
1511 3110 1644 3147 cum
1695 3095 1798 3146 im-

187 3191 506 3244 mortalitate
559 3189 898 3255 diseesserit,
959 3195 1014 3242 et
1061 3205 1192 3242 cum
1251 3193 1435 3242 morte
1496 3187 1795 3241 inﬁrmitas

186 3285 395 3349 venerit,
446 3300 552 3337 nec
591 3283 762 3354 possit
800 3282 1035 3335 ﬁrmitas
1063 3282 1236 3352 recipi
1264 3282 1371 3334 nisi
1409 3297 1536 3335 cum
1570 3284 1795 3350 recepta

185 3378 231 3426 et
264 3374 658 3428 immortalitas
707 3373 900 3438 fuerit,
948 3375 1170 3442 oportet
1217 3372 1277 3425 in
1323 3371 1431 3425 hac
1482 3371 1791 3441 fragilitate

184 3472 330 3537 atque
355 3466 694 3521 inﬁrmitate
719 3481 992 3536 corporea
1013 3467 1055 3499 ⁸¹
1091 3465 1290 3519 luctari
1319 3481 1553 3535 semper
1580 3469 1636 3518 et
1664 3482 1792 3518 con-

184 3561 338 3628 gredi.
365 3563 502 3625 Qua
545 3560 776 3614 luctatio
806 3565 862 3614 et
889 3559 1217 3629 congressio
1266 3575 1379 3612 non
1429 3558 1534 3612 nisi
1579 3559 1792 3628 patien-

184 3654 262 3706 tia
297 3655 504 3708 viribus
549 3657 738 3725 potest
791 3653 1086 3707 sustineri.
1141 3652 1544 3706 Examinandis
1598 3658 1794 3706 autem

184 3747 322 3801 nobis
386 3751 562 3819 atque
629 3746 992 3817 explorandis
1019 3747 1064 3779 ⁸²
1136 3745 1342 3800 diversi
1413 3745 1797 3815 importantur

183 3839 399 3908 dolores,
453 3845 513 3896 et
554 3841 848 3911 multiplex
884 3839 1264 3893 tcntationum
1312 3839 1554 3908 qualitas
1581 3838 1796 3908 irroga-

180 3941 274 4003 tur,
306 3937 374 3990 de
413 3935 657 4006 jacturis
702 3935 1059 3999 facultatum,
1102 3932 1172 3986 de
1201 3933 1496 3987 ardoribus
1524 3932 1793 3998 febrium,

1902 1777 2039 1831 nino
2068 1782 2395 1832 remaneret
2421 1779 2574 1850 quod
2609 1795 2724 1834 non
2754 1780 2857 1834 Job
2891 1780 2947 1834 in
2977 1782 3090 1834 suis
3120 1783 3531 1837 tentationibus

1900 1871 2276 1942 experiretur,
2329 1877 2518 1926 armat
2558 1873 2819 1928 diabolus
2867 1879 2923 1927 et
2968 1893 3226 1941 uxorem,
3269 1877 3363 1930 illo
3392 1877 3532 1932 anti-

1899 1982 2010 2036 quo
2038 1966 2309 2036 nequitia
2340 1984 2454 2020 sua
2486 1984 2618 2020 usus
2641 1968 2891 2039 ingenio,
2926 1971 3082 2040 quasi
3108 1968 3300 2041 634
3329 1987 3532 2024 omnes

1901 2076 2000 2128 per
2031 2059 2330 2113 mulierem
2361 2061 2618 2131 decipere
2651 2068 2837 2130 posset
2866 2067 2921 2115 et
2973 2063 3184 2128 fallere,
3219 2065 3374 2134 quod
3400 2065 3532 2119 fecit

1897 2153 1957 2205 in
1994 2154 2190 2206 mundi
2217 2154 2474 2223 origine;
2510 2171 2612 2208 nec
2643 2161 2827 2210 tamen
2857 2156 2960 2210 Job
2992 2158 3258 2227 gravibus
3298 2175 3360 2211 ac
3389 2159 3527 2213 den-

1898 2247 1972 2299 sis
2000 2248 2508 2302 contlietationibus
2551 2249 2838 2318 frangitur
2886 2250 3192 2320 quominus
3219 2252 3372 2306 inter
3402 2253 3529 2308 illas
3584 2243 3586 2246 ﬁ

1898 2342 2192 2410 angustias
2243 2345 2300 2395 et
2347 2359 2636 2412 pressuras
2683 2360 2809 2396 suas
2842 2345 2945 2398 Dei
2994 2345 3320 2402 benedictio
3343 2349 3388 2381 ⁸⁸
3421 2349 3528 2417 (‘22)

1899 2435 2125 2488 victrice
2171 2435 2441 2505 patientia
2488 2437 2852 2506 pradicetur.
2897 2439 3097 2491 Tobias
3127 2456 3374 2509 quoque,
3409 2449 3534 2511 post

1890 2528 2130 2598 justitia
2181 2533 2238 2582 et
2282 2529 2687 2584 misericordia
2733 2547 2850 2583 sua
2877 2546 3051 2600 opera
3080 2533 3404 2601 magniﬁca,
3441 2535 3528 2587 lu-

1899 2622 2120 2675 minum
2161 2621 2462 2676 amissione
2511 2625 2784 2691 tentatus,
2832 2623 2889 2677 in
2938 2630 3218 2694 quantum
3250 2627 3532 2696 patienter

1897 2717 2204 2769 caecitatem
2246 2717 2498 2786 pertulit,
2544 2717 2602 2770 in
2653 2720 2878 2770 tantum
2906 2718 3199 2788 granditer
3227 2721 3400 2774 Deum
3435 2737 3529 2790 pa-

1897 2809 2113 2862 tientia
2141 2809 2310 2863 laude
2341 2810 2682 2880 promeruit.

1969 2904 2100 2957 ΧΙΧ.
2147 2905 2357 2973 Atque,
2403 2908 2465 2956 ut
2513 2904 2720 2974 magis,
2768 2904 2970 2959 fratres
3019 2905 3389 2974 dilectissimi,
3440 2923 3533 2976 pa-

1898 2996 2113 3050 tientia
2164 2997 2380 3051 bonum
2454 2999 2658 3065 luceat,
2719 2998 2852 3069 quid
2901 2999 3033 3052 mali
3056 3001 3099 3033 ⁸⁷
3158 3017 3187 3053 e
3244 3000 3530 3056 contrario

1899 3090 2261 3160 impatientia
2308 3092 2578 3162 importet
2627 3093 3072 3146 consideremus.
3127 3093 3287 3159 Nam,
3333 3099 3390 3146 ut
3436 3111 3534 3163 pa-

1898 3183 2097 3238 tientia
2138 3184 2356 3238 bonum
2403 3186 2609 3241 Christi
2637 3189 2746 3252 est,
2773 3186 2848 3239 sic
2878 3203 2907 3238 c
2943 3190 3140 3240 contra
3171 3186 3532 3258 impatientia

1897 3277 2106 3331 diaboli
2150 3277 2366 3331 malum
2389 3279 2435 3311 ⁸⁸
2481 3280 2634 3346 (23);
2675 3283 2733 3332 et
2779 3280 2919 3333 sicut
2947 3279 3004 3333 in
3057 3297 3171 3350 quo
3217 3280 3434 3335 habitat
3479 3286 3535 3335 et

1895 3377 2091 3425 manet
2139 3370 2412 3437 Christus,
2464 3374 2685 3441 patiens
2734 3373 3050 3440 invenitur,
3104 3373 3182 3427 ita
3228 3374 3533 3445 impatiens

1893 3480 2122 3534 semper
2149 3464 2340 3518 existit
2386 3464 2548 3534 cujus
2590 3470 2843 3519 mentem
2889 3467 3103 3521 diaboli
3130 3467 3382 3538 nequitia
3408 3484 3533 3538 pos—

1895 3557 2060 3611 sidet.
2117 3558 2356 3611 Exordia
2414 3558 2661 3629 denique
2719 3559 2842 3628 ipsa
2895 3559 3206 3615 videamus.
3262 3561 3532 3616 Diabolus

1895 3649 2195 3704 hominem
2219 3651 2263 3684 39
2293 3651 2366 3704 ad
2399 3651 2720 3721 imaginem
2765 3653 2862 3706 Dei
2903 3653 3114 3707 factum
3164 3655 3528 3724 impatienter

1898 3743 2024 3796 tulit
2057 3762 2070 3797 :
2107 3743 2238 3796 inde
2266 3749 2320 3797 et
2359 3744 2527 3814 periit
2556 3745 2774 3814 primus
2799 3747 2902 3815 (‘24)
2933 3752 2987 3800 et
3021 3747 3286 3816 perdidit.
3323 3748 3527 3814 Adam,

1895 3842 2092 3890 contra
2118 3837 2340 3890 coelestc
2387 3842 2760 3908 praeceptum,
2790 3839 2898 3893 cibi
2945 3840 3168 3893 lethalis
3203 3840 3529 3911 impatiens,

1897 3931 1954 3982 in
2003 3935 2247 3984 mortem
2304 3930 2526 3997 cecidit,
2583 3949 2685 3986 nec
2743 3937 3034 4003 acoeptam
3089 3933 3358 3988 divinitus
3407 3951 3533 4006 gra-

1546 4100 1753 4164 Varia
1811 4100 2150 4163 lectiones.

229 4233 265 4268 ⁷⁵
290 4238 406 4287 Non
438 4239 646 4302 poteris
688 4240 789 4288 ista
832 4238 955 4288 Bari.
989 4241 1033 4298 t,
1065 4238 1111 4287 3.
1183 4236 1224 4268 ⁷⁸
1279 4237 1524 4286 Perferre
1555 4239 1644 4286 Ar.
1693 4238 1859 4286 Saris.
1917 4238 2053 4285 Lam.
2085 4234 2232 4283 Ebor.
2273 4239 2408 4286 Voss.
2474 4238 2516 4272 ⁷⁷
2551 4241 2596 4288 Α
2628 4237 2912 4302 Stephano
2965 4240 3102 4287 Law.
3145 4237 3293 4288 Ebor.
3325 4239 3532 4290 Bod.2.

179 4304 218 4340 ⁷⁸
249 4309 437 4360 Meruit
463 4310 794 4374 praedicator
837 4323 958 4360 esse
993 4310 1161 4360 Saris.
1229 4309 1269 4340 7’
1320 4309 1505 4358 Monet
1555 4308 1748 4358 dicens
1771 4310 1896 4358 Bod.
1929 4310 1970 4356 l.
2017 4307 2298 4356 Admonet
2327 4308 2571 4372 denique
2611 4309 2896 4371 apostolus
2954 4309 3154 4358 Paulus
3185 4311 3294 4358 Ver.
3361 4309 3404 4342 ⁸ο
3434 4311 3536 4360 Die

178 4379 557 4442 redemptionis
589 4382 751 4429 Saris.
791 4381 921 4428 Bod.
957 4382 1003 4439 t,
1031 4382 1080 4430 '2.
1120 4381 1247 4427 Vict.
1316 4379 1359 4412 ⁸¹
1387 4378 1646 4440 Corporis
1677 4379 1874 4427 luctari
1917 4390 2134 4440 semper
2157 4378 2277 4426 ﬂori.
2315 4381 2362 4435 3,
2390 4381 2436 4428 4.
2503 4377 2547 4413 ⁸⁸
2572 4379 2876 4428 l’robandis
2911 4379 3114 4428 diversi
3157 4381 3531 4442 importantur

181 4450 378 4502 labores
415 4453 525 4500 Ver.
593 4453 633 4486 ⁸³
665 4452 832 4514 Magis
857 4454 1034 4514 justos
1069 4451 1334 4500 discernit
1367 4453 1530 4498 Sat-is.
1580 4452 1699 4500 Red.
1735 4454 1774 4511 Ι,
1806 4453 1849 4509 2,
1876 4452 1924 4508 3,
1947 4453 1986 4499 t.
2062 4451 2103 4484 ⁸⁵
2147 4450 2291 4502 Just'.
2347 4452 2474 4499 Voss.
2511 4450 2551 4496 1.
2620 4449 2660 4480 ⁸³
2699 4450 2964 4497 Homines
3004 4462 3133 4497 vero
3181 4450 3529 4512 receptibiles

179 4526 226 4573 in
255 4530 471 4577 camino
508 4528 916 4576 humiliationis
944 4527 1066 4576 Bod.
1100 4527 1118 4575 t
1189 4526 1230 4559 ³⁵
1256 4525 1706 4575 Benedictionem
1737 4524 1964 4573 victrice
1992 4525 2251 4586 patientia
2288 4520 2608 4583 pradicaret
2638 4520 2770 4567 Voss.
2813 4522 2850 4568 l.
2896 4521 3026 4566 Pem.
3059 4518 3179 4566 Βιτιι.
3223 4520 3265 4567 4.
3315 4519 3424 4568 NC.
3471 4519 3520 4567 2.

178 4595 212 4628 ⁸⁷
233 4595 297 4646 Et
319 4599 454 4662 quid
479 4598 612 4648 mali
647 4599 812 4648 Saris.
882 4597 922 4627 ⁸⁸
959 4597 1163 4646 Malum
1196 4601 1279 4646 est
1306 4595 1431 4646 Bod.
1458 4598 1504 4657 1,
1533 4597 1580 4645 4.
1646 4595 1688 4628 ⁸³
1715 4596 1895 4646 Deum
1922 4596 2264 4659 superiorem
2302 4606 2361 4642 se
2383 4596 2435 4641 et
2461 4591 2744 4640 hominem
2771 4590 2837 4639 ad
2873 4591 2994 4638 Vict.

1457 4726 1680 4808 Steph.
1747 4726 1988 4789 Baluzii
2048 4731 2244 4790 nota.

176 4854 327 4904 etiam
362 4855 702 4916 Morelliana,
735 4858 789 4903 et
829 4853 941 4902 duo
971 4853 1364 4943 l‘i'brilveterps.
1409 4852 1575 4943 Quod
1601 4865 1794 4943 sump-
1817 4872 1875 4943 Ι)
1899 4856 2029 4943 runt
2063 4866 2072 4898 :
2108 4869 2134 4896 «
2161 4851 2260 4943 Daci
2309 4847 2754 4929 benedictionem
2780 4845 3025 4943 1vietri‘ce
3060 4843 3533 4943 patientia

178 4930 282 4974 tum
318 4931 399 4976 est
429 4940 500 4976 ex
531 4927 709 4990 capite
741 4939 925 4975 xxvui
975 4924 1238 4974 Mattbai.
1283 4924 1475 4987 Itaque
1523 4923 1614 4973 hic
1642 4923 1798 4974 locus

175 4995 378 5046 videtur
408 5011 532 5047 esse
567 4998 798 5046 mutilus
846 4998 900 5045 in
943 4997 1188 5059 antiquis
1218 4995 1526 5055 codicibus,
1558 4998 1654 5058 qui
1685 5008 1796 5043 non

176 5064 369 5116 habent
421 5068 571 5117 hanc
625 5067 970 5130 particulam.
1026 5067 1162 5115 Eam
1220 5066 1500 5114 Manutius
1554 5067 1796 5125 sustulit,

176 5136 444 5188 Morellius
493 5140 756 5202 reposuit,
799 5138 1075 5187 Pamelius
1113 5150 1332 5186 rursum
1390 5139 1632 5188 sustulit.
1683 5137 1798 5187 Co-

175 5206 268 5256 dex
298 5211 478 5258 sancti
520 5209 814 5272 Arnulphi,
847 5222 953 5259 non
1001 5213 1202 5258 tantum
1241 5210 1572 5270 septuaginta
1618 5214 1663 5258 et
1686 5222 1799 5270 sep-

176 5284 278 5327 tem.
351 5281 430 5330 Ea
487 5282 964 5345 argumentatione
1020 5284 1076 5330 et
1133 5281 1458 5329 auctoritate
1513 5293 1647 5329 usus
1714 5283 1800 5330 est

176 5347 493 5401 Catholicus
526 5354 894 5401 Armenorum
940 5365 1086 5401 anno
1132 5351 1250 5401 1247
1295 5350 1362 5401 ad
1409 5352 1797 5401 Innocentium

177 5419 366 5483 Papam
399 5423 476 5472 1V
516 5424 782 5478 scribens.
811 5426 870 5472 ut
914 5423 964 5472 ei
1008 5423 1265 5473 suaderet
1310 5423 1651 5484 parcendum
1678 5435 1799 5472 esse

176 5491 446 5544 Friderico
497 5494 834 5558 imperatori,
885 5493 1148 5544 adversus
1217 5508 1385 5557 quem
1443 5494 1800 5545 vehementer

177 5569 441 5614 exarserat
473 5565 758 5615 iracundia
807 5567 987 5629 Papa.
1019 5564 1161 5615 Vide
1208 5565 1508 5616 Odoricum
1552 5565 1799 5628 Raynal—

178 5629 321 5694 dum,
351 5648 502 5684 anno
526 5635 665 5694 ΕΠ,
697 5636 729 5700 ς
757 5636 834 5686 34.

238 5703 328 5767 (2%)
363 5706 459 5757 Dei
520 5706 818 5760 benedictio.
871 5706 1112 5771 Quidam
1155 5706 1280 5758 libri
1332 5709 1545 5760 veteres
1595 5709 1798 5781 prafe-

1902 4926 2062 4972 tetur.
2113 4940 2138 4966 »
2188 4920 2583 4982 Seguierianus
2638 4933 2647 4966 :
2709 4936 2735 4961 «
2780 4917 2882 4966 Dei
2944 4915 3260 4966 benedictio
3310 4916 3536 4966 victrice

1899 4994 2162 5056 patientia
2198 4991 2607 5056 praedicetur.»
2654 4990 2746 5040 Sic
2777 4989 2940 5040 etiam
2989 4987 3161 5039 codex
3208 4990 3386 5040 sancti
3432 4991 3535 5038 Ar-

1899 5063 2416 5196 milﬁgglimputientia
2470 5132 2668 5181 diaboli
2711 5131 2927 5182 malum.
2983 5130 3122 5180 Vide
3161 5129 3366 5180 librum
3402 5131 3536 5182 Ter-

1901 5205 2117 5254 tulliani
2147 5205 2210 5254 de
2259 5204 2585 5265 Paenitentia,
2631 5205 2726 5268 qui
2770 5207 2914 5253 totus
2958 5203 3014 5252 in
3055 5202 3160 5253 hoc
3212 5207 3538 5266 argumento

1899 5281 2256 5410 migrari“
2297 5347 2518 5411 primus.
2575 5346 2754 5398 Siricii
2804 5359 2961 5409 papa
3010 5345 3255 5410 Epistoln
3290 5345 3362 5394 ad
3411 5344 3538 5393 uni-

1899 5433 2072 5470 versos
2123 5421 2384 5484 episcopos
2435 5435 2449 5468 :
2509 5438 2535 5464 «
2586 5421 2704 5469 Non
2774 5419 2976 5483 patitur
3039 5419 3258 5482 quietos
3315 5431 3417 5467 nos
3469 5416 3538 5465 ab

1898 5489 2272 5541 incursatione
2314 5505 2415 5540 sua
2461 5504 2656 5542 vacare
2704 5491 2879 5541 hostis
2917 5491 3202 5554 antiquus,
3259 5489 3327 5538 ab
3378 5488 3538 5536 initio

1898 5560 2159 5621 mendax,
2193 5562 2455 5612 inimicus
2499 5563 2764 5621 veritatis,
2801 5561 3041 5612 amulus
3080 5559 3344 5619 hominis,
3371 5571 3541 5620 quem

1899 5637 1961 5683 ut
1988 5632 2286 5697 deciperet,
2314 5648 2374 5685 se
2398 5639 2525 5687 ante
2553 5633 2793 5700 decepit.
2824 5651 2854 5681 »
