3998 6194
441 277 542 330 659

1380 274 1434 330 S.
1475 274 1788 330 CYPRIANI
1826 273 2103 330 OPERUM
2145 273 2314 328 PARS
2341 273 2409 328 ll.
2451 301 2515 315 —
2547 273 2914 330 OPUSCULA.

3688 277 3778 332 660

444 401 582 454 tiam
613 399 894 470 patientia
921 400 1152 456 custode
1181 400 1423 455 servavit
1445 418 1460 468 ;
1491 403 1547 454 et
1579 404 1641 453 ut
1665 400 1900 453 fratrem
1929 398 2069 453 tlaiu
2094 410 2152 482 Α
2173 403 2316 452 tem.
2343 398 2498 453 Facit
2515 398 2764 453 humiles
2789 399 2848 452 in
2875 399 3193 470 prosperis,
3216 398 3276 452 in
3294 397 3543 453 adversis
3561 399 3776 453 fortes”1

443 494 774 564 perimeret,
841 495 1095 549 sacriﬁcii
1167 496 1287 566 ejus
1341 499 1400 549 et
1457 495 1709 550 muneris
1764 492 2064 564 impatiens

440 588 587 655 fuit;
623 595 678 642 et
714 588 864 658 quod
902 590 1048 642 Esau
1079 590 1146 643 de
1194 590 1505 661 majoribus
1556 589 1628 643 ad
1683 589 1906 642 minora
1939 587 2064 640 des-

443 681 654 749 cendit,
705 683 983 752 primatus
1032 700 1163 737 suos
1209 701 1311 754 per
1357 683 1780 754 impatientiam
1832 680 1999 735 lentis
2020 680 2068 714 9°

445 775 654 831 amisit.
685 777 828 840 Quid
845 776 1106 831 Judaicus
1135 779 1379 848 populus
1401 777 1546 832 circa
1568 775 1852 830 beneﬁcia
1881 774 2072 828 divina

443 871 694 942 perﬁdus
738 878 795 925 et
835 871 1114 940 ingratus,
1159 887 1352 926 nonne
1405 871 1560 942 quod
1605 887 1637 923 a
1681 870 1791 923 Deo
1819 868 2070 938 primum

447 966 696 1033 recessit,
732 965 1105 1035 impatientia:
1147 966 1360 1019 crimen
1393 965 1519 1030 fuit,
1571 964 1707 1017 dum
1736 962 1911 1032 Moysi
1940 975 2070 1015 cum

452 1063 563 1115 Deo
586 1062 630 1094 ⁹¹
679 1060 1052 1130 colloquentis
1096 1076 1284 1114 moras
1329 1075 1445 1112 non
1494 1062 1678 1128 potest
1721 1057 1888 1122 ferre,
1941 1070 2070 1126 pro-

450 1157 612 1210 fauos
662 1156 795 1210 deos
838 1171 1009 1209 ausus
1047 1162 1129 1208 est
1189 1155 1474 1225 postulare
1496 1153 1565 1217 9’,
1614 1156 1676 1205 ut
1730 1148 1948 1204 itineris
1987 1149 2072 1202 sui

450 1251 624 1304 duces
665 1250 1086 1320 nuncuparet93
1139 1254 1310 1318 caput
1364 1246 1642 1300 bubulum
1690 1250 1746 1298 et
1801 1247 2074 1298 terrestre

450 1344 834 1415 ﬁgmentum;
889 1361 991 1397 nec
1042 1358 1291 1412 unquam
1339 1340 1410 1393 ab
1457 1341 1657 1394 eadem
1713 1336 2078 1408 impatientia

451 1439 688 1503 destitit,
737 1439 1084 1508 quominus,
1139 1451 1364 1505 semper
1408 1433 1715 1487 docilitatis
1765 1438 1822 1485 et
1875 1431 2079 1485 divina:

453 1531 863 1586 admonitionis
913 1530 1240 1600 impatiens,
1290 1528 1597 1598 prophetas
1646 1542 1775 1579 suos
1820 1529 1876 1578 et
1898 1525 2080 1592 justos

453 1642 707 1697 quosque
741 1624 1097 1694 perimendo,
1123 1624 1189 1676 ad
1219 1637 1442 1675 crucem
1491 1636 1723 1690 quoque
1766 1626 1823 1672 et.
1852 1617 1922 1670 ad
1954 1634 2078 1670 san-

453 1720 685 1790 guinem
735 1717 961 1772 Domini
1007 1716 1307 1787 prosiliret.
1363 1712 1721 1784 Impatieutia
1749 1713 1923 1765 etiam
1950 1714 1996 1745 9‘
2023 1711 2076 1764 in

2167 495 2363 548 contra
2393 493 2634 564 injurias
2664 497 2721 547 et
2762 493 3142 548 contumelias
3189 493 3379 547 mites.
3423 493 3592 546 Docet
3635 493 3798 547 delin-

2171 587 2486 658 quentibus
2517 586 2631 642 cito
2668 587 3006 658 ignoscere;
3041 588 3085 642 si
3133 588 3256 658 ipse
3296 587 3606 656 delinquas,
3637 587 3723 641 diu
3750 591 3800 642 et

2171 681 2422 736 multum
2455 698 2686 752 rogare.
2724 682 3094 736 Tentationes
3126 687 3443 752 expugnat,
3476 682 3798 750 persecutio-

2172 792 2272 830 nes
2303 776 2525 842 tolerat,
2553 775 2844 847 passiones
2876 781 2932 830 et
2965 776 3242 847 martyria
3277 777 3652 830 consummat.
3686 776 3797 844 Ipsa

2181 875 2267 923 est
2300 886 2430 940 qua:
2478 869 2616 924 ﬁdei
2646 875 2856 924 nostra:
2887 869 3274 924 fundamenta
3319 869 3560 922 ﬁrmiter
3584 869 3758 921 munit
3785 885 3796 922 :

2173 963 2298 1035 ipsa
2323 968 2406 1017 est
2431 979 2557 1033 qum
2581 963 2942 1017 incrementa
2966 963 3082 1033 spei
3106 963 3431 1017 sublimiter
3451 961 3703 1032 provehit
3721 963 3792 1016 ".

2174 1060 2307 1127 ipsa
2361 1060 2555 1111 actum
2585 1057 2633 1092 99
2685 1057 2900 1126 dirigit,
2951 1062 3011 1110 ut
3078 1060 3272 1111 tenere
3341 1056 3617 1127 possimus
3660 1056 3792 1109 viam

2175 1150 2421 1219 Christi,
2467 1151 2603 1204 dum
2636 1167 2743 1222 per
2773 1151 2894 1220 ejus
2926 1151 3282 1204 tolerantiam
3331 1149 3626 1220 gradimur
3655 1166 3666 1203 :
3695 1149 3794 1220 ipsa

2179 1246 2350 1299 efﬁcit
2404 1249 2464 1298 ut
2512 1260 2948 1314 perseveremus
2988 1244 3086 1298 ﬁlii
3135 1244 3257 1310 Dei,
3301 1243 3440 1297 dum
3484 1243 3791 1313 patientiam

2179 1339 2357 1394 Patris
2386 1338 2702 1392 imitamur.

2253 1434 2378 1486 XX].
2411 1433 2540 1500 Sed,
2574 1433 2848 1503 quoniam
2874 1431 3146 1501 plurimos
3169 1431 3304 1497 scio,
3338 1431 3545 1484 fratres
3572 1430 3791 1484 dilectis-

2182 1527 2328 1594 simi,
2364 1526 2452 1579 vel
2484 1526 2739 1596 pondere
2773 1525 3114 1596 injuriarum
3144 1525 3491 1595 augentium
3513 1525 3595 1577 vel
3624 1525 3792 1579 dolore

2185 1621 2252 1674 de
2287 1621 2353 1676 iis
2399 1620 2498 1690 qui
2538 1619 2838 1673 adversum
2869 1635 2925 1674 se
2955 1623 3290 1690 grassantur
3319 1623 3374 1672 et
3405 1618 3657 1683 saeviunt,
3685 1619 3787 1671 vin-

2186 1714 2360 1768 dicari
2389 1714 2655 1766 velociter
2683 1729 2913 1784 cupere,
2958 1729 3060 1766 nec
3104 1712 3245 1766 illud
3275 1712 3336 1765 in
3379 1713 3664 1765 extrema‘
3693 1713 3785 1779 (25)

453 1781 702 1868 Ecclesia
728 1781 1024 1867 haereticos
1060 1811 1215 1878 facit,
1251 1813 1326 1874 et,
1362 1809 1433 1862 ad
1452 1781 1784 1863 ﬁJudteorum
1813 1805 2078 1858 similitu-
2105 1781 2159 1852 B
2188 1812 2345 1879 parte
2387 1781 2877 1874 reticendumvest,
2930 1810 3007 1872 ut,
3041 1807 3098 1860 in
3140 1806 3260 1860 istis
3306 1806 3627 1860 ﬂuctuantis
3651 1822 3793 1858 mun-

455 1910 674 1974 dinem,
707 1913 904 1961 contra
935 1904 1141 1960 Christi
1172 1919 1371 1974 pacem
1408 1907 1464 1956 et
1492 1901 1823 1954 cliaritatcm
1851 1899 2084 1953 rebelles

456 2004 525 2057 ad
554 2001 778 2056 hostilia
807 2003 864 2054 et
885 1999 1096 2053 furiosa
1125 1997 1257 2052 odia
1286 1996 1596 2066 compellit.
1633 1997 1717 2062 Et,
1750 2011 1818 2048 ne
1846 1994 2083 2062 longum

457 2099 531 2152 sit
555 2096 778 2166 singula
806 2109 1118 2158 recensere,
1152 2092 1341 2145 omnia
1390 2090 1627 2143 omnino
1659 2105 1784 2158 qua:
1816 2087 2085 2157 patientia

459 2191 723 2262 Operibus
786 2189 899 2242 suis
962 2185 1206 2240 aediﬁcat
1267 2185 1335 2238 ad
1393 2183 1657 2254 gloriam,
1727 2182 2086 2252 impatientia

459 2282 701 2337 destruit
733 2279 801 2333 ad
828 2277 1076 2332 ruinam.

533 2377 639 2431 XX.
686 2375 888 2438 Quare,
938 2371 1142 2424 fratres
1171 2366 1544 2432 dilectissimi,
1595 2370 1651 2419 et
1677 2365 1840 2419 bonis
1866 2365 2084 2436 patien-

463 2472 553 2525 tiae
569 2476 624 2524 et
651 2465 1021 2540 impatientiac
1049 2464 1214 2518 malis
1241 2463 1549 2532 diligenter
1567 2460 1846 2530 expensis,
1873 2461 2088 2530 patien-

461 2566 620 2630 tiam,
671 2578 775 2633 per
820 2577 989 2631 quam
1042 2559 1099 2612 in
1147 2557 1369 2613 Christo
1414 2571 1738 2620 manemus,
1788 2560 1849 2608 ut
1894 2554 2086 2607 venire

462 2675 590 2714 cum
605 2656 828 2713 Christo
849 2654 921 2708 ad
940 2656 1112 2707 Deum
1131 2650 1412 2722 possimus
1427 2650 1495 2716 95,
1518 2649 1683 2718 plena
1698 2647 2088 2702 observatione

461 2757 794 2817 teneamus;
842 2763 969 2818 quae
1017 2745 1246 2816 copiosa
1276 2746 1337 2798 et
1379 2742 1670 2813 multiplex
1701 2758 1815 2796 non
1848 2747 2089 2811 angusto

463 2847 576 2900 ﬁne
621 2842 1000 2907 concluditur,
1045 2855 1146 2893 nec
1171 2837 1440 2892 brevibus
1471 2835 1736 2890 terminis
1772 2840 2087 2890 coercetur.

457 2943 592 2996 Late
632 2934 1002 3008 patet
1041 2933 1327 3004 patientia:
1353 2931 1561 2999 virtus;
1598 2934 1655 2984 et
1689 2931 1924 2984 ubertas
1966 2930 2091 2999 ejus

465 3040 520 3089 et
558 3032 793 3102 largitas
841 3031 909 3085 de
958 3028 1126 3082 unius
1173 3027 1408 3098 quidem
1452 3024 1708 3080 nominis
1756 3025 1909 3078 fonte
1955 3041 2089 3095 pro-

463 3127 751 3194 ﬁciscitur,
822 3123 942 3189 sed,
1019 3121 1444 3176 exundantibus
1513 3119 1690 3188 venis,
1761 3135 1861 3189 per
1914 3119 2094 3173 multa

467 3222 783 3293 gloriarum
869 3217 1074 3271 itinera
1157 3214 1532 3282 diffunditur;
1623 3229 1726 3266 nec
1814 3213 2093 3284 proﬁcere

463 3314 679 3386 aliquid
731 3314 787 3366 in
836 3311 1053 3365 actibus
1104 3309 1314 3364 nostris
1359 3313 1548 3378 potest
1589 3306 1660 3360 ad
1701 3322 2093 3360 consumman-

467 3411 595 3464 dam
647 3406 898 3471 laudem,
947 3403 1051 3456 nisi
1116 3402 1245 3456 inde
1290 3401 1806 3455 consummationis
1855 3400 2095 3471 accipiat

466 3501 799 3556 ﬁrmitatem
820 3499 890 3552 9°.
940 3496 1211 3553 Patientia
1258 3498 1342 3550 est
1389 3511 1519 3566 quae
1561 3511 1664 3548 nos
1709 3496 1821 3549 Deo
1851 3500 1906 3549 et
1948 3510 2095 3548 com-

471 3595 710 3650 mendat
749 3597 806 3648 et
848 3595 1054 3646 servat.
1113 3593 1238 3660 Ipsa
1284 3595 1368 3643 est
1414 3606 1543 3661 quas
1593 3588 1734 3642 iram
1793 3593 2093 3659 temperat,

470 3705 599 3760 qua:
652 3689 908 3758 linguam
963 3685 1174 3751 frenat,
1228 3688 1481 3739 mentem
1536 3682 1838 3752 gubernat,
1897 3698 2092 3752 pacem

471 3781 734 3847 custodit,
766 3779 1125 3850 disciplinam
1153 3778 1321 3848 regit,
1348 3776 1600 3832 libidinis
1625 3777 1905 3847 impetum
1935 3777 2091 3830 fran-

470 3877 575 3947 git,
627 3874 863 3928 tumoris
903 3872 1233 3927 violentiam
1285 3870 1629 3942 comprimit,
1663 3871 1990 3925 incendium
2022 3871 2092 3923 si-

474 3969 730 4024 multatis
795 3967 1125 4037 exstinguit,
1198 3971 1414 4019 coercet
1474 3965 1785 4035 potentiam
1837 3965 2096 4032 divitum,

477 4065 725 4135 inopiam
771 4078 1089 4134 pauperum
1139 4060 1376 4124 refovet,
1434 4063 1623 4113 tuetur
1666 4059 1724 4113 in
1784 4059 2100 4130 virginibus

472 4159 697 4213 beatam
745 4156 1156 4226 integritatem,
1197 4155 1255 4207 in
1296 4153 1479 4207 viduis
1513 4153 1848 4207 laboriosam
1877 4155 2099 4208 castita-

473 4257 612 4318 tem,
642 4253 700 4305 in
733 4250 1043 4320 conjunctis
1073 4251 1130 4302 et
1159 4247 1435 4302 maritalis
1466 4246 1823 4301 individuam
1850 4248 2100 4302 Charita-

2184 1903 2240 1957 di
2268 1901 2592 1955 turbinibus
2624 1906 2680 1954 et
2707 1901 3030 1955 Judeeorum
3063 1901 3177 1954 sive
3207 1900 3511 1970 gentilium
3543 1904 3598 1955 et
3637 1900 3793 1953 hiare-

2187 1993 2426 2049 ticoriim
2469 2011 2698 2065 quoque
2744 1995 3233 2065 persecutionibus
3259 1994 3578 2059 constituti,
3608 1993 3794 2064 patien-

2187 2097 2272 2144 ter
2312 2092 2699 2160 exspectemus
2752 2089 2980 2142 ultionis
3025 2089 3198 2154 diem,
3251 2105 3357 2142 nec
3388 2088 3460 2142 ad
3509 2087 3792 2142 vindictam

2188 2183 2400 2237 doloris
2431 2184 2604 2236 nostri
2639 2183 2875 2253 querula
2915 2184 3020 2253 (26)
3061 2183 3427 2237 festinatione
3455 2197 3794 2253 properemus

2189 2294 2316 2331 cum
2363 2277 2635 2346 scriptum
2680 2277 2749 2330 sit
2785 2293 2796 2330 :
2829 2280 3095 2346 Exspecta
3138 2293 3240 2341 me,
3272 2278 3410 2332 dicit
3452 2279 3719 2335 Dominus,
3746 2277 3795 2328 in

2188 2373 2274 2425 die
2321 2372 2728 2425 resurrectionis
2787 2372 2956 2425 mea2
3004 2375 3063 2425 in
3117 2374 3500 2431 testimonium,
3566 2371 3795 2440 quoniam

2177 2466 2448 2534 judicium
2497 2481 2669 2518 meum
2707 2465 2780 2518 ad
2807 2468 3253 2534 congregationes
3283 2469 3550 2534 gentium,
3598 2471 3652 2518 ut
3677 2464 3795 2518 exci-

2182 2562 2335 2629 piam
2362 2573 2507 2625 reges
2545 2564 2592 2612 et
2620 2559 2895 2627 effundam
2920 2575 3082 2629 super
3110 2575 3192 2614 eos
3221 2562 3367 2613 iram
3411 2574 3579 2613 meam
3611 2557 3792 2626 (Soph.

2191 2669 2269 2719 Ill,
2316 2652 2391 2722 8).
2438 2653 2771 2722 Exspectare
2820 2669 2922 2706 nos
2970 2653 3136 2723 jubet
3179 2653 3501 2708 Dominus:t
3534 2655 3590 2706 et
3614 2651 3795 2705 futura

2190 2746 2422 2801 ultionis
2454 2745 2606 2800 diem
2632 2746 2765 2800 forti
2813 2746 3089 2818 patientia
3118 2747 3424 2802 sustinere.
3457 2746 3558 2812 Qui
3585 2745 3637 2799 in
3664 2748 3794 2814 Apo-

2191 2840 2403 2910 calypsi
2431 2839 2684 2911 loquitur
2707 2841 2902 2894 dicens
2931 2857 2943 2894 :
2978 2844 3057 2899 Ne
3097 2843 3404 2910 signaveris
3435 2841 3591 2896 verba
3627 2835 3794 2912 636

2189 2935 2486 3004 prophetia:
2531 2934 2660 2988 libri
2699 2935 2883 3003 hujus,
2921 2936 3054 3004 quia
3085 2934 3208 3004 jam
3239 2940 3450 3006 tempus
3477 2937 3535 2988 in
3575 2937 3795 3005 proximo

2194 3034 2272 3083 est
2318 3032 2379 3081 ut
2422 3032 2472 3082 et
2508 3030 2552 3081 ii
2591 3030 2690 3098 qui
2722 3035 3073 3097 perseverant
3112 3045 3301 3084 nocere
3352 3035 3592 3090 noceant,
3633 3033 3678 3082 et
3713 3026 3795 3094 qui

2193 3124 2253 3175 in
2296 3121 2546 3176 sordibus
2594 3128 2670 3177 est
2696 3123 2966 3177 sordescat
2993 3124 3188 3189 adhuc,
3208 3124 3400 3193 justus
3445 3128 3617 3178 autem
3645 3121 3796 3175 adhuc

2183 3216 2421 3285 justiora
2461 3215 2657 3285 faciat,
2703 3217 2955 3271 similiter
3003 3222 3054 3272 et
3103 3220 3200 3288 qui
3251 3224 3475 3273 sanctus
3505 3223 3578 3272 est
3597 3218 3636 3279 ‘,
3666 3229 3798 3270 sanc-

2195 3313 2356 3363 tiora.
2399 3312 2530 3365 Ecce
2577 3312 2729 3364 venio
2787 3312 2912 3373 cito,
2988 3315 3038 3366 et
3081 3327 3276 3366 merces
3309 3329 3427 3368 mea
3478 3327 3667 3366 mecum
3715 3314 3796 3372 est,

2192 3404 2414 3459 reddere
2462 3406 2753 3474 unicuique
2783 3405 3076 3459 secundum
3101 3407 3255 3472 facta
3303 3423 3408 3462 sua
3455 3407 3795 3477 (Apoc.,xxn,

2194 3497 2397 3568 10-12).
2440 3497 2596 3553 Unde
2641 3497 2818 3552 etiam
2857 3498 3163 3554 clamantes
3209 3504 3491 3572 martyres
3523 3503 3576 3553 et
3603 3499 3666 3552 ad
3698 3497 3796 3550 vin-

2197 3590 2406 3645 dictam
2421 3607 2602 3658 suam,
2624 3591 2819 3646 dolore
2839 3600 3198 3664 erumpente,
3217 3597 3591 3665 properantes
3610 3605 3800 3662 exspec-

2197 3688 2314 3739 tare
2363 3684 2549 3738 adhuc
2586 3685 2867 3755 jubentur
2912 3689 2968 3739 et
3016 3687 3378 3757 temporibus
3426 3700 3794 3741 consumman-

2195 3778 2280 3832 dis
2352 3777 2771 3849 implendisque
2837 3780 3186 3851 martyribus
3273 3781 3532 3852 praebere
3619 3779 3800 3851 patien-

2198 3872 2335 3925 tiam
2379 3888 2391 3925 :
2438 3875 2506 3928 Et
2563 3888 2682 3926 cum
2741 3877 3060 3942 aperuisset,
3110 3874 3316 3945 inquit,
3371 3879 3617 3946 quintum
3667 3872 3795 3940 sigil-

2200 3967 2310 4020 lum
2331 3967 2374 4032 ⁵,
2413 3967 2531 4020 vidi
2565 3967 2663 4020 sub
2713 3983 2814 4021 ara
2862 3970 2959 4022 Dei
3008 3971 3223 4022 animus
3279 3973 3568 4025 occisorum
3602 3972 3798 4039 propter

2199 4060 2416 4114 verbum
2465 4062 2557 4114 Dei
2607 4068 2656 4115 et
2706 4064 3033 4128 martyrium
3099 4079 3284 4130 suum,
3356 4070 3408 4118 et
3465 4064 3796 4118 clamauerunt

2201 4169 2323 4207 voce
2364 4169 2563 4222 magna
2609 4155 2836 4209 dicentes
2887 4172 2900 4208 :
2959 4156 3262 4226 Quousque,
3321 4161 3562 4216 Domine.
3615 4158 3799 4209 sanctus

2203 4253 2252 4302 et
2282 4263 2460 4314 verus,
2506 4263 2611 4302 non
2631 4249 2847 4318 judicas
2873 4255 2921 4304 et
2970 4251 3216 4306 vindicas
3245 4255 3565 4323 sanguinem
3596 4256 3800 4304 nostrum

1851 4415 2060 4478 Variae
2118 4414 2458 4478 lectiones.

537 4553 578 4583 9°
616 4551 812 4602 Mentis
835 4551 960 4602 Bod.
992 4554 1037 4610 l,
1069 4552 1115 4602 3.
1180 4551 1222 4584 ⁰¹
1247 4552 1364 4601 Deo
1392 4550 1674 4614 loquentis
1699 4550 1784 4600 Ar.
1819 4548 1943 4598 Bod.
1973 4549 2022 4598 2.
2062 4549 2194 4597 Voss.
2238 4549 2361 4598 Vict.
2432 4549 2474 4580 ⁹¹
2501 4549 2689 4600 Ausus
2725 4556 2808 4600 est
2859 4553 3142 4615 postulare
3172 4557 3312 4605 Lam.
3339 4556 3489 4605 Ebor.
3514 4558 3614 4606 Lz’n.
3643 4554 3733 4604 ΝΟ.
3764 4553 3797 4600 l.

474 4622 598 4674 Bod.
647 4625 691 4683 l,
729 4623 776 4675 2,
825 4623 874 4683 3,
932 4624 976 4672 4.
1021 4623 1118 4672 Est
1166 4623 1336 4670 omitt.
1378 4623 1534 4670 Oxon.
1603 4623 1644 4652 '-”
1690 4621 1877 4670 Duces
1907 4621 2105 4671 diceret

2190 4623 2247 4670 ir.
2324 4623 2364 4653 "
2397 4621 2580 4672 Etiam
2629 4623 2684 4670 in
2735 4622 2987 4674 Ecclesia
3063 4627 3206 4675 Lam.
3261 4627 3669 4678 Ebor.Ltn.NC.
3698 4623 3797 4682 με.

467 4694 508 4726 9⁵
566 4693 635 4742 Et
685 4693 874 4743 venire
926 4707 1054 4744 cum
1098 4693 1318 4743 Christo
1361 4693 1431 4742 ad
1476 4694 1652 4742 Deum
1711 4693 2102 4763 possumus_L

2190 4728 2209 4737 ..
2268 4690 2415 4740 Ebor.
2474 4697 2582 4743 Lin.
2631 4697 2736 4746 ΝΟ.
2795 4699 2920 4748 Bod.
2977 4701 3022 4750 t.
3077 4706 3124 4759 2,
3179 4703 3227 4763 3,
3279 4705 3324 4753 4.
3396 4703 3436 4737 η
3489 4703 3801 4751 Firmamen-

475 4766 593 4837 tum
625 4765 878 4837 Lin.Pem.
925 4763 1086 4837 _97_Et
1109 4764 1165 4812 in
1193 4763 1799 4837 adversis‘fortespod.
1936 4760 2300 4837 ’fAS_ubtiliter
2343 4765 2595 4837 provehit
2620 4770 2709 4816 Ar.
2779 4769 2818 4797 ‘9
2851 4770 2957 4832 Ipsi
2994 4760 3327 4837 agnitionem
3347 4778 3566 4824 actuum
3589 4767 3798 4822 θαλείῃ

477 4832 632 4882 Ebor.
664 4835 800 4882 Lam.
831 4834 1028 4892 δοίη,
1063 4836 1104 4883 l.
1254 4831 1269 4862 ι
1303 4835 1387 4883 είς
1439 4835 1578 4884 Lam.
1610 4833 1766 4883 Ebor.
1813 4835 1927 4882 Lin.
1958 4833 2064 4882 ΝΟ.
2102 4835 2148 4891 ι,
2183 4837 2230 4881 2.
2254 4836 2375 4884 Ben.
2413 4835 2580 4885 Sat-is.
2636 4838 2758 4888 Bod.
2799 4831 2910 4901 ιβ,
2945 4847 2990 4900 3,
3029 4831 3073 4890 ῐ.
3113 4844 3231 4892 nm.
3280 4845 3413 4894 Voss.
3445 4845 3552 4894 Nec
3594 4846 3643 4892 in
3670 4840 3799 4889 illum

477 4907 707 4954 extremi
739 4905 936 4968 judicii
972 4906 1116 4955 diem
1137 4906 1408 4955 malorum
1449 4905 1869 4977 retributionnm
1897 4902 2139 4962 differre,
2173 4903 2486 4977 nobiseum,
2515 4905 2818 4967 hortamur,
2847 4911 3066 4962 interim
3103 4914 3499 4977 amplectimini
3544 4908 3798 4976 patientia.

479 4979 540 5025 ut
572 4978 624 5025 in
658 4981 793 5025 extr.
829 4977 1028 5024 Morell.
1060 4977 1199 5026 Pam.
1233 4978 1390 5026 Oxon.
1455 4977 1474 5006 '
1503 4975 1898 5026 Retributionis
1929 4989 2067 5025 mese
2090 4974 2214 5025 Bod.
2246 4979 2289 5023 3.
2355 4975 2376 5008 ³
2400 4976 2617 5028 Fratres
2647 4980 2989 5032 dilectissimi
3013 4984 3120 5032 add
3147 4974 3305 5034 Giton.
3373 4989 3394 5018 ⁴
3425 4974 3648 5036 Sanctus
3666 4990 3799 5029 sanc-

477 5051 617 5098 tiora
644 5050 777 5097 Lam.
817 5047 968 5096 Ebor.
1004 5048 1128 5097 Bod.
1162 5049 1208 5106 1,
1235 5048 1282 5108 2,
1309 5051 1355 5109 3,
1386 5051 1428 5097 t.
1470 5049 1578 5096 Ver.
1608 5049 1744 5097 Man.
1814 5050 1830 5079 ⁵
1857 5047 2131 5109 Quintum
2157 5046 2379 5108 signum
2410 5048 2558 5096 Lam.
2592 5050 2739 5099 Ebor.
2777 5055 2948 5103 Saris.
2990 5056 3116 5105 Bod.
3149 5058 3195 5107 2.
3229 5061 3277 5119 3,
3299 5060 3341 5106 ἢ.
3387 5057 3494 5106 Ver.
3529 5055 3642 5104 Thu.

1801 5205 2026 5288 Steph.
2067 5205 2304 5268 Baluzii
2340 5210 2535 5272 nota.

544 5355 640 5417 (25)
697 5358 796 5445 Αἶσα
850 5357 1099 5445 illudrin
1155 5364 1404 5408 extrema.
1471 5360 1839 5445 Restituimus
1923 5361 2187 5445 lectio-D
2212 5359 2305 5445 illa
2336 5359 2446 5408 sint
2479 5373 2490 5407 :
2523 5359 2698 5445 «"Nec
2733 5358 2789 5407 in
2822 5355 3484 5445 illuinmextremi‘judicii
3523 5353 3656 5445 diem
3697 5361 3800 5398 ma-

477 5440 605 5476 nem
656 5432 903 5478 veterum
951 5429 1279 5487 editionum,
1323 5444 1489 5494 quam
1547 5431 1877 5481 conﬁrmant
1921 5425 2393 5482 xxxuiulorum
2434 5429 2858 5480 retributionem
2909 5427 3149 5485 differre,
3198 5429 3486 5479 nobiscum
3536 5425 3796 5494 hortamur.

475 5497 601 5546 libri
630 5501 800 5548 nostri
831 5505 886 5551 et
932 5514 1004 5550 xu
1041 5503 1348 5564 Anglicani.
1401 5501 1590 5552 Coacti
1621 5516 1815 5552 sumus
1841 5503 2022 5552 delere
2049 5517 2113 5552 ea

477 5582 602 5632 quas
635 5575 844 5620 mutata
897 5575 949 5621 et
1003 5571 1188 5621 addita
1237 5573 1454 5623 fuerant
1499 5575 1553 5623 in
1585 5574 1827 5624 editione
1858 5573 2110 5633 Morellii,

475 5641 733 5710 quamvis
786 5656 851 5692 ea
900 5657 1124 5707 quoque
1175 5646 1571 5707 reperissemus
1633 5647 1688 5694 in
1737 5645 1916 5694 tribus
1959 5647 2108 5694 anti-

469 5713 594 5772 quis
625 5712 930 5774 codicibus,
962 5717 1216 5778 quamvis
1237 5717 1505 5766 sciremus
1537 5717 1842 5766 Pamelium
1871 5730 1935 5767 ea
1962 5731 2110 5780 quo—

461 5795 572 5841 que
600 5784 884 5836 invenisse
913 5787 965 5834 in
1006 5791 1246 5850 quatuor
1277 5790 1533 5850 antiquis.
1580 5788 1713 5835 Utro
1763 5792 1946 5836 autem
1979 5791 2110 5836 sunt

443 5864 569 5913 quae
596 5867 708 5906 nos
737 5855 1066 5924 delevimus,
1094 5858 1142 5910 si
1169 5860 1265 5924 qui
1293 5860 1429 5916 tanti
1481 5863 1760 5912 aestiment
1807 5861 1950 5912 scire
1978 5872 2106 5926 qua

2214 5503 2434 5552 interim
2465 5502 2865 5565 amplectimini
2897 5501 3177 5564 patientius
3207 5501 3432 5560 bonum,
3463 5502 3520 5548 ut
3546 5498 3594 5546 in
3642 5493 3797 5548 istis,»

2211 5578 2375 5705 eu(36)
2415 5644 2662 5705 Querula.
2721 5644 2997 5693 Pamelius
3051 5657 3118 5694 ex
3159 5643 3350 5694 codice
3407 5631 3794 5693 Camberonensi

2209 5715 2362 5765 addit
2387 5722 2432 5764 et
2458 5715 2739 5765 invidiosa.
2773 5717 2844 5764 At
2867 5728 2969 5778 ego
2990 5715 3098 5766 hoc
3118 5715 3542 5766 additamentum
3574 5706 3792 5770 nuspiam

2209 5787 2385 5849 reperi
2415 5787 2472 5836 in
2520 5787 2674 5837 libris
2720 5788 2984 5850 antiquis,
3029 5800 3212 5852 neque
3255 5789 3310 5839 in
3355 5781 3667 5837 editionibus
3687 5784 3791 5848 quia

2209 5857 2586 5913 Pamelianam
2610 5861 3053 5913 antecesserunt.
