3998 6194
145 204 220 256 an
1038 229 1040 234 -
1077 182 1082 186 ’
1291 197 1489 254 LIBER
1529 199 1615 254 DE
1653 197 1831 254 ΒοΝο
1869 197 2261 254 rauenna.
3361 199 3468 255 662

143 331 192 383 de
219 331 277 382 iis
300 328 398 398 qui
418 329 475 382 in
505 329 660 383 terris
685 328 1002 384 inhabitant
1034 330 1062 381 ?
1094 331 1162 384 Et
1189 327 1334 382 diuae
1357 333 1482 382 sunt
1511 329 1584 380 eis
1615 329 1728 380 sin-
1757 338 1811 410 Α
1836 342 1964 380 cum
1992 327 2354 380 accusaretur
2378 341 2406 380 a
2439 326 2829 383 sacerdotibus
2858 332 2912 383 et
2945 325 3288 395 senioribus,
3321 325 3463 379 nihil

139 423 258 490 gula
281 423 429 476 stola:
469 422 804 490 albae°(27),
838 427 887 476 et
925 422 1128 476 dictum
1174 427 1251 476 est
1294 423 1366 476 eis
1409 428 1470 475 ut
1519 423 1730 490 requie-
1835 418 2129 489 respondit
2195 423 2280 488 et,
2338 419 2661 474 admirante
2718 421 2927 491 Pilato,
2982 420 3464 492 patientissimum

135 520 315 570 soerent
350 517 497 570 brevi
537 517 712 570 adhuc
741 521 991 586 tempore,
1019 516 1184 570 donec
1221 517 1515 586 impleatur
1545 531 1732 569 nume-
1837 513 2130 568 silentium
2163 513 2208 547 ¹⁸
2248 513 2450 568 tenuit.
2484 515 2578 568 Hic
2605 518 2690 568 est
2715 515 2811 586 qui
2843 516 2908 582 ι’,
2941 532 3070 569 cum
3111 515 3168 569 in
3198 514 3460 585 passione

136 626 212 664 rus
237 625 599 664 conservorum
649 615 697 664 et
739 611 979 676 fratrum
1005 625 1188 664 eorum
1229 613 1326 679 qui
1348 611 1574 679 postea"
1605 611 1737 665 occi-
1837 609 2074 662 tacuerit
2103 608 2172 676 ²⁰,
2202 608 2260 662 in
2287 608 2501 663 ultione
2545 609 2907 678 postmodum
2946 626 3059 663 non
3098 608 3324 663 tacebit.
3367 608 3462 662 Hic

135 706 312 758 dentur
335 705 571 774 exemplo
597 705 834 774 ipsorum
856 703 1071 774 (Apoc.,
1103 720 1176 771 γι,
1197 705 1376 773 9-H).
1837 707 1920 756 est
1947 702 2098 756 Deus
2123 705 2333 768 noster,
2364 703 2418 756 id
2459 705 2563 770 est,
2603 719 2717 756 non
2755 703 3030 768 omnium,
3069 703 3169 756 sed
3200 702 3458 756 lldelium

191 797 589 862 XXII.Quando
627 805 815 852 autem
843 798 1031 853 veniat
1055 799 1355 870 sanguinis
1375 799 1514 869 justi
1541 798 1736 853 divina
1836 804 1893 855 et
1921 801 2278 856 credentium
2309 803 2476 871 Deus,
2519 802 2615 873 qui
2662 817 2793 855 cum
2831 802 2889 855 in
2924 801 3171 855 secundo
3213 800 3462 855 adventu

132 892 376 958 vindicta,
407 893 655 947 declarat
686 909 788 963 per
813 893 1144 948 Malachiam
1174 893 1562 964 prophetam8
1605 893 1732 964 Spi-
1836 895 2172 949 manifestus
2199 896 2244 930 ²¹
2291 896 2530 962 venerit,
2583 911 2699 950 non
2749 895 2953 950 silebit.
3005 896 3167 961 Nam,
3223 910 3350 948 cum
3401 893 3461 948 in

133 988 252 1040 ritus
275 992 502 1040 sanctus
528 986 718 1041 dicens
748 1004 760 1041 :
791 989 926 1042 Ecce
962 988 1076 1041 dies
1100 989 1334 1055 '_Domini
1366 989 1514 1042 venit
1541 988 1738 1042 ardens
1835 988 2154 1044 humilitate
2186 990 2343 1061 prius
2366 990 2536 1044 fuerit
2563 990 2836 1059 occultus,
2867 989 3057 1044 veniet
3082 988 3138 1042 in
3175 989 3461 1059 potestate

131 1082 256 1135 velut
281 1081 576 1146 clibanus;
619 1087 881 1150 eruntque
929 1097 1104 1136 omnes
1127 1083 1441 1149 alienigenae
1486 1086 1536 1136 et
1561 1097 1738 1136 omnes
1836 1083 2188 1138 manifestus.

131 1177 287 1243 iniqui
320 1176 528 1245 stipula
556 1175 599 1238 9,
646 1182 696 1229 et
728 1176 1085 1230 succendat10
1126 1177 1248 1230 illos
1272 1176 1564 1230 adveniens
1600 1177 1732 1238 dies,
1906 1178 2080 1233 XXIV.
2149 1179 2307 1232 Hunc
2370 1182 2780 1249 exspectemus,
2837 1179 3039 1232 fratres
3092 1174 3462 1242 dilectissimi,

129 1269 241 1323 dicit
267 1271 524 1324 Dominus
554 1270 834 1339 (Μαιαοήη
866 1286 942 1338 1v,
985 1270 1057 1337 I).
1098 1269 1256 1333 Quod
1311 1270 1446 1324 item
1493 1269 1736 1340 legimus
1831 1270 2087 1341 judicem
2160 1276 2216 1324 et
2287 1271 2566 1326 vindicem
2640 1275 2924 1338 nostrum,
3003 1270 3263 1325 Ecclesia:
3348 1285 3465 1323 suae

129 1364 174 1416 in
221 1363 474 1424 Psalmis,
531 1363 624 1417 ubi
680 1364 773 1418 Dei
811 1364 1019 1434 judicis
1067 1363 1410 1434 praedicatur
1458 1363 1736 1418 adventus
1835 1365 2115 1437 populum
2148 1369 2204 1420 et
2236 1365 2307 1418 ab
2346 1365 2505 1420 initio
2536 1366 3037 1436 mundijustorum
3067 1365 3322 1419 omnium
3353 1365 3463 1435 (28)

129 1473 357 1511 censuras
400 1474 518 1511 suae
575 1458 873 1528 majestate
923 1458 1277 1513 venerandus
1333 1461 1512 1513 :Deus
1565 1461 1737 1513 mani—
1837 1459 1885 1492 ²²
1917 1475 2220 1513 numerum
2268 1475 2458 1512 secum
2506 1460 2720 1530 pariter
2759 1459 3201 1514 vindicaturum.
3243 1459 3351 1522 Qui
3395 1459 3468 1514 ad

127 1554 275 1617 festus
292 1554 489 1616 vmiet,
531 1555 672 1607 Deus
712 1557 910 1621 noster,
951 1557 1002 1606 et
1043 1568 1148 1607 non
1176 1554 1376 1607 silebit.
1427 1555 1573 1620 Ignis
1607 1559 1736 1607 ante
1836 1552 2147 1606 vindictam
2177 1554 2225 1586 ²³
2254 1551 2447 1625 638
2474 1570 2636 1607 suam
2666 1553 2909 1607 nimium
2935 1554 3166 1608 festinat
3191 1556 3246 1607 et
3268 1569 3468 1624 prope-

131 1661 228 1698 eum
259 1645 492 1705 ardebit,
541 1652 590 1700 et
636 1649 696 1700 in
740 1649 972 1701 circuitu
1017 1646 1128 1714 ejus
1182 1647 1418 1716 procella
1462 1648 1633 1700 nimia
1666 1648 1731 1700 ¹¹.
1758 1711 1799 1718 _
1839 1650 1927 1700 rat
1952 1647 2274 1701 consideret
2301 1647 2434 1717 quia
2461 1648 2702 1702 necdum
2745 1647 3059 1702 vindicatus
3095 1651 3179 1702 est
3210 1646 3332 1717 ipse
3367 1647 3467 1718 qui

128 1738 409 1793 Advocabit
440 1740 484 1773 ¹²
540 1741 726 1794 calum
782 1756 995 1795 sursum
1035 1711 1082 1794 et
1129 1711 1330 1795 terram
1373 1741 1636 1805 deorsum,
1673 1711 2097 1794 zzthindicat.
2152 1711 2336 1793 Pater-
2362 1741 2508 1794 Deus
2556 1741 2666 1811 (29)
2721 1741 2994 1812 praseepit
3036 1711 3249 1794 Filium-
3293 1711 3462 1795 suum

125 1839 306 1903 separet
353 1835 627 1903 populum
666 1851 841 1889 suum.
882 1836 1128 1903 Colligite
1166 1836 1253 1889 illi
1282 1834 1458 1903 juslos
1493 1835 1622 1902 ejus,
1651 1850 1734 1888 eos
1833 1833 2089 1901 adorari,
2155 1838 2210 1887 ct
2282 1834 2572 1904 apostolus
2646 1833 2883 1901 Paulus,
2953 1834 3124 1888 divini
3192 1836 3464 1905 praecepti

128 1929 208 1996 qui
253 1929 552 1997 disponant
609 1934 988 1983 testamentum
1032 1929 1151 1993 eius
1201 1932 1259 1982 in
1312 1931 1631 1996 sacriﬁciis;
1683 1935 1734 1982 et
1835 1943 2074 1993 memor,
2122 1929 2280 1996 ponit
2329 1930 2386 1980 et
2435 1926 2572 1981 dicit
2613 1950 2622 1980 :
2681 1932 2816 1983 Deus
2863 1928 3128 1984 exultavit
3178 1929 3353 1992 illum,
3417 1934 3466 1983 et

126 2024 515 2076 annuntiabunt
555 2025 599 2056 ¹³
647 2025 763 2077 σεειί
790 2022 1072 2090 justitiam
1115 2023 1250 2091 ejus,
1299 2026 1555 2093 quoniam
1594 2025 1733 2076 Deus
1833 2022 2053 2074 donavit
2082 2021 2169 2074 illi
2199 2035 2383 2074 nomen
2422 2022 2566 2090 quod
2605 2027 2682 2075 est
2711 2037 2873 2092 super
2901 2038 3052 2076 omne
3079 2038 3268 2078 nomen
3293 2023 3362 2084 “.
3403 2029 3472 2078 ut

119 2115 264 2182 judea'
284 2123 359 2170 est
390 2117 561 2184 (Psal.
601 2134 740 2184 xux,
774 2117 916 2186 3-6).
948 2119 1015 2171 Et
1055 2117 1226 2171 Isaias
1261 2119 1304 2152 ¹⁴
1350 2117 1544 2170 eadem
1590 2132 1729 2186 prae-
1833 2117 1892 2168 in
1920 2116 2134 2168 nomine
2159 2117 2283 2170 Jesu
2311 2130 2461 2168 omne
2489 2131 2626 2182 genu
2656 2117 2909 2183 flectatur
2935 2117 2981 2150 25
3014 2116 3123 2187 (30)
3151 2119 3460 2186 caelestium,

129 2211 323 2263 tmntiat
353 2210 732 2266 dicenszEece
763 2213 904 2266 enim
934 2214 1188 2266 Dominus
1215 2213 1350 2264 sicut
1376 2213 1516 2278 ignis
1539 2212 1730 2275 veniet,
1837 2211 2169 2262 terrestrium
2220 2212 2270 2262 et
2311 2210 2651 2274 infernorum
2695 2211 2976 2280 (Philipp.,
3032 2228 3090 2280 ιι,
3135 2214 3188 2278 9,
3242 2213 3341 2281 10).
3399 2215 3464 2268 Et

128 2309 165 2354 et
191 2306 316 2358 sicut
339 2305 587 2374 procella
617 2320 809 2358 cur-rus
837 2305 972 2372 ejus,
1002 2306 1298 2359 retribuere
1329 2307 1384 2358 in
1411 2307 1494 2357 ira
1520 2303 1730 2357 vindic-
1835 2302 1892 2354 in
1939 2302 2274 2372 Apocalypsi
2330 2303 2567 2372 angelus
2611 2304 2818 2356 Joanni
2866 2305 3076 2359 volenti
3122 2306 3356 2360 adorare
3409 2325 3468 2363 se

131 2402 236 2450 tam.
261 2400 320 2451 In
353 2401 480 2466 igne
508 2401 646 2452 enim
676 2401 896 2453 Domini
910 2398 1340 2467 judicabantur,
1379 2403 1428 2452 et
1458 2400 1514 2450 in
1551 2397 1734 2466 gladio
1837 2395 2048 2450 resistit
2089 2401 2145 2449 et
2183 2396 2320 2450 dicit
2357 2396 2404 2430 ²⁶
2437 2413 2450 2450 :
2491 2396 2624 2451 Vide
2662 2413 2728 2450 ne
2768 2399 2987 2464 feceris,
3017 2401 3147 2467 quia
3178 2415 3466 2456 conservus

128 2492 218 2558 ejus
250 2494 690 2546 vulnerabantur
719 2493 868 2562 (Isa.,
902 2509 1041 2559 wa,
1085 2493 1192 2557 I5).
1230 2493 1298 2545 Et
1339 2491 1543 2545 iterum
1576 2507 1589 2544 :
1621 2493 1730 2544 Do-
1838 2497 1964 2544 tuus
1984 2505 2101 2544 sum
2125 2496 2173 2543 et
2194 2491 2434 2556 fratrum
2459 2495 2694 2544 tuorum.
2716 2493 2892 2545 Jesum
2913 2494 3202 2546 Dominum
3221 2494 3393 2548 adora
3417 2495 3463 2528 ³⁷

129 2587 275 2640 minus
317 2589 455 2641 Deus
499 2589 764 2641 virtutum
800 2587 1042 2656 prodibit
1070 2591 1120 2640 et
1156 2587 1474 2640 comminuet
1517 2584 1730 2650 bellum,
1837 2584 2052 2653 (Apoc,
2103 2599 2236 2647 xxu,
2289 2582 2364 2650 9).
2411 2583 2600 2647 Qualis
2651 2585 2925 2638 Dominus
2962 2587 3125 2639 Jesus
3165 2589 3220 2640 et
3255 2593 3466 2657 quanta

129 2681 355 2734 excitabit
383 2687 658 2735 certamen
688 2681 754 2743 ‘5,
783 2688 833 2735 et
863 2682 1120 2734 clamabit
1147 2695 1310 2749 super
1340 2681 1582 2732 inimicos
1611 2693 1734 2731 suos
1836 2677 2112 2748 patientia
2153 2676 2305 2746 ejus!
2352 2682 2411 2731 ut
2454 2677 2548 2747 qui
2591 2677 2648 2731 in
2687 2679 2836 2732 ccelis
2874 2678 3166 2746 adoretur,
3213 2681 3461 2736 necdum

131 2771 286 2845 637
355 2791 484 2828 cum
537 2775 884 2841 fortitudine.
948 2776 1144 2841 Tacui,
1211 2773 1478 2842 numquid
1531 2787 1735 2842 semper
1834 2770 2152 2824 vindicetur
2183 2771 2239 2823 in
2279 2771 2466 2824 terris.
2503 2771 2677 2841 Hujus
2719 2772 3082 2842 patientiam,
3125 2774 3332 2828 fratres
3375 2775 3463 2829 di-

132 2869 279 2921 tacebo
309 2871 462 2939 (Isa.,
499 2885 622 2935 XLII,
658 2869 779 2939 I3)?
1836 2863 2144 2931 lectissimi,
2180 2863 2235 2917 in
2266 2864 2756 2934 persecutionibus
2777 2869 2835 2920 et
2859 2867 3218 2936 passionibus
3255 2868 3464 2924 nostris

183 2962 341 3017 XXIII.
390 2962 537 3027 Quis
580 2968 774 3017 autem
812 2967 898 3017 est
935 2961 1027 3016 hic
1073 2961 1170 3033 qui
1212 2961 1450 3016 tacuisse
1491 2977 1548 3015 se
1576 2960 1734 3032 prius
1835 2960 2165 3031 cogitemus.
2220 2959 2395 3029 IIujus
2443 2959 2710 3013 adventui
2749 2961 2983 3030 plenum
3029 2962 3464 3028 exspectationis

131 3053 240 3110 dicit
265 3063 316 3110 et
347 3075 467 3112 non
507 3073 736 3128 semper
775 3055 1026 3111 tacebit?
1067 3056 1272 3126 Utique
1317 3055 1407 3110 ille
1454 3055 1550 3126 qui
1590 3054 1733 3108 sicut
1754 3077 1808 3150 C
1835 3054 2167 3125 obsequium
2199 3053 2571 3124 prmbeamus.
2604 3053 2714 3107 Nec
2743 3052 2970 3108 defendi
2998 3060 3129 3110 ante
3159 3055 3462 3111 Dominum

129 3149 223 3202 ovis
245 3151 306 3205 ad
335 3151 628 3206 victimam
657 3151 856 3206 ductus
885 3155 987 3217 est,
1028 3155 1082 3204 et
1120 3150 1262 3204 sicut
1308 3165 1491 3220 agnus
1534 3164 1729 3202 coram
1773 3146 1807 3150 ⁷
1834 3148 1982 3202 servi
2044 3146 2367 3217 irreligiosa
2430 3150 2486 3200 et
2547 3147 2928 3201 inverecunda
2988 3147 3354 3204 festinatione
3414 3151 3463 3186 ³⁸

132 3244 365 3300 tondente
407 3263 473 3300 se
517 3246 584 3312 ’6,
615 3245 732 3300 sine
763 3261 895 3300 voce
943 3261 1054 3298 non
1092 3243 1317 3315 aperuit
1355 3260 1416 3296 os
1452 3259 1618 3297 suum
1652 3244 1728 3310 ‘7;
1833 3257 2219 3312 properemus.
2265 3239 2591 3294 Insistamus
2636 3241 2821 3310 potius
2849 3241 2896 3276 ²⁹
2925 3246 2982 3294 et
3023 3241 3380 3296 elaboremus
3414 3243 3463 3280 ³ο

131 3338 294 3409 utique
330 3341 422 3394 ille
469 3340 570 3412 qui
615 3356 732 3394 non
775 3339 1050 3406 clamavit,
1081 3355 1264 3409 neque
1302 3338 1356 3391 in
1386 3337 1588 3408 plateis
1623 3353 1728 3390 vox
1832 3341 1887 3390 et
1916 3338 2037 3389 toto
2066 3334 2235 3389 corde
2260 3333 2556 3404 vigilantes
2580 3335 2621 3368 ³⁸
2650 3337 2822 3404 atque
2852 3334 2922 3388 ad
2951 3351 3186 3390 omnem
3213 3337 3458 3392 toleran-

133 3432 230 3501 ejus
253 3435 434 3488 audita
462 3437 578 3499 est;
608 3433 804 3504 utique
841 3433 936 3486 ille
969 3433 1064 3503 qui
1103 3449 1218 3486 non
1254 3432 1360 3486 fuit
1401 3434 1726 3498 contumax,
1832 3429 1968 3482 tiam
2002 3427 2217 3482 stabilis
2241 3426 2541 3481 Dominica
2565 3433 2852 3498 praecepta
2872 3445 3190 3496 servemus;
3219 3435 3300 3496 ut,
3331 3447 3462 3486 cum

131 3541 286 3597 neque
327 3528 688 3596 contradixit,
727 3543 857 3581 cum
900 3527 1130 3581 dorsum
1173 3542 1340 3580 suum
1380 3529 1620 3596 poneret
1655 3523 1728 3578 ad
1828 3521 1921 3577 ille
1952 3521 2052 3576 irae
2078 3527 2136 3576 et
2165 3521 2430 3576 vindictas
2457 3521 2578 3576 dies
2609 3521 2848 3589 venerit,
2885 3539 2996 3577 non
3018 3539 3150 3577 cum
3183 3524 3377 3595 impiis
3399 3530 3459 3579 et

128 3620 319 3689 ﬂagella
345 3629 398 3677 et
424 3622 687 3676 maxillas
726 3621 797 3676 ad
834 3621 1070 3692 palmas,
1103 3620 1306 3674 faciem
1335 3626 1524 3673 autem
1562 3634 1727 3672 suam
1829 3616 2217 3686 peccatoribus
2262 3615 2590 3686 puniamur,
2633 3616 2728 3669 sed
2781 3632 2910 3670 cum
2962 3616 3130 3688 justis
3183 3623 3239 3672 et
3279 3618 3458 3673 Deum

130 3729 221 3768 non
258 3717 507 3772 avertite
537 3716 783 3771 fmditate
828 3721 1158 3788 sputorum;
1211 3715 1409 3784 utique
1457 3713 1550 3768 ille
1605 3712 1726 3784 qui,
1832 3709 2157 3764 timentibus
2187 3709 2540 3764 honoremur
2571 3709 2638 3764 3“.

1476 3871 1685 3935 Variae
1742 3869 2082 3932 lectiones.

172 4001 189 4030 ⁶
215 4004 337 4054 Data
366 4013 450 4057 est
475 4007 715 4070 singulis
758 4007 896 4057 stola
927 4006 1073 4064 alba,
1105 4005 1228 4055 Tha.
1280 4003 1442 4054 Paulo
1463 4005 1592 4066 post.
1627 4000 1695 4050 Ut
1745 3999 2086 4050 sustinerent
2135 3998 2260 4070 post:
2295 4000 2348 4070 l._
2381 3997 2428 4070 77
2453 3997 2716 4070 Quinque
2746 4001 2938 4070 postea
2966 3997 3104 4070 Lam.
3144 3998 3279 4046 Pem.
3311 4000 3451 4070 ALin.

127 4071 431 4126 Ebor.Saris.
464 4065 597 4127 NCT
619 4081 751 4127 Voss.
807 4080 877 4126 12.
924 4077 1044 4126 Tha.
1099 4077 1230 4124 Voss.
1283 4075 1408 4122 Vict.
1443 4065 1841 4123 Occiderentur
1873 4071 2007 4118 Pem.
2137 4065 2485 4117 t‘Malachiam
2520 4066 2756 4130 Spiritus
2810 4069 2918 4115 Ver.
2987 4066 3008 4097 9
3049 4066 3206 4117 Sicut
3251 4068 3457 4132 stipula

127 4143 235 4193 Pem.
273 4148 401 4197 Voss.
433 4152 477 4198 I.
512 4149 582 4199 Ut
608 4149 733 4199 Bod.
770 4150 811 4196 -l.
887 4151 923 4178 '°
947 4147 1217 4197 Accendit
1255 4145 1377 4195 Bod.
1417 4145 1457 4193 I.
1529 4142 1566 4175 ¹¹
1597 4142 1730 4205 Ejus
1753 4143 2049 4203 tempestas
2073 4139 2199 4189 Bod.
2230 4140 2275 4188 3.
2307 4139 2504 4188 Valida
2535 4140 2670 4188 Pem.
2702 4138 2824 4189 Bod.
2857 4139 2902 4187 3.
2979 4139 3015 4168 ’³
3043 4139 3276 4189 Vocabit
3319 4141 3448 4190 Bod.

129 4213 162 4268 Ι,
188 4215 229 4274 2,
255 4218 300 4276 3,
328 4219 372 4267 4.
400 4222 491 4268 Ar.
538 4221 676 4268 Lam.
721 4220 833 4267 Ver.
908 4215 946 4249 ¹³
966 4218 1308 4267 Nuntiabant
1340 4216 1488 4265 Sari:
1532 4216 1657 4266 Bod.
1687 4217 1731 4272 l,
1773 4214 1822 4273 Ξ,
1853 4215 1902 4271 3,
1934 4215 1979 4262 4.
2051 4211 2088 4243 ⁸⁸
2125 4213 2260 4262 Nam
2295 4217 2349 4263 et
2391 4213 2559 4261 Isaias
2592 4211 2717 4262 Bod.
2753 4214 2794 4261 1.
2841 4213 2974 4260 Voss.
3047 4213 3084 4244 ³⁵
3131 4212 3454 4263 Concitabit

127 4290 368 4338 certamen
403 4293 540 4340 Voss.
572 4296 618 4339 2.
664 4291 797 4339 Pem.
873 4290 909 4319 ¹⁶
940 4288 1140 4339 Coram
1166 4287 1428 4338 tondente
1457 4287 1583 4338 Bort.
1637 4288 1680 4344 I,
1707 4286 1755 4339 ‘2.
1789 4290 1836 4340 3,
1867 4289 1908 4332 ιθ.
1969 4284 2081 4332 Ver.
2155 4282 2192 4315 '7
2223 4284 2317 4334 Sic
2349 4297 2460 4333 non
2482 4283 2696 4348 aperuit
2726 4283 2866 4331 Lam.
2916 4281 3065 4332 Ebor.
3136 4281 3174 4316 ¹³
3230 4285 3450 4336 Patien-

124 4353 336 4408 tissimus
365 4363 650 4411 silentium
695 4361 756 4410 N.
800 4360 853 4409 C.
887 4360 934 4408 ἓ.
1009 4359 1177 4408 ’θΗὶο
1220 4360 1315 4423 qui
1353 4360 1491 4407 Lam.
1525 4357 1680 4407 Ebor.
1723 4355 1850 4406 Bod.
1887 4355 1932 4403 2.
2005 4355 2047 4385 ³ο
2076 4354 2135 4403 In
2178 4356 2434 4418 passione
2478 4356 2633 4418 prius
2689 4354 2804 4402 Ver.
2873 4356 2917 4386 ²¹
2951 4354 3298 4404 Manifestius
3334 4359 3449 4407 Lin.

124 4424 156 4452 "
177 4426 346 4480 .Iustos
374 4445 570 4482 omnes
611 4433 739 4482 Voss.
768 4433 812 4481 1.
881 4434 924 4463 ³³
951 4429 1265 4480 Vindictam
1289 4430 1374 4478 sui
1398 4428 1526 4478 Bod.
1555 4430 1598 4478 1.
1665 4427 1707 4460 ⁸⁸
1740 4427 1805 4476 Ut
1829 4428 1900 4475 sit
1929 4439 2096 4489 super
2113 4440 2276 4476 omne
2293 4440 2496 4476 nomen
2525 4429 2612 4474 Ar.
2638 4425 2776 4474 Lam.
2810 4423 2963 4475 Ebor.
3036 4427 3149 4473 Ver.
3216 4425 3257 4459 ²⁵
3281 4427 3460 4478 Omne

124 4508 497 4556 E'enucurvent
521 4505 628 4554 ΝΟ.
665 4505 800 4552 Lam.
837 4502 987 4552 Ebor.
1021 4501 1144 4551 Bod.
1180 4504 1223 4551 1.
1267 4504 1378 4551 Ver.
1447 4501 1488 4533 ³⁸
1516 4501 1733 4550 Restitit
1773 4500 1912 4547 Lam.
1946 4497 2094 4546 Ebor.
2147 4501 2285 4548 Voss.
2316 4498 2360 4546 1.
2399 4496 2504 4546 NC.
2534 4494 2660 4546 Bod.
2699 4496 2740 4556 I,
2771 4495 2818 4554 Ξ,
2845 4495 2892 4544 3.
2960 4494 3000 4526 ²⁷
3030 4495 3230 4545 Adora.
3269 4497 3450 4560 Hujus

120 4570 179 4613 Ar
214 4571 316 4620 Lin.
346 4577 480 4624 Pem.
525 4575 654 4623 Voss.
687 4575 732 4624 2.
799 4573 840 4606 '3
872 4572 1090 4623 Perdita
1112 4573 1465 4622 festinatione
1499 4572 1668 4619 Saris.
1739 4569 1782 4601 '9
1816 4569 2144 4618 Insistamus
2178 4572 2366 4617 autem
2397 4567 2574 4614 Saris.
2650 4567 2687 4597 ³ο
2714 4565 3055 4614 Laboremus
3095 4567 3246 4616 Lam.
3290 4566 3442 4616 Ebor.

128 4636 218 4688 Ver.
283 4646 318 4674 δ’
344 4645 650 4709 Vigilantes
675 4645 742 4695 ad
769 4646 948 4694 Deum
972 4643 1098 4694 Bod.
1131 4644 1176 4692 3.
1247 4641 1287 4673 ³³
1313 4641 1658 4692 Coronemur
1696 4641 1824 4690 Vict.

1379 4788 1604 4870 Steph.
1652 4787 1898 4850 Baluzii
1938 4791 2135 4849 notas.

167 4924 252 5005 (1'7)
297 4927 450 4978 State
492 4927 637 4976 alam.
694 4928 753 4976 In
803 4927 1062 5012 undecim
1123 4926 1277 5012 libris
1316 4921 2329 5012 manuscriptisDsanctinA‘rnu‘lplri,
2373 4933 2470 5000 per
2499 4919 2861 5012 ooscita‘ntiaImL
2887 4918 3261 5012 nimir‘umiut
3288 4921 3445 5012 ppto,

118 4992 287 5055 legitur
316 5015 326 5046 :
358 5019 385 5044 «
414 5002 556 5050 Data
587 5003 667 5050 est
693 4999 927 5063 singulis
952 4999 1092 5048 stola
1120 4998 1260 5047 alba.
1288 5013 1316 5045 »
1611 4988 1614 4989 ⁷
1727 4988 1784 5012 υ
1809 4995 2035 5045 librarii.
2064 4994 2299 5044 Exstant
2328 4993 2477 5042 enim
2524 4991 2578 5040 in
2628 4991 2749 5040 aliis
2787 4990 2942 5040 libris
2981 4988 3261 5040 veteribus
3297 4993 3348 5040 et
3384 4991 3441 5040 in

169 5067 252 5129 (ΞΒ)
289 5073 549 5121 Justorum
605 5072 852 5121 omnium.
931 5069 1121 5120 Codex
1167 5069 1472 5126 Lentiensis.
1531 5067 1708 5118 Justos
1809 5065 2162 5118 editionibus.

120 5148 264 5188 omnes
291 5156 455 5191 secum
485 5143 688 5206 pariter
713 5143 1124 5192 vindicaturum.
1873 5139 1966 5202 (30;
1993 5140 2154 5187 Omne
2171 5150 2307 5199 genu
2330 5135 2586 5199 ﬂectatur.
2603 5134 2825 5198 Septem
2844 5133 2969 5182 libri
2992 5137 3204 5184 veteres
3229 5131 3439 5183 habent

168 5209 249 5271 [29)
272 5213 422 5262 Pater
459 5216 650 5264 Deus...
693 5212 1040 5276 infernarum.
1079 5213 1214 5263 Haec
1247 5211 1450 5263 desunt
1483 5212 1538 5262 In
1566 5211 1706 5261 libro
1807 5215 2070 5270 curvetur,
2097 5213 2310 5272 septem
2335 5218 2677 5268 vero,omnes
2705 5217 2842 5268 genu
2872 5209 3105 5254 curvent.
