3998 6194
505 217 605 274 663

1418 215 1475 272 S.
1514 216 1832 274 CYPRIANI
1868 213 2354 279 OPERUMPARS
2396 215 2463 271 Il.
2496 242 2565 255 --
2593 213 2964 272 OPUSCULA.
3714 228 3796 286 θοι

1157 564 1382 690 DE
1491 562 1946 691 ZELO
2055 563 2280 688 ET
2385 561 3047 691 LIVORE
3134 538 3226 623 (ί)

2012 816 2350 908 LIBER

499 1234 902 1287 Aacuuemuu.
949 1258 1018 1269 —
1063 1228 1255 1283 Paucis
1306 1228 1433 1283 libri
1480 1228 1643 1296 hujus
1696 1233 2075 1297 argumentum
2122 1228 2305 1283 reddit
2368 1230 2429 1281 in
2479 1226 2587 1281 haec
2627 1226 2792 1280 verba
2844 1228 2908 1280 D.
2967 1225 3191 1281 Pontius
3248 1225 3311 1278 in
3352 1224 3476 1279 Vita
3523 1221 3805 1292 Cypriani:

574 1344 602 1371 «
666 1323 822 1386 Quis,
882 1322 1095 1389 inquit,
1163 1319 1381 1372 livorem
1441 1319 1509 1372 de
1568 1323 1837 1373 venenata
1899 1320 2124 1373 invidiae
2178 1319 2523 1387 malignitate
2582 1318 2912 1377 venientem,
2977 1315 3258 1369 dulcedine
3312 1313 3527 1368 remedii
3580 1313 3814 1367 salutaris

577 1412 887 1465 inhiberet?
932 1430 959 1459 ››
1008 1410 1284 1478 Principio
1334 1411 1525 1476 igitur,
1565 1416 1857 1479 postquam
1907 1425 1964 1463 eo
2014 1411 2233 1478 gravius
2277 1409 2477 1462 crimen
2532 1421 2638 1460 esse
2691 1406 2867 1459 zelum
2915 1420 3010 1458 seu
3057 1405 3297 1465 livorem,
3342 1417 3445 1472 quo
3493 1402 3722 1456 occultius
3749 1404 3810 1455 est

561 1503 801 1563 malum,
855 1507 905 1554 et
958 1502 1216 1567 originem
1270 1499 1386 1569 ejus
1450 1500 1667 1554 diabolo
1704 1500 2104 1553 'ascribendam
2155 1499 2338 1553 docuit
2393 1513 2410 1549 :
2456 1498 2748 1566 propositis
2800 1498 2962 1549 etiam
3018 1494 3189 1549 obiter
3249 1493 3469 1547 invidiae
3528 1490 3754 1559 exemplis

568 1593 750 1646 Veteri
807 1593 1162 1651 Testamento,
1213 1591 1453 1645 radicem
1502 1591 1770 1644 malorum
1832 1593 2070 1644 omnium
2127 1590 2397 1643 invidiam
2451 1603 2581 1648 esse,
2629 1602 2734 1656 per
2776 1586 2995 1654 singula
3053 1586 3312 1638 vitiorum
3368 1597 3556 1652 genere
3597 1580 3814 1644 deducit;

562 1686 722 1751 atque
758 1680 891 1734 adeo
932 1686 1070 1734 recte
1112 1684 1162 1734 et
1207 1697 1239 1733 u
1284 1680 1494 1735 Christo
1529 1685 1584 1734 et
1626 1682 1694 1735 ab
1742 1681 2020 1750 apostolis,
2064 1695 2172 1734 non
2214 1695 2321 1733 uno
2357 1681 2417 1733 in
2462 1680 2592 1740 loco,
2632 1676 2981 1731 interdictum
3016 1677 3326 1742 fraternum
3361 1672 3556 1731 odium,
3589 1674 3817 1741 postremo

560 1771 653 1824 ubi
700 1774 793 1826 Dei
814 1771 1052 1839 eremplo
1100 1770 1174 1825 ad
1216 1771 1557 1824 dilectionem
1603 1773 1946 1824 inimicorum
1989 1786 2073 1825 eos
2123 1770 2449 1848 adhortatus
2487 1774 2585 1833 est,
2640 1768 2991 1836 prwmiorum
3035 1766 3241 1820 coronis
3297 1763 3580 1834 propositis
3629 1760 3689 1814 ab
3741 1759 3817 1813 hoc

569 1862 713 1915 malo
755 1860 1003 1916 deterret.

557 2007 598 2060 Ι.
654 2006 864 2060 ZELARE
930 2005 1083 2075 quod
1146 2004 1411 2060 bonum‘
1468 2005 1657 2059 videas
1737 2009 1793 2061 et
1863 2004 2118 2059 invidere
2140 2003 2477 2100 Abandum
2535 2007 2621 2058 est
2678 2003 2889 2073 itaque,
2958 1999 3160 2054 fratres
3245 1992 3611 2062 dilectissimi,
3674 1996 3816 2094 atque

488 2098 816 2154 melioribus
846 2097 1040 2171 638
1066 2099 1187 2154 leve
1222 2100 1370 2170 apud
1421 2100 1699 2171 quosdam
1736 2104 1791 2154 et
1831 2099 2117 2153 modicum

485 2194 703 2247 crimen
781 2192 1024 2259 videtur,
1103 2192 1306 2249 fratres
1384 2194 1780 2260 dilectissimi;
1864 2194 2116 2265 dumque

485 2287 844 2342 existimatur
898 2288 1018 2341 leve
1048 2302 1166 2341 esse
1210 2291 1266 2342 et
1321 2288 1635 2356 modicum,
1679 2304 1792 2341 non
1838 2288 2111 2354 timetur;

482 2382 619 2436 dum
652 2398 769 2436 non
800 2382 1053 2449 timetur,
1081 2383 1501 2450 contemnitur;
1538 2382 1674 2436 dum
1701 2381 2113 2448 contemnitur,

482 2492 598 2529 non
646 2476 811 2530 facile
862 2476 1076 2529 vitatur
1127 2476 1220 2546 (2),
1286 2480 1343 2530 et
1390 2476 1454 2530 ﬁt
1534 2492 1683 2530 caeca
1758 2482 1815 2530 et
1893 2477 2114 2531 occulta

2222 2097 2489 2151 omnibus
2518 2096 2726 2151 viribus
2757 2094 3171 2150 elaborandum
3215 2096 3275 2146 ut
3317 2089 3550 2145 inimico
3592 2083 3808 2140 saevienti

2222 2202 2277 2249 et
2319 2196 2510 2267 jac-uta
2565 2212 2663 2250 sua
2715 2196 2773 2249 in
2818 2210 3018 2249 omnes
3062 2189 3315 2262 corporis
3369 2187 3594 2259 partes‘
3638 2183 3812 2255 quibus

2223 2290 2445 2361 percuti
2479 2293 2536 2344 et
2593 2288 2876 2343 vulnerari
2926 2301 3246 2359 possumus,
3306 2281 3576 2353 dirigenti
3615 2277 3819 2334 sollicita

2218 2390 2273 2438 et
2320 2384 2488 2455 plena
2541 2383 2834 2455 vigilantia
2878 2395 3295 2452 repugnemus,
3354 2375 3657 2430 secundum
3694 2370 3819 2443 quod

2214 2480 2414 2532 Petrus
2443 2478 2729 2548 apostolus
2756 2476 2813 2530 in
2857 2474 3101 2547 Epistola
3133 2489 3235 2527 sua
3268 2472 3589 2544 praemonet
3612 2472 3664 2523 et
3684 2466 3820 2521 docet

482 2568 761 2640 pernicies
790 2586 802 2624 :
840 2587 987 2640 qum,
1021 2570 1156 2624 dum
1189 2570 1377 2623 minus
1405 2570 1749 2641 perspicitur
1778 2575 1837 2624 ut
1869 2570 2051 2623 caveri
2082 2587 2115 2623 a
2215 2573 2407 2628 dicens
2441 2590 2452 2626 :
2483 2570 2665 2627 Sobrii
2695 2577 2862 2626 estote
2908 2574 2958 2624 et
2994 2570 3284 2636 vigilitate,
3329 2570 3461 2638 quia
3510 2560 3818 2618 adversarius

480 2663 955 2734 providentibus2
986 2665 1181 2734 possit,
1218 2664 1561 2734 improvidus
1601 2669 1819 2719 mentes
1867 2665 2112 2718 latenter

480 2757 704 2833 affligit.
737 2759 904 2812 Porro
936 2761 1129 2812 autem
1174 2758 1449 2811 Dominus
1492 2758 1807 2828 prudentes
1855 2774 1974 2811 esse
2009 2774 2108 2811 nos

472 2852 661 2921 jussit,
705 2856 761 2905 et
790 2854 954 2906 cauta
999 2852 1384 2906 sollicitudine
1432 2851 1668 2922 vigilare
1712 2852 2005 2923 praecepit,
2039 2868 2109 2905 ne

475 2946 825 3002 adversarius
856 2946 1096 3017 vigilans
1124 2961 1352 3017 semper
1374 2946 1393 2979 ³
1438 2951 1493 3000 et
1532 2962 1760 3017 semper
1810 2945 2106 3011 insidians,

478 3039 574 3094 ubi
615 3040 673 3094 in
712 3043 909 3111 pectus
955 3040 1268 3110 obrepserit
1300 3040 1374 3111 (3)
1398 3040 1438 3106 '°,
1488 3040 1557 3093 de
1604 3040 1859 3094 scintillis
1903 3040 2110 3095 conllet

478 3134 762 3201 incendia,
818 3134 885 3187 de
936 3134 1122 3203 parvis
1162 3133 1411 3188 maxima
1456 3138 1785 3206 exaggeret,
1845 3138 1921 3201 et,
1969 3133 2104 3187 dum

476 3228 727 3294 remissis
758 3232 813 3281 et
843 3227 1081 3282 incautis
1125 3228 1341 3282 leniore
1382 3245 1520 3282 aura
1561 3231 1619 3281 et
1654 3228 1793 3282 ﬂatu
1843 3227 2106 3282 molliore

476 3320 789 3388 blanditur,
844 3321 1110 3392 procellis
1141 3337 1205 3376 ac
1245 3321 1565 3375 turbinibus
1600 3321 1878 3388 excitatis,
1912 3321 2108 3375 ruinas

2211 2673 2382 2722 vester
2411 2666 2660 2721 diabolus
2689 2670 2966 2735 tamquam
2997 2664 3072 2718 leo
3098 2664 3319 2731 rugiens
3357 2661 3575 2720 circuit,
3617 2658 3820 2725 aliquem

2211 2762 2469 2816 devorare
2495 2774 2739 2830 quaerens
2768 2760 2789 2793 ⁵
2821 2760 2860 2829 (l
2898 2760 3068 2826 Petr.,
3103 2772 3160 2823 v,
3202 2755 3275 2826 8).

2284 2856 2347 2909 ll.
2402 2853 2615 2909 Circuit
2672 2852 2767 2907 ille
2804 2853 2877 2923 (4)
2931 2868 3033 2905 nos
3104 2849 3380 2921 singulos,
3453 2852 3509 2901 et
3582 2848 3818 2913 tanquam

2210 2947 2389 3002 hostis
2415 2947 2629 3002 clausos
2673 2945 2955 3013 obsidens,
3004 2960 3202 2999 muros
3248 2943 3530 3014 explorat,
3575 2942 3631 2993 et
3658 2940 3816 2991 tentat

2208 3059 2280 3096 an
2328 3041 2399 3095 sit
2442 3058 2574 3112 pars
2617 3040 2811 3111 aliqua
2856 3056 3152 3094 murorum
3182 3037 3256 3110 (5)
3302 3037 3495 3091 minus
3550 3030 3747 3088 stabilis
3772 3030 3819 3082 et

2211 3135 2404 3189 minus
2448 3134 2582 3203 ﬁda,
2635 3135 2793 3204 cujus
2844 3134 3000 3188 aditu
3056 3133 3127 3187 ad
3172 3130 3453 3186 interiora
3502 3130 3814 3200 penetretur.

2207 3229 2388 3283 Olfert
2416 3228 2592 3283 oculis
2628 3228 2840 3282 formas
2870 3227 3046 3281 illices
3069 3227 3089 3260 ⁷
3131 3231 3185 3280 et
3230 3225 3428 3280 faciles
3465 3217 3816 3292 voluptates”,

2208 3328 2272 3376 ut
2319 3322 2443 3377 visu
2510 3322 2764 3377 destruat
2824 3321 3157 3376 castitatem.
3224 3322 3403 3374 Aures
3481 3333 3581 3389 per
3635 3326 3817 3369 canora

475 3414 605 3469 tidei
637 3417 694 3468 et
740 3415 934 3469 salutis
979 3431 1042 3470 ac
1084 3416 1215 3470 vitae
1254 3415 1552 3487 naufragia
1600 3416 1892 3470 moliatur.
1922 3417 2098 3470 Excu-
2124 3404 2182 3475 B
2208 3417 2425 3472 musica
2449 3417 2471 3451 θ
2504 3414 2577 3488 (6)
2609 3406 2810 3485 tentet,
2841 3418 2905 3469 ut
2938 3414 3065 3470 soni
3108 3413 3378 3469 dulcioris
3428 3410 3627 3467 auditu
3661 3405 3821 3463 solvat

1845 3553 2055 3617 Variae
2106 3553 2444 3617 lectiones.

535 3689 756 3740 ‘Bonos
782 3691 895 3739 Lin.
975 3689 998 3723 ³
1025 3690 1524 3755 Apraavidentibus
1572 3693 1707 3741 Voss.
1738 3692 1779 3740 1.
1830 3689 2205 3741 Prudentibus
2241 3691 2375 3739 Pem.
2416 3692 2549 3739 Voss.
2577 3688 2626 3737 2.
2697 3690 2714 3719 ³
2749 3688 2980 3752 Semper
3005 3689 3124 3753 ipse
3163 3690 3280 3738 Ben.
3325 3691 3464 3739 Voss.
3482 3687 3532 3736 2.
3597 3687 3617 3719 ⁴
3642 3686 3818 3755 Laten-

469 3762 553 3809 ter
575 3758 792 3822 obrepit
819 3762 950 3808 Pem.
990 3752 1123 3810 Voss.
1151 3764 1197 3810 2.
1240 3759 1502 3824 obrepsit.
1534 3762 1623 3809 Ar.
1673 3761 1792 3809 Bod.
1828 3763 1876 3821 Ξ,
1899 3764 1949 3812 4.
2007 3765 2117 3811 Ver.
2170 3762 2292 3811 Thu.
2361 3764 2494 3811 Voss.
2541 3761 2641 3810 obr
2656 3765 2823 3825 epent
2878 3762 3003 3810 Vict.
3032 3752 3039 3753 ί
3074 3764 3093 3793 5
3122 3760 3315 3809 Partes
3342 3755 3588 3806 mittenti
3632 3752 3745 3803 Bod.
3776 3757 3816 3825 1,

468 3829 489 3860 ⁸
514 3829 740 3894 Aliquid
768 3829 1032 3880 devorare
1085 3832 1207 3880 Bod.
1237 3833 1289 3891 l,
1313 3837 1363 3890 2,
1406 3835 1517 3882 Ver.
1573 3832 1692 3880 Thu.
1761 3831 1780 3865 7
1815 3833 2043 3883 Formas
2090 3831 2393 3883 muliebres
2436 3830 2561 3880 Bod.
2588 3829 2634 3879 3.

2724 3830 2746 3864 ⁸
2777 3829 3105 3880 Voluntates
3145 3829 3284 3876 Lam.
3338 3826 3496 3877 Ebor.
3544 3827 3675 3876 Voss.
3713 3822 3813 3879 1,2.

468 3901 577 3952 ΝΟ.
610 3903 655 3951 1.
683 3903 818 3951 Pem.
850 3901 974 3951 Bod.
1002 3906 1051 3964 Ξ,
1082 3906 1127 3951 4.
1174 3905 1304 3953 Vict.
1341 3905 1476 3954 Voss.
1544 3903 1564 3933 9
1589 3902 1804 3954 Canora
1820 3905 2035 3955 musica
2095 3908 2217 3955 Ben.
2253 3903 2374 3953 Thu.
2412 3904 2548 3952 Voss.

1779 4020 2004 4103 Steph.
2050 4020 2298 4084 Baluzii
2337 4023 2537 4082 notae.

530 4131 592 4190 (l)
622 4128 764 4181 Cum
804 4133 1036 4179 sanctus
1081 4128 1426 4192 Augustinus
1474 4129 1692 4179 initium
1737 4133 1791 4180 et
1841 4131 2103 4194 quaedam

467 4202 573 4250 alia
598 4202 767 4264 hujus
800 4200 927 4250 libri
970 4201 1092 4251 loca
1126 4201 1404 4251 retulisset
1444 4202 1499 4251 in
1537 4202 1570 4250 l.
1618 4215 1696 4263 1v,
1738 4203 1801 4252 de
1833 4204 2102 4265 Baptismo

466 4277 651 4321 contra
713 4272 1031 4332 Donatistas,
1087 4285 1132 4321 c.
1195 4272 1244 4333 8,
1297 4275 1487 4335 postea
1534 4272 1650 4322 ait:
1682 4290 1709 4319 ‹‹
1755 4273 1890 4323 Htec
1933 4273 2102 4323 verba

470 4342 734 4406 Cypriani
761 4344 815 4392 in
848 4343 1110 4406 Epistola,
1142 4344 1361 4407 populis
1388 4346 1535 4405 nota,
1563 4358 1731 4408 quam
1762 4358 1908 4407 vera,
1934 4359 2101 4409 quam

466 4415 628 4463 fortia
669 4415 780 4464 sint
824 4416 1295 4479 recognoscimus.
1340 4415 1483 4465 Vere
1525 4415 1713 4466 decuit
1756 4416 2098 4479 Cyprianum

466 4485 534 4534 de
564 4485 691 4534 Zelo
718 4490 772 4534 et
808 4486 1003 4536 Livore
1047 4490 1104 4536 et
1154 4500 1383 4551 arguere
1439 4488 1678 4551 graviter
1718 4489 1771 4536 et
1799 4500 2044 4548 monere,
2071 4501 2101 4535 a

468 4570 579 4620 quo
606 4560 715 4605 tam
770 4557 1053 4607 mortifero
1096 4558 1243 4607 malo
1279 4571 1374 4607 cor
1407 4559 1525 4620 ejus
1573 4557 1793 4621 penitus
1854 4558 2100 4607 alienum

470 4630 621 4676 tanta
661 4627 944 4677 cliaritatis
987 4628 1328 4677 abundantia
1369 4628 1823 4692 comprobavit.»
1864 4628 2017 4678 Idem
2043 4630 2099 4678 in

466 4702 635 4761 caput
669 4712 705 4748 v
732 4698 991 4761 Epistolas
1045 4698 1113 4747 ad
1159 4699 1385 4749 Galatas
1414 4713 1425 4746 :
1460 4715 1488 4742 ‹‹
1540 4697 1771 4760 Scripsit
1812 4702 1868 4747 et
1901 4698 2101 4748 beatus

467 4768 779 4832 Cyprianus
807 4769 1009 4818 librum
1042 4769 1109 4818 de
1130 4768 1257 4818 Zelo
1287 4773 1341 4819 et
1383 4768 1578 4819 Livore
1607 4769 1900 4831 optimum,
1930 4783 2098 4832 quem

466 4842 562 4903 qui
615 4840 827 4903 legerit,
869 4852 979 4888 non
1033 4838 1367 4889 dubitaverit.
1417 4852 1785 4890 annumerare
1837 4840 2099 4903 operibus

465 4912 650 4960 carnis
679 4910 963 4959 invidiam.
1001 4928 1029 4953 ››
1057 4910 1198 4960 Vide
1228 4910 1593 4961 Hincmarum
1625 4912 1681 4959 in
1716 4910 1859 4961 libro
1883 4925 1956 4962 LV
1984 4912 2097 4960 Ca—

464 4981 776 5045 pitulorum,
808 4995 925 5044 cap.
954 4982 1032 5041 47,
1070 4994 1193 5044 pag.
1216 4982 1329 5030 566.

529 5054 592 5114 (2)
649 5055 763 5103 Non
818 5051 974 5114 facile
1025 5051 1242 5100 vitatur.
1288 5051 1732 5103 Consultatlones
1776 5053 1993 5104 Zachmi
2042 5058 2097 5104 et

463 5124 765 5186 Apollonii,
791 5136 911 5184 cap.
946 5123 1024 5184 29,
1059 5123 1113 5171 in
1147 5127 1296 5173 tomo
1340 5124 1390 5173 X
1421 5125 1689 5188 Spicitegii
1738 5125 2093 5185 Dacheriani,

464 5208 584 5258 pag.
615 5195 678 5243 36
707 5210 717 5242 :
750 5212 777 5239 «
814 5194 882 5242 Et
911 5194 1060 5257 quod
1104 5198 1187 5243 est
1214 5195 1439 5255 saevius,
1474 5195 1580 5245 sub
1608 5197 1793 5259 Specie
1825 5198 2095 5246 innocen-

464 5267 554 5315 tiee
581 5267 788 5316 malum
824 5279 933 5315 non
978 5271 1227 5325 cavetur,
1265 5268 1398 5315 dum
1442 5268 1602 5318 vitari
1632 5281 1792 5332 posse
1828 5282 1937 5317 non
1969 5282 2095 5318 cre-

464 5337 627 5387 ditur.
666 5357 692 5380 »

526 5410 588 5467 (3)
641 5408 732 5455 Ubi
781 5410 838 5456 in
887 5412 1061 5471 pectus
1119 5408 1338 5472 obrepit.
1418 5410 1625 5461 Decem
1701 5409 1825 5459 libri
1877 5414 2093 5460 veteres

460 5479 761 5542 obrepserit.
792 5478 867 5527 Ita
894 5481 1058 5528 etiam
1089 5483 1301 5530 veteres
1330 5479 1620 5533 editiones.
1655 5482 1837 5531 Editio
1886 5482 2091 5531 Morel-

460 5551 539 5610 lii,
567 5550 790 5615 quando
816 5550 871 5598 in
907 5556 1082 5613 pectus
1107 5550 1341 5614 obrepat.

520 5623 589 5684 (4)
620 5622 819 5671 Circuit
870 5622 975 5671 ille.
1032 5623 1242 5673 Auctor
1282 5625 1543 5688 Epistolas
1579 5625 1656 5674 ad
1705 5623 2090 5674 Demetriadem

456 5692 600 5741 inter
624 5705 788 5755 opera
826 5694 1151 5757 Hieronymi
1179 5709 1189 5741 :
1224 5717 1245 5739 κ
1272 5695 1523 5745 Invidere
1581 5710 1693 5744 non
1744 5699 1925 5745 cessat
1956 5708 2089 5743 auc-

456 5766 540 5815 tor
570 5761 811 5827 invidias,
840 5769 895 5817 et
924 5768 1019 5831 qui
1058 5766 1230 5817 semel
1287 5782 1313 5813 a
1369 5769 1481 5817 Deo
1534 5770 1646 5833 Ipse
1693 5770 1971 5833 prnjt‘cttts
1999 5776 2084 5823 est

2203 4132 2357 4178 tanto
2387 4127 2582 4190 majori
2611 4126 2782 4176 livore
2813 4127 3120 4189 torquetur,
3166 4126 3379 4188 quanto
3408 4125 3651 4189 aliquem
3692 4117 3817 4186 apud

2203 4214 2333 4251 eum
2378 4198 2577 4248 viderit
2626 4197 2991 4247 clariorem.»
3047 4196 3116 4245 Et
3154 4209 3283 4246 mox
3332 4212 3343 4246 :
3391 4213 3421 4243 «
3471 4197 3621 4247 More
3667 4192 3819 4244 dolosi

2202 4270 2380 4321 hostis
2434 4270 2695 4319 universa
2736 4269 3078 4332 perlustrans
3133 4268 3388 4330 explorat
3425 4281 3619 4319 omnes
3657 4264 3818 4315 aditus

2202 4343 2405 4391 animm
2434 4353 2571 4399 suae,
2603 4354 2673 4389 an
2708 4341 2779 4389 sit
2808 4338 3018 4404 aliquid
3049 4338 3329 4388 inﬁrmum
3362 4344 3419 4391 et
3444 4341 3630 4389 minus
3659 4339 3817 4387 tutum

2203 4426 2299 4476 per
2323 4412 2470 4476 quod
2500 4412 2675 4474 possit
2705 4410 2959 4473 irrepere.
2988 4426 3017 4454 ››

2122 4453 2176 4526 C
2705 4453 3253 4545 "Anteawlegebatur
3307 4482 3681 4532 membrorum.
3725 4476 3817 4525 Ve-

2202 4569 2320 4605 ram
2355 4556 2654 4605 lectionem
2686 4553 3004 4603 invenimus
3034 4554 3090 4602 in
3120 4552 3340 4603 duobus
3372 4554 3610 4605 vetustis
3649 4562 3816 4602 exem-

2200 4626 2467 4690 plaribus,
2514 4627 2569 4674 in
2626 4624 2907 4675 Victorino
2944 4625 3210 4673 nimirum
3250 4629 3441 4675 vetere
3492 4630 3547 4675 et
3592 4624 3647 4672 in
3697 4622 3818 4670 Tor-

2200 4700 2445 4749 nacensi.
2497 4698 2558 4746 In
2591 4696 2876 4746 Victorino
2922 4696 3191 4759 scriptum
3242 4700 3324 4746 est
3378 4694 3724 4746 membromm
3769 4693 3815 4738 et

2198 4782 2366 4833 supra
2415 4768 2620 4819 lineam
2671 4767 2755 4816 vel
2798 4781 3115 4827 murorum;
3193 4767 3250 4816 in
3304 4765 3648 4818 Tornacensi
3704 4772 3815 4811 vero

2199 4854 2492 4901 murorum,
2525 4842 2579 4888 et
2603 4852 2768 4901 supra
2794 4837 2998 4887 lineam
3023 4838 3106 4886 vel
3135 4837 3508 4887 membrorum.

2261 4912 2327 4973 (6)
2355 4914 2572 4961 Cauora
2623 4911 2843 4961 musica.
2894 4911 3052 4960 Hanc
3094 4911 3413 4973 lectionem,
3468 4922 3635 4974 quam
3685 4917 3815 4971 prte-

2196 4984 2384 5033 ferunt
2410 4984 2655 5047 antiquae
2698 4982 2988 5041 editiones,
3034 4982 3202 5030 etiam
3232 4982 3575 5042 Morelliana,
3603 4980 3814 5030 retinere

2195 5054 2427 5118 placuit,
2456 5056 2585 5119 quia
2619 5055 2770 5104 illam
2809 5052 3073 5103 exhibent
3124 5054 3529 5115 septemdecim
3569 5051 3691 5100 libri
3732 5057 3814 5096 ve-

2194 5130 2359 5184 teres,
2389 5127 2497 5175 nisi
2524 5125 2674 5190 quod
2720 5126 2776 5174 in
2832 5137 3026 5174 eorum
3068 5137 3182 5173 uno
3225 5126 3499 5188 scriptum
3530 5126 3612 5174 est
3636 5129 3813 5172 sonora

2195 5211 2293 5261 pro
2322 5212 2539 5258 canora,
2569 5202 2623 5247 et
2657 5199 2788 5261 quia
2817 5197 3088 5246 musicam
3114 5196 3225 5247 dici
3270 5210 3436 5261 posse
3480 5194 3816 5246 dubitabatur

2194 5281 2314 5318 sevo
2344 5268 2696 5330 Quintiliani,
2724 5270 2785 5317 ut
2822 5268 2941 5331 ipse
2984 5268 3062 5316 ait
3107 5266 3205 5317 lib.
3241 5280 3355 5330 Vm,
3404 5280 3527 5330 cap.
3570 5266 3616 5315 3.
3643 5264 3709 5314 Et
3735 5266 3812 5310 ta-

2194 5353 2322 5391 men
2367 5339 2593 5404 quidam
2644 5340 2736 5389 alii
2775 5337 2900 5388 libri
2939 5343 3154 5389 veteres
3208 5341 3265 5389 et
3314 5336 3488 5389 editio
3528 5335 3815 5399 Anglicana

2192 5412 2495 5475 praeferunt
2550 5424 2804 5461 canoram
2851 5410 3138 5472 musicam;
3179 5409 3358 5460 codex
3405 5404 3813 5473 Moyssiacensis

2193 5486 2247 5533 et
2316 5482 2605 5545 Rigaltius,
2685 5494 2930 5531 canoram
2986 5481 3260 5529 musicam.
3327 5478 3437 5530 Sed
3518 5479 3611 5528 hic
3680 5485 3814 5526 error

2192 5558 2293 5617 est,
2349 5566 2520 5604 canor
2587 5553 2738 5603 enim
2795 5554 2879 5602 est
2929 5551 3225 5601 masculini
3286 5551 3525 5616 generis.
3580 5547 3810 5603 Ovidius,

2190 5626 2285 5675 lib.
2345 5639 2382 5675 v
2432 5624 2922 5687 Metamorphoseon
2964 5637 2981 5670 .·
3026 5640 3053 5667 α
3084 5624 3205 5673 Non
3256 5626 3444 5673 tamen
3508 5620 3602 5670 ille
3658 5628 3811 5668 canor

2191 5695 2517 5747 mulcendas
2546 5698 2710 5745 natus
2737 5693 2807 5745 ad
2850 5706 3030 5746 aures.
3058 5712 3088 5740 »
3118 5693 3261 5745 Sunt
3308 5693 3479 5745 etiam
3514 5691 3622 5745 alia
3644 5699 3811 5741 exem-

2190 5768 2297 5837 pla.
