3978 6206
188 254 269 306 665
1342 251 1541 308 LIBER
1581 253 1669 307 DE
1717 252 1885 309 ZELO
1922 252 2004 308 ET
2044 250 2312 307 LlVORE.
3420 254 3520 309 666

186 382 231 429 et
258 373 465 429 molliat
492 374 873 430 Christianum
904 374 1182 446 vigorem.
1215 376 1494 447 Linguam
1531 378 1787 432 convicio
1811 391 1869 461 Α
1892 375 2160 447 dejiciens
2207 376 2474 432 instinctu
2528 378 2632 431 zeli
2658 393 2829 449 quam
2876 377 2995 449 ipse
3023 376 3142 432 zelo
3170 382 3301 432 ante
3330 377 3519 448 dejec-

184 471 447 541 provocat,
488 486 721 524 manum
758 469 980 540 injuriis
1002 470 1404 525 lacessentibus
1431 470 1499 525 ad
1529 472 1796 541 petulan-
1900 475 2007 538 tus,
2061 470 2310 541 captivus
2359 474 2665 542 antequam
2725 472 2977 542 capiens,
3032 471 3294 542 perditus
3365 475 3522 526 ante-

183 564 297 617 tiam
323 563 491 617 caedis
523 564 787 635 instigat:
832 565 897 618 ut
940 563 1138 637 640
1185 564 1576 620 fraudatorem
1602 567 1795 622 faciat:
1898 580 2073 635 quam
2102 564 2362 635 perdens,
2396 564 2551 633 dum,
2597 565 2924 620 stimulante
2970 565 3145 619 livore
3180 567 3239 635 ‘5,
3298 564 3521 621 homini

186 658 319 711 lucra
347 658 588 728 opponit
618 658 863 729 injuste;
897 662 958 712 ut
984 659 1235 713 animam
1258 659 1499 730 pecunia
1520 661 1705 731 capiat
1728 662 1794 731 ιο,
1898 659 2137 730 gratiam
2167 659 2313 713 datae
2338 658 2782 713 immortalitatis
2810 658 2981 730 eripit
3024 660 3092 726 '6,
3136 659 3253 731 ipse
3284 675 3519 731 quoque

180 751 369 821 ingerit
426 751 751 824 perniciosa
805 753 1178 824 compendia;
1236 753 1482 809 honores
1534 759 1795 810 terrenos
1894 752 1953 808 id
1994 752 2149 824 quod
2197 753 2353 824 prius
2410 752 2600 807 fuerat
2647 753 2855 808 amisit.
2908 752 3087 817 Quale
3138 754 3352 809 malum
3410 756 3515 825 est,

180 844 457 917 promittit,
515 851 575 901 ut
615 847 864 902 ccelestes
910 846 1162 914 adimat;
1205 850 1457 903 ostentat
1504 848 1645 904 falsa
1696 849 1791 918 (7),
1894 847 2098 903 fratres
2142 846 2514 916 dilectissimi,
2558 862 2671 919 quo
2712 847 2951 918 angelus
3002 847 3225 917 cecidit,
3256 864 3369 920 quo
3412 847 3521 903 cir.

178 943 227 994 ut
268 954 397 994 vera
447 939 725 996 subribiat
779 958 791 994 :
850 943 909 995 et
959 957 1090 995 cum
1147 942 1391 997 latenter
1450 958 1566 997 non
1598 948 1791 1013 potest
1892 941 2209 997 cumveniri
2232 947 2286 997 et
2318 940 2567 997 subverti
2593 942 2703 996 alta
2732 941 2831 996 illa
2861 946 2920 995 et
2958 940 3229 1011 prteclara
3260 941 3517 997 sublimi-

178 1034 373 1104 fallere,
416 1037 611 1090 exerte
656 1040 830 1106 atque
878 1042 1075 1107 aperte
1110 1037 1152 1070 ¹¹
1182 1035 1462 1105 minatur,
1503 1041 1789 1093 terrorem
1890 1041 1975 1092 tas
2005 1038 2206 1108 potuit,
2235 1053 2346 1108 quo
2372 1037 2640 1107 deceptus
2667 1040 2752 1091 est
2777 1034 3003 1107 ipsequi
3020 1034 3273 1106 decepit!
3302 1035 3518 1091 Exinde

181 1128 403 1183 turbidae
428 1129 845 1200 persecutionis
866 1129 1176 1197 intentans,
1212 1131 1280 1184 ad
1304 1130 1669 1186 debellandos
1692 1131 1787 1187 Dei
1886 1130 2099 1185 invidia
2137 1133 2431 1203 grassatur
2476 1130 2535 1184 in
2584 1130 2767 1185 terris.
2818 1130 2957 1184 dum
3005 1130 3190 1199 llivore
3232 1130 3515 1200 periturus

178 1235 344 1273 servos
395 1219 684 1289 inquietus
740 1235 971 1290 semper
1033 1222 1091 1274 et
1136 1235 1365 1291 semper
1412 1220 1671 1289 infestus,
1728 1222 1786 1277 in
1888 1225 2164 1296 magistro
2196 1223 2529 1295 perditionis
2558 1223 2915 1293 obsequitur,
2943 1222 3079 1277 dum
3098 1222 3387 1279 diabolum
3419 1222 3517 1294 qui

178 1330 291 1384 pace
318 1312 608 1378 subdolus,
639 1313 699 1367 in
727 1314 1120 1384 persecutione
1148 1315 1443 1369 violentus.
1885 1320 2029 1374 zelat
2080 1319 2355 1386 imitatur,
2398 1318 2544 1372 sicut
2583 1318 2859 1388 scriptum
2903 1323 3025 1374 est:
3075 1317 3292 1371 Invidia
3336 1321 3517 1371 autem

234 1409 317 1462 III.
395 1407 813 1474 Quamobrem,
880 1408 1084 1462 fratres
1140 1408 1521 1477 dilectissimi,
1587 1413 1785 1465 contra
1883 1415 2090 1469 diaboli
2160 1429 2298 1469 mors
2370 1414 2617 1467 introivit
2669 1414 2729 1465 in
2780 1412 2958 1465 orbem
3024 1417 3295 1465 terrarum
3363 1411 3510 1481 (Sap.

177 1517 347 1555 omnes
401 1500 616 1555 diaboli
655 1500 885 1556 fallaces
920 1501 1153 1556 insidias
1197 1502 1282 1556 vel
1325 1506 1549 1573 apertas
1598 1505 1782 1558 minas
1885 1524 1944 1578 η,
1997 1508 2107 1578 24).
2162 1508 2465 1563 Imitantur
2522 1522 2661 1577 ergo
2708 1506 2867 1560 illum
2917 1505 3014 1577 qui
3066 1509 3198 1559 sunt
3241 1521 3311 1561 ex
3351 1507 3511 1576 parte

177 1598 297 1649 stare
360 1595 531 1649 debet
596 1594 899 1649 instructus
959 1596 1185 1649 animus
1252 1602 1307 1651 et
1354 1603 1629 1666 armatus,
1664 1602 1781 1652 tam
1882 1602 2004 1673 ejus
2037 1604 2168 1674 (10).

176 1692 376 1760 paratus
398 1689 446 1724 ²²
478 1705 709 1760 semper
752 1689 825 1743 ad
869 1690 1308 1760 repugnandum
1350 1706 1527 1761 quam
1567 1697 1651 1745 est
1706 1692 1780 1746 ad
1953 1698 2012 1751 V.
2061 1696 2199 1750 Hinc
2245 1696 2495 1767 denique
2542 1710 2702 1749 novae
2746 1693 3115 1749 fraternitatis
3162 1694 3273 1765 (11)
3322 1694 3511 1764 prima

175 1783 612 1854 impugnandum
662 1798 894 1852 semper
920 1788 1149 1853 paratus
1186 1782 1470 1838 inimicus-
1520 1786 1605 1853 Et,
1643 1783 1858 1855 quo-B
1884 1791 2032 1858 odia,
2080 1791 2212 1845 hinc
2254 1790 2557 1860 parricidia
2597 1789 2845 1843 nefanda
2881 1792 3172 1859 coeperunt
3199 1788 3372 1858 (Gem,
3410 1786 3507 1855 1v),

175 1878 303 1931 niam
330 1877 726 1948 frequentiora
768 1879 901 1931 sunt
940 1878 1050 1931 tela
1082 1877 1206 1948 ejus
1254 1894 1382 1949 qua:
1428 1879 1670 1933 latenter
1708 1881 1781 1951 (8)
1883 1885 2021 1939 dum
2080 1885 2212 1939 Abel
2258 1886 2479 1954 justum
2528 1884 2666 1938 Cain
2724 1885 2862 1937 zelat
2904 1882 3015 1953 (12)
3060 1882 3323 1951 injustus,
3372 1881 3511 1936 dum

178 1972 449 2042 obrepunt,
482 1972 783 2043 magisque
807 1971 1023 2026 occulta
1055 1977 1111 2025 et
1142 1972 1490 2027 clandestina
1510 1973 1780 2043 jaculatio
1879 1979 2094 2033 bonum
2116 1978 2531 2033 malusinvidia
2550 1981 2606 2031 et
2626 1979 2802 2032 livore
2816 1977 3176 2047 persequitur
3204 1974 3334 2045 (12).
3365 1975 3510 2029 Tan-

177 2068 472 2137 quominus
512 2066 877 2137 perspicitur,
921 2066 1023 2121 hoc
1055 2072 1111 2121 et
1158 2067 1385 2137 gravius
1432 2071 1487 2121 et
1529 2068 1779 2122 crebrius
1880 2076 2002 2126 tum
2033 2073 2207 2127 valuit
2228 2073 2296 2126 ad
2316 2072 2865 2126 consummationem
2900 2070 3172 2125 facinoris.
3189 2068 3509 2123 aemulatio-

177 2161 219 2214 in
245 2162 465 2216 vulnera
494 2168 691 2215 nostra
719 2166 1027 2231 grassatur,
1052 2162 1121 2215 ad
1149 2162 1270 2215 haec
1310 2178 1536 2232 quoque
1576 2162 1780 2216 intelli—
1880 2167 1968 2220 nis
2000 2168 2173 2235 furor,
2211 2169 2273 2221 ut
2301 2183 2407 2220 nec
2456 2167 2697 2221 Charitas
2746 2165 2954 2233 fratris,
2997 2180 3103 2218 nec
3132 2163 3355 2218 sceleris
3410 2163 3512 2217 im-

178 2256 335 2325 genda
362 2262 416 2309 et
470 2255 813 2325 depellenda
852 2255 1154 2325 vigilemus
1204 2272 1270 2309 ex
1316 2255 1520 2326 quibus
1558 2260 1641 2309 est
1678 2256 1779 2311 zeli
1880 2260 2143 2329 manitas,
2168 2277 2273 2315 nec
2291 2262 2462 2315 timor
2479 2261 2593 2326 Dei,
2626 2278 2727 2315 nec
2750 2276 2912 2331 poena
2932 2258 3117 2313 delicti
3143 2258 3508 2328 cogitaretur,

177 2349 414 2402 BlliVOI‘iS
464 2349 705 2402 malum-
768 2349 926 2412 Ουοά
986 2349 1029 2402 si
1084 2349 1207 2419 quis
1237 2349 1462 2419 penitus
1496 2350 1775 2420 inspiciat,
1879 2356 2097 2425 Injuste
2142 2372 2442 2426 Oppressus
2498 2360 2581 2409 est
2629 2355 2726 2424 qui
2758 2355 3034 2425 justitiam
3082 2354 3304 2425 primus
3331 2357 3513 2406 osten-

178 2441 392 2497 inveuiet
439 2443 587 2497 nihil
634 2443 822 2513 magis
870 2443 1182 2497 Christiano
1231 2443 1541 2497 cavendum
1569 2485 1582 2511 ,
1636 2444 1777 2498 nihil
1880 2449 2062 2517 derat,
2113 2448 2245 2503 odia
2289 2466 2587 2519 perpessus
2626 2455 2709 2502 est
2750 2448 2847 2519 qui
2885 2448 3067 2502 odisse
3102 2465 3214 2501 non
3252 2449 3506 2511 noverat,

177 2537 360 2590 cautius
414 2536 836 2607 providendum
905 2553 1078 2607 quam
1136 2554 1207 2591 ne
1270 2538 1395 2608 quis
1450 2537 1655 2591 invidia
1722 2541 1778 2591 et
1877 2542 2086 2597 occisus
2117 2547 2202 2596 est
2232 2543 2405 2612 impie
2441 2544 2537 2613 qui
2578 2543 2825 2596 moriens
2868 2559 2979 2595 non
3030 2540 3402 2611 repugnabat.
3446 2542 3513 2594 Et

178 2630 316 2684 livore
358 2632 653 2702 capiatur;
701 2647 771 2684 ne
817 2631 945 2701 quis
994 2632 1247 2685 fallentis
1297 2632 1578 2686 iuimici‘3
1614 2630 1774 2685 caecis
1876 2636 2025 2707 quod
2053 2639 2195 2691 Esau
2221 2636 2381 2690 fratri
2422 2654 2524 2691 suo
2562 2636 2727 2691 Jacob
2774 2636 3035 2689 inimicus
3078 2634 3313 2690 exstitit.
3359 2634 3511 2687 zelus

177 2724 357 2795 laqueis
394 2725 738 2795 implicatus,
771 2725 907 2778 dum
950 2726 1071 2779 zelo
1103 2725 1281 2780 frater
1328 2727 1385 2779 in
1424 2726 1612 2780 fratris
1644 2725 1775 2779 odia
1872 2731 1981 2784 fuit
2038 2730 2211 2798 (Gem,
2273 2730 2458 2800 xan).
2522 2731 2684 2797 Nam,
2716 2729 2847 2801 quia
2911 2729 3004 2783 ille
3052 2726 3511 2782 benedictionem

177 2822 507 2889 convertitur,
541 2823 733 2894 gladio
796 2840 898 2877 suo
964 2823 1186 2877 nescius
1248 2824 1371 2894 ipse
1434 2824 1769 2894 perimatur.
1872 2825 2052 2896 patris
2071 2830 2386 2894 acceperat,
2421 2824 2511 2878 hic
2540 2823 2597 2878 in
2623 2824 2818 2878 odium
2856 2822 3268 2894 persecutionis
3296 2820 3512 2875 facibus

177 2918 301 2978 Quod
327 2921 383 2970 ut
410 2919 684 2988 colligere
712 2917 935 2987 plenius
965 2920 1021 2970 et
1054 2916 1412 2973 manifestius
1448 2917 1773 2988 perspicere
1873 2918 2065 2973 livoris
2099 2918 2338 2972 exarsit.
2400 2920 2467 2972 Et
2506 2918 2657 2989 quod
2697 2918 2907 2989 .losepli
2948 2917 3153 2970 fratres
3194 2914 3281 2969 sui
3312 2913 3509 2967 vendi-

180 3011 441 3079 possimus,
498 3012 573 3065 ad
625 3016 793 3082 caput
843 3012 964 3081 ejus
1020 3017 1189 3081 atque
1247 3011 1532 3081 originem
1587 3028 1773 3065 recur-
1873 3013 2104 3080 derunt,
2149 3029 2321 3067 causa
2364 3011 2650 3067 vendendi
2686 3012 2754 3066 de
2802 3011 3169 3066 aemulatione
3224 3005 3513 3062 descendit

180 3121 349 3159 ramus.
407 3106 711 3160 Videamus
767 3105 917 3159 unde
966 3105 1137 3171 zelus,
1181 3107 1238 3158 et
1268 3105 1497 3175 quando
1539 3108 1597 3159 ct
1638 3122 1772 3175 quo—
1798 3159 1843 3176 η
1877 3106 2317 3175 (ϐεηυλῐχχνιι).
2362 3109 2669 3176 Postquam
2714 3105 2769 3159 id
2805 3121 2917 3175 quo
2961 3104 3067 3158 sibi
3101 3105 3160 3157 in
3197 3100 3508 3155 visionibus

181 3199 315 3253 modo
352 3200 607 3271 cceperit.
656 3198 889 3254 Facilius
920 3198 1076 3253 enim
1105 3216 1137 3252 a
1187 3199 1348 3253 nobis
1396 3200 1605 3253 malum
1650 3193 2212 3271 tamUprosperum
2260 3202 2442 3255 fuerat
2484 3204 2797 3266 ostensum,
2842 3197 3169 3269 simpliciter
3214 3199 3274 3249 ut
3318 3193 3507 3248 fratri-

182 3295 519 3361 perniciosum
563 3292 850 3360 vitabitur,
884 3293 929 3346 si
973 3292 1229 3361 ejusdem
1266 3292 1403 3347 mali
1433 3297 1487 3348 et
1526 3294 1686 3363 origo
1714 3299 1770 3347 et
1866 3295 1973 3349 bus
1998 3295 2175 3349 frater
2199 3295 2479 3366 exposuit,
2530 3295 2587 3348 in
2626 3294 2896 3347 invidiam
2940 3291 3253 3346 malevolus
3282 3289 3507 3345 animus

179 3388 465 3457 iu;f.gnitudo
490 3392 780 3441 noscatur.
1871 3388 2078 3459 erupit.
2112 3388 2245 3442 Saul
2291 3404 2523 3458 quoque
2571 3404 2667 3442 rex
2712 3393 2772 3442 ut
2818 3387 2989 3440 David
3017 3386 3246 3452 odisset,
3279 3389 3340 3437 ut
3370 3399 3503 3453 per-

236 3482 305 3534 lV.
335 3483 464 3536 Hinc
492 3481 753 3537 diabolus
786 3480 859 3551 (9)
910 3480 1059 3535 inter
1100 3479 1263 3535 initia
1307 3480 1519 3549 statim,
1572 3481 1768 3535 mundi
1877 3481 2274 3537 secutionibus
2307 3498 2455 3553 saape
2487 3481 2740 3553 repetitis
2765 3483 3153 3547 innocentem,
3184 3477 3505 3533 misericor-

182 3577 223 3625 et
246 3577 388 3644 perit,
419 3578 641 3647 primus
670 3579 723 3629 et
750 3574 1020 3645 perdidit.
1044 3575 1158 3642 fllle
1188 3574 1447 3645 angelica
1476 3576 1770 3645 majestate
1870 3576 2020 3643 dem,
2055 3576 2275 3645 mitem,
2307 3576 2542 3630 lenitate
2579 3577 2622 3609 ¹⁷
2656 3576 2970 3647 patientem
3004 3589 3208 3629 necare
3247 3576 3502 3643 cuperet,

183 3668 493 3738 subnixus“,
514 3668 701 3741 641
734 3670 828 3723 ille
858 3670 969 3723 Deo
999 3673 1262 3739 acceptus
1296 3673 1352 3722 et
1377 3669 1771 3741 charus,post—
1870 3669 2007 3740 quid
2042 3670 2197 3723 aliud
2225 3685 2398 3739 quam
2431 3669 2530 3722 zeli
2570 3669 2835 3723 stimulus
2884 3667 3208 3738 provocavit
3252 3666 3303 3737 (Ι
3348 3669 3501 3733 Reg.,

182 3777 317 3831 quam
342 3764 640 3818 hominem
671 3764 739 3818 ad
763 3763 1068 3833 imaginem
1098 3762 1194 3817 Dei
1219 3764 1430 3817 factum
1454 3763 1767 3833 conspexit,
1872 3762 2065 3833 xvni)?
2107 3762 2271 3829 Quia,
2320 3763 2541 3816 Goliath
2585 3761 2903 3829 interfecto,
2956 3766 3013 3816 et
3061 3778 3168 3832 ope
3205 3776 3267 3813 ac
3312 3757 3504 3831 624

183 3855 680 3913 iuzelummalivolo
708 3858 880 3911 livore
904 3858 1318 3928 prorupit,non
1342 3857 1499 3928 prius
1527 3858 1769 3911 alterum
1873 3856 2197 3928 dignatione
2244 3856 2434 3911 divina
2482 3861 2637 3911 tanto
2683 3857 2845 3912 hoste
2906 3856 3091 3911 deleto
3149 3856 3212 3923 ιδ,
3264 3853 3504 3925 populus

1519 4003 1729 4065 Variae
1794 4002 2133 4066 lectiones.

232 4138 261 4167 ¹⁰
287 4136 483 4202 Capiat,
518 4138 773 4189 ostendit
797 4137 922 4186 Bod.
956 4140 1003 4187 1.
1078 4140 1117 4170 ¹¹
1142 4139 1328 4202 Atque
1358 4139 1652 4189 manifeste
1684 4139 1809 4188 Bod.
1842 4140 1885 4187 1.
1959 4137 1997 4171 η
2019 4137 2102 4188 Sit
2128 4141 2240 4187 tam
2262 4141 2484 4201 paratus
2515 4140 2648 4187 Pem.
2684 4141 2816 4188 Voss.
2846 4136 2891 4187 2.
2967 4140 3003 4169 ¹³
3034 4137 3114 4186 Ne
3142 4136 3267 4200 quis
3293 4134 3505 4184 inimici

186 4203 290 4253 Pem.
324 4210 448 4257 Voss.
479 4212 523 4258 1.
598 4210 636 4239 ¹⁴
664 4208 761 4256 Ille
787 4208 1039 4270 angelica
1086 4207 1209 4256 Bod.
1238 4210 1281 4268 1,
1309 4209 1356 4269 2,
1386 4210 1434 4268 3,
1456 4210 1501 4257 4.
1538 4211 1678 4257 Lam.
1714 4208 1865 4258 Ebor.
1898 4210 2005 4258 Lin.
2041 4209 2148 4258 ΝΟ.
2212 4212 2348 4259 Voss.
2380 4211 2424 4269 1,
2455 4209 2502 4257 2.
2535 4209 2580 4257 3.
2620 4208 2893 4258 Potestate
2916 4207 3042 4258 Bod.
3078 4213 3121 4256 3.
3164 4207 3262 4255 Ille
3292 4204 3506 4253 dudum

188 4274 309 4324 Oxon.
378 4282 409 4309 ‘5
439 4281 507 4329 Et
548 4279 683 4328 dum
749 4279 1072 4329 stimulante
1113 4279 1223 4328 ΝΟ.
1266 4281 1314 4339 1,
1358 4282 1496 4329 Lam.
1531 4280 1683 4328 Ebor.
1734 4280 1858 4327 Bod.
1901 4281 1947 4328 ἃ.
2017 4278 2056 4311 ⁸⁵
2085 4279 2170 4326 Sic
2214 4279 2353 4327 Lam.
2410 4278 2558 4327 Ebor.
2600 4279 2711 4327 Lin.
2753 4280 2886 4327 Voss.
2920 4280 2966 4327 1.
3029 4276 3149 4326 Bod.
3188 4279 3234 4336 1,
3265 4279 3313 4337 2,
3356 4278 3403 4331 3,
3447 4278 3489 4321 4.

185 4344 324 4409 eripit,
350 4351 440 4412 qui
472 4362 698 4414 quoque
722 4350 847 4411 Imp.
920 4349 955 4382 '7
985 4350 1101 4400 Miti
1128 4351 1370 4399 vanitate
1406 4350 1586 4402 Routh.
1618 4364 1680 4398 ex
1708 4352 1812 4399 suis
1839 4349 1984 4399 codd.
2057 4349 2097 4384 ³⁸
2115 4350 2290 4399 Hoste
2326 4349 2562 4412 dejecto,
2593 4351 2729 4398 Pem.
2768 4352 2903 4400 Voss.
2935 4354 2980 4397 2.

1442 4494 1668 4576 Steph.
1704 4494 1948 4557 Baluzii
1989 4500 2181 4558 notae.

234 4608 285 4668 (Ἰ)
322 4609 540 4661 Ostentat
586 4610 745 4673 falsa.
780 4609 927 4660 Citat
968 4610 1122 4661 hunc
1156 4611 1341 4661 locum
1389 4614 1584 4660 auctor
1619 4612 1761 4660 Prae-
1784 4624 1843 4673 ῃ
1866 4611 2157 4662 Pithcnano
2191 4628 2200 4660 :
2236 4612 2510 4661 Justorum
2552 4611 2743 4659 animm
2777 4610 2834 4658 in
2874 4622 3034 4658 manu
3084 4610 3183 4657 Dei
3217 4612 3356 4657 sunt.
3388 4605 3501 4657 Sed

186 4675 386 4748 destinati
414 4681 595 4732 editus
632 4698 662 4732 a
706 4682 1003 4733 Sirmondo
1039 4683 1097 4731 in
1139 4683 1370 4748 Prologo
1415 4683 1537 4732 libri
1581 4684 1722 4732 tertii
1751 4698 1761 4730 :
1786 4675 1840 4696 υ
1880 4683 2029 4733 istud
2060 4683 2500 4733 additamentum
2530 4695 2641 4731 non
2672 4681 2846 4744 reperi
2876 4681 3027 4731 alibi.

188 4764 215 4818 <1
230 4747 413 4802 Finitus
442 4758 523 4803 est
550 4754 693 4805 liber
718 4754 982 4804 inimicus
1013 4753 1325 4815 hominum,
1356 4758 1545 4805 contra
1577 4754 1773 4805 Fidem
1936 4757 2035 4818 (11)
2086 4758 2242 4805 Νουω
2282 4754 2655 4817 fraternitatis.
2698 4753 2819 4802 Vox
2868 4766 3011 4802 novae
3052 4751 3205 4801 deest
3253 4751 3310 4799 in
3362 4750 3501 4799 duo-

188 4815 483 4873 Catholicam
513 4825 805 4885 conﬁctus,
852 4824 1233 4874 circumdatus
1268 4824 1522 4882 fallaciis,
1553 4824 1771 4875 adulter
1876 4815 1984 4875 bus
2019 4815 2161 4877 libri
2208 4815 2508 4876 veteribus.
2559 4824 2723 4875 Certe
2770 4823 2990 4874 videtur
3034 4823 3333 4888 superﬂua.
3381 4822 3502 4872 Non

187 4892 373 4967 lylegra:
412 4896 779 4957 difﬁnitionis,
820 4896 1049 4959 quique,
1093 4900 1153 4945 ut
1194 4899 1421 4947 sanctus
1462 4896 1775 4959 Cyprianus
1876 4897 2056 4947 delevi
2106 4902 2308 4958 tamen,
2362 4896 2491 4960 quia
2541 4899 2719 4946 exstat
2756 4896 2811 4944 in
2855 4896 3045 4945 multis
3092 4892 3501 4957 exemplaribus

188 4964 258 5019 ait,
279 4964 399 5014 falsa
424 4971 660 5017 ostentat
686 4971 746 5016 ut
772 4980 901 5017 vera
926 4967 1203 5031 surripiat.
1229 4982 1259 5014 »
1876 4968 2288 5031 manuscriptis.

233 5038 285 5091 (ὅ)
334 5038 442 5087 Tela
499 5053 614 5102 qua:
688 5038 925 5089 latenter.
989 5038 1168 5101 Supra
1221 5039 1278 5087 in
1334 5038 1489 5088 initio
1544 5038 1667 5089 libri
1712 5040 1776 5088 de
1941 5040 2036 5102 (1‘2)
2088 5038 2212 5088 Abel
2246 5040 2454 5102 justum
2504 5038 2639 5087 Cain
2678 5038 2833 5089 zelat.
2877 5039 3057 5101 Quem
3107 5037 3229 5087 ideo
3272 5035 3504 5099 Prosper

191 5100 362 5154 Unitate
410 5100 643 5158 Ecclesiae
688 5125 705 5157 :
759 5127 785 5154 «
837 5100 1083 5158 Facilior
1137 5109 1322 5158 cautio
1377 5112 1460 5158 est
1509 5108 1605 5158 ubi
1656 5123 1774 5159 ma-
1874 5100 1972 5159 lib.
2024 5100 2067 5158 ἰι
2131 5110 2193 5158 de
2248 5100 2693 5160 Promissionibus
2756 5115 2802 5160 et
2873 5100 3302 5160 Prwdictionibus
3362 5109 3499 5171 Dei,

188 5174 346 5225 nitesta
385 5180 613 5231 formido
652 5184 751 5230 est.
796 5197 823 5225 »
868 5180 1264 5243 Hieronymus,
1309 5180 1364 5229 in
1415 5180 1639 5244 Dialogo
1680 5181 1775 5230 ad-
1874 5193 1994 5244 cap.
2025 5182 2074 5240 6,
2123 5184 2289 5231 vocat
2330 5184 2612 5233 auctorem
2648 5182 2890 5233 invidias.
2941 5184 3186 5232 Irenaaus
3216 5182 3313 5231 lib.
3351 5195 3369 5231 ι
3412 5182 3504 5232 lo—

188 5257 326 5317 versus
369 5250 722 5313 Luciferianos
753 5267 769 5299 :
808 5269 834 5297 «
866 5251 1076 5313 Sagitta
1121 5264 1247 5314 quae
1292 5253 1555 5300 contento
1600 5264 1772 5300 nervo
1874 5264 2055 5316 quens
2081 5252 2149 5302 de
2184 5253 2539 5317 generatione
2583 5252 2741 5315 Cain,
2771 5254 2847 5303 ait
2880 5267 2891 5301 :
2926 5256 3008 5304 Ita
3051 5259 3105 5303 ut
3142 5259 3188 5304 et
3231 5253 3357 5303 dum
3388 5253 3501 5316 fra-

188 5313 396 5380 dirigitur
444 5324 669 5375 difﬁcile
721 5323 941 5372 vitatur.
983 5313 1158 5372 Antea
1206 5322 1357 5372 enim
1403 5320 1472 5370 ad
1523 5334 1651 5371 eum
1701 5322 1771 5371 ad
1872 5313 2000 5372 trem
2049 5313 2210 5372 smmi
2246 5323 2372 5373 Abel
2416 5323 2686 5385 occideret,
2726 5313 2929 5389 primus
2976 5325 3147 5375 zelum
3193 5330 3239 5375 et
3283 5313 3498 5376 mortem

190 5398 319 5447 quem
338 5395 473 5454 jacta
513 5400 593 5446 est
628 5396 881 5459 pervenit
921 5407 1091 5457 quam
1136 5393 1294 5444 obice
1325 5393 1507 5457 clypei
1537 5393 1764 5443 frustre-
1865 5394 2164 5444 ostenderit.

190 5458 316 5533 tur.»
630 5458 645 5459 ί
1931 5466 2024 5528 (13)
2068 5467 2252 5516 Livore
2295 5468 2650 5530 persequitur.
2694 5468 2888 5518 Postea
2931 5469 3186 5533 sequitur
3227 5469 3280 5517 in
3321 5468 3497 5517 tribus

235 5530 286 5587 (9‘;
318 5533 436 5583 Hinc
478 5536 737 5588 diabolus.
786 5536 976 5588 Refert
1022 5540 1077 5586 et
1111 5536 1352 5585 illustrat
1394 5534 1545 5585 hunc
1575 5534 1764 5585 locum
1867 5537 2111 5601 antiquis
2160 5537 2470 5599 codicibus,
2501 5540 2626 5588 dum
2667 5539 2935 5589 diabolum
2982 5530 3079 5605 qui
3122 5540 3265 5591 zelat
3310 5541 3495 5588 imita-

190 5608 373 5676 ianctus
419 5608 758 5671 Augustinus
830 5608 924 5657 lib.
986 5621 1043 5659 1v
1104 5608 1167 5657 de
1222 5606 1524 5669 Baptismo,
1573 5611 1766 5657 contra
1867 5613 1968 5657 tur.
2005 5607 2115 5658 Sed
2159 5608 2281 5659 haec
2324 5610 2587 5659 videntur
2625 5611 2855 5673 repetita
2885 5625 2916 5659 a
2959 5612 3202 5676 quodam
3247 5610 3496 5661 studioso

190 5666 476 5743 Donatistas,
505 5666 620 5743 cap.
648 5682 694 5730 9.
728 5679 869 5730 Vide
904 5679 1265 5730 Sirmondum
1295 5666 1361 5728 in
1403 5666 1607 5728 librum
1644 5678 1761 5728 Ru—
1865 5692 1935 5729 ex
1979 5678 2064 5728 his
2114 5693 2240 5743 quae
2288 5680 2455 5743 paulo
2498 5686 2627 5731 ante
2673 5666 2823 5732 dicta
2863 5666 3014 5733 sunt.
3053 5684 3394 5733 Novatianus
3439 5682 3495 5731 in

190 5737 626 5819 ﬂuiléalsest’iniae
655 5752 798 5813 Fide,
820 5765 942 5815 pag.
968 5752 1047 5800 9t.
1864 5749 2004 5799 libro
2053 5737 2461 5815 de-Trinitate,
2508 5766 2612 5803 non
2660 5753 2722 5802 de
2770 5754 3004 5819 maligno
3058 5754 3269 5806 invidiae
3323 5751 3491 5804 livore

239 5813 317 5877 (10)
365 5820 438 5869 Ex
494 5827 641 5887 parte
699 5813 839 5891 ejus.—
886 5822 1080 5873 Postea
1144 5821 1398 5893 sequitur
1453 5822 1507 5871 in
1571 5820 1764 5874 codice
1864 5821 2143 5875 descendit.
