3998 6194
471 251 572 307 667

1378 260 1433 315 S.
1474 263 1788 321 CYPRMNI
1825 264 2100 322 OPERUM
2130 265 2300 323 PARS
2338 266 2404 321 ll.
2437 293 2506 307 —
2545 265 2916 323 OPUSCULA.
3689 273 3775 328 668

469 376 757 439 admirans
786 378 845 434 in
874 380 1069 436 laudes
1099 381 1263 439 David
1294 385 1711 454 praedicationis
1742 389 2009 462 sutfrugic
2050 392 2094 425 “5
2121 405 2173 475 Α
2195 396 2362 462 alque
2414 391 2487 445 ad
2539 390 2846 446 schismata
2908 388 3203 460 prosilitur
3223 429 3237 455 ,
3293 386 3425 442 dum
3473 389 3783 449 obtrectator

469 472 711 542 prosiliit
738 474 845 541 (III
870 478 1021 544 Reg.,
1050 476 1203 546 xvu),
1238 478 1371 533 Saul
1402 480 1451 514 ²⁰
1476 481 1779 536 simultatis
1807 490 1976 556 atque
2012 485 2096 539 in-

472 565 793 620 sectationis
821 568 997 623 furias
1027 570 1095 624 de
1122 571 1299 626 livore
1329 574 1608 646 concepit.
1650 577 1717 630 Et
1747 594 1818 631 ne
1860 578 2094 648 longum

469 657 669 711 faciam
694 659 947 732 singulos
986 666 1335 721 recensendo
1385 668 1455 734 3',
1496 670 1791 739 pereuntis
1831 673 2006 726 semel
2046 673 2093 707 2³

470 753 579 821 (14)
637 755 833 825 populi
884 757 1247 816 attendamus
1295 761 1612 818 interitum.
1664 765 1845 819 Judaei
1900 782 2095 821 nonne

468 844 602 900 inde
636 848 933 918 perierunt
969 851 1105 906 dum
1135 853 1359 909 Christo
1390 857 1613 911 malunt
1640 857 1890 914 invidere
1921 877 2094 931 quam

470 940 702 995 credere
720 943 746 995 ?
766 943 1154 1000 Obtrectantes
1178 950 1539 1019 magnalibus
1558 968 1685 1023 ques
1715 952 1809 1007 ille
1826 954 2092 1023 faciebat,

470 1032 587 1087 zelo
622 1043 943 1093 excaecante
963 1038 1179 1111 decepti
1201 1045 1351 1111 sunt,
1380 1060 1481 1098 nec
1508 1044 1581 1099 ad
1602 1045 1792 1101 divina
1812 1050 2097 1104 noscenda

469 1126 653 1182 cordis
681 1131 869 1184 oculos
894 1134 1115 1202 aperire
1145 1139 1474 1205 potuerunt.

543 1222 623 1276 Vl.
654 1222 793 1287 Quae
823 1241 927 1279 nos
959 1228 1379 1284 considerantes
1407 1231 1475 1298 ³³,
1507 1231 1709 1287 fratres
1729 1234 2093 1305 dilectissimi,

470 1321 666 1371 contra
695 1321 907 1373 tantam
942 1321 1071 1374 mali
1111 1322 1421 1393 perniciem
1454 1324 1760 1396 vigilanter
1795 1334 1851 1385 et
1878 1331 2098 1386 fortiter

468 1408 651 1464 dicata
684 1412 799 1467 Deo
830 1416 1059 1483 pectora
1100 1416 1444 1473 muniamus.
1492 1421 1745 1476 Aliorum
1785 1439 1937 1477 mors
1972 1442 2097 1496 pro-

469 1502 621 1557 ﬁciat
672 1505 741 1558 ad
801 1511 1051 1561 nostram
1100 1509 1375 1577 salutem,
1428 1512 1879 1583 imprudentium
1936 1536 2097 1588 poma

468 1596 892 1666 providentibus
942 1602 1197 1656 conferat
1242 1605 1566 1662 sanitatem.
1610 1609 1729 1662 Non
1777 1617 1860 1665 est
1904 1616 2096 1668 autem

466 1690 621 1760 quod
678 1692 878 1764 aliquis
934 1695 1216 1751 existimet
1270 1699 1479 1754 malum
1537 1701 1681 1756 istud
1732 1720 1847 1759 una
1904 1707 2089 1777 specie

2196 485 2598 553 sacerdotibus,
2642 486 2779 539 dum
2826 482 3107 554 episcopis
3155 481 3454 548 invidetur,
3502 483 3627 537 dum
3671 486 3782 555 quis

2195 584 2292 634 aut
2339 579 2596 651 queritur
2628 595 2739 632 non
2765 594 2825 633 se
2876 578 3065 649 potius
3111 576 3431 631 ordinatum
3457 577 3522 643 ’3,
3575 582 3667 632 aut
3707 579 3788 634 de-

2198 674 2466 745 dignatur
2508 673 2754 728 alterum
2787 673 2936 726 ferre
2980 670 3364 742 praspcsitum.
3410 671 3543 724 Hinc
3584 672 3786 727 recalci-

2194 774 2327 835 trat,
2374 768 2509 822 hinc
2556 748 2795 822 rebellat
2857 766 2929 820 de
2970 766 3088 820 zelo
3144 762 3336 838 643
3387 764 3671 835 superbus,
3723 766 3784 821 dc

2194 862 2569 916 famulatione
2598 877 2912 932 perversos,
2959 859 3325 914 animositate
3366 862 3422 912 et
3464 857 3628 912 livore
3674 876 3772 914 non

2196 956 2463 1023 hominis,
2492 957 2585 1010 sed
2617 955 2842 1009 honoris
2870 952 3153 1008 inimicus.

2266 1051 2372 1106 νη.
2421 1050 2613 1113 Qualis
2638 1064 2770 1104 vero
2812 1048 2956 1104 est“
2997 1047 3206 1101 animas
3237 1045 3410 1113 tinea,
3447 1061 3571 1116 quae
3591 1046 3785 1116 cogita-

2199 1143 2419 1199 tionum
2475 1143 2649 1211 tabes,
2706 1142 2951 1214 pectoris
3003 1144 3213 1213 quanta
3266 1138 3487 1210 rubigo,
3526 1139 3702 1193 zelare
3740 1139 3789 1194 in

2198 1239 2377 1293 altero
2410 1237 2497 1292 vel
2519 1238 2787 1292 virtutem
2816 1237 2941 1306 ejus
2962 1236 3048 1289 vel
3074 1234 3431 1300 felicitatem,
3462 1232 3519 1287 id
3536 1236 3614 1286 est
3630 1233 3790 1288 odisse

2198 1333 2255 1386 in
2289 1349 2355 1387 eo
2384 1333 2469 1387 vel
2516 1333 2723 1386 merita
2769 1329 3001 1401 propria
3049 1330 3136 1383 vel
3182 1326 3459 1382 beneficia
3505 1325 3696 1393 divina,
3738 1327 3790 1381 in

2197 1425 2410 1480 malum
2445 1425 2737 1496 proprium
2768 1424 3112 1478 bonaaliena
3135 1425 3484 1486 convertere,
3516 1419 3788 1474 illustrium

2198 1520 2565 1591 prosperitate
2594 1518 2869 1588 torqueri,
2894 1517 3135 1572 aliorum
3168 1515 3410 1587 gloriam
3436 1514 3614 1568 facere
3650 1529 3792 1568 suam

2197 1630 2443 1685 pinnam,
2500 1619 2555 1667 et
2598 1613 2751 1667 velut
2798 1610 3077 1683 quosdam
3116 1608 3337 1681 pectori
3378 1624 3479 1662 suo
3523 1608 3794 1661 admovere

2197 1708 2489 1762 carnifices
2532 1707 2665 1779 (18),
2713 1704 3157 1778 cogitationibus
3195 1706 3253 1758 et
3289 1701 3546 1757 sensibus
3569 1701 3674 1755 suis
3701 1699 3790 1754 ad-

466 1784 744 1839 contineri
794 1790 892 1841 aut
939 1788 1201 1843 brevibus
1250 1794 1513 1848 terminis
1567 1796 1627 1849 in
1687 1805 1931 1868 angusto
1978 1771 2164 1855 lineB
2200 1802 2397 1856 bibere
2441 1804 2703 1869 tortores,
2748 1800 2846 1871 qui
2889 1814 2946 1854 se
2981 1797 3263 1853 intestinis
3293 1795 3631 1851 cruciatibus
3670 1794 3798 1848 lace—

468 1878 746 1934 concludi.
823 1881 957 1935 Late
1033 1889 1187 1953 patet
1238 1886 1337 1940 zeli
1394 1888 1687 1960 multiplex
1757 1897 1813 1946 et
1859 1893 2099 1949 fecunda

466 1972 769 2042 pernicies.
803 1975 979 2030 Radix
1007 1984 1089 2031 est
1110 1978 1158 2013 ’5
1186 1981 1466 2036 malorum
1512 1985 1791 2053 omnium,
1823 1986 1949 2042 fons
1977 1989 2094 2043 cla-

466 2065 648 2133 dium,
677 2069 1053 2124 seminarium
1094 2074 1457 2146 delictorum,
1492 2079 1730 2133 materia
1768 2082 2094 2152 culparum.

465 2159 603 2215 Inde
634 2161 832 2216 odium
878 2166 1059 2237 surgit
1085 2167 1216 2238 (15),
1267 2170 1593 2226 animositas
1638 2174 1774 2229 inde
1818 2178 2092 2247 procedit.

464 2254 772 2309 Avaritiam
839 2259 989 2312 zelus
1041 2260 1380 2331 inflammat,
1450 2265 1587 2320 dum
1639 2268 1765 2337 quis
1818 2285 1922 2325 suo
1980 2288 2097 2326 non

461 2352 645 2417 potest
682 2366 805 2405 esse
863 2358 1180 2422 contentus,
1248 2358 1444 2412 videns
1517 2360 1761 2417 alterum
1809 2364 2091 2420 ditiorem.

459 2442 843 2500 Ambitionem
865 2448 1013 2501 zelus
1042 2450 1270 2521 excitat,
1301 2452 1439 2507 dum
1461 2455 1649 2509 cernit
1674 2458 1803 2529 quis
1832 2460 2011 2514 alium
2037 2461 2095 2516 in

459 2535 770 2592 honoribus
795 2540 1058 2598 altiorem
1081 2544 1130 2578 95
1171 2542 1303 2616 (16).
1357 2549 1487 2602 Zelo
1537 2554 1855 2607 excaecante
1898 2569 2094 2609 sensus

461 2635 686 2686 nostros
743 2637 914 2705 atque
970 2636 1026 2690 in
1075 2638 1349 2694 ditionem
1418 2658 1579 2697 suam
1632 2646 1841 2699 mentis
1886 2664 2096 2703 arcana

457 2724 778 2796 redigente,
814 2729 908 2782 Dei
935 2730 1108 2785 timor
1125 2734 1432 2803 spernitur,
1455 2738 1850 2807 magisterium
1886 2741 2092 2797 Christi

462 2818 1013 2892 negligitur,judicii
1039 2826 1158 2880 dies
1189 2843 1303 2883 non
1320 2830 1674 2900 providetur.
1702 2833 1861 2888 lnflat
1892 2851 2087 2906 super-

456 2911 571 2979 bin,
617 2914 910 2970 exacerbat
952 2919 1186 2996 szevitia,
1231 2922 1471 2992 perfidia
1523 2927 1946 2995 praevaricatur,
1988 2929 2091 2983 im-

456 3006 728 3076 patientia
760 3012 1026 3081 concutit,
1056 3011 1195 3069 furit
1222 3015 1525 3088 discordia,
1554 3018 1639 3072 ira
1671 3021 2086 3094 fervescitln);

2201 1901 2347 1958 rent,
2386 1894 2483 1966 qui
2515 1894 2700 1949 cordis
2728 1897 2945 1948 secreta
2987 1891 3384 1946 malivolentia}
3423 1887 3642 1960 ungulis
3684 1887 3793 1959 pul-

2201 1995 2343 2044 sent.
2394 1990 2515 2043 Non
2568 1987 2726 2042 cibus
2782 1986 2986 2041 talibus
3034 1986 3197 2041 laetus
3256 2000 3374 2039 non
3420 1990 3586 2054 potus
3638 1984 3799 2052 potest

2203 2100 2321 2138 esse
2358 2082 2664 2154 jucundus.
2711 2080 3039 2153 Suspiratur
3078 2094 3311 2150 semper
3351 2081 3410 2132 et
3440 2075 3800 2148 ingemiscitur

2199 2184 2255 2233 et
2317 2178 2572 2243 doletur;
2634 2176 2888 2248 dumque
2941 2174 3011 2228 ab
3061 2173 3268 2227 invidis
3330 2187 3618 2243 nunquam
3675 2170 3798 2223 livor

2198 2272 2520 2343 exponitur,
2550 2269 2750 2324 diebus
2774 2285 2837 2323 ac
2878 2267 3132 2321 noctibus
3164 2272 3361 2337 pectus
3387 2265 3667 2319 obsessum
3691 2263 3796 2316 sine

2197 2365 2617 2420 intermissione
2670 2364 2917 2418 laniatur
2975 2362 3105 2433 (l9).
3173 2361 3315 2416 Mala
3379 2363 3584 2413 caetera
3609 2357 3795 2411 habent

2198 2460 2506 2515 terminum
2528 2459 2595 2527 ’⁸,
2655 2461 2714 2512 et
2757 2457 3156 2529 quodcumque
3207 2454 3580 2525 delinquitur,
3626 2449 3797 2505 delicti

2196 2553 2681 2608 consummatione
2713 2551 2925 2605 ﬁnitur.
2957 2552 3014 2604 ln
3053 2550 3318 2603 adultero
3369 2552 3549 2602 cessat
3601 2546 3794 2599 facinus

2195 2650 2520 2720 perpetrato
2571 2650 2791 2717 stupro,
2842 2645 2900 2699 in
2957 2645 3178 2698 latrone
3236 2640 3590 2712 conquiescit
3639 2638 3795 2693 scelus

2194 2741 2494 2796 homicidio
2540 2739 2807 2807 admisso,
2840 2741 2899 2792 et
2942 2736 3199 2810 prazdoni
3245 2736 3615 2806 rapacitatem
3634 2733 3678 2767 ⁵ο
3704 2738 3797 2786 sta-

2192 2836 2301 2891 tuit
2354 2833 2551 2905 prreda
2608 2849 2883 2905 possessa,
2953 2834 3010 2886 et
3076 2830 3310 2885 falsario
3372 2828 3606 2884 modum
3653 2824 3799 2897 ponit

2192 2929 2431 3001 impleta
2476 2929 2714 2983 fallacia.
2752 2928 2915 2982 Zelus
2960 2925 3276 2981 terminum
3322 2940 3441 2979 non
3475 2922 3660 2989 habet,
3686 2935 3795 2991 per-

2190 3040 2430 3078 manens
2479 3023 2702 3093 jugiter
2752 3021 2964 3076 malum
3015 3024 3073 3075 et
3139 3020 3262 3074 sine
3328 3019 3441 3072 line
3497 3017 3794 3088 peccatum;

457 3115 563 3154 nec
583 3117 641 3156 se
677 3102 798 3172 jam
842 3108 1026 3175 potest
1074 3108 1340 3164 cohibere
1380 3112 1466 3165 vel
1511 3128 1710 3185 regere
1756 3117 1854 3187 qui
1898 3117 2164 3213 factusC
2191 3123 2518 3190 quantoque
2550 3116 2643 3171 ille
2671 3115 2762 3170 cui
2788 3115 3081 3170 invidetur
3106 3113 3300 3187 644
3318 3127 3576 3168 successu
3598 3107 3797 3213 meliore

456 3198 540 3248 est
566 3198 861 3266 potestatis
897 3199 1117 3255 alienae.
1162 3202 1303 3257 Hinc
1345 3204 1650 3262 Dominicee
1703 3210 1858 3279 pacis
1897 3211 2090 3265 vincu-

2192 3212 2516 3284 profecerit,
2594 3214 2752 3265 tanto
2813 3210 3039 3264 invidus
3115 3210 3175 3264 in
3246 3208 3430 3279 majus
3494 3200 3793 3261 incendium

455 3286 576 3341 lum
604 3291 907 3361 rumpitur,
934 3293 1066 3347 hinc
1098 3294 1345 3352 charitas
1372 3298 1621 3357 fraterna
1664 3303 1924 3371 violatur,
1960 3305 2092 3360 hinc
2195 3307 2383 3362 livoris
2411 3305 2641 3377 ignibus
2668 3303 2997 3359 inardescit.

454 3380 809 3438 adulteretur
849 3386 1074 3457 veritas,
1120 3390 1304 3445 unitas
1359 3393 1659 3464 scinditur,
1719 3396 1786 3452 ad
1848 3398 2093 3455 haereses

1827 3537 2037 3601 Variae
2091 3538 2425 3602 lectiones.

519 3659 569 3747 li
585 3660 998 3747 Pras‘dicationis
1026 3667 1210 3718 ofﬁcio
1380 3672 1426 3720 1.
1494 3670 1535 3705 ³)
1565 3672 1699 3747 saul
1746 3688 1859 3737 rex,
1895 3676 2031 3725 Pcm.
2072 3679 2207 3727 Voss.
2238 3680 2285 3747 Ξῖ.
2355 3673 2394 3707 ³¹
2438 3671 2799 3747 Recensendo
2821 3668 3172 3747 {armatiita}
3207 3667 3460 3747 Litt-ANB.
3492 3669 3717 3747 ιζ’-νοδῇ
3746 3664 3765 3713 1

456 3729 736 3811 Boil-A4,},
765 3734 814 3788 3.
843 3739 888 3784 4-
922 3736 1288 3811 Acqensendo
1315 3742 1470 3793 Oxon.
1539 3747 1581 3776 “
1612 3746 1793 3796 Simul
1821 3729 2012 3811 populi
2042 3749 2178 3797 Pem.
2210 3746 2365 3796 Ebor.
2398 3743 2578 3796 Routh.
2610 3757 2675 3792 ea:
2703 3756 2799 3791 uno
2822 3740 2932 3789 cod.
2962 3739 3082 3790 Sibi
3117 3739 3242 3811 Tete.
3261 3808 3283 3811 _
3307 3736 3353 3811 "7
3385 3738 3471 3811 Sic
3524 3737 3643 3811 flia.
3666 3736 3796 3811 Voss.

454 3798 562 3876 lVO.
589 3800 807 3876 2.__Quaa
833 3818 986 3857 nunc
1012 3808 1167 3858 Oxon.
1237 3813 1279 3843 ²⁴
1326 3812 1502 3863 Radix
1538 3818 1621 3865 est
1647 3817 1796 3865 enim
1821 3798 1950 3867 ‘Lin.
2007 3821 2142 3869 Pam.
2180 3820 2313 3867 Voss.
2345 3818 2392 3868 2.
2423 3815 2547 3868 Bod.
2584 3814 2635 3876 3,
2663 3817 2707 3863 ι.

2800 3815 2842 3845 ’⁵
2891 3812 2978 3861 Sic
3004 3812 3143 3859 Lam.
3193 3808 3304 3858 ΝΟ.
3340 3810 3387 3858 1.
3437 3806 3559 3858 Bod.
3586 3811 3634 3866 2,
3661 3810 3702 3853 3.
3736 3803 3785 3852 lu

455 3869 761 3922 honeribus
791 3877 1091 3928 auctiorem
1141 3881 1295 3931 Oxon.
1329 3883 1371 3915 ⁸⁸
1399 3885 1585 3936 Potius
1640 3887 1973 3939 honoratum
2022 3890 2148 3940 Bod.
2200 3894 2242 3937 3.
2312 3888 2354 3922 ’⁷
2385 3889 2469 3938 δίο
2510 3869 2651 3935 Lam.
2705 3882 2859 3932 Ebor.
2922 3880 3052 3933 Bod.
3093 3881 3139 3937 1,
3169 3878 3217 3935 2,
3267 3882 3316 3938 3,
3349 3882 3395 3927 t.
3430 3877 3622 3941 Qualis
3673 3886 3788 3923 vero

450 3943 653 4020 gnlmm
683 3946 837 4020 Omen.
878 3945 952 4020 77“
972 3948 1297 4020 Terminum
1326 3966 1492 4004 suum
1520 3957 1659 4005 Lam.
1695 3957 1846 4007 Ebor.
1880 3959 2005 4009 Bod.
2036 3960 2085 4009 2.
2152 3958 2194 3994 ι’
2236 3957 2521 4010 Prmdonis
2546 3954 2902 4020 rapacitatem
2946 3954 3035 4002 Ar.
3068 3952 3209 4001 Lam.
3238 3946 3394 3998 Ebor.
3431 3949 3543 3999 Lin.
3587 3944 3705 3998 Bod.
3752 3944 3791 3992 1.

449 4009 502 4074 2,
528 4016 575 4073 3,
606 4018 651 4062 Ιι.
685 4014 805 4065 Tim.
847 4019 978 4068 Vict.
1010 4018 1185 4071 Satiat
1228 4025 1342 4073 Vat.

1749 4107 1975 4191 Steph.
2022 4109 2271 4173 Baluzii
2313 4112 2512 4172 notae.

514 4217 609 4291 (14)
642 4216 823 4267 Semel.
864 4216 1085 4291 Inhuno
1115 4219 1271 4286 Ilibro
1309 4236 1435 4272 meo
1473 4228 1657 4275 vetere
1696 4228 1965 4291 scriptum
2001 4232 2084 4279 est

450 4288 607 4340 semel
631 4292 684 4338 et
726 4302 891 4362 supra
914 4287 1129 4362 lineam
1158 4291 1239 4341 vel
1275 4293 1451 4343 simul.
1500 4296 1643 4347 Hinc
1670 4287 1826 4361 ergo,
1857 4300 1937 4348 uti
1968 4301 2083 4362 jam

450 4373 563 4409 non
593 4360 767 4432 semel
811 4360 1074 4432 diximus,
1109 4368 1225 4412 orta
1271 4368 1355 4414 est
1384 4360 1752 4430 discrepantia
1783 4383 1909 4432 quas
1953 4360 2081 4421 istic

449 4431 719 4494 reperitur
746 4430 803 4479 in
826 4430 1114 4502 codicibus
1134 4436 1543 4500 manuscriptis,
1567 4430 2080 4502 quorum'nonnulli

449 4502 659 4552 habent
686 4501 858 4563 semel,
888 4503 982 4552 alii
1007 4504 1185 4555 simul.

513 4574 611 4635 (15)
642 4573 775 4650 inde
815 4573 994 4650 odium
1024 4577 1221 4650 surgit.
1262 4578 1596 4650 Prudentius
1636 4581 1691 4630 in
1740 4582 2084 4650 Hamartige-

450 4644 541 4693 nia
570 4657 583 4690 :
615 4644 760 4692 Arsit
788 4644 926 4692 enim
954 4645 1191 4696 scintilla
1219 4647 1331 4698 odii
1358 4649 1420 4699 de
1442 4648 1618 4711 fomite
1645 4652 1766 4702 zeli.

515 4714 613 4779 (16)
662 4714 935 4765 Altiorem.
968 4717 1066 4766 'Ita
1116 4722 1330 4770 veteres
1371 4710 1646 4773 editiones
1694 4727 1748 4773 et
1794 4710 2099 4775 sexdecim?

448 4786 575 4837 libri
631 4789 864 4836 veteres.
924 4787 1208 4839 Manutius
1272 4792 1461 4855 posuit
1519 4794 1824 4844 auctiorem.
1884 4797 2081 4847 Postea

447 4858 730 4910 Morellius
783 4861 1064 4910 revocavit
1115 4866 1358 4913 veterem
1428 4864 1742 4917 lectionem.
1802 4867 2080 4918 Pamelius

447 4930 695 4993 reposuit
740 4929 1138 4993 Manutianam,
1183 4947 1349 4997 quam
1401 4948 1502 4998 ego
1549 4936 1741 4987 inveni
1786 4938 1842 4987 in
1885 4938 2080 4990 decem

448 5000 603 5052 libris
638 5002 899 5065 antiquis.
934 5001 1042 5052 Sed
1080 5006 1254 5068 major
1282 5019 1550 5057 numerus
1598 5009 1786 5058 vincit.
1819 5009 1888 5059 Et
1930 5014 2079 5061 certe

448 5076 607 5122 vetus
633 5073 804 5123 editio
830 5073 1005 5123 multo
1033 5075 1227 5125 melior
1254 5080 1353 5126 est.

511 5143 608 5202 (17)
636 5146 730 5193 Ira
763 5142 1016 5205 fervescit.
1047 5145 1230 5208 Quam
1262 5146 1563 5199 Cassianus
1596 5148 1691 5199 lib.
1732 5162 1851 5213 VIII,
1876 5164 1995 5215 cap.
2028 5153 2076 5215 1,

446 5217 609 5264 vocat
637 5215 984 5266 mortiferum
1012 5218 1179 5268 virus.

513 5285 612 5347 (18)
659 5286 947 5337 Admovere
990 5288 1278 5352 carniﬁces.
1309 5291 1534 5342 Tacitus
1582 5292 1616 5342 l.
1646 5306 1702 5343 vx
1746 5293 2031 5344 Annalium
2057 5310 2075 5343 .-

447 5370 475 5405 ‹‹
527 5357 720 5421 Neque
765 5358 968 5409 frustra
1014 5362 1501 5422 praestantissimus
1542 5364 1829 5427 sapientiae
1856 5365 2077 5416 ﬁrmare

446 5428 645 5479 solitus
692 5434 772 5479 est
800 5466 813 5490 ,
868 5431 914 5479 si
964 5430 1325 5483 recludantur
1388 5439 1752 5498 tyrannorum
1815 5442 2030 5487 mentes
2060 5474 2075 5497 ,

446 5504 639 5563 postea
691 5500 862 5564 aspici
907 5501 1147 5553 laniatus
1191 5507 1245 5554 et
1287 5504 1448 5556 ictus.
1502 5523 1528 5553 υ
1582 5506 1815 5571 Seneca,
1853 5508 2079 5559 Hercule

447 5573 619 5623 (Ele
649 5587 667 5619 .·

695 5691 734 5739 Ο
764 5690 805 5740 si
830 5695 1042 5754 pateant
1064 5697 1278 5757 pectora
1306 5694 1546 5757 divitum,

694 5761 921 5817 Quantos
952 5762 1091 5813 intus
1117 5765 1353 5817 sublimis
1380 5767 1487 5832 agit

693 5834 922 5886 Fortuna
951 5836 1157 5889 motus!

2100 4534 2159 4606 D

2184 4228 2412 4278 Latinus
2441 4226 2677 4276 Pacatus
2712 4224 2770 4273 in
2807 4220 3148 4284 Panegyrico
3177 4216 3527 4269 Theodosii:
3564 4229 3593 4263 ι
3627 4210 3788 4262 Habet

2182 4299 2375 4349 nescio
2425 4309 2565 4362 quos
2613 4295 2863 4345 internos
2910 4303 3071 4343 mens
3122 4284 3721 4362 sceleratacarniﬂces.
3759 4298 3785 4327 ι

2182 4370 2415 4420 Boetius
2442 4358 2537 4417 lib.
2567 4380 2625 4418 1v
2653 4366 2716 4415 de
2745 4363 3116 4415 Consolatione
3139 4358 3493 4423 Philosophia:
3518 4372 3536 4406 :

2429 4471 2568 4529 Quos
2599 4469 2747 4518 vides
2773 4467 2957 4517 sedere
2989 4466 3130 4516 celso

2430 4541 2556 4592 Solii
2589 4540 2817 4591 culmine
2847 4551 3015 4601 reges,

2432 4611 2664 4663 Detrahit
2688 4611 2734 4661 si
2760 4609 2878 4674 quis
2897 4608 3137 4673 superbis

2431 4684 2564 4735 Vani
2590 4682 2822 4747 tegmina
2849 4681 3037 4742 cultus,

2428 4758 2543 4807 Jam
2570 4752 2770 4804 videbit
2800 4753 2938 4804 intus
2961 4754 3132 4802 arctas

2427 4826 2678 4877 Dominos
2705 4825 2840 4875 ferre
2866 4827 3096 4874 catenas.

2427 4899 2561 4949 Hinc
2596 4898 2739 4947 enim
2762 4894 2924 4946 libido
2953 4898 3107 4945 vexat

2427 4968 2605 5020 Avidis
2633 4967 2794 5018 corda
2820 4967 3057 5016 venenis.

2433 5041 2570 5090 Hinc
2595 5039 2818 5102 ﬂagellat
2840 5039 2916 5088 ira
2939 5041 3167 5088 mentem

2428 5113 2637 5162 Fluctus
2665 5110 2875 5160 turbida
2903 5110 3113 5166 tollens,

2427 5185 2618 5234 Maeror
2644 5187 2735 5231 aut
2757 5184 2937 5245 captos
2959 5180 3155 5243 fatigat,

2429 5257 2530 5304 Aut
2557 5268 2678 5318 spes
2705 5254 2906 5303 lubrica
2929 5257 3155 5316 torquet.

2177 5356 2383 5408 Contra
2429 5356 2577 5420 apud
2626 5356 2898 5407 Senecam
2942 5356 3101 5419 epist.
3141 5354 3233 5405 115
3264 5367 3276 5401 :
3305 5370 3332 5397 «
3370 5350 3429 5401 Si
3476 5345 3646 5420 nobis_
3673 5345 3772 5390 ani-

2177 5442 2332 5478 mum
2385 5413 2519 5479 boni
2575 5428 2769 5479 liceret
2824 5413 3138 5491 inspicere,
3203 5438 3237 5476 0
3290 5434 3455 5495 quam
3506 5413 3770 5495 pulchra?!

2173 5501 2395 5562 faciem,
2422 5513 2592 5564 quam
2622 5504 2893 5572 sanctam,
2912 5481 3189 5572 ‘quamex
3553 5481 3771 5572 plaqidp:

2175 5585 2286 5637 que
2338 5554 2647 5635 fuléentem
2690 5554 3024 5631 videremus,
3073 5568 3229 5619 illinc
3277 5554 3610 5621 fortitudine,
3652 5554 3769 5604 hinc

2173 5644 2536 5707 temperantia
2570 5642 2976 5707 prudentiaque
3004 5641 3340 5692 lucentibus.
3365 5651 3394 5685 θ
3518 5703 3549 5710 _
3619 5698 3650 5710 η

2235 5702 2336 5777 (19)
2362 5702 2637 5764 Laniatur.
2667 5714 2864 5766 Codex
2884 5702 3077 5765 'sancti
3110 5710 3382 5779 Arnulpbi
3416 5710 3471 5759 et
3509 5702 3769 5756 Gratiano-

2174 5787 2470 5852 politanus,
2500 5785 2788 5839 laceratur.
