3998 6194
231 256 314 309 669

1365 257 1562 314 LIBER
1599 258 1688 311 DE
1728 258 1899 315 ZELO
1939 258 2023 314 ET
2065 258 2336 316 LlVORE.

3450 261 3553 315 670

285 380 401 433 VIII.
436 378 584 432 Hinc
630 379 818 434 vultus
866 380 1059 434 minax
1118 383 1248 452 (20),
1301 386 1490 436 torvus
1538 391 1813 454 aspectus,
1839 392 2038 470 Atare
2069 388 2121 438 te
2160 384 2404 455 poterit;
2436 388 2494 437 tu
2534 388 2587 438 te
2644 400 2756 438 non
2789 390 2947 454 potes
2982 386 3183 456 fugere
3208 386 3283 452 ‘0;
3324 385 3557 442 ubicun-

223 474 381 544 pallor
425 472 476 525 in
532 472 694 540 facie,
740 474 797 528 in
843 474 1006 528 labiis
1053 480 1269 530 tremor
1326 478 1457 547 (21),
1506 478 1716 532 stridor
1758 479 1816 533 in

222 566 472 633 dentibus,
525 567 698 621 verba
737 568 953 636 rabida,
992 569 1262 624 effrenata
1300 571 1571 639 convicia,
1614 589 1815 627 manus

218 660 271 713 ad
290 659 444 713 cazdis
472 659 800 715 violentiam
838 666 1124 733 prompta,
1162 664 1385 718 etiamsi
1424 682 1457 719 a
1499 664 1689 735 gladio
1722 667 1811 720 in-

213 754 357 808 terim
382 769 569 820 vacua,
608 754 738 809 odio
766 760 962 810 tamen
991 756 1210 811 furiatae
1241 758 1448 812 mentis
1486 759 1533 793 ³ο
1567 763 1807 814 armata.

212 851 266 904 Et
286 847 483 903 idcirco
532 848 774 919 Spiritus
813 856 1045 904 sanctus
1081 850 1217 906 dicit
1263 853 1319 906 in
1362 853 1647 908 Psalmis:
1688 856 1816 913 Noli

211 944 363 997 :elare
390 942 433 976 ³1
471 943 596 997 bene
635 944 1003 999 ambulantem
1030 948 1089 999 in
1132 949 1223 1001 via
1267 962 1387 1001 sua.
1438 948 1505 1001 Et
1551 948 1761 1002 iterum
1796 966 1808 1004 :

209 1036 495 1091 Observabit
531 1041 774 1105 peccator
801 1039 1039 1105 justum,
1094 1046 1145 1094 et
1177 1042 1429 1095 stridebit
1479 1042 1525 1075 ³³
1570 1043 1645 1095 ad
1691 1059 1812 1097 eum

206 1131 432 1183 dentibus
459 1134 573 1185 suis
599 1132 666 1193 93,
697 1134 834 1186 Deus
875 1138 1050 1187 autem
1089 1135 1342 1189 irridebit
1382 1152 1521 1197 eum,
1554 1139 1811 1205 quoniam

200 1226 422 1293 providet
453 1228 583 1293 quia
608 1228 788 1281 veniet
831 1228 942 1282 dies
972 1228 1081 1297 ejus
1130 1229 1175 1263 3‘
1200 1230 1368 1297 (Psal.
1408 1246 1587 1297 xxxw,
1623 1235 1674 1295 7,
1722 1234 1805 1298 12,

206 1318 292 1387 13).
341 1319 451 1371 Hos
494 1319 689 1373 beatus
730 1322 1016 1391 apostolus
1068 1324 1273 1376 Paulus
1314 1324 1577 1394 designat
1620 1329 1675 1377 et
1716 1325 1807 1379 da-

201 1416 335 1465 notat
380 1412 573 1467 dicens
606 1434 615 1467 :
647 1418 921 1471 Venenum
962 1418 1218 1486 aspidum
1256 1420 1355 1471 sub
1403 1419 1562 1471 labiis
1600 1434 1803 1485 eorum,

195 1512 235 1559 et
261 1522 311 1560 os
358 1523 541 1561 eorum
578 1510 954 1565 maledictione
1011 1512 1055 1548 ³⁵
1103 1516 1152 1565 et
1178 1513 1552 1566 amaritudine
1582 1514 1805 1581 plenum

193 1606 255 1653 est
338 1601 549 1656 Veloces
610 1603 655 1636 ³⁵
709 1604 786 1657 ad
840 1605 1230 1673 e/fuudendum
1285 1608 1603 1672 sanguinem
1646 1608 1805 1675 pedes

190 1710 364 1761 eorum,
394 1698 646 1750 contritio
675 1698 718 1732 ³⁷
751 1704 801 1752 et
830 1700 1113 1753 calamitas
1130 1701 1186 1753 in
1215 1701 1317 1753 viis
1338 1715 1516 1753 eorum
1533 1703 1630 1769 qui
1654 1704 1797 1754 viam

1919 496 2029 551 que
2072 479 2264 545 fueris,
2299 478 2653 532 adversarius
2684 480 2809 531 tuus
2862 483 3045 532 tecum
3088 485 3171 534 est
3204 482 3334 550 (23),
3382 480 3557 535 hostis

1916 589 2144 643 semper
2173 573 2229 625 in
2260 577 2487 643 pectore
2511 575 2607 625 tuo
2638 575 2722 625 est
2744 573 2812 636 εί,
2848 573 3127 642 pernicies
3156 575 3309 627 intus
3335 574 3553 628 inclusa

1917 672 2019 735 est,
2045 665 2397 719 ineluctabili
2427 668 2754 718 catenarum
2803 682 2951 719 nexu
2992 666 3204 735 ligatus
3236 671 3292 719 et
3330 667 3551 721 vinctus

1917 778 1995 827 es,
2028 762 2151 815 zelo
2182 760 2513 814 dominante
2546 759 2801 829 captivus
2829 775 2907 826 es,
2932 775 3037 812 nec
3074 760 3273 813 solatia
3307 760 3405 814 tibi
3441 761 3551 815 ulla

1914 854 2277 909 subveniunt.
2312 856 2685 908 Perseverans
2728 852 2941 906 malum
2985 856 3071 906 est
3106 853 3399 907 hominem
3427 871 3551 925 per~

1914 949 2070 1020 sequi
2102 950 2171 1003 ad
2207 948 2313 1002 Dei
2352 948 2598 1018 gratiam
2640 947 3048 1017 pertinentem.
3089 947 3391 1003 Calamitas
3426 948 3549 1002 sine

1912 1043 2167 1097 remedio
2194 1048 2279 1096 est
2309 1042 2503 1095 odisse
2526 1041 2768 1094 felicem.

1977 1139 2036 1191 X.
2070 1139 2136 1193 Et
2181 1137 2415 1205 idcirco,
2450 1136 2653 1189 fratres
2710 1135 3079 1203 dilectissimi,
3129 1136 3260 1189 huic
3294 1135 3548 1206 periculo

1910 1232 2207 1286 consulens
2234 1230 2504 1284 Dominus
2537 1246 2606 1283 ne
2635 1230 2761 1300 quis
2802 1230 2920 1283 zelo
2954 1230 3155 1284 fratris
3186 1230 3245 1283 in
3279 1230 3550 1300 laqueum

1910 1325 2110 1379 mortis
2162 1325 2504 1390 incurreret,
2544 1340 2675 1377 cum
2728 1340 2859 1377 eum
2916 1322 3178 1393 discipuli
3232 1322 3549 1393 interroga-

1907 1424 2037 1472 rent
2079 1418 2205 1489 quis
2249 1417 2401 1471 inter
2444 1418 2571 1470 illos
2630 1418 2675 1451 ⁴²
2732 1418 2913 1486 major
2978 1422 3163 1470 esset:
3210 1418 3313 1483 Qui
3351 1418 3541 1483 fuerit,

1904 1512 2112 1583 inquit,
2159 1514 2415 1565 minimus
2456 1514 2515 1565 in
2563 1512 2812 1567 omnibus
2847 1512 3013 1577 vobis,
3054 1512 3139 1564 hic
3178 1514 3279 1564 erit
3312 1526 3545 1579 magnus

1908 1606 2075 1675 (Luc.,
2108 1622 2181 1673 ix,
2205 1607 2314 1675 48).
2357 1605 2789 1675 Amputavitom
2814 1621 2943 1657 nem
2973 1605 3395 1658 aemulationem
3427 1620 3543 1659 res-

1908 1717 2092 1771 ponso
2136 1716 2257 1768 suo,
2299 1716 2529 1753 omnem
2565 1716 2793 1753 causam
2836 1704 2893 1753 et
2932 1698 3231 1753 materiam
3262 1698 3543 1752 mordacis

188 1792 317 1857 pacis
371 1790 417 1822 ⁸³
472 1807 582 1845 non
632 1800 989 1861 agnoverunt,
1040 1810 1134 1847 nec
1189 1799 1264 1847 est
1317 1796 1476 1847 timor
1530 1797 1623 1849 Dei
1675 1779 2129 1851 anteBinvidiaa
2162 1794 2309 1847 eruit
2334 1796 2390 1847 et
2420 1793 2674 1847 abscidit.
2706 1792 2992 1863 Discipulo
3030 1792 3235 1847 Christi
3286 1793 3333 1826 ‘3
3364 1793 3542 1845 zelare

191 1884 343 1937 oculos
368 1888 767 1955 eorum(ltom.,
801 1904 880 1954 ιιι,
918 1886 1112 1957 13σ18).

246 1977 321 2029 IX.
354 1978 526 2032 Multo
557 1982 770 2034 malum
802 1982 973 2035 levius
1010 1987 1064 2035 et
1101 1981 1411 2051 periculum
1457 1983 1647 2036 minus
1691 1990 1795 2051 est,

190 2086 299 2123 cum
315 2072 570 2126 membra
596 2075 782 2143 gladio
803 2078 1189 2137 vulnerantur.
1217 2083 1413 2137 Facilis
1441 2099 1573 2136 cura
1588 2084 1669 2134 est
1701 2078 1798 2133 ubi

189 2163 326 2233 plaga
374 2166 678 2238 perspicua
710 2174 812 2237 est,
861 2178 916 2226 et
970 2174 1081 2227 cito
1119 2176 1185 2228 ad
1232 2177 1533 2231 sanitatem
1570 2175 1799 2230 medela

188 2257 533 2315 subveniente
584 2263 915 2331 perducitur
956 2268 1003 2302 ³⁸
1047 2270 1198 2340 quod
1244 2271 1469 2326 videtur
1514 2274 1643 2341 (22).
1684 2271 1798 2325 Zeli

187 2351 397 2407 vulnera
443 2354 705 2410 abstrusa
747 2364 878 2414 sunt
922 2367 977 2415 et
1031 2364 1283 2433 occulta;
1332 2382 1433 2419 nec
1480 2365 1796 2419 remedium

190 2455 317 2494 cura:
344 2444 628 2499 medentis
661 2446 850 2520 645
892 2452 1203 2506 admittunt
1234 2470 1361 2524 quae
1394 2471 1451 2507 se
1487 2455 1629 2508 intra
1660 2471 1793 2508 con-

190 2536 415 2590 scientiae
448 2539 701 2595 latebras
724 2558 871 2597 czeco
923 2545 1114 2600 dolore
1162 2548 1502 2603 clauserunt.
1536 2550 1803 2613 Quicum-

192 2644 285 2698 que
332 2648 390 2684 es
438 2633 666 2688 invidus
716 2640 773 2690 et
812 2639 1118 2710 malignus,
1161 2642 1367 2696 videris
1413 2659 1587 2713 quam
1628 2643 1699 2695 sis
1728 2643 1805 2697 eis

191 2739 311 2791 quos
354 2726 527 2780 odisti
577 2728 903 2800 insidiosus,
947 2736 1318 2805 perniciosus,
1366 2738 1625 2791 infestus.
1676 2738 1803 2791 Nul-

189 2815 281 2870 lius
309 2822 494 2891 magis
526 2839 696 2893 quam
740 2828 851 2881 tua:
893 2828 1086 2883 salutis
1136 2830 1406 2885 inimicus
1436 2847 1511 2885 es.
1541 2831 1802 2902 Quisquis

193 2910 272 2967 ille
299 2920 378 2968 est
406 2932 585 2988 quem
627 2919 743 2973 zelo
774 2922 1151 2994 persequeris,
1194 2923 1586 2996 subterfugere
1631 2930 1686 2978 et
1718 2925 1799 2978 vi-

1898 1906 2012 1943 non
2039 1889 2169 1942 licet
2194 1890 2261 1955 t‘,
2301 1905 2415 1941 non
2461 1888 2591 1941 licet
2640 1886 2911 1941 invidere.
2956 1886 3323 1942 Exaltationis
3374 1886 3529 1955 apud

1901 2000 2000 2036 nos
2057 1999 2169 2036 non
2218 1986 2407 2051 potest
2450 1998 2570 2035 esse
2610 1980 2950 2033 contentio:
3002 1981 3069 2033 de
3121 1978 3441 2032 humilitate
3477 1979 3546 2032 ad

1900 2093 2122 2130 summa
2194 2076 2495 2129 crescimus
2530 2076 2573 2108 ¹⁵
2606 2117 2619 2140 ,
2653 2074 2952 2127 didicimus
2998 2074 3145 2128 unde
3202 2074 3545 2143 placeamus.

1898 2171 2155 2240 Denique
2177 2174 2234 2223 et
2259 2171 2549 2240 apostolus
2576 2169 2780 2223 Paulus
2809 2168 3097 2221 instruens
3125 2171 3182 2221 et
3213 2183 3456 2220 monens
3483 2172 3542 2221 ut

1904 2265 2023 2335 qui,
2042 2262 2352 2317 illuminati
2369 2263 2571 2316 Christi
2592 2264 2807 2316 lumine
2825 2261 3090 2315 tenebras
3109 2265 3398 2314 nocturnas
3416 2276 3547 2313 con-

1899 2358 2228 2413 versationis
2244 2358 2543 2424 evasimus,
2561 2358 2618 2410 in
2635 2356 2792 2410 factis
2811 2362 2979 2426 atque
2997 2356 3053 2408 in
3085 2356 3351 2426 operibus
3373 2355 3543 2408 lumi-

1898 2453 1985 2507 nis
2008 2452 2394 2516 ambulemus,
2442 2450 2637 2503 scribit
2686 2456 2741 2503 et
2779 2450 2948 2503 dicit:
2984 2451 3103 2505 Nom
3130 2452 3383 2503 transivit
3414 2449 3542 2518 (24):

1909 2548 2020 2601 dies
2069 2552 2247 2599 autem
2298 2546 2786 2614 appropinquavit.
2834 2544 3166 2611 Abjiciamus
3208 2559 3330 2611 ergo
3380 2558 3543 2611 Opera

1907 2641 2265 2700 tenebrarum,
2308 2643 2359 2692 et
2390 2640 2682 2692 induamus
2717 2638 2935 2691 “arma
2974 2639 3125 2690 lucis.
3160 2639 3459 2705 Tamquam
3486 2637 3542 2688 in

1905 2736 1992 2789 die
2036 2735 2278 2787 decenter
2318 2732 2363 2766 ‘7
2412 2732 2766 2795 ambulemus,
2818 2748 2924 2785 non
2974 2733 3029 2784 in
3074 2730 3543 2784 comessationibus

1903 2834 1953 2883 et
1989 2828 2358 2891 ebrietatibus,
2398 2842 2505 2879 non
2539 2827 2596 2878 in
2618 2826 3059 2895 concupiscentiis
3091 2825 3537 2893 etimpudicitiis,

1904 2938 2008 2977 non
2050 2924 2107 2975 in
2143 2920 2525 2974 certaminibus
2566 2923 2615 2973 et
2657 2920 2767 2973 zelo
2798 2918 2993 2989 (Rom,
3037 2934 3158 2979 xui,
3196 2920 3281 2985 12,
3328 2917 3436 2985 13).
3482 2918 3541 2972 Si

1546 3069 1755 3133 Variae
1810 3068 2147 3131 lectiones.

240 3182 548 3245 3'°Furiosaa
600 3200 800 3249 mentis
844 3202 977 3249 Pem.
1017 3205 1150 3253 Voss.
1194 3202 1241 3251 2.
1312 3206 1351 3235 ³⁸
1402 3204 1523 3253 Noli
1574 3207 1625 3253 te
1671 3203 1847 3252 zelare
1899 3201 2023 3251 Bod.
2060 3202 2106 3249 4.
2178 3202 2216 3232 ³⁸
2262 3198 2469 3249 Stridet
2521 3199 2659 3246 Lam.
2692 3195 2816 3246 Bod.
2843 3197 2903 3253 Et,
2964 3195 3011 3253 2,
3043 3194 3092 3251 3,
3133 3196 3179 3242 4.
3221 3192 3347 3241 Tha.
3406 3194 3527 3241 Ver.

192 3260 277 3341 “UL
297 3272 448 3316 entes
474 3270 603 3341 Bod.
633 3272 677 3331 1,
708 3272 754 3341 2,
784 3277 828 3330 3,
854 3275 899 3321 4.
934 3274 1049 3322 Ben.
1121 3277 1163 3307 ³⁴
1190 3273 1429 3325 Venicnt
1463 3276 1583 3324 dies
1614 3274 1737 3324 Bod.
1766 3275 1814 3323 4.
1849 3272 2013 3322 Venit
2040 3270 2173 3320 Bod.
2218 3270 2265 3319 3.
2336 3274 2373 3301 ³³
2410 3268 2703 3341 Maledicta
2736 3266 2857 3341 Bait.
2887 3270 2933 3341 2,
2959 3267 3009 3341 4.
3046 3265 3167 3341 Tha.
3192 3266 3328 3341 “Ver.
3400 3263 3438 3341 ἥδ
3474 3261 3541 3309 Et

190 3333 392 3386 veloces
423 3339 556 3388 Bod.
587 3341 632 3389 3.
704 3340 743 3373 ³⁷
787 3342 1190 3394 Contribulalio
1220 3347 1307 3394 Ar.
1346 3347 1452 3395 ΝΟ.
1482 3348 1523 3394 1.
1568 3349 1697 3396 Voss.
1749 3347 1795 3395 2.

1915 3346 1946 3392 ἴ.
1984 3346 2025 3403 1,
2056 3344 2104 3400 2,
2131 3348 2175 3402 3,
2217 3342 2262 3390 4.
2331 3343 2441 3390 Ver.
2472 3338 2771 3387 Infelicitas
2821 3336 2942 3384 Bod.
2992 3339 3037 3381 3.
3113 3336 3150 3366 3"
3185 3334 3328 3395 Quia
3372 3333 3537 3380 viam.

186 3404 299 3476 ξεῖν’.
336 3409 374 3454 1.
470 3410 517 3442 3"
544 3410 629 3459 Sic
659 3413 749 3459 Ar.
776 3413 894 3460 Lam
924 3414 1076 3463 Ebor.
1116 3416 1237 3465 Thu.
1278 3418 1413 3465 Voss.
1460 3415 1566 3463 Lin.
1604 3416 1726 3465 trod.
1758 3418 1805 3476 1,
1833 3417 1882 3475 2,
1909 3420 1954 3470 3,
1989 3419 2031 3463 [ι.
2066 3413 2285 3461 Vulnus
2316 3410 2465 3475 quod
2501 3408 2720 3459 videtur
2758 3410 2911 3457 Oxon.
2979 3406 3022 3437 ⁴⁰
3050 3406 3209 3455 Potes
3233 3406 3542 3476 vitaremec

186 3472 359 3535 “sere
388 3481 481 3527 Ar.
526 3483 659 3529 Voss.
690 3483 733 3530 2.
770 3482 984 3545 Fugere
1014 3484 1358 3549 ubicumque
1388 3486 1606 3549 fugeres
1634 3472 1801 3535 Voss.'
1835 3472 1876 3520 ⁴ἶ
1911 3487 1969 3534 In
1994 3488 2215 3549 pectore
2251 3472 2347 3533 estV
2409 3486 2552 3532 Lam.
2600 3480 2749 3529 Ebor.
2800 3481 2923 3528 Thu.
2963 3478 3088 3528 Bod.
3117 3480 3161 3537 1,
3194 3477 3223 3525 2
3308 3473 3353 3507 ⁴²
3397 3472 3538 3533 Quis

190 3562 215 3597 θ
271 3562 349 3597 rm
381 3551 493 3599 Lin.
565 3550 609 3583 ⁴³
633 3552 823 3615 Discip
844 3555 1005 3603 ulum
1055 3554 1259 3605 Christi
1291 3557 1429 3606 Lam.
1470 3560 1581 3607 Lin.
1613 3558 1737 3607 Bod.
1782 3560 1828 3607 2.
1883 3558 1924 3589 “
1955 3559 2075 3607 Non
2117 3558 2275 3609 decet
2308 3558 2432 3607 Bod.
2463 3558 2509 3606 2.
2577 3558 2618 3589 45
2656 3555 2972 3605 Crescimus
3027 3552 3175 3602 unde
3221 3551 3539 3615 placeamus

186 3618 300 3668 Pam.
346 3625 453 3673 Vos.
483 3622 535 3670 2.
604 3622 645 3655 4°
669 3622 975 3674 lnduamur
1014 3626 1123 3674 Ver.
1159 3628 1266 3677 Vel.
1299 3628 1485 3677 innom.
1553 3628 1595 3661 17
1625 3630 1871 3679 Honeste
1916 3630 2030 3678 Lin.

1481 3763 1709 3844 Steph.
1756 3764 2004 3827 Baluzii
2046 3770 2243 3828 notae.

238 3894 326 3987 (ΞΟ)
358 3897 488 3987 H'ipc
510 3897 686 3987 uultus
710 3898 910 3947 minax.
944 3899 1004 3948 In
1028 3912 1141 3948 uno
1162 3902 1335 3950 veteri
1364 3900 1505 3949 libro
1531 3902 1796 3965 scriptum
1819 3914 1873 3987 Ο
1898 3901 2045 3950 tibus
2101 3901 2265 3950 labiis
2317 3901 2640 3987 incertoque
2691 3898 2867 3987 v‘uLllu.
2921 3914 2946 3941 ››
3000 3896 3399 3987 ΕΤειεὶωθῃὶυιη
3448 3891 3543 3987 Pp-

188 3969 259 4011 ρει
293 3980 303 4011 :
336 3986 361 4012 <<
393 3968 544 4017 IIinc
570 3969 761 4017 vultus
791 3974 872 4018 est
896 3975 1271 4020 contumax.»
1822 3966 1873 3987 υ
1909 3973 2070 4022 tronii
2126 3971 2269 4034 apud
2320 3969 2650 4019 Diomedem
2706 3968 2800 4017 lib.
2856 3980 2911 4015 ιιι
2962 3982 2973 4015 :
3030 3982 3058 4012 ‹‹
3116 3966 3271 4014 Anus
3322 3966 3539 4034 recocta

242 4038 332 4098 (2t)
384 4042 447 4088 In
502 4039 662 4088 labiis
710 4046 920 4089 tremor.
977 4042 1079 4090 His
1128 4041 1315 4091 verbis
1373 4046 1638 4105 tanquam
1692 4043 1811 4091 suis
1908 4046 2057 4101 vino,
2110 4033 2473 4092 trementibus
2521 4040 2756 4089 labellis.
2800 4056 2825 4085 »
2865 4040 3077 4088 Seneca
3124 4038 3179 4084 in
3215 4035 3369 4083 initio
3414 4033 3539 4082 libri

190 4122 309 4158 usus
360 4114 444 4160 est
493 4110 769 4161 Robertus
826 4112 1077 4163 Gervasii
1122 4113 1416 4177 epiSCOpus
1456 4113 1806 4173 Senecensis,
1908 4116 1969 4164 de
1995 4116 2084 4161 Ira
2114 4116 2258 4163 inter
2287 4115 2447 4176 signa
2476 4113 2569 4162 ira:
2610 4113 2768 4175 ponit
2809 4109 2958 4174 quod
3002 4109 3145 4158 labia
3194 4106 3537 4171 quatiuntur,

189 4179 497 4232 describens
542 4183 674 4231 vitia
718 4184 1107 4233 Bartholomaei
1151 4184 1551 4247 archiepiscopi
1595 4185 1809 4234 Baren-
1907 4186 2056 4236 Alibi
2097 4190 2177 4235 est
2228 4185 2497 4234 indicium
2544 4183 2774 4242 timoris,
2816 4188 2877 4230 ut
2926 4180 3071 4243 apud
3116 4180 3540 4238 Hieronymum,

188 4252 271 4311 sis,
298 4256 390 4316 qui
436 4268 499 4303 se
549 4254 873 4303 nominabat
917 4255 1201 4305 Urbanum
1248 4256 1321 4305 Vl
1362 4258 1417 4305 in
1464 4258 1619 4307 initio
1649 4257 1809 4306 mise-

196 4323 367 4373 rabilis
414 4327 571 4375 illius
623 4325 939 4375 schismatis
989 4326 1139 4389 quod
1199 4327 1504 4377 Ecclesiam
1558 4328 1811 4376 distraxit

190 4401 295 4457 post
334 4396 593 4459 Gregorii
632 4397 707 4445 XI
748 4411 903 4460 papas
948 4410 1261 4460 excessum,
1290 4400 1370 4449 uti
1403 4399 1589 4450 videre
1628 4404 1710 4448 est
1753 4399 1807 4447 in

187 4469 367 4529 pagina
402 4470 519 4517 1271
578 4469 844 4517 Notarum
884 4473 1194 4518 nostrarum
1236 4469 1302 4519 ad
1348 4471 1492 4519 Vitas
1536 4472 1808 4531 Paparum

187 4540 632 4589 Arenionensium.
668 4540 963 4589 Labiorum
1004 4545 1298 4591 tremorem
1350 4543 1565 4605 antiqui
1604 4555 1809 4604 posue—

186 4615 300 4658 runt
328 4612 472 4660 inter
496 4610 705 4661 indicia
742 4611 903 4661 malae
944 4613 1163 4661 mentis.
1192 4612 1514 4663 Lactantius
1557 4613 1705 4662 enim
1752 4614 1808 4661 in

188 4680 314 4730 libro
339 4682 399 4730 de
424 4684 522 4731 Ira
556 4683 667 4740 Dei,
701 4696 820 4745 cap.
850 4696 905 4743 v,
933 4697 1266 4733 enumerans
1311 4685 1443 4733 vitia
1487 4685 1656 4732 animi
1692 4697 1811 4747 per-

189 4751 397 4815 turbati,
444 4754 588 4803 inter
638 4766 700 4802 ea
746 4756 903 4816 ponit
947 4755 1075 4816 oris,
1120 4756 1174 4804 id
1230 4759 1313 4805 est
1359 4755 1654 4817 labiorum,
1702 4759 1809 4807 tre-

186 4835 400 4873 morem.
443 4825 843 4888 Hieronymus,
887 4827 942 4874 in
989 4831 1156 4889 caput
1193 4839 1209 4874 ι
1254 4826 1518 4889 Epistolas
1552 4828 1709 4877 Pauli
1742 4828 1810 4878 ad

187 4893 359 4944 Titum
406 4911 417 4944 :
479 4915 509 4940 α
557 4895 655 4946 Ille
698 4910 727 4946 e
780 4896 996 4946 diverso
1030 4900 1185 4947 torvo
1227 4897 1404 4958 vultu,
1448 4898 1812 4949 trementibus

186 4964 335 5015 labiis
368 5005 382 5028 ,
442 4972 639 5031 rugata
692 4968 909 5026 fronte,
962 4966 1260 5017 eilraanatis
1316 4970 1617 5030 conviciis,
1672 4969 1812 5019 facie

186 5036 316 5087 inter
364 5039 634 5101 pallorem
692 5039 1064 5103 ruboremque
1114 5041 1340 5101 variata,
1393 5040 1635 5090 clamore
1695 5054 1814 5104 per-

188 5112 395 5172 strepat.
450 5130 480 5155 »
538 5110 671 5159 Item
721 5112 778 5159 in
832 5111 1077 5174 Epistola
1134 5111 1201 5161 de
1257 5110 1482 5160 vitando
1551 5115 1812 5174 suspecto

188 5178 564 5233 Contubernio
598 5198 607 5231 :
649 5201 676 5227 «
722 5181 870 5244 Quid
907 5183 1125 5232 vultum
1175 5184 1418 5232 infamiae
1454 5182 1653 5233 rubore
1700 5184 1814 5231 suf-

188 5253 361 5302 fundis
413 5258 472 5304 et
512 5254 875 5304 trementibus
920 5254 1082 5304 labiis
1129 5255 1532 5318 impatientiam
1573 5255 1812 5317 pectoris

187 5323 510 5375 conﬁteris?
564 5340 594 5371 ιθ
645 5326 781 5375 Item
842 5326 897 5374 in
955 5326 1201 5390 Epistola
1252 5326 1351 5374 ad'
1384 5325 1811 5385 Pammachium,

186 5402 364 5446 contra
422 5398 699 5447 Joannem
760 5398 1329 5460 Hierosolymitanum
1386 5412 1397 5445 :
1454 5415 1481 5445 «
1530 5397 1809 5459 Resupina

186 5468 390 5519 cervice
430 5482 499 5519 ac
529 5468 893 5519 trementibus
937 5469 1099 5519 labiis
1128 5469 1467 5519 conticuisti.
1502 5486 1528 5513 »
1574 5469 1707 5518 Item
1753 5468 1808 5514 in

186 5536 421 5600 Epistola
468 5540 542 5588 ad
580 5541 864 5595 Oceanum,
896 5540 962 5589 de
999 5541 1169 5590 unius
1206 5541 1395 5589 uxoris
1438 5540 1556 5588 viro
1592 5553 1602 5585 :
1636 5555 1663 5585 ‹‹
1704 5538 1809 5588 Su-

188 5607 305 5660 dare
363 5617 552 5662 tamen
610 5614 786 5671 frons,
845 5612 1051 5676 pallere
1107 5625 1292 5675 genus,
1352 5616 1587 5662 tremere
1645 5610 1808 5670 labia,

188 5679 383 5747 linguas
432 5684 607 5732 saliva
652 5686 866 5745 siccari,
918 5689 970 5735 et
1017 5686 1143 5749 plus
1190 5688 1349 5735 aetate
1396 5698 1563 5748 quam
1616 5683 1811 5732 timore

188 5756 449 5805 contrahi.
484 5773 516 5801 ι)
563 5756 832 5819 Sulpitius
873 5757 1114 5808 Severus
1156 5757 1298 5806 Dial.
1347 5768 1422 5814 ιιι,
1460 5770 1578 5819 cap.
1627 5754 1813 5815 20,10-

190 5837 356 5887 quens
382 5825 452 5877 de
485 5826 703 5880 Briccio
729 5828 981 5879 nondum
1010 5841 1160 5880 sana:
1195 5828 1399 5881 mentis
1428 5842 1438 5877 :
1484 5846 1509 5873 «
1539 5826 1813 5877 Tremen-

1909 4260 1966 4307 in
2022 4256 2268 4319 Epistola
2320 4256 2386 4304 ad
2433 4256 2784 4317 Nepotianum
2838 4252 2905 4301 de
2968 4252 3090 4300 Vita
3140 4250 3481 4299 Clericorum
3524 4262 3534 4295 :

1910 4348 1937 4373 «
1965 4329 2173 4377 Pavent
2202 4326 2269 4375 ad
2296 4328 2579 4376 introitum
2606 4324 2830 4384 medior,
2867 4322 3345 4384 trementibusque
3374 4319 3537 4367 labiis

1909 4414 1979 4448 an
2010 4397 2360 4449 commodius
2386 4397 2626 4447 habeant
2646 4395 3019 4445 sciscitantur.
3044 4407 3073 4439 »
3103 4392 3272 4442 Silius
3296 4390 3539 4448 Italicus,

1908 4471 2005 4521 lib.
2038 4483 2136 4521 VIII
2167 4484 2177 4517 :

2438 4567 2666 4614 Volvcns
2695 4564 2779 4611 vix
2807 4576 3041 4612 murmur
3069 4561 3315 4611 anhelum

1974 4644 2114 4691 Inter
2145 4640 2397 4704 singultus
2422 4637 2680 4700 labrisque
2711 4633 3057 4684 trementibus
3080 4636 3243 4682 Anna.

1912 4758 2142 4820 Seneca,
2172 4758 2330 4821 epist.
2361 4756 2421 4805 97
2454 4769 2467 4802 :
2502 4773 2528 4800 «
2558 4752 2846 4816 Proprium
2874 4753 3058 4800 autem
3096 4753 3181 4800 est
3217 4749 3536 4800 nocentium

1912 4830 2199 4881 trepidare.
2222 4846 2249 4871 ››

1977 4845 2411 4962 Ξξὲῗῗξνὶἀῖιοιίυν
2439 4894 2580 4958 quod
2619 4894 2842 4943 videtur.
2871 4893 2949 4941 Ita
2982 4892 3309 4941 vetustiores
3352 4891 3539 4942 lectio-

1912 4985 2013 5021 nes
2042 4976 2097 5020 et
2122 4970 2183 5018 26
2210 4972 2394 5017 vetera
2426 4966 2779 5029 exemplaria.
2809 4964 3073 5013 Erasmus
3103 4962 3313 5011 addidit
3340 4976 3537 5013 vocem

1912 5042 2102 5092 vulnus
2137 5040 2242 5088 hoc
2272 5038 2436 5087 modo
2470 5054 2480 5097 ;
2510 5056 2536 5080 ‹‹
2584 5036 2913 5087 I’erducitur
2947 5034 3155 5083 vulnus
3201 5033 3350 5097 quod
3390 5034 3541 5085 vide-

1914 5118 2020 5172 tur,
2048 5130 2073 5156 υ
2102 5124 2269 5175 quam
2299 5110 2593 5159 lectionem
2623 5122 2723 5171 ego
2742 5119 2966 5171 quoque
2990 5105 3178 5155 inveni
3204 5106 3258 5153 in
3290 5105 3541 5169 quinque

1913 5182 2309 5243 manuscriptis
2347 5179 2649 5230 codicibus.
2685 5178 2899 5228 Sustuli
2931 5180 3113 5225 tamen
3141 5188 3282 5235 eam,
3320 5180 3541 5239 propter

1915 5254 2302 5303 auctoritatem
2328 5254 2408 5301 tot
2441 5255 2691 5300 veterum
2725 5247 3146 5311 exemplarium,
3177 5250 3229 5297 et
3254 5248 3385 5310 quia
3419 5249 3539 5299 sine

1833 5287 1889 5358 D
1915 5339 1980 5375 ea
2005 5325 2208 5387 optime
2234 5326 2452 5372 constat
2482 5334 2696 5372 sensus.

1973 5397 2071 5454 (23)
2120 5395 2471 5444 Adversarius
2518 5400 2634 5443 tuus
2683 5396 2850 5441 tecum
2903 5396 2993 5440 est.
3054 5390 3428 5453 Hieronymus
3482 5392 3537 5439 in

1909 5467 2157 5531 Epistola
2207 5466 2274 5514 ad
2317 5465 2671 5519 Eustochium.
2713 5463 2781 5513 de
2835 5461 3101 5513 Custodia
3143 5462 3535 5526 Virginitatis:

1910 5556 1939 5587 ‹‹
1972 5538 2155 5589 Facile
2202 5538 2324 5586 aliis
2373 5551 2625 5587 caremus
2665 5537 2833 5585 vitiis.
2880 5536 2985 5584 Hic
3022 5532 3198 5582 hostis
3239 5533 3401 5581 nobis
3447 5534 3539 5580 in-

1912 5612 2102 5662 clusus
2132 5614 2231 5659 est.
2265 5613 2631 5673 Quocumque
2675 5608 2977 5673 pergimus,
3022 5605 3314 5655 nobiscum
3356 5607 3538 5667 porta-

1912 5696 2037 5732 mus
2061 5694 2371 5730 Inimicum.
2402 5698 2427 5726 υ

1979 5753 2075 5814 (24)
2119 5754 2235 5801 Nox
2286 5752 2551 5801 transivit.
2604 5750 2744 5801 Vide
2792 5750 3005 5800 Erasmi
3053 5746 3436 5799 Annolationes
3480 5741 3539 5789 in

1912 5824 2065 5883 hunc
2092 5824 2282 5876 locum
2309 5822 2480 5880 Pauli.
