3998 6194
201 220 284 279 673
1366 221 1562 280 LIBER
1603 221 1688 280 DE
1727 219 1898 280 ZELO
1936 223 2020 278 ET
2059 218 2322 280 LlVORE.
3416 219 3519 280 674

197 369 284 408 non
320 352 593 407 secundum
638 368 851 408 carnem
893 355 1137 408 vivamus
1170 370 1183 407 :
1217 357 1266 408 si
1306 357 1445 409 enim
1494 356 1787 410 secundum
1810 367 1870 440 Α
1893 372 2051 408 mans
2081 372 2182 409 nos
2207 371 2268 408 ac
2301 369 2627 424 praeparans
2658 351 2931 408 Dominus
2958 353 3017 407 et
3045 351 3214 406 Filius
3244 353 3342 407 Dei
3369 353 3522 408 simi-

197 463 379 502 camem
407 449 645 500 caeritis
662 447 730 508 5°,
763 449 1034 517 incipietis
1074 452 1213 502 mori
1245 465 1257 502 :
1300 451 1350 502 si
1385 454 1564 503 autem
1598 453 1796 520 spiritu
1893 449 2193 502 litudinem
2225 448 2317 502 Dei
2351 446 2529 500 Patris
2555 447 2854 500 insinuans
2883 446 2940 499 in
2965 446 3268 517 Evangelio
3307 464 3406 502 suo
3439 448 3520 502 di-

196 556 332 610 opera
395 543 571 594 carnis
636 543 1178 609 mortiﬁcaveritis“,
1248 544 1459 596 vivetis.
1529 543 1795 613 Quotquot
1894 542 2270 596 citzA-udistis
2289 543 2419 610 quia
2442 541 2643 594 dictum
2664 541 2993 608 estzDiliges
3011 542 3316 610 proximum
3337 542 3518 608 tibi“,

195 636 313 688 enim
348 635 552 702 Spiritu
595 635 692 687 Dei
735 641 999 702 aguntur,
1044 636 1104 688 hi
1137 637 1243 704 ﬁlii
1286 639 1382 690 Dei
1419 642 1546 690 sunt
1598 639 1790 707 (Rom.
1893 642 1941 691 et
1989 636 2111 690 odio
2166 636 2382 689 habebis
2405 635 2450 668 57
2508 635 2789 687 inimicum
2839 634 2958 686 tibi.
3020 636 3132 702 Ego
3181 641 3359 688 autem
3403 635 3520 690 dico

192 743 289 783 vni.
344 728 545 796 £244).
601 727 657 781 Si
723 727 824 780 ﬁlii
881 728 977 782 Dei
1033 745 1253 792 sumus,
1307 729 1348 782 si
1403 731 1614 800 templa
1673 731 1794 800 ejus
1893 731 2043 784 vobis
2092 748 2108 782 :
2155 730 2377 797 Diligite
2419 729 2662 781 inimicos
2721 732 2955 793 vestros,
3011 731 3061 780 et
3125 733 3272 782 orate
3309 745 3410 798 pro
3441 731 3523 784 his

195 836 296 874 esse
353 819 466 889 jam
523 819 816 890 coepimus,
883 822 949 886 si,
1018 826 1250 893 accepto
1312 823 1526 892 Spiritu
1583 830 1791 891 sancto,
1895 827 1991 892 qui
2017 839 2107 877 vos
2132 826 2550 892 persequuntur,
2579 825 2639 873 ut
2684 821 2932 888 sitisﬁlii
2954 821 3134 874 Patris
3168 822 3400 875 uestri68
3427 824 3523 892 qui

193 918 359 968 sancte
389 919 443 967 et
472 914 798 984 spiritaliter
828 915 1089 979 vivimus,
1122 916 1169 969 si
1201 917 1268 971 de
1295 917 1462 971 terris
1503 917 1690 971 oculos
1721 917 1792 971 ad
1894 921 1954 970 in
1979 919 2121 971 caelis
2148 922 2246 977 est,
2277 917 2372 984 qui
2413 915 2570 969 solem
2603 930 2763 968 suum
2815 915 2950 966 oriri
2975 916 3112 979 facit
3149 929 3310 983 super
3362 917 3522 971 bonos

193 1007 371 1061 coelum
400 1008 748 1076 sustulimus,
795 1009 840 1062 si
867 1009 939 1062 ad
970 1025 1211 1080 superna
1263 1015 1318 1064 et
1343 1010 1534 1064 divina
1559 1011 1792 1080 plenum
1896 1016 1944 1064 et
1976 1011 2144 1064 mulos
2169 1014 2218 1063 et
2243 1011 2389 1078 pluit
2420 1023 2584 1076 super
2599 1008 2774 1076 justos
2807 1013 2855 1060 et
2887 1007 3117 1074 injustas
3146 1007 3360 1076 (Leuit,
3389 1025 3514 1074 Xlx;

193 1101 290 1155 Deo
316 1106 366 1153 et
394 1100 612 1155 Christo
641 1106 834 1171 pectus
879 1103 1183 1170 ereximus,
1229 1119 1338 1156 non
1374 1103 1480 1156 nisi
1509 1119 1635 1173 quae
1663 1107 1797 1156 sunt
1897 1104 2116 1169 Matth.,
2152 1121 2200 1169 γ,
2226 1103 2435 1168 43-45).
2468 1101 2522 1155 Si
2552 1101 2882 1154 hominibus
2903 1099 3100 1154 laetum
3122 1105 3198 1154 est
3230 1106 3286 1154 et
3315 1102 3522 1171 glorio-

192 1196 286 1248 Deo
317 1198 371 1247 et
413 1194 635 1249 Christo
669 1194 840 1265 digna
888 1195 1182 1258 faciamus,
1239 1195 1380 1250 sicut
1411 1201 1466 1250 et
1495 1197 1796 1266 Apostolus
1897 1215 2021 1250 sum
2054 1198 2196 1250 filios
2239 1196 2449 1249 habere
2477 1195 2821 1259 consimiles,
2859 1201 2915 1247 et
2958 1197 3092 1248 tunc
3132 1194 3312 1265 magis
3344 1211 3519 1265 gene-

191 1287 371 1342 excitat
397 1294 450 1341 et
476 1288 733 1342 hortatur
768 1305 780 1342 :
813 1288 874 1343 Si
902 1293 1317 1344 consurrexistis
1339 1291 1407 1356 5‘,
1444 1291 1647 1360 inquit,
1679 1307 1796 1344 cum
1897 1307 2047 1345 rasse
2067 1292 2304 1345 delectat
2322 1290 2365 1342 si
2387 1289 2458 1342 ad
2482 1293 2698 1358 patrem
2718 1288 3077 1341 lineamentis
3101 1288 3332 1358 paribus
3354 1289 3517 1344 sobo-

191 1382 394 1438 Christo.
442 1398 564 1451 quae
607 1398 821 1436 sursum
859 1390 989 1437 sunt
1011 1386 1258 1452 quaerite,
1303 1385 1396 1437 ubi
1441 1383 1683 1438 Christus
1721 1389 1797 1438 est
1895 1386 1977 1438 les
2024 1384 2297 1437 subsiciva
2320 1384 2366 1417 59
2417 1383 2523 1454 (30)
2575 1380 2939 1452 respondeat,
2986 1385 3202 1452 quanto
3250 1383 3432 1452 major
3464 1382 3522 1437 in

187 1477 236 1528 in
269 1475 482 1530 dea-tera
511 1477 608 1528 Dei
648 1477 872 1542 sedens;
900 1493 1021 1546 quae
1060 1493 1273 1532 sursum
1300 1484 1432 1531 sunt
1461 1483 1654 1546 sapite,
1688 1493 1794 1531 non
1896 1480 2012 1533 Deo
2046 1481 2205 1533 Patre
2229 1477 2424 1530 lmtitia
2452 1480 2533 1530 est
2562 1493 2690 1529 cum
2720 1475 2846 1545 quis
2876 1475 2955 1528 sic
2983 1475 3311 1545 spiritaliter
3339 1477 3523 1532 nasci-

187 1584 453 1638 quzsuper
485 1575 685 1623 terram
705 1571 774 1624 ⁵³.
806 1573 1010 1625 Mortui
1054 1574 1192 1625 enim
1223 1574 1371 1633 estis,
1403 1576 1452 1625 et
1476 1574 1589 1625 vita
1616 1576 1796 1626 uestra
1897 1578 1988 1628 tur
2010 1573 2137 1642 (3t),
2165 1579 2225 1624 ut
2258 1572 2314 1625 in
2347 1569 2563 1624 actibus
2597 1570 2720 1639 ejus
2751 1575 2807 1622 et
2837 1568 3095 1622 laudibus
3125 1569 3316 1624 divina
3345 1587 3522 1641 gene-

187 1662 476 1717 abscondita
507 1669 582 1717 est
613 1680 730 1717 cum
764 1664 972 1719 Christo
1004 1667 1058 1718 in
1089 1667 1214 1719 Deo.
1247 1667 1378 1723 Cum
1407 1671 1582 1719 autem
1613 1666 1790 1722 Chris-
1819 1734 1826 1735 ί
1895 1668 2096 1722 rositas
2113 1664 2158 1699 ⁷ο
2189 1665 2525 1735 praedicetur
2545 1663 2572 1717 ?
2609 1664 2744 1726 Quae
2765 1662 3002 1732 justitiaa
3034 1663 3224 1732 palma
3260 1668 3364 1726 est,
3398 1682 3523 1735 quas

190 1762 262 1809 tus
303 1760 620 1826 apparuerit
661 1762 776 1812 vita
817 1765 1015 1825 vestra,
1065 1763 1188 1812 tunc
1233 1764 1282 1812 et
1328 1773 1421 1813 vos
1459 1734 1870 1828 apparebit-isB
1896 1777 2119 1825 corona,
2167 1775 2282 1812 esse
2326 1774 2384 1810 se
2429 1757 2598 1810 talem
2630 1757 2675 1790 τί
2725 1755 2793 1809 de
2843 1772 2954 1825 quo
2985 1757 3129 1809 Deus
3169 1773 3281 1809 non
3326 1757 3472 1811 dicat
3506 1774 3518 1812 :

191 1848 367 1922 648
403 1867 527 1905 cum
556 1854 669 1922 ipso
697 1855 756 1906 in
785 1854 960 1921 gloria
987 1853 1234 1922 (Coloss..
1271 1853 1398 1921 1-4).
1435 1851 1538 1916 Qui
1569 1868 1706 1922 ergo
1737 1851 1794 1905 in
1896 1856 2057 1911 Filios
2094 1848 2409 1922 generosi"
2455 1849 2568 1920 (3‘2)
2598 1855 2647 1904 et
2675 1850 2941 1911 exaltavi,
2969 1851 3076 1918 ipsi
3102 1856 3281 1904 autem
3310 1866 3524 1920 spreve-

187 1942 447 2013 baptismo
501 1946 816 1999 secundum
867 1946 1120 2000 hominis
1147 1946 1369 2017 antiqui
1413 1949 1647 2017 peccata
1675 1963 1792 1999 car-
1894 1953 2026 2003 runt
2069 1963 2152 2001 me
2203 1949 2356 2018 (Isa.,
2404 1961 2440 2010 1,
2485 1943 2561 2012 2).
2613 1941 2804 2015 649
2847 1942 3140 1998 Collaudet
3186 1946 3241 1997 te
3274 1941 3525 2014 potius"

188 2037 383 2092 naliaet
406 2039 617 2092 mortui
641 2041 688 2074 ⁸³
709 2040 980 2110 etsepulti
1005 2057 1222 2106 sumus,
1246 2040 1342 2110 qui
1368 2039 1795 2110 regeneratione
1895 2041 2149 2097 Christus
2179 2047 2235 2095 et.
2279 2040 2477 2093 invitet
2519 2039 2586 2092 ad
2631 2036 2935 2107 praemium
2985 2037 3176 2090 dicens
3236 2056 3247 2091 :
3309 2040 3525 2107 Venite,

188 2132 376 2185 caelesti
421 2133 644 2188 Christo
698 2133 1176 2200 consurreximus,
1229 2150 1355 2204 quae
1411 2141 1547 2187 sunt
1591 2132 1796 2189 Christi
1898 2137 2162 2192 benedicti
2203 2135 2386 2188 Patris
2428 2135 2561 2194 mei,
2614 2110 2874 2202 pitrcipite
2917 2147 3139 2200 regnum
3183 2133 3328 2200 quod
3385 2133 3532 2187 vobis

188 2227 233 2277 et
255 2226 565 2295 cogitemus
609 2227 824 2296 pariter
851 2233 905 2280 et
948 2244 1239 2298 geramus,
1274 2228 1416 2281 sicut
1455 2227 1607 2281 idem
1649 2230 1794 2296 Apo-
1891 2235 2156 2300 paratum
2175 2233 2249 2282 est
2277 2228 2344 2281 ab
2372 2229 2576 2294 origine
2607 2226 2804 2278 mundi
2841 2225 3081 2295 (Matth,
3116 2241 3240 2291 xxv,
3271 2224 3380 2294 34).

189 2319 338 2372 stolus
375 2320 539 2373 docet
587 2337 782 2374 rursus
814 2328 870 2374 et
901 2324 1099 2375 monet
1127 2320 1321 2375 dicens
1355 2338 1366 2374 :
1395 2323 1609 2375 Primus
1647 2327 1797 2374 Ιιωηο
1970 2325 2097 2377 XVI.
2147 2322 2238 2374 His
2286 2318 2756 2374 meditationibus
2802 2317 3260 2371 corroborandus
3300 2321 3384 2372 est
3411 2318 3532 2373 ani-

189 2412 241 2465 de
279 2418 425 2467 terra
473 2415 622 2475 limo,
673 2416 932 2468 secundus
969 2416 1120 2468 homo
1165 2416 1230 2468 de
1271 2417 1417 2468 caelo.
1471 2416 1658 2482 Qualis
1707 2415 1799 2468 ille
1900 2435 2046 2483 mus,
2077 2417 2276 2470 fratres
2307 2411 2677 2476 dilectissimi,
2708 2410 2991 2480 ejusmodi
3020 2411 3527 2467 exercitationibus

191 2506 243 2560 de
269 2509 404 2568 limo,
441 2509 581 2562 tales
613 2514 662 2562 et
697 2510 792 2576 qui
823 2508 886 2562 de
915 2510 1039 2562 limo
1064 2528 1078 2573 ;
1108 2514 1158 2562 et
1189 2510 1367 2578 qualis
1394 2510 1634 2573 ccclesiis,
1669 2509 1799 2562 tales
1901 2518 2099 2566 contra
2131 2509 2326 2564 omnia
2357 2506 2566 2561 diaboli
2607 2505 2793 2576 jacula
2817 2504 3148 2560 firmandus.
3197 2505 3278 2562 Sit
3321 2507 3379 2560 in
3410 2523 3528 2561 ma-

190 2605 230 2653 et
263 2602 507 2655 cwlcstes.
547 2603 819 2668 Quomodo
864 2605 1202 2672 portavimus
1249 2605 1539 2670 imaginem
1566 2602 1678 2671 ejus
1706 2604 1803 2670 qui
1902 2606 2066 2660 nibus
2096 2603 2204 2676 (33)
2235 2602 2427 2656 divina
2458 2600 2640 2668 lectio,
2665 2600 2724 2653 in
2764 2599 3023 2654 sensibus
3047 2599 3342 2654 Dominica
3370 2601 3529 2672 cogi-

190 2693 380 2749 delimo
423 2703 529 2757 est,
571 2702 850 2764 portemus
885 2702 934 2750 et
973 2699 1266 2763 imaginem
1304 2699 1418 2765 ejus
1462 2699 1557 2765 qui
1586 2697 1650 2750 de
1675 2697 1800 2749 cmlo
1903 2699 2042 2754 latio
2080 2717 2090 2752 :
2125 2697 2302 2752 oratio
2337 2695 2496 2766 jugis
2540 2693 2775 2748 omnino
2821 2710 2938 2748 non
2983 2697 3162 2748 cesset
3209 2713 3220 2748 :
3275 2694 3534 2748 salutaris

191 2795 251 2842 est
295 2791 332 2858 (l
373 2790 528 2856 Cor.,
579 2807 664 2854 xv,
705 2790 910 2858 47-49).
943 2791 1260 2860 Imaginem
1291 2795 1482 2844 autem
1513 2790 1801 2844 cmlestem
1903 2792 2161 2864 operatio
2219 2794 2565 2861 perseveret.
2627 2787 2986 2858 Spiritalibus
3037 2791 3266 2858 semper
3317 2789 3534 2842 actibus

192 2889 395 2953 portare
445 2901 562 2938 non
621 2901 938 2954 possumus,
990 2886 1096 2938 nisi
1137 2886 1194 2938 in
1241 2901 1306 2939 eo
1357 2884 1507 2956 quod
1539 2902 1659 2938 esse
1680 2884 1800 2954 jam
1903 2901 2274 2957 occupemnr,
2338 2889 2399 2937 ut
2451 2881 2918 2954 quotiescumque
2973 2880 3237 2936 inimicus
3291 2898 3538 2936 accesse-

194 2983 443 3050 cmpimus
466 2984 540 3048 5‘,
571 2983 774 3039 Christi
805 2983 1238 3038 similitudinem
1271 2983 1644 3053 prazbeamus.
1907 2981 2002 3048 rit,
2035 2979 2261 3050 quoties
2303 2977 2456 3031 adire
2488 2975 2809 3043 tentaverit,
2837 2980 2894 3029 et
2946 2975 3204 3029 clausum
3233 2975 3537 3031 adversum

249 3080 340 3132 XV.
388 3081 504 3133 Hoc
544 3083 630 3132 est
683 3079 836 3132 enim
883 3084 1128 3132 mutasse
1177 3079 1327 3149 quod
1376 3079 1562 3132 fueras
1609 3082 1667 3136 et.
1694 3094 1876 3149 εωορ
1904 3093 1961 3128 se
2010 3076 2205 3144 pectus
2245 3070 2497 3125 inveniat
2548 3076 2605 3124 et
2661 3072 2971 3124 armatum.
3018 3069 3138 3124 Non
3167 3069 3319 3124 enim
3347 3071 3534 3125 Chris-

194 3170 317 3240 pisse
343 3189 461 3226 esse
509 3172 662 3242 quod
698 3189 814 3226 non
843 3189 990 3239 eras,
1023 3176 1087 3226 ut
1123 3174 1179 3225 in
1222 3179 1276 3226 te
1315 3173 1505 3226 divina
1547 3173 1805 3225 nativitas
1829 3165 1878 3182 ν
1905 3168 2049 3221 tiani
2081 3165 2328 3220 hominis
2377 3180 2586 3218 corona
2616 3179 2732 3217 una
2770 3165 2856 3216 est
2883 3179 3012 3232 quas
3058 3166 3314 3233 tempore
3337 3181 3536 3236 perse-

194 3263 373 3332 luceat,
405 3273 465 3319 ut
514 3266 590 3319 ad
637 3267 862 3320 Patrem
913 3268 1090 3320 Deum
1126 3266 1322 3320 deitica
1359 3266 1656 3337 disciplina
1685 3282 1802 3320 res-
1905 3261 2145 3316 cutionis
2188 3258 2497 3330 accipitur:
2529 3257 2702 3311 habet
2730 3263 2787 3310 ct.
2824 3273 2934 3326 pax
2966 3258 3076 3328 (34)
3108 3273 3347 3312 coronas
3383 3275 3536 3328 suas,

195 3359 434 3427 pondeat,
469 3363 533 3413 ut
563 3359 782 3413 honore
807 3363 863 3413 et
883 3359 1052 3414 laude
1075 3359 1295 3414 vivendi
1319 3361 1459 3415 Deus
1485 3360 1543 3413 in
1573 3360 1805 3414 homine
1905 3356 2110 3427 quibus
2141 3354 2211 3407 de
2239 3352 2390 3406 varia
2421 3355 2477 3405 et
2511 3349 2807 3421 multiplici
2837 3350 3236 3420 congressione
3277 3351 3538 3420 victores,

195 3451 463 3518 clarescat,
514 3454 639 3523 ipso
689 3454 1028 3508 exhortante
1075 3459 1131 3507 et
1188 3457 1462 3508 monente
1511 3457 1568 3507 et
1599 3454 1678 3507 eis
1707 3453 1807 3524 qui
1906 3454 2186 3521 prostrato
2229 3449 2340 3517 (35)
2383 3452 2438 3500 et
2502 3445 2731 3499 subacto
2777 3443 3121 3514 adversario,
3170 3451 3538 3501 coronantur.

196 3560 245 3598 se
267 3547 579 3601 clariticant
599 3547 776 3602 vicem
807 3553 1064 3602 mutuam
1093 3547 1804 3619 pollicente:Eos,inquit,
1908 3543 2224 3597 Libidinem
2273 3539 2382 3610 (36)
2440 3539 2732 3610 subegisse
2783 3539 3148 3593 continentia
3194 3540 3387 3610 palma
3437 3546 3538 3596 est.

195 3643 277 3708 qui
299 3643 601 3711 clariﬁcant
630 3658 711 3695 me
745 3643 1082 3712 cla-riﬁcubo;
1114 3649 1161 3697 et
1191 3645 1286 3712 qui
1317 3645 1522 3711 spernit
1550 3657 1630 3696 me
1658 3657 1802 3710 Sper-
1908 3639 2118 3692 Contra
2165 3636 2328 3704 iram,
2371 3640 2563 3688 contra
2603 3632 2878 3702 injuriam
2934 3648 3282 3704 repugnasse
3331 3651 3542 3689 corona

196 3740 334 3787 netur
363 3737 400 3805 (Ι
435 3739 590 3803 Reg,,
623 3753 680 3798 ιι,
704 3739 811 3807 30).
840 3736 917 3791 Ad
939 3753 1109 3807 quam
1137 3736 1598 3790 clariticationem
1618 3736 1665 3769 ⁵⁵
1697 3735 1810 3788 for-
1908 3729 2198 3802 patientia:
2229 3732 2334 3783 est.
2383 3730 2459 3783 De
2499 3726 2738 3781 avaritia
2766 3725 3092 3796 triumphus
3122 3730 3207 3780 est
3238 3728 3536 3798 pecuniam

1554 3877 1764 3942 Variae
1819 3875 2155 3939 lectiones.

249 4013 501 4064 5‘V’ivitis
526 4015 654 4065 Bod.
692 4016 740 4076 3,
770 4018 815 4066 4.
866 4018 1000 4066 Voss.
1037 4019 1083 4071 1.
1120 4019 1232 4067 Ver.
1275 4019 1390 4067 Ben.
1443 4017 1752 4068 Moriemini
1781 4014 1905 4066 Bod.
1954 4013 2002 4063 3.
2063 4012 2197 4062 Voss.
2244 4012 2265 4061 1
2335 4011 2376 4042 ⁸ο
2417 4008 2758 4061 Mortiﬁcatis
2815 4011 2926 4060 Ver.
2993 4009 3033 4042 ⁶¹
3083 4008 3539 4072 Consurrexistis,

193 4081 374 4151 inquit,
405 4086 628 4136 Christo
669 4090 780 4137 Ver.
818 4087 1286 4140 Consurreximus
1317 4091 1441 4139 Thu.
1504 4089 1548 4123 ⁸³
1583 4090 1705 4138 Non
1739 4100 1813 4151 qu

1926 4097 2116 4136 errena
2148 4084 2237 4131 Ar.
2265 4079 2388 4129 Bod.
2425 4083 2468 4140 1,
2500 4086 2554 4140 2,
2582 4081 2630 4140 3,
2673 4083 2718 4131 4.
2770 4083 2880 4131 Ver.
2912 4081 3030 4129 Ben.
3095 4080 3142 4110 ⁶³
3168 4079 3421 4151 Emortui
3451 4083 3539 4129 Ar.

195 4150 230 4184 ⁶⁴
257 4152 536 4218 Οωρὶωυε
584 4170 1000 4220 perseveremus
1051 4163 1181 4208 Voss.
1224 4161 1268 4209 1.
1336 4160 1378 4192 ⁸⁵
1421 4150 1884 4211 Clariﬁcationem
1919 4158 2273 4208 conformans
2325 4152 2460 4201 Voss.
2501 4154 2544 4202 1.
2613 4153 2657 4184 ⁸⁸
2692 4153 3012 4202 Proximum
3043 4155 3200 4201 tuum
3243 4153 3334 4201 Ar.
3403 4150 3444 4184 ⁸⁷
3475 4151 3546 4202 Ει

197 4224 335 4274 odies
359 4230 494 4276 Pem.
541 4231 676 4278 Voss.
708 4231 751 4278 1.
785 4229 905 4278 Bod.
942 4232 986 4292 1,
1013 4231 1059 4280 3.
1129 4231 1170 4265 ⁸⁸
1200 4230 1421 4281 Similes
1465 4231 1609 4281 Patri
1661 4233 1748 4278 Ar.
1777 4229 1886 4277 [λη.
1937 4227 2043 4276 NC.
2088 4224 2209 4273 Bod.
2260 4222 2310 4284 3,
2342 4223 2388 4284 1,
2413 4224 2460 4283 3,
2487 4225 2533 4273 4.
2569 4225 2713 4274 Patri
2744 4228 2927 4273 vestro
2967 4223 3084 4271 Thu.
3155 4223 3198 4253 ‘1’
3235 4221 3543 4278 Succisiva,

199 4294 305 4344 Bod.
327 4301 368 4344 3.
394 4297 694 4348 Succidiva
733 4301 864 4349 Vict.
932 4298 972 4332 7’
1003 4300 1302 4352 Generatio
1342 4305 1431 4352 Ar.
1477 4303 1598 4351 Bod.
1626 4303 1673 4351 2.
1742 4301 1784 4332 ⁷³³
1818 4301 1956 4350 Esse
1975 4297 2142 4348 talem
2166 4299 2254 4346 Ar.
2283 4295 2408 4346 Bod.
2436 4297 2482 4346 2.
2507 4295 2757 4346 Tetalem
2777 4293 2887 4344 ΝΟ.
2915 4294 2961 4344 1.
2996 4294 3153 4342 Drur.
3182 4295 3230 4355 1,
3255 4295 3302 4343 Ξ.
3343 4294 3541 4344 Mearm.

210 4362 244 4397 ⁷³
275 4366 354 4417 Sic
379 4369 504 4417 Bod.
539 4371 587 4430 1,
618 4370 667 4428 3,
699 4372 744 4420 4.
778 4370 960 4422 Genui
990 4373 1128 4421 Oxon
1194 4371 1236 4406 ⁷³
1267 4373 1384 4431 Me;
1419 4372 1702 4424 collaudet
1724 4376 1778 4422 te
1801 4371 1986 4435 potius
2015 4370 2105 4418 Ar.
2140 4367 2264 4416 Bod.
2300 4369 2342 4428 1,
2380 4366 2427 4428 2,
2457 4366 2506 4427 3,
2537 4367 2585 4414 4.

1492 4541 1719 4623 Steph.
1766 4537 2014 4603 Baluzii
2059 4540 2253 4600 nota.

1914 4659 2022 4710 bus
2049 4656 2343 4708 Dominica
2367 4654 2686 4717 cogitatio.»
2712 4649 2829 4717 Ego
2856 4649 3076 4716 reposui
3097 4653 3341 4703 veterem
3363 4647 3551 4703 lectio-

1915 4743 2064 4781 nem.

249 4657 337 4716 (30)
427 4659 717 4710 Subsiciva.
810 4660 1081 4724 Rigaltius
1174 4661 1418 4712 malebat
1498 4663 1808 4713 successive.

197 4724 358 4787 Quam
389 4731 688 4781 lectionem
735 4745 836 4795 ego
887 4731 1226 4796 deprehendi
1264 4735 1320 4782 in
1372 4734 1585 4798 aliquot
1623 4737 1811 4784 vetus—

195 4799 258 4847 tis
308 4803 734 4867 exemplaribus.
777 4794 849 4852 ln
900 4794 1093 4854 codice
1129 4805 1395 4854 Beccensi
1441 4794 1706 4868 scriptum
1733 4807 1813 4854 est
1976 4807 2074 4866 (34)
2108 4801 2266 4854 Habet
2296 4805 2342 4848 et
2383 4811 2513 4862 pax.
2545 4795 2724 4860 Supra
2765 4798 2923 4862 epist.
2961 4810 3012 4858 p.
3043 4795 3103 4843 18
3131 4809 3142 4842 :
3169 4809 3199 4843 «
3224 4794 3285 4844 In
3303 4794 3551 4868 emicati-

197 4873 322 4918 succi
327 4872 357 4920 d
365 4887 446 4920 un.

252 4941 343 5001 (3t)
395 4944 481 4992 Sic
525 4942 848 5005 spiritaliter
901 4944 1158 4993 nascitur.
1197 4945 1430 5010 Reliqua
1469 4944 1640 5008 hujus
1688 4944 1812 4995 libri

198 5007 384 5060 desunt
413 5015 467 5061 in
493 5015 686 5064 codice
712 5016 888 5065 sancti
917 5016 1207 5080 Arnulphi.

252 5082 337 5143 (32,-
390 5085 667 5134 Gemruvi.
722 5086 989 5147 Quamvis
1040 5087 1207 5138 lectio
1252 5103 1377 5152 quas
1424 5089 1592 5140 habet
1633 5089 1812 5151 genuit

196 5147 324 5230 bona
359 5157 446 5213 sit,
482 5157 640 5204 istam
678 5161 859 5206 tamen
908 5157 1172 5208 reducere
1209 5147 1435 5221 placuit,
1463 5162 1593 5224 quia
1633 5147 1811 5208 exstat

195 5227 244 5270 in
270 5227 528 5275 omnibus
553 5228 890 5277 editionibus
917 5242 1042 5290 quae
1080 5230 1451 5280 Pamelianam
1495 5237 1810 5282 antecesse—

196 5299 329 5366 runt,
359 5297 414 5345 in
442 5309 584 5347 xxux
625 5298 780 5347 libris
809 5301 1030 5359 nostris,
1057 5304 1110 5349 et
1158 5303 1213 5349 in
1257 5302 1431 5351 tribus
1470 5302 1808 5366 Anglicanis.

192 5365 358 5417 Aliam
391 5383 505 5419 non
538 5371 727 5420 inveni
759 5373 862 5420 nisi
896 5372 950 5418 in
986 5372 1183 5422 tribus.

251 5437 340 5499 (33)
380 5440 458 5488 Sit
509 5442 562 5488 in
607 5441 868 5491 manibus.
906 5442 1069 5492 Miror
1111 5444 1256 5494 hanc
1297 5446 1616 5504 lectionem,
1649 5458 1819 5509 quam

195 5511 477 5569 pmferunt
519 5526 710 5563 omnes
753 5517 969 5564 veteres
1017 5515 1289 5566 editiones
1341 5523 1396 5567 et
1457 5531 1651 5568 omnes
1691 5517 1818 5566 libri

200 5584 414 5652 veteres,
474 5584 738 5645 rejectam
789 5585 962 5634 fuisse
1016 5601 1044 5634 a
1093 5588 1357 5643 Pamelio,
1404 5590 1499 5652 qui
1543 5603 1671 5638 cum
1721 5603 1819 5652 pu-

201 5649 325 5699 taret
357 5652 509 5702 hunc
551 5655 734 5704 locum
773 5668 896 5706 esse
939 5658 1220 5718 mutilum,
1258 5672 1386 5708 eum
1422 5649 1818 5723 supplevit—ex

204 5725 424 5792 quatuor
471 5727 860 5791 manuscriptis
907 5732 963 5777 et
1003 5730 1188 5792 posuit
1225 5745 1236 5779 :
1278 5745 1307 5778 <‹
1352 5731 1434 5780 Sit
1472 5737 1601 5783 ante
1629 5732 1821 5783 oculos

205 5788 376 5846 divina
419 5795 602 5864 lectio,
647 5799 704 5848 in
739 5788 1023 5850 manibus
1038 5799 1188 5852 bona
1235 5802 1497 5867 operatio,
1549 5803 1605 5853 in
1647 5803 1819 5855 sensi-

1913 4873 2020 4925 bus
2045 4874 2241 4926 castris
2262 4883 2370 4933 pax
2399 4873 2453 4919 et
2472 4869 2618 4918 acies
2637 4868 2848 4920 habent
2877 4867 3040 4917 ﬂores
3065 4879 3214 4916 suos.
3243 4884 3270 4911 »
3303 4867 3552 4916 Hilarius

1915 4948 2210 5010 episcopus
2259 4940 2599 4993 Arelatensis
2643 4941 2699 4988 in
2751 4941 2995 4990 Sermone
3028 4937 3097 4987 de
3140 4939 3335 5010 sancto
3366 4937 3546 4988 Hono-

1914 5009 2032 5068 rato
2069 5035 2078 5066 :
2111 5009 2140 5063 ξ(
2166 5015 2351 5065 Habet
2374 5017 2427 5061 et
2457 5025 2564 5074 pax
2605 5016 2875 5074 martyres
2908 5024 3054 5059 suos.
3106 5026 3134 5055 »
3176 5009 3553 5070 Hieronymus

1915 5091 1969 5139 in
1998 5087 2244 5153 Epistola
2275 5085 2347 5134 ad
2378 5082 2773 5143 Demetriadem,
2800 5082 2867 5131 de
2891 5080 3223 5145 Virginitate
3245 5080 3516 5130 servanda
3542 5095 3553 5126 τ

1915 5181 1941 5205 ‹‹
1994 5161 2176 5210 Habet
2225 5162 2276 5206 et
2334 5154 2604 5219 pudicitia
2655 5158 2867 5204 servata
2924 5153 3249 5215 martyrium
3297 5165 3484 5201 suum.
3523 5167 3552 5198 »

1915 5231 2055 5281 Vide
2115 5229 2414 5280 Homiliam
2487 5226 2663 5275 sancti
2732 5225 2964 5274 Joannis
3042 5223 3429 5287 Chrysostomi
3496 5225 3552 5272 in

1913 5304 2288 5354 laudationem
2322 5301 2530 5348 sanctae
2562 5296 2984 5360 protomartyris
3018 5299 3071 5346 et
3106 5295 3374 5357 apostolus
3400 5293 3555 5343 The-

1913 5375 2031 5424 clse.
2065 5370 2522 5426 Commodianus,
2557 5368 2810 5418 instruct.
2837 5367 2901 5416 62
2938 5383 2948 5416 :
2985 5382 3013 5414 <‹
3041 5365 3259 5417 Bellum
3288 5366 3464 5428 abest,
3496 5365 3552 5414 in

1920 5458 2057 5509 pace
2087 5447 2359 5506 martyres
2393 5440 2564 5489 ibant.
2592 5453 2620 5486 »
2766 5507 2791 5509 ἡ
2855 5507 2864 5509 Δ
3008 5507 3024 5509 Α
3229 5442 3244 5456 ’

1986 5517 2078 5576 (35)
2142 5515 2369 5563 Victores
2414 5514 2702 5574 prostrato.
2754 5507 2945 5558 Codex
2995 5507 3552 5571 GratianOpolitanus

1923 5603 1951 5635 α
1977 5586 2366 5649 congressione
2395 5585 2661 5646 prostrato
2692 5584 2746 5630 et
2770 5579 3006 5630 subacto
3037 5578 3352 5629 adversario
3379 5580 3554 5628 victo-

1923 5671 2011 5708 res
2047 5660 2404 5708 coronantur.
2435 5673 2461 5699 ››

1981 5729 2079 5792 (36)
2173 5726 2486 5778 Libidinem.
2560 5724 2741 5787 Quam
2817 5722 3148 5787 Fulgentius
3227 5716 3560 5771 Planciadcs

1916 5801 2016 5853 lib.
2045 5813 2084 5854 ιι
2112 5798 2332 5866 Mythol.
2367 5800 2526 5850 vocat
2555 5796 2842 5849 honestatis
2869 5806 3166 5846 novercam.
