3998 6194
464 235 565 290 675
890 258 893 261 λ
1385 224 1439 283 S.
1482 222 1802 284 CYPRIANI
1837 222 2113 282 OPERUM
2152 218 2325 282 PARS
2360 220 2428 278 ll.
2468 252 2538 264 —-
2574 220 2939 280 OPUSCULA.
3682 231 3768 289 676

467 371 759 428 spernere.
792 354 934 408 Laus
964 354 1047 406 est
1078 349 1207 405 ﬁdei
1238 349 1441 405 ﬁducia
1469 350 1799 404 futurorum
1818 346 1862 383 ⁷⁸
1891 348 2093 403 mundi
2117 363 2173 436 Α
2197 347 2364 405 nibus
2426 346 2739 401 invidebas.
2806 346 2992 400 Bonos
3050 343 3282 400 imitare
3341 346 3462 417 (38),
3514 348 3559 403 si
3601 354 3772 409 sectari

469 450 703 504 adversa
734 448 991 501 tolerare.
1021 446 1089 499 Et
1118 444 1216 515 qui
1247 444 1524 516 superbus
1552 443 1607 497 in
1658 443 1946 514 prosperis
1973 459 2090 497 non
2196 446 2352 513 potes
2370 437 2430 494 ⁷⁸.
2478 441 2533 496 Si
2578 445 2774 494 autem
2818 455 2911 493 eos
2937 439 3137 494 sectari
3179 456 3297 494 non
3326 443 3496 511 potes,
3526 443 3773 501 collartare

467 546 570 610 est,
619 540 863 612 gloriam
894 539 961 594 de
1007 537 1330 592 humilitate
1362 536 1747 607 consequitur.
1785 537 1847 590 Et
1892 536 1987 607 qui
2023 535 2093 589 ad
2193 540 2344 589 certe
2398 539 2456 589 et
2513 534 2980 605 congratulare"9
3041 533 3390 590 melioribus.
3444 534 3540 589 Fac
3587 541 3639 591 te
3684 538 3776 594 illis

465 649 789 707 pauperum
837 630 1214 686 fovendorum
1261 627 1711 685 misericordiam
1740 645 1955 700 pronus
1985 632 2090 697 est,
2192 629 2440 684 adunata
2494 627 2797 683 dilectione
2850 627 3216 700 participem,
3285 627 3372 682 fac
3434 632 3487 683 te
3530 632 3777 687 consortio

464 727 896 783 retributionem
932 725 1179 780 thesauri
1230 723 1469 779 caelestis
1506 722 1853 795 adipiscitur.
1902 724 1968 778 Et
1994 721 2091 793 qui
2195 721 2485 777 charitatis
2516 724 2573 775 et
2614 721 2986 777 fraternitatis
3013 721 3240 776 vinculo
3283 721 3641 778 cohaerentem
3663 724 3778 797 (39).

465 822 646 878 zelare
678 838 791 875 non
835 819 1013 886 novit,
1064 818 1299 895 quique,
1352 817 1641 872 unanimis
1671 819 1727 871 et
1775 816 1948 883 mitis,
1976 816 2090 870 fra-
2194 815 2572 870 Dimittentur
2602 814 2705 869 tibi
2735 813 2916 886 651
2954 814 3145 870 debita
3170 815 3400 887 quando
3423 821 3477 870 et
3502 816 3611 887 ipse
3639 817 3779 873 dimi-

465 919 579 971 tres
607 913 798 987 650
826 930 958 969 suos
997 911 1203 983 diligit,
1239 911 1556 967 dilectionis
1586 916 1643 965 et
1671 909 1826 980 pacis
1854 909 2093 982 praemio
2194 909 2371 977 seris;
2423 908 2778 980 accipientur
2818 907 3091 963 sacriﬁcia
3143 913 3240 963 tua
3279 924 3409 963 cum
3444 909 3688 980 paciﬁcus
3721 911 3779 967 ad

466 1010 803 1065 honoratur.
852 1009 913 1061 In
962 1007 1071 1061 hoc
1115 1005 1391 1060 virtutum
1422 1003 1602 1060 stadio
1635 1004 1894 1075 quotidie
1920 1003 2096 1058 curri-
2196 1005 2371 1059 Deum
2416 1002 2683 1057 veneris:
2740 1018 2933 1058 sensus
3001 1006 3173 1075 atque
3221 1005 3380 1057 actus
3420 1003 3500 1058 tui
3549 1003 3782 1061 divinitus

467 1120 615 1170 mus,
642 1102 711 1157 ad
744 1101 847 1156 has
880 1100 1122 1171 justitiae
1177 1099 1390 1170 palmas
1420 1102 1474 1152 et
1503 1114 1744 1153 coronas
1772 1096 1894 1152 sine
1925 1097 2096 1152 inter—
2195 1098 2535 1168 dirigentur,
2593 1096 2819 1168 quando
2866 1113 2937 1151 ea
2970 1112 3099 1169 quas
3152 1096 3347 1153 divina
3390 1103 3447 1152 et
3493 1097 3630 1168 iusta
3672 1101 3783 1154 sunt

468 1194 741 1251 missione
773 1193 1047 1265 temporis
1075 1192 1461 1264 pervenimus.
2196 1190 2564 1263 cogitaveris,
2616 1190 2762 1245 sicut
2808 1190 3085 1261 scriptum
3137 1194 3224 1246 est
3268 1207 3282 1245 :
3329 1193 3431 1249 Cor
3474 1187 3581 1246 viri
3618 1195 3785 1262 cogitet

538 1291 688 1344 XVII.
718 1287 804 1342 Ad
850 1304 987 1359 quas
1012 1291 1074 1341 ut
1118 1285 1418 1357 pervenire
1468 1288 1526 1339 tu
1553 1285 1729 1339 etiam
1761 1285 1961 1356 possis,
1997 1283 2095 1356 qui
2186 1287 2366 1355 justa,
2396 1291 2457 1340 ut
2512 1302 2544 1338 ιι
2572 1287 2799 1340 Domino
2846 1285 3166 1355 dirigantur
3211 1300 3420 1356 gressus
3458 1284 3564 1355 eius
3610 1286 3781 1358 (Prom,

468 1385 660 1440 fueras
689 1382 808 1436 zelo
840 1384 897 1435 et
938 1380 1111 1434 livore
1157 1396 1466 1451 possessus,
1514 1394 1744 1433 omnem
1769 1378 1941 1440 ,illam
1970 1395 2093 1434 ma-
2194 1395 2306 1445 XVI,
2332 1377 2408 1448 9).

467 1478 651 1534 litiam
686 1492 797 1547 qua
844 1474 1001 1546 prius
1034 1472 1316 1528 tenebaris
1342 1473 1523 1543 abjica
1557 1472 1621 1540 ⁷⁸,
1668 1473 1737 1527 ad
1783 1472 1933 1527 viam
1970 1472 2096 1527 vitm
2267 1472 2448 1528 XVIII.
2476 1471 2656 1527 Habes
2676 1475 2869 1527 autem
2892 1472 3069 1527 multa
3088 1488 3214 1543 quae
3236 1471 3469 1543 cogites.
3492 1472 3784 1528 Paradisnm

468 1575 697 1627 aeterna:
733 1568 985 1640 vestigiis
1034 1558 1376 1622 Salutaribus
1417 1566 1755 1621 reformare.
1792 1567 1981 1622 Evelle
2023 1566 2094 1620 de
2197 1567 2403 1638 cogita,
2435 1582 2547 1637 quo
2592 1566 2731 1621 Cain
2768 1583 2884 1622 non
2926 1565 3248 1638 ingreditur
3292 1568 3424 1638 (40),
3452 1567 3547 1639 qui
3571 1567 3675 1622 zelo
3697 1567 3789 1624 fra-

466 1667 698 1737 pectore
746 1669 840 1717 tuo
880 1661 1072 1733 spinas
1123 1666 1179 1715 et
1222 1660 1480 1729 tribulos,
1534 1666 1595 1715 ut
1636 1665 1694 1715 te
1741 1661 2096 1715 Dominicum
2122 1735 2153 1737 _
2197 1663 2348 1714 trem
2403 1659 2655 1731 peremit
2704 1660 2885 1731 (Gen.,
2936 1660 3033 1730 1v).
3067 1660 3265 1732 Cogita
3302 1660 3525 1716 caeleste
3553 1678 3785 1732 regnum,

469 1735 666 1813 semen
715 1752 947 1812 fertili"6
987 1755 1152 1825 fruge
1197 1754 1526 1824 locupletet,
1575 1756 1636 1807 ut
1665 1753 1859 1808 divina
1887 1757 1944 1809 et
1980 1753 2092 1825 spi-
2119 1735 2272 1808 Bad
2320 1752 2474 1824 quod
2520 1770 2637 1808 non
2692 1754 2800 1808 nisi
2854 1754 3160 1809 concordes
3211 1756 3386 1826 atque
3443 1754 3720 1809 unanimes
3752 1753 3790 1789 ⁸ο

468 1851 651 1907 ritalis
696 1865 859 1922 sages
903 1848 962 1903 in
1008 1847 1226 1918 cepiam
1270 1846 1531 1902 fecundae
1577 1847 1775 1901 messis
1802 1847 2094 1902 exuberet.
2202 1848 2469 1902 Dominus
2515 1847 2785 1903 admittit.
2841 1846 3035 1921 652
3090 1847 3291 1920 Cogita
3319 1848 3471 1920 quod
3497 1848 3591 1902 ﬁlii
3632 1849 3720 1904 Dei
3742 1848 3791 1904 hi

467 1945 700 1999 Venena
744 1942 884 1998 fellis
924 1957 1147 2009 evome,
1194 1940 1600 1995 discordiarum
1643 1940 1797 1995 virus
1842 1940 2095 2009 exclude,
2198 1938 2301 1993 soli
2347 1938 2565 2010 possint
2607 1938 2794 1993 vocari
2843 1940 2941 2010 qui
2985 1939 3102 1993 sint
3145 1938 3389 2010 paciﬁci,
3418 1939 3515 2010 qui
3540 1938 3790 1993 nativitate

466 2041 749 2110 purgetur
789 2052 953 2090 mens
999 2050 1169 2106 quam
1214 2034 1574 2105 serpentinus
1618 2033 1762 2089 livor
1802 2034 2096 2102 infecerat,
2197 2032 2411 2087 caelesti
2436 2037 2491 2088 et
2512 2033 2637 2104 lege
2665 2032 2855 2086 divina
2873 2029 2914 2067 ⁸¹
2948 2032 3021 2087 ad
3048 2032 3488 2087 similitudinem
3514 2033 3610 2087 Dei
3642 2033 3793 2087 Patris

468 2129 791 2187 amaritudo
821 2128 1005 2183 omnis
1046 2143 1174 2199 quae
1201 2128 1355 2181 intus
1394 2127 1679 2182 insederat
1719 2127 1926 2182 Christi
1969 2127 2095 2181 dul-
2197 2132 2256 2180 et
2287 2125 2493 2181 Christi
2542 2125 2928 2196 respondeant
2973 2126 3227 2181 adunati.
3278 2126 3483 2198 Cogita
3515 2125 3614 2180 sub
3647 2124 3794 2180 oculis

468 2224 668 2281 cedine
698 2224 960 2278 leniatur.
993 2221 1049 2278 Si
1091 2221 1161 2276 de
1193 2226 1548 2276 sacramento
1598 2220 1777 2275 crucis
1822 2224 1880 2274 et
1909 2221 2098 2275 cibum
2199 2221 2301 2275 Dei
2332 2237 2436 2274 nos
2464 2225 2632 2290 stare,
2662 2223 2953 2291 spectante
2981 2236 3046 2275 ac
3055 2220 3357 2291 judicante
3384 2220 3508 2291 ipso
3536 2236 3791 2275 conversa—

469 2318 643 2374 sumis
660 2322 717 2372 et
743 2321 964 2388 potum,
991 2315 1211 2386 lignum
1236 2313 1391 2385 quod
1422 2315 1573 2385 apud
1605 2311 1961 2369 merrham"
1987 2314 2097 2384 (37)
2200 2314 2371 2369 tionis
2395 2330 2459 2368 ac
2479 2313 2608 2369 vitm
2635 2316 2844 2368 nostras
2869 2313 3150 2369 curricula
3175 2315 3502 2382 decurrere,
3528 2313 3796 2386 pervenire

467 2412 707 2486 profecit
732 2412 789 2465 in
821 2410 1092 2481 imagine,
1136 2409 1207 2462 ad
1235 2408 1452 2479 saporis
1499 2408 1860 2463 dulcedinem
1912 2408 2013 2463 tibi
2039 2408 2099 2462 in
2201 2426 2301 2464 nos
2328 2414 2465 2463 tunc
2493 2408 2729 2463 demum
2759 2424 2924 2480 posse
2952 2411 3017 2462 ut
3047 2424 3176 2463 eum
3217 2408 3417 2463 videre
3447 2408 3735 2479 contingat,
3758 2406 3795 2461 si

467 2507 706 2561 veritate
757 2505 1019 2576 proﬁciat
1060 2503 1133 2558 ad
1174 2502 1459 2557 mulcendi
1502 2502 1748 2573 pectoris
1778 2504 2094 2569 lenitatem,
2199 2503 2386 2574 ipsum
2417 2518 2568 2557 nunc
2589 2501 2878 2557 videntem
2906 2501 3253 2557 delectemus
3278 2502 3499 2557 actibus
3528 2501 3732 2569 nostris,
3758 2501 3797 2554 si

469 2617 574 2656 nec
595 2600 667 2655 ad
691 2599 971 2653 medelam
992 2597 1398 2669 prosperandm
1424 2596 1763 2651 valetudinis
1790 2597 2092 2652 laborabis.
2201 2614 2303 2655 nos
2329 2596 2530 2668 dignos
2563 2595 2753 2667 gratia
2780 2596 2906 2667 ejus
2953 2593 3061 2668 (tt)
3109 2600 3166 2651 et
3191 2595 3557 2668 indulgentia
3583 2595 3797 2667 praebea-

467 2695 627 2753 Unde
656 2695 981 2748 vulneratus
1006 2692 1217 2756 fueras,
1246 2691 1377 2745 inde
1402 2707 1621 2745 curare.
1655 2693 1801 2746 Ama
1835 2708 1927 2747 eos
1957 2707 2098 2762 quos
2200 2707 2348 2757 mus,
2380 2691 2425 2744 si
2481 2688 2746 2760 placituri
2785 2706 3015 2762 semper
3048 2690 3107 2744 in
3136 2705 3346 2762 regno,
3396 2689 3456 2745 in
3484 2690 3586 2746 hoc
3610 2688 3796 2745 mundo

469 2793 601 2846 ante
628 2787 845 2853 oderas,
873 2785 1047 2858 dilige
1076 2785 1200 2840 illos
1240 2784 1446 2856 quibus
1477 2784 1700 2856 injustis
1727 2785 2097 2863 obtrectatio-~
2198 2791 2331 2840 ante
2348 2784 2698 2857 placeamus.

1846 2927 2058 2993 Variae
2100 2928 2438 2994 lectiones.

529 3057 571 3095 ⁷4
601 3058 938 3110 Futurorum
958 3056 1233 3107 bonorum
1269 3054 1399 3107 Bod.
1424 3055 1478 3115 2,
1508 3056 1554 3106 3.
1622 3053 1665 3088 ⁷⁵
1697 3054 2032 3107 Tenebraris
2058 3056 2219 3121 abige
2267 3055 2396 3106 Bod.
2424 3056 2472 3107 2.
2541 3053 2583 3089 ⁷ο
2609 3054 2814 3109 Semen
2840 3057 3011 3109 feraci
3037 3055 3164 3107 Bod.
3193 3056 3240 3106 1.
3310 3054 3358 3090 ⁷⁷
3401 3054 3563 3122 Apud
3590 3065 3797 3105 marram

479 3130 592 3181 Ver.
623 3130 770 3178 Mare
814 3128 972 3177 Oxon.
1040 3124 1083 3159 ⁷⁸
1118 3125 1216 3175 Sic
1246 3126 1444 3175 sectari
1482 3137 1593 3174 non
1632 3129 1791 3189 potes
1834 3127 1954 3175 Bod.
2001 3128 2047 3187 1,
2091 3128 2139 3187 2,
2177 3127 2228 3188 3,
2275 3129 2316 3177 1.
2375 3128 2487 3177 Ver.
2557 3128 2599 3161 ⁷³
2634 3128 2937 3181 Gratulare
2987 3128 3125 3179 Voss.
3164 3131 3213 3180 1.
3258 3126 3653 3194 Congratulare
3691 3126 3795 3186 Imp.

480 3202 524 3240 ⁸ο
542 3203 660 3253 Nisi
687 3200 983 3251 unanimes
1005 3198 1120 3247 Lin.
1187 3196 1225 3231 ⁸³
1253 3197 1553 3247 Nativitate
1580 3200 1636 3246 et
1663 3196 1785 3260 lege
1807 3198 1898 3247 Ar.
1924 3197 2050 3248 Lam

1687 3209 1785 3260 ege
1807 3198 1898 3247 Ar.
1924 3197 2070 3248 Lam.
2101 3197 2252 3249 Ebor.
2274 3197 2382 3250 ΝΟ.
2411 3199 2456 3250 1.
2495 3199 2630 3250 Voss.
2656 3201 2704 3262 1,
2734 3199 2784 3249 2.
2814 3200 2955 3250 Bod.
2986 3202 3033 3262 1,
3056 3199 3104 3262 2,
3137 3201 3187 3262 3,
3218 3201 3266 3250 4.

1767 3324 1993 3408 Steph.
2036 3326 2282 3392 Baluzii
2329 3333 2527 3393 notas.

534 3450 635 3512 (37)
685 3446 971 3499 Merrham.
1020 3446 1103 3496 Ita
1158 3445 1364 3498 habent
1414 3450 1654 3512 quatuor
1704 3447 1828 3498 libri
1887 3453 2177 3553 veteresC
2266 3467 2293 3497 α
2333 3452 2480 3504 Inter
2510 3452 2744 3504 clericos
2777 3454 2988 3503 sectare
3021 3452 3297 3503 meliores.
3326 3470 3356 3498 »
3401 3452 3557 3504 Fecit
3598 3444 3798 3513 Cypria-

534 3521 659 3553 Αἰτηὸ
730 3520 890 3553 aliam
936 3518 1276 3553 Vornnanaic
1346 3517 1438 3553 εἴη
1489 3522 1652 3553 otium
1708 3522 1969 3553 cru-inium
2019 3527 2099 3553 na!
2201 3534 2307 3553 nnc
2346 3523 2493 3553 num-1
2550 3523 2815 3553 munit.an
2877 3525 3056 3553 Dnnna
3103 3537 3324 3553 namnam
3371 3521 3679 3553 imitohnlnr
3724 3516 3798 3553 ςίη

470 3521 682 3586 optimi,
730 3520 894 3570 etiam
936 3518 1292 3568 Veronensis.
1346 3517 1439 3570 Sic
1489 3522 1655 3570 etiam
1707 3522 1973 3584 scriptum
2019 3516 2310 3574 estunus
2346 3523 2496 3586 quod
2549 3523 2835 3575 suadebat.
2877 3525 3058 3574 Bonos
3102 3537 3324 3587 semper
3371 3521 3691 3573 imitabatur.
3724 3516 3799 3587 Sic

468 3585 529 3645 in
578 3594 835 3644 versione
871 3591 1022 3642 LXX
1070 3592 1457 3656 Interpretum,
1491 3592 1637 3656 apud
1677 3592 1972 3656 Origenem
2000 3594 2102 3646 ho—
2204 3585 2373 3643 enim'
2401 3594 2599 3646 scribit
2656 3596 2885 3645 Pontius
2927 3595 3195 3646 diaconus
3224 3585 3287 3645 in
3333 3596 3462 3645 Vita
3505 3595 3652 3657 ejus:
3685 3605 3711 3637 (ι
3744 3585 3799 3635 Εἰ

466 3665 623 3717 milia
665 3666 693 3713 7
742 3664 801 3713 in
837 3663 1111 3723 Exodum;
1156 3662 1302 3726 apud
1351 3667 1607 3714 sanctum
1661 3663 1932 3728 Cyrillum
1977 3668 2102 3717 Ale-
2202 3665 2284 3715 sic
2340 3678 2439 3729 per
2492 3666 2768 3718 bonorum
2816 3667 3067 3717 omnium
3119 3667 3458 3718 documenta
3517 3665 3798 3719 decurrens,

467 3737 824 3798 xandrinum,
852 3734 946 3785 lib.
978 3748 1013 3785 v
1039 3735 1101 3783 de
1128 3735 1449 3785 Adoratione
1477 3734 1531 3784 in
1550 3736 1745 3799 spiritu
1771 3742 1816 3784 et
1845 3738 2102 3802 veritate;
2203 3735 2336 3785 dum
2369 3738 2628 3789 meliores
2673 3751 2893 3802 semper
2936 3739 3198 3798 imitatur,
3231 3739 3401 3790 etiam
3437 3738 3555 3801 ipse
3603 3748 3657 3785 se
3692 3730 3800 3781 fecit

469 3808 616 3873 apud
647 3810 902 3857 sanctum
934 3805 1309 3865 Ambrosium,
1338 3820 1459 3869 cap.
1484 3806 1517 3853 5
1540 3807 1602 3853 de
1619 3808 1945 3857 Institutione
1984 3809 2102 3858 Vir-
2203 3807 2555 3857 imitandum.
2583 3825 2611 3856 »
2658 3809 2964 3869 Ennodius,
2995 3809 3092 3859 lib.
3118 3822 3177 3867 ν,
3218 3810 3380 3873 epist.
3420 3808 3486 3859 20
3515 3823 3527 3856 :
3563 3824 3590 3852 «
3627 3805 3799 3854 Totum

469 3880 625 3943 ginis,
654 3882 707 3929 et
746 3877 893 3941 apud
935 3880 1189 3926 sanctum
1230 3878 1629 3941 Augustinum,
1662 3878 1757 3928 lib.
1801 3892 1860 3939 ιι,
1889 3880 2096 3942 Quaest.
2204 3882 2257 3929 te
2286 3880 2473 3929 studia
2497 3880 2731 3931 honesta
2770 3880 3093 3944 suscipiant.
3126 3880 3350 3931 Festina
3380 3885 3443 3929 ut
3492 3878 3559 3928 ad
3596 3885 3799 3926 messem

467 3953 531 4001 55
589 3952 643 3998 in
694 3949 954 3998 Exortum.
1005 3948 1077 3997 Et
1128 3949 1208 3997 sic
1251 3950 1478 3998 omnino
1529 3948 1887 3998 scribendum
1950 3957 2102 4002 recte
2201 3950 2437 4012 patriam
2488 3952 2696 4012 venias,
2750 3952 2997 4016 linguam
3056 3952 3314 4002 lectionis
3364 3950 3602 4010 sarculo,
3650 3955 3802 3996 mores

470 4020 711 4073 ostendit
736 4019 1049 4070 Cotelerius
1078 4018 1147 4068 ad
1180 4018 1384 4068 librum
1408 4032 1485 4078 v1,
1514 4032 1634 4082 cap.
1670 4022 1727 4070 19
1758 4022 2103 4072 Constitutio—
2201 4021 2477 4072 bonorum
2519 4024 2833 4074 imitatione
2875 4022 3184 4088 purgando.
3225 4042 3251 4069 ››
3316 4023 3604 4083 Horatius,
3649 4016 3732 4068 lib.
3770 4026 3800 4075 i,

468 4106 589 4143 num
644 4090 1083 4155 Apostolicaprum.
1143 4088 1283 4139 Vide
1357 4090 1522 4139 etiam
1590 4095 1749 4141 notas
1810 4092 2102 4145 Frontonis
2203 4095 2362 4158 epist.
2404 4096 2499 4145 i8:
2875 4083 2923 4097 “’

468 4165 662 4216 Ducaai
706 4163 777 4213 ad
814 4175 1000 4226 poema
1063 4171 1185 4211 xvn
1233 4161 1412 4211 sancti
1459 4161 1693 4213 Paulini.
1743 4163 1997 4228 Ruﬁnus,
2044 4168 2101 4216 in

469 4209 1183 4297 ἱεῖιῑῖχίέςίϊάίωγπιίαί
1215 4209 1300 4282 est
1335 4209 1997 4297 uesaniaeasa:
2031 4209 2100 4288 ag
2296 4212 2435 4297 Later
2461 4211 2620 4297 1139M
2647 4211 2790 4297 ιθεεε
2816 4214 2868 4297 et
2890 4209 3544 4297 ρεξτφυςιξὼεξῖεείάξκιίοξν

471 4280 838 4373 agisagis
859 4280 1308 4369 mitigabant,
1328 4280 1391 4353 si
1408 4280 1931 4370 agamagam
1945 4280 2102 4374 52.11.;
2294 4282 2402 4340 0³⁸
2427 4282 2629 4333 ratione
2658 4296 2817 4346 ίίυθειε
2844 4283 3117 4333 traducere
3143 4280 3333 4332 ιεήίίεν
3359 4295 3532 4332 mum

467 4391 701 4430 vermeS-
732 4392 762 4424 »
2265 4381 2492 4431 Tacitus
2528 4379 2716 4430 laudat
2752 4380 3069 4444 Agricolam
3105 4380 3258 4445 quod
3291 4380 3541 4431 studeret
3572 4377 3748 4427 discere
3768 4385 3798 4421 a

530 4447 630 4511 (38)
680 4448 850 4497 Bonos
896 4445 1124 4493 imitare.
1178 4446 1380 4495 Notum
1427 4445 1608 4496 illud:
1655 4466 1683 4493 «
1731 4448 1814 4499 Tu
1858 4450 2100 4501 vivendo
2198 4452 2402 4512 peritis,
2428 4453 2578 4515 sequi
2603 4452 2839 4514 optimos.

468 4521 678 4582 bonos,
740 4516 1039 4569 scribendo
1104 4530 1338 4582 sequare
1403 4520 1625 4583 peritos.
1689 4538 1715 4565 ››
1772 4521 2101 4575 Ambrosius
2265 4521 2358 4583 (39)
2425 4514 2796 4572 Coharentem.
2850 4523 2987 4573 Haec
3043 4522 3379 4583 emendatio,
3428 4535 3594 4586 quam
3639 4514 3796 4568 inveni

465 4593 560 4644 lib.
620 4606 657 4643 ιι
707 4589 959 4653 Ofﬁcior.,
993 4603 1111 4652 cap.
1158 4590 1259 4638 20:
1313 4606 1340 4634 α
1390 4591 1692 4639 Plurimum
1741 4593 1928 4657 itaque
1979 4610 2101 4659 pro—
2202 4591 2258 4641 in
2311 4592 2487 4643 tribus
2530 4595 2773 4657 antiquis
2818 4592 3114 4644 codicibus
3154 4594 3302 4644 etin
3350 4593 3596 4657 antiquis
3636 4587 3796 4639 editio-

467 4666 592 4716 dest
618 4663 929 4725 unicuique
962 4659 1124 4710 bonis
1159 4661 1337 4724 jungi.
1371 4661 1837 4714 Adolescentibus
1873 4679 2099 4729 quoque
2199 4663 2385 4726 nibus,
2448 4665 2585 4714 mihi
2633 4665 2853 4715 videtur
2903 4669 3068 4715 certa.
3117 4664 3190 4715 Et
3236 4669 3429 4715 tamen
3477 4675 3662 4713 omnes
3702 4660 3796 4709 fere

467 4737 603 4787 utile
628 4732 690 4784 ut
726 4734 906 4783 claros
942 4736 998 4781 et
1039 4732 1320 4795 sapientes
1362 4732 1510 4782 viros
1546 4740 1869 4797 sequantur.
1903 4751 1930 4781 ››
1965 4735 2100 4787 Gre-
2200 4734 2325 4784 libri
2389 4740 2603 4788 veteres
2659 4736 2961 4800 praeferunt
3026 4735 3359 4786 cohaeredem.
3423 4736 3559 4786 Haec
3616 4732 3792 4781 discre-

468 4807 657 4873 gorius
703 4805 1087 4855 Nazianzenus
1141 4804 1195 4852 in
1246 4804 1489 4853 carmine
1534 4803 1607 4852 ad
1655 4804 1966 4855 Nicobulum
2020 4807 2169 4873 aitn
2201 4807 2382 4870 pantia
2433 4813 2549 4858 orta
2595 4806 2726 4857 hinc
2764 4809 2847 4857 est
2880 4807 3029 4871 quod
3076 4808 3131 4856 in
3173 4805 3418 4871 quodam
3450 4804 3624 4857 veteri
3657 4801 3793 4861 libro,

469 4849 759 4945 Brudentis
805 4878 860 4924 et
901 4873 1110 4924 cordati
1159 4874 1259 4923 viri
1296 4887 1419 4924 esse
1466 4888 1663 4937 magna
1711 4889 1969 4926 mensura
2012 4849 2256 4928 vi-Dut
2292 4877 2348 4926 in
2396 4877 2699 4937 Victorino,
2736 4849 3003 4942 scriptum
3041 4882 3154 4929 erat
3175 4849 3522 4930 cohaerentem
3562 4882 3615 4926 et
3650 4849 3794 4935 supra

469 4944 581 5006 tam
623 4961 780 4998 suam
830 4946 1033 5005 metiri,
1083 4949 1247 5009 atque
1292 4946 1359 4995 ad
1405 4946 1801 5019 excellentium
1848 4950 2093 4999 virorum
2194 4948 2397 4998 lineam
2422 4948 2502 4998 vel
2529 4949 2862 4999 colueredem.
2896 4950 2958 4999 Id
2994 4963 3142 5014 smpe
3172 4951 3432 5001 evenisse
3460 4951 3517 4998 in
3542 4944 3792 5008 exempla-

466 5022 833 5077 imitationem
878 5030 1005 5090 sese
1053 5031 1399 5081 componere.
1438 5017 1851 5080 Quintilianus,
1901 5019 1994 5069 lib.
2056 5032 2092 5079 ι,
2191 5022 2349 5072 ribus
2374 5025 2617 5088 antiquis
2649 5024 2894 5087 Operum
2919 5024 3097 5075 sancti
3124 5023 3387 5089 Cypriani
3409 5027 3521 5089 jam
3562 5022 3793 5072 observa-

469 5108 592 5157 oap.
640 5093 671 5142 ϐ
710 5105 720 5140 :
770 5107 798 5135 «
846 5089 992 5153 Ergo
1040 5090 1509 5139 consuetudinem
1566 5092 1836 5140 sermonis
1885 5090 2095 5141 vocabo
2194 5098 2311 5144 tum
2339 5109 2368 5144 a
2403 5096 2565 5145 nobis
2589 5100 2688 5145 est.

468 5174 800 5215 consensum
855 5159 1199 5232 eruditorum
1226 5197 1254 5232 ,Α
1296 5159 1445 5209 sicut
1496 5160 1716 5211 vivendi
1760 5175 2093 5212 consensum
2258 5166 2351 5228 (40)
2397 5167 2530 5217 Cain
2575 5181 2680 5216 non
2723 5166 3039 5232 ingreditur.
3087 5168 3246 5218 Hanc
3290 5167 3605 5225 lectionem,
3646 5171 3791 5226 quam

466 5235 761 5285 bonorum.
799 5251 826 5277 »
878 5231 1213 5303 Lactantius,
1242 5229 1337 5291 1.1,
1368 5243 1413 5303 c.
1453 5233 1468 5280 l
1504 5247 1515 5280 :
1554 5249 1583 5275 «
1627 5232 1903 5293 Quoniam
1952 5234 2095 5285 bene
2194 5238 2402 5289 habent
2459 5244 2567 5288 tres
2625 5238 2751 5288 libri
2782 5229 2799 5232 ἡ
2825 5242 3071 5299 veteres,
3130 5244 3264 5303 puto
3329 5252 3457 5290 esse
3518 5237 3790 5300 optimam;

468 5305 650 5357 dicere
694 5304 1021 5375 adipaucos
1068 5300 1327 5375 pertinet,
1375 5300 1517 5375 bene
1562 5308 1749 5375 autem
1797 5306 1982 5355 vivere
2026 5306 2096 5355 ad
2196 5310 2361 5360 aliam
2415 5324 2562 5371 vero,
2609 5325 2731 5375 quas
2776 5310 2943 5361 habet
2990 5300 3147 5371 redit,
3192 5311 3406 5361 falsam.
3458 5309 3592 5361 Cain
3646 5305 3790 5375 enim,

469 5390 678 5427 omnes.
712 5394 738 5419 »
782 5373 1061 5433 Ruricius,
1104 5373 1201 5422 lib.
1248 5384 1303 5447 u,
1336 5373 1492 5435 epist.
1529 5376 1559 5424 4
1589 5388 1601 5422 :
1647 5392 1674 5417 «
1719 5374 1875 5425 Sicut
1912 5376 2097 5425 vivere
2197 5383 2290 5446 qui
2321 5385 2483 5432 natus
2512 5386 2593 5432 est
2622 5373 2916 5447 postquam
2948 5386 3205 5445 parentes
3245 5384 3363 5446 ejus
3398 5380 3559 5444 ejecti
3600 5374 3794 5428 fuerant

467 5461 765 5503 commune
810 5451 895 5498 est
942 5448 1211 5506 omnium,
1266 5446 1404 5497 bene
1449 5460 1581 5498 vero
1624 5450 1811 5500 vivere
1857 5453 1912 5499 et
1952 5449 2095 5500 bene
2196 5466 2226 5503 e
2272 5452 2543 5516 paradiso,
2588 5467 2698 5502 non
2743 5457 2927 5516 potest
2971 5452 3080 5504 dici
3121 5465 3234 5503 non
3277 5452 3509 5501 rediisse
3554 5451 3610 5499 in
3656 5457 3791 5510 para-

467 5519 801 5573 descendere
850 5517 918 5591 d_e
971 5517 1234 5591 hacvita
1270 5532 1588 5591 paucorum
1629 5524 1726 5569 est.
1784 5539 1811 5566 »
1861 5520 2089 5583 Seneca,
2196 5523 2401 5577 disum.
2449 5537 2579 5573 cum
2624 5525 2679 5575 in
2736 5525 2832 5575 illo
2891 5537 3182 5588 nunquam
3235 5524 3421 5575 fuerit.
3470 5523 3656 5585 Itaque
3697 5526 3791 5591 nqﬂ

469 5591 625 5655 epist.
675 5591 743 5638 7:
792 5608 817 5631 α
862 5588 1002 5638 Cum
1050 5586 1140 5636 his
1175 5586 1394 5638 versare
1431 5590 1527 5654 qui
1573 5594 1626 5641 te
1655 5591 1941 5643 meliorem
1985 5593 2096 5644 fac-
2195 5592 2441 5644 dubitavi
2491 5595 2624 5659 quin
2690 5596 2856 5646 lectio
2913 5584 3112 5646 horum
3166 5595 3430 5645 librorum
3485 5584 3793 5656 przeferenda

465 5663 575 5714 turi
614 5665 759 5710 sunt.
810 5676 839 5707 »
888 5658 1280 5722 Symmachus,
1320 5659 1416 5709 lib.
1462 5674 1517 5722 v,
1564 5663 1718 5725 epist.
1760 5662 1822 5714 6t
1858 5679 1871 5712 :
1913 5680 1942 5713 «
1987 5664 2096 5715 Ma—
2193 5667 2282 5716 sit.

466 5734 680 5786 ximam
734 5732 953 5803 lucrum
1011 5734 1094 5780 est
1145 5743 1397 5795 quarrere
1452 5732 1877 5785 familiaritatem
1922 5735 2094 5786 bono-
2256 5738 2358 5799 (ιι)
2385 5738 2575 5789 Gratia
2597 5740 2727 5803 ejus.
2761 5739 2842 5790 Ita
2868 5739 3030 5790 multi
3058 5739 3185 5792 libri
3210 5741 3439 5793 veteres.
3468 5737 3576 5790 Alii
3609 5733 3792 5787 habent

464 5818 607 5860 rum.
662 5823 690 5852 »
747 5802 1158 5868 Hieronymus,
1222 5803 1280 5853 in
1334 5803 1583 5870 Epistola
1640 5806 1712 5858 ad
1773 5808 2035 5860 Rusticum
2074 5823 2095 5858 :
2195 5808 2392 5861 Gratim
2421 5809 2536 5874 ejus
2558 5814 2605 5861 et
2628 5809 2994 5876 indulgentia.
