3998 6194
185 196 272 252 6η
1273 190 1360 246 AD
1399 190 1852 248 FORTUNATUM
1889 192 1974 247 DE
2011 188 2376 249 MABTYRIO.
3405 200 3508 254 6'78

792 511 1503 620 EPISTOLA
1592 512 1781 618 AD
1872 473 2866 624 FORTUNATUM

1152 724 1253 784 DE
1296 722 1893 785 EXHORTATIONE
1936 724 2358 786 MARTYRII‘
2408 725 2496 805 (1)

1529 1105 2131 1198 PBHEFATIO

1712 1311 1962 1322 ..-ηιμ-...ι-

234 1457 269 1510 l.
314 1455 683 1522 Desiderasti,
744 1456 1050 1510 Fortunate
1097 1451 1452 1519 charissima,
1507 1457 1585 1517 ut,
1642 1468 1773 1523 quo-
1798 1451 2247 1535 Acoustitutum
2297 1453 2567 1507 adversus
2596 1454 2806 1508 diaboli
2852 1455 2963 1510 tela
2998 1459 3056 1510 et
3076 1455 3266 1526 jacula
3312 1454 3512 1510 exhor-

173 1550 309 1604 niam
338 1549 796 1621 persecutionum
823 1554 881 1602 et
902 1559 1298 1618 pressurarnm
1322 1545 1543 1616 pondus
1564 1545 1778 1599 incum-
1880 1546 2192 1599 tationibus
2256 1545 2496 1601 assiduis
2555 1564 2940 1619 praeparemus
2959 1551 2979 1584 ⁴
3002 1550 3029 1604 ‘I
3086 1551 3278 1619 Neque
3352 1548 3509 1602 enim

170 1643 257 1711 bit,
305 1646 362 1697 et
398 1642 459 1697 in
507 1644 618 1697 tine
667 1646 837 1714 atque
886 1641 946 1695 in
988 1638 1521 1695 consummatione”
1575 1638 1777 1692 mundi
1878 1638 2117 1693 idoneus
2145 1642 2328 1710 potest
2372 1657 2491 1695 esse
2523 1642 2687 1696 miles
2723 1642 2792 1696 ad
2834 1642 3047 1699 bellum
3078 1644 3176 1715 qui
3204 1660 3321 1699 non
3351 1662 3509 1701 exer-

169 1737 474 1791 Antichristi
510 1741 735 1808 tempus
778 1735 1053 1790 infestum
1078 1733 1538 1805 appropinquare
1558 1732 1680 1802 jam
1706 1731 1775 1802 (2)
1879 1732 2085 1787 citatus
2125 1734 2283 1804 prius
2327 1735 2386 1788 in
2429 1751 2629 1805 campo
2674 1736 2867 1806 fuerit,
2916 1743 3016 1792 aut
3044 1739 3185 1809 quil5
3240 1742 3513 1810 agonisti-

170 1831 334 1901 cazpit,
360 1830 430 1884 ad
474 1830 883 1902 praeparandas
903 1829 926 1865 ³
956 1834 1013 1883 et
1041 1827 1499 1882 corroborandas
1525 1826 1772 1880 fratrum
1879 1842 2004 1881 cam
2033 1844 2306 1883 coronam
2335 1831 2540 1899 quaerit
2567 1829 2802 1901 adipisci
2834 1830 2892 1884 in
2922 1831 3102 1885 stadio
3123 1834 3509 1906 coronabitnr,

168 1930 367 1979 mentes
409 1924 483 1979 de
526 1924 731 1978 divinis
776 1922 1080 1993 Scripturis
1137 1921 1494 1976 hortamenta
1556 1935 1779 1990 compo-
1877 1920 1984 1975 nisi
2015 1938 2178 1976 usum
2218 1928 2276 1977 et
2311 1922 2577 1993 peritiam
2622 1923 2829 1978 virium
2878 1931 3012 1979 ante
3055 1926 3380 1983 meditetur.
3407 1930 3513 1984 Ada-

168 2034 364 2085 nerem,
399 2017 612 2089 quibus
659 2017 871 2072 milites
909 2016 1113 2073 Christi
1166 2015 1236 2069 ad
1270 2015 1491 2069 caeleste
1518 2020 1575 2068 et
1604 2013 1777 2084 spiri-
1878 2015 2157 2069 versarius
2200 2019 2363 2070 vetus
2412 2020 2499 2071 est
2542 2022 2600 2072 et
2647 2017 2827 2072 hostis
2870 2020 3139 2090 antiquus
3196 2038 3324 2075 cum
3390 2039 3507 2093 quo

168 2113 262 2167 tale
278 2115 567 2167 certamen
588 2112 925 2165 animarem.
957 2108 1483 2179 Obtemperandum
1506 2107 1613 2161 fuit
1628 2106 1777 2161 desi-
1880 2110 2142 2180 praelium
2185 2111 2437 2181 gerimus
2459 2112 2516 2178 ⁶;
2549 2127 2642 2165 sex
2680 2112 2858 2166 millia
2889 2129 3171 2168 annorum
3196 2115 3315 2185 jam
3358 2134 3509 2187 pene

169 2209 304 2263 derio
351 2215 448 2264 tuo
510 2213 625 2263 tam
697 2209 1029 2276 necessario,
1093 2213 1174 2273 ut,
1239 2209 1521 2277 quantum
1572 2204 1783 2259 sufﬁcit
1879 2203 2243 2274 complentur
2278 2221 2345 2258 ex
2391 2221 2505 2275 quo
2546 2205 2837 2259 hominem
2881 2206 3136 2261 diabolus
3181 2209 3505 2281 impugnat.

170 2304 519 2359 mediocritas
594 2309 789 2359 nostra
850 2302 1058 2357 auxilio
1128 2301 1335 2355 divinas
1395 2298 1781 2370 inspirationis
1880 2296 2088 2351 Omnia
2115 2314 2328 2369 genera
2354 2298 2610 2353 tentandi
2639 2304 2696 2353 et
2724 2302 2873 2353 artes
2907 2305 3076 2370 atque
3115 2300 3347 2358 insidias
3377 2305 3525 2375 dejih.

170 2395 440 2465 instructa,
473 2398 639 2469 quasi
669 2414 834 2451 arma
878 2413 942 2451 ac
968 2395 1325 2449 munimenta
1355 2394 1616 2465 quaedam
1647 2409 1782 2464 pug-
1881 2391 2066 2445 ciendi
2114 2407 2217 2445 usu
2269 2391 2392 2461 ipso
2442 2392 2731 2446 vetustatis
2774 2392 3023 2448 edidicit.
3071 2394 3131 2450 Si
3162 2395 3511 2467 imparatum

171 2493 361 2546 naturis
406 2492 679 2547 fratribus
734 2492 803 2546 de
849 2490 1141 2562 praeceptis
1192 2488 1496 2543 Dominicis
1558 2503 1783 2559 prome-
1881 2484 2166 2539 invenerit
2206 2484 2442 2539 militem
2470 2485 2541 2556 (2)
2572 2484 2803 2551 Christi,
2835 2486 2879 2540 si
2910 2487 3136 2555 rudem,
3167 2489 3211 2543 si
3244 2506 3361 2544 non
3394 2492 3508 2546 sol-

170 2589 363 2640 rentur.
418 2587 628 2641 Parum
674 2588 758 2639 est
796 2585 952 2640 enim
1000 2584 1151 2655 quod
1206 2582 1301 2639 Dei
1329 2582 1555 2654 plebem
1589 2579 1781 2654 653
1882 2577 2141 2632 licitum"
2192 2595 2257 2633 ac
2306 2585 2426 2633 toto
2490 2580 2663 2633 corde
2733 2579 3088 2650 vigilantem,
3140 2582 3515 2640 circumvenit

171 2679 372 2734 classico
432 2685 650 2734 nostrae
717 2679 861 2733 vocis
911 2678 1211 2749 erigimus,
1270 2677 1379 2730 nisi
1427 2675 1783 2729 credentium
1882 2672 2161 2741 nescium,
2214 2672 2360 2727 fallit
2397 2674 2716 2740 incautum,
2763 2673 2973 2745 decipit
3018 2670 3352 2747 imperitum
3380 2679 3423 2732 ⁸.
3454 2679 3513 2735 Si

171 2772 319 2828 fidem
345 2781 400 2828 et
443 2774 694 2828 dicatam
738 2774 853 2828 Deo
882 2771 1260 2842 devotamque
1290 2769 1555 2824 virtutem
1589 2768 1780 2823 divina
1807 2832 1852 2842 ﬁ
1883 2782 2016 2821 vero
2049 2766 2175 2837 quis
2209 2767 2500 2821 Dominica
2525 2770 2809 2838 praecepta
2839 2768 3170 2824 custodiens
3198 2774 3258 2825 et
3282 2770 3516 2828 fortiter

171 2866 387 2923 lectione
416 2867 743 2922 ﬁrmemus,
1165 2832 1185 2842 ⁸
1804 2832 1859 2903 Β
1884 2832 2107 2914 Christo
2136 2860 2432 2915 adherens
2452 2861 2473 2896 ⁸
2503 2832 2588 2931 (ξ)
2615 2832 2816 2916 contra
2831 2877 2968 2916 eum
2994 2865 3231 2933 steterit,
3254 2865 3515 2922 vincatur

231 2962 287 3015 Il.
323 2961 462 3025 Quid
500 2967 693 3015 autem
733 2960 925 3030 potius
951 2963 1053 3014 aut
1081 2959 1263 3029 majus
1306 2973 1460 3012 cura;
1488 2961 1692 3011 nostris
1721 2972 1786 3010 ac
1889 2969 2116 3009 necesse
2138 2957 2244 3021 est,
2268 2954 2405 3026 quia
2426 2954 2700 3023 Christus,
2723 2971 2897 3027 quem
2916 2956 3242 3029 confitetur,
3272 2959 3517 3033 invictus

173 3054 513 3111 sollicitudini
560 3055 843 3124 congruit,
887 3070 1067 3125 quam
1122 3059 1187 3107 ut
1225 3051 1594 3107 commissum
1626 3050 1788 3105 nobis
1888 3051 1991 3102 est.

175 3146 417 3204 divinitus
443 3150 731 3221 populum
754 3148 1065 3203 exercitum
1084 3153 1139 3203 et
1162 3147 1221 3202 in
1248 3146 1446 3201 castris
1464 3144 1786 3200 caelestibus
1962 3144 2052 3198 ill.
2083 3147 2179 3212 Ac,
2208 3160 2282 3198 ne
2309 3144 2368 3198 in
2398 3144 2638 3215 longum
2669 3160 2993 3201 sermonem
3025 3162 3217 3203 meum
3248 3148 3515 3205 extende-

1514 3269 1727 3334 Variaa
1793 3268 2131 3333 lectiones.

228 3382 335 3433 ‘De
352 3382 503 3435 bono
534 3384 806 3448 martyrii.
840 3384 982 3448 Lege
1014 3384 1068 3432 in
1115 3397 1273 3447 pace,
1299 3383 1463 3432 frater
1492 3379 1837 3439 charissima,
1856 3379 2057 3443 hisque
2100 3376 2445 3442 temporibus
2472 3382 2658 3430 nostra
2699 3384 2947 3445 tempora
2976 3382 3286 3445 conferens,
3315 3385 3519 3441 tacitus

173 3453 453 3516 ingemisce
479 3454 594 3505 ΝΟ.
630 3454 679 3503 2.
744 3454 848 3503 ’In
892 3454 1060 3505 finem
1088 3458 1142 3505 et
1186 3451 1720 3504 consummationem
1767 3452 1888 3501 Bod.
1933 3452 1978 3512 1,
2014 3453 2062 3501 4.
2130 3449 2151 3484 ³
2176 3449 2261 3500 Ad
2302 3452 2695 3514 prmparandas
2732 3452 2962 3503 fratrum
2998 3454 3130 3503 Voss.
3177 3455 3222 3504 l.
3290 3456 3312 3487 ⁴
3336 3454 3520 3516 Quam

174 3526 694 3584 cominissnm,etc.,
748 3537 1058 3588 praeparare
1101 3523 1250 3573 Ebor.
1274 3525 1417 3573 Lam.
1448 3521 1562 3571 Lin.
1596 3521 1704 3571 ΝΟ.
1767 3524 1896 3571 Voss.
1926 3526 1974 3583 t,
2004 3523 2057 3571 2.
2124 3526 2142 3556 ⁵
2193 3524 2305 3572 Aut
2349 3524 2474 3586 quis
2522 3522 2646 3571 Bod.
2682 3524 2725 3572 i.
2815 3526 2837 3556 ⁶
2866 3523 3083 3574 Bellum
3127 3524 3370 3589 gerimus
3403 3527 3517 3574 Lin.

178 3596 400 3656 gerimus
432 3596 545 3645 Bod
601 3598 643 3645 i.
719 3594 736 3627 ⁷
768 3594 825 3646 Si
856 3609 968 3645 non
994 3596 1232 3646 sollicito
1263 3599 1353 3645 Ar.
1385 3598 1521 3647 Lam.
1558 3593 1710 3644 Ebor.
1747 3596 1858 3643 Ver.
1886 3595 2042 3645 Voss.
2069 3594 2115 3645 3.
2180 3594 2202 3628 ⁸
2235 3594 2451 3657 Decipit
2497 3597 2828 3657 imparatum
2856 3595 3000 3645 Lam.
3026 3595 3134 3645 ΝΟ.
3166 3597 3210 3644 t.
3234 3594 3380 3644 Ebor.
3408 3596 3520 3647 ΜΒ.

169 3661 186 3696 ⁹
212 3665 401 3715 Christi
433 3666 687 3727 vestigiis
709 3665 997 3715 adhaerens
1026 3666 1181 3714 Οςτοη.

1450 3729 1675 3811 Steph.
1721 3729 1968 3791 Baluzii
2013 3734 2209 3791 notae.

223 3860 281 3917 (t)
309 3860 582 3924 Quamvis
631 3859 869 3910 dubitari
922 3874 1034 3910 non
1093 3863 1267 3924 possit
1322 3863 1459 3926 quin
1506 3862 1598 3913 hic
1648 3862 1789 3913 liber
1888 3862 2055 3925 hujus
2080 3861 2260 3923 operis
2292 3860 2624 3923 Cyprianici.
2678 3859 2839 3921 Quod
2866 3864 3051 3910 autem
3090 3859 3420 3911 Pearsonius
3465 3861 3522 3911 in

175 3929 234 3977 sit
260 3935 427 3983 sancti
461 3932 745 3996 Cypriani,
778 3933 869 3982 cui
914 3932 1246 3982 adscribitur
1288 3934 1342 3982 in
1389 3932 1649 3984 omnibus
1690 3947 1788 3983 an-

1889 3934 2184 3984 Annulibus
2248 3932 2582 3994 Cyprianicis
2632 3930 2917 3981 contendit
2986 3930 3126 3979 illud
3218 3944 3328 3980 non
3401 3944 3521 3982 esse

175 3999 321 4064 tiquis
374 4003 671 4054 codicibus
719 4007 772 4053 et
818 4001 1177 4095 editionibu‘s,
1220 4007 1379 4054 vetus
1417 4010 1603 4095 tamen
1638 4004 2171 4095 errorCCypriani,
2226 4003 2321 4052 sed
2372 4001 2612 4051 auctoris
2656 4001 2935 4095 C‘y‘pria‘no
2996 4001 3256 4062 junioris,
3310 4001 3520 4095 eimnon

176 4074 254 4095 ..κζ
312 4076 525 4095 ζ...υ...-ζι
602 4074 653 4095 ε..
736 4074 990 4095 -..Δι....-..,.
1077 4088 1102 4095 Α
1149 4076 1343 4095 ἕλικι-ειη..
1440 4076 1781 4095 ...ἐ-ι,1-...-...
1889 4088 2113 4095 ..-----_
2150 4074 2401 4095 -h-....l._:
2454 4086 2577 4095 ...ιν-ρ.
2625 4086 2697 4095 εει-ι
2750 4085 2805 4095 ηι-
2895 4084 3025 4095 Ann-
3062 4073 3301 4095 -ιηΙεΛ-ιηη
3330 4086 3356 4095 .-
3407 4079 3517 4095 Α..-ι

175 4074 256 4134 qui
312 4076 528 4138 irrepsit
601 4074 657 4122 in
735 4074 993 4137 antiquas
1073 4074 1346 4125 editiones
1416 4071 1864 4139 Epistolarum“l
1888 4088 2117 4139 possum
2149 4074 2426 4135 assentiri,
2451 4086 2582 4123 cum
2625 4072 2808 4122 nullas
2853 4071 3028 4121 bonas
3062 4073 3304 4122 rationes
3330 4071 3523 4124 aﬂ‘erat

175 4146 329 4193 sancti
376 4144 727 4207 Hieronymi,
780 4146 1051 4208 persuasit
1092 4145 1335 4195 Mariano
1394 4146 1657 4209 Victorio,
1727 4149 1790 4195 ut

175 4212 462 4266 observavit
512 4217 681 4266 etiam
731 4215 1018 4277 Baronius,
1072 4217 1230 4266 illum
1281 4231 1402 4267 esse
1449 4218 1627 4267 sancti
1682 4217 1790 4266 Hi-

174 4282 296 4345 larii,
321 4287 569 4349 episcopi
608 4287 989 4344 Pictaviensis,
1016 4291 1341 4350 argumento
1377 4288 1541 4338 etiam
1568 4292 1788 4351 sumpto

176 4365 233 4404 ex
258 4358 431 4419 stylo;
465 4371 599 4407 cum
628 4360 814 4408 tamen
854 4358 946 4406 alii
973 4358 1308 4408 contendant
1341 4359 1549 4421 styium
1589 4363 1788 4410 aucto-

176 4427 239 4475 ris
261 4429 416 4478 istius
465 4428 591 4478 libri
631 4442 939 4492 congruere
992 4442 1119 4478 cum
1173 4429 1317 4491 stylo
1355 4429 1635 4494 Cypriani,
1676 4443 1788 4479 non

175 4509 457 4562 congruere
536 4513 663 4550 cum
713 4500 856 4563 stylo
908 4500 1116 4549 Hilarii.
1174 4500 1403 4550 Pravam
1492 4502 1789 4551 lectionem

176 4580 285 4631 quae
340 4572 637 4633 irrepserat
696 4572 752 4619 in
807 4571 1086 4633 Epistolas
1159 4572 1483 4635 Hieronymi
1567 4573 1791 4621 sustulit

174 4638 435 4703 diligentia
464 4642 711 4691 virorum
747 4642 1177 4693 clarissimorum
1206 4643 1394 4693 domui
1427 4644 1571 4694 Petri
1610 4643 1788 4693 Cous-

177 4713 278 4759 tant
321 4719 371 4761 et
436 4714 625 4761 domni
700 4713 933 4762 Joannis
1017 4714 1338 4777 Martianay,
1389 4715 1790 4764 monachorum

176 4781 364 4832 ordinis
422 4785 598 4833 sancti
656 4782 961 4841 Benedicti,
1010 4785 1104 4847 qui
1155 4788 1428 4834 testantur
1493 4798 1678 4834 veram
1728 4799 1793 4834 ac

175 4857 452 4914 genuinam
510 4855 804 4904 lectionem
859 4868 986 4918 quae
1024 4857 1079 4904 in
1135 4870 1276 4906 nova
1326 4856 1567 4919 Operum
1612 4857 1791 4906 sancti

175 4921 483 4987 Hieronymi
536 4925 787 4976 editione
849 4925 1090 4977 habetur
1142 4932 1358 4977 exstare
1412 4929 1467 4976 in
1530 4928 1792 4977 omnibus

175 4995 446 5046 codicibus
492 4997 901 5059 manuscriptis,
936 4998 1093 5047 nullo
1137 5002 1385 5061 excepto.
1422 4998 1579 5048 Unde
1606 5003 1792 5048 autem

175 5070 312 5114 ortus
356 5070 425 5116 sit
490 5067 580 5117 hic
622 5081 771 5117 error
839 5067 1087 5117 divinare
1161 5073 1394 5118 conatus
1439 5074 1520 5118 est
1567 5070 1793 5123 Latinus

175 5132 424 5199 Latinius,
443 5144 497 5188 et
528 5143 662 5202 puto
714 5137 1007 5189 divinasse.
1051 5138 1307 5201 Conjecit
1358 5142 1505 5190 enim
1551 5143 1634 5191 vir
1659 5142 1794 5192 doc-

176 5206 404 5259 tissimus
434 5212 705 5273 scriptum
740 5210 911 5260 fuisse
946 5213 1000 5259 in
1049 5212 1296 5273 margine
1345 5211 1631 5275 cujusdam
1667 5212 1793 5261 libri

175 5278 238 5326 ad
279 5281 643 5339 Fortunatam,
688 5285 752 5331 ut
802 5281 923 5331 hac
975 5287 1107 5331 nota
1163 5282 1520 5345 responderet
1583 5284 1793 5332 nomini

176 5347 436 5414 Cypriani,
464 5352 633 5417 idque
663 5356 849 5417 postea
874 5353 928 5401 in
968 5357 1291 5403 contextum
1320 5357 1527 5404 temere
1556 5355 1791 5404 relatum

176 5426 350 5473 etnon
376 5437 481 5474 suo
509 5425 630 5475 loco
657 5426 920 5487 positum.
952 5424 1091 5474 Esse
1123 5430 1309 5475 autem
1352 5425 1612 5489 Cypriani
1653 5425 1788 5474 hinc

178 5492 344 5555 etiam,
374 5502 575 5559 praeter
602 5496 708 5545 alia
740 5500 1086 5559 argumenta,
1113 5496 1394 5558 probatur,
1426 5497 1579 5560 quod
1610 5498 1789 5545 Hinc-

177 5575 346 5615 marus
392 5568 848 5631 archiepiscopus
902 5568 1211 5626 Remensis,
1283 5573 1341 5617 ut
1418 5570 1471 5617 in
1547 5569 1795 5632 margine

1888 4160 1986 4209 pro
2029 4144 2325 4195 asserenda
2366 4146 2461 4194 illa
2510 4158 2610 4195 sua
2654 4145 2933 4208 opinione.
2972 4143 3168 4193 Falsus
3206 4148 3290 4195 est
3336 4147 3522 4195 autem

1892 4218 2169 4266 Pamelius
2221 4214 2472 4267 scribens
2522 4217 2757 4279 primam
2803 4215 2930 4266 libri
2986 4216 3151 4265 istius
3220 4216 3522 4265 editionem

1889 4286 2077 4337 deberi
2108 4286 2419 4338 Rembolto
2453 4286 2703 4337 Habetur
2727 4287 2876 4336 enim
2900 4288 2957 4335 in
2985 4287 3229 4337 editione
3256 4286 3520 4350 Spirensi,

1888 4361 1953 4406 ut
1998 4361 2147 4407 recte
2204 4362 2542 4408 monuerunt
2591 4356 2788 4420 Angli,
2842 4360 2896 4407 et
2951 4358 3006 4406 in
3057 4359 3229 4409 veteri
3294 4358 3518 4409 Veneta.

1890 4428 2237 4490 (Passum,
2273 4430 2456 4479 titulus
2500 4430 2595 4479 ista
2646 4435 2691 4477 et
2738 4441 2979 4490 sequens,
3038 4439 3326 4481 CAPITULA
3378 4442 3524 4479 LIBRI

1890 4510 2235 4571 SEQUENTIS,
2275 4500 2621 4550 desumuntur
2650 4513 2712 4549 ea:
2741 4501 2969 4571 editione
2995 4499 3301 4571 Oxoniensi,
3334 4501 3385 4548 in
3416 4513 3524 4571 qua

1892 4576 2073 4683 :ame‘n
2095 4570 2536 4696 gihil)reperitur
2566 4574 2618 4618 ut
2669 4570 2929 4619 undenam
2985 4570 3320 4631 accipiantur
3372 4571 3527 4618 inno-

1912 4648 2066 4684 esca.
2147 4647 2238 4683 nn.
2988 4662 2991 4663 ν

1912 4647 2066 4684 θεοαι.
2095 4647 2260 4684 δυο.)
2988 4662 2991 4663 '

1954 4706 2021 4766 (2)
2057 4706 2324 4767 Quamvis
2372 4718 2481 4752 non
2527 4702 2913 4753 constituerim
2967 4701 3197 4752 reddere
3254 4702 3522 4752 rationem

1891 4777 2142 4826 omnium
2194 4777 2558 4825 mutationum
2602 4789 2632 4824 a
2684 4788 2773 4824 me
2824 4774 3093 4823 factarum
3143 4774 3201 4823 in
3254 4774 3529 4837 Operibus

1893 4849 2074 4897 sancti
2117 4847 2398 4910 Cypriani,
2446 4846 2631 4908 putavi
2688 4849 2873 4895 tamen
2926 4844 3156 4895 reddere
3202 4859 3291 4895 me
3322 4846 3525 4903 debere

1893 4920 1949 4967 in
1978 4919 2084 4968 hoc
2114 4918 2256 4972 loco,
2306 4918 2434 4966 licet
2477 4930 2563 4967 res
2614 4918 2687 4965 sit
2729 4917 2914 4979 exigui
2964 4918 3250 4969 momenti.
3305 4930 3375 4969 ne
3402 4919 3527 4981 quis

1892 4993 2088 5053 putare
2140 4990 2312 5052 possit
2356 5000 2445 5037 me
2489 5001 2682 5038 vocem
2718 4989 2843 5051 jam
2891 4987 3077 5037 studio
3111 4987 3528 5041 contradicendi

1894 5064 2148 5126 posuisse
2192 5073 2289 5123 pro
2334 5072 2485 5107 nunc.
2517 5059 2646 5109 Feci
2694 5072 2825 5124 ergo
2866 5060 2997 5122 quia
3049 5070 3242 5108 omnes
3269 5058 3396 5108 libri
3430 5064 3529 5109 ve-

1896 5140 2039 5184 teres
2064 5137 2120 5182 et
2148 5143 2343 5182 omnes
2389 5136 2602 5181 veteres
2636 5130 2910 5181 editiones
2944 5130 3214 5182 exhibent
3251 5131 3397 5181 hanc
3422 5131 3531 5183 lec-

1896 5206 2121 5255 UODBUL

1955 5278 2044 5340 (2')
2086 5279 2414 5340 [inparatum
2447 5275 2689 5324 militum.
2738 5273 3030 5326 Petronius
3076 5288 3087 5322 :

1894 5363 2050 5399 ai'nia
2083 5361 2190 5398 non
2214 5346 2389 5396 habui.

3141 5275 3349 5325 Parata
3384 5274 3531 5324 miles

1814 5391 1871 5463 D
1896 5391 2593 5481 Christoﬁddimrens.
2645 5418 2777 5467 Hinc
2818 5417 2984 5467 lectio
3018 5423 3285 5468 constans
3340 5423 3423 5467 est
3476 5418 3528 5465 in

1896 5490 2158 5541 omnibus
2212 5490 2452 5553 antiquis
2502 5488 2843 5539 editionibus
2895 5492 2949 5539 et
2995 5490 3049 5538 in
3100 5489 3361 5537 omnibus
3389 5490 3530 5537 anti-

1896 5564 2023 5626 quis
2068 5562 2224 5611 libris
2260 5566 2370 5610 tam
2429 5562 2634 5611 nostris
2694 5574 2865 5624 quam
2931 5560 3277 5624 Anglicanis.
3350 5558 3532 5619 Quare

177 5632 477 5690 obsonavit
527 5629 874 5700 Sirmondus,
936 5641 992 5688 in
1038 5640 1180 5689 libro
1229 5641 1292 5689 de
1331 5629 1799 5691 Przdesti‘iiatione
1898 5634 2068 5684 miror
2123 5632 2333 5697 Anglos
2384 5631 2682 5683 editionem
2739 5632 2987 5693 Pamelii,
3039 5643 3167 5696 quas
3228 5629 3376 5700 bona
3422 5642 3536 5675 non

180 5716 291 5776 pag.
340 5709 422 5769 73,
475 5709 641 5760 refert
677 5724 747 5761 ex
801 5710 1080 5776 Cypriano
1126 5711 1314 5762 locum
1379 5711 1680 5776 quemdam
1728 5724 1797 5762 ex

1898 5708 2001 5766 est,
2019 5704 2337 5766 retinuisse,
2362 5705 2555 5755 contra
2576 5709 2825 5754 veterum
2848 5700 3118 5752 librorum
3146 5701 3201 5749 et
3224 5698 3541 5750 editionum

180 5772 307 5829 libro
339 5779 391 5829 II
431 5772 908 5848 Paralipomenon;
936 5783 1033 5848 qui
1071 5786 1247 5834 exstat
1286 5783 1343 5833 in
1386 5772 1567 5848 capite
1603 5785 1799 5835 octavo
1899 5776 2088 5830 ﬁdem.
