3998 6194
502 245 603 301 679

1391 237 1448 295 s.
1490 235 1808 294 CYPRIANI
1844 235 2120 294 orarum
2161 192 2329 293 PARS
2371 237 2434 290 ιι.
2476 267 2544 276 -
2582 236 2953 294 OPUSCULA.
3700 251 3783 307 680

501 385 646 438 rem,
685 367 858 422 frater
886 363 1242 433 charissime,
1279 365 1336 419 et
1359 363 1690 418 audientem
1724 363 1806 417 vel
1834 362 2123 432 legentem
2147 373 2203 446 Α
2227 361 2426 415 tandas
2444 377 2564 416 esse
2583 361 2884 416 verborum
2905 363 3232 416 nostrorum
3251 378 3432 418 moras
3447 370 3497 421 et
3515 369 3786 440 tarditates,

501 462 633 533 styli
657 460 870 515 latioris
898 458 1061 531 copia
1089 458 1406 529 fatigarem,
1439 456 1840 528 compendium
1871 456 2012 522 feci;
2042 461 2123 524 ut,

499 554 799 627 propositis
845 553 1041 616 titulis,
1093 569 1231 623 quos
1271 552 1396 623 quis
1421 552 1465 585 ¹⁰
1514 554 1572 605 et
1618 567 1783 605 nosse
1834 550 2034 604 debeat
2070 554 2126 605 et

502 652 716 715 tenere,
765 647 1015 718 capitula
1059 645 1351 700 Dominica
1393 644 1786 700 subnecterem
1816 647 1873 697 et
1894 643 1949 698 id
1977 645 2128 714 quod

499 757 907 814 proposueram
964 739 1168 796 divinae
1220 739 1479 794 lectionis
1527 738 1860 792 auctoritate
1916 737 2124 792 solida-

500 853 644 901 rem,
678 840 742 890 ut
782 851 898 889 non
943 839 1056 888 tam
1096 835 1406 888 tractatum
1447 849 1645 886 meum
1678 831 1868 886 videar
1898 831 1998 885 tibi
2028 831 2127 885 mi-

499 931 634 986 sisse
665 945 840 1001 quam
882 927 1183 982 materiam
1227 926 1600 980 tractantibus
1633 925 1961 996 praebuisse.
1991 926 2126 988 Quae

497 1040 590 1079 res
620 1024 677 1078 in
703 1039 870 1077 usum
900 1021 1135 1092 singulis
1157 1020 1381 1091 proﬁcit
1411 1019 1653 1074 utilitate
1687 1019 1928 1089 majore.
1962 1019 2123 1085 Nam,

504 1118 549 1170 si
593 1117 913 1172 confectam
977 1119 1035 1169 et
1081 1117 1343 1186 paratam
1383 1114 1504 1184 jam
1553 1113 1828 1166 vestem“
1903 1113 2124 1178 darem,

500 1212 671 1266 vestis
699 1216 837 1264 esset
872 1227 1016 1276 mea,
1045 1225 1160 1280 qua
1187 1207 1329 1262 alius
1356 1210 1634 1273 uteretur,
1663 1209 1721 1260 et
1747 1206 1982 1260 forsitan
2015 1223 2127 1260 non

503 1321 606 1376 pro
633 1303 962 1359 habitudine
991 1307 1219 1356 staturae
1246 1303 1289 1335 ¹²
1314 1306 1371 1355 et
1392 1299 1648 1370 corporis
1675 1316 1762 1354 res
1792 1299 1954 1354 alteri
1985 1299 2125 1354 facta

502 1398 693 1453 minus
722 1413 1044 1466 congruens
1076 1395 1401 1449 haberetur.
1428 1395 1582 1448 Nunc
1610 1410 1740 1448 vero
1767 1394 1837 1447 de
1858 1410 2007 1463 agno
2025 1409 2129 1464 per

435 1535 440 1540 .
503 1508 678 1562 quem
707 1490 989 1561 redempti
1014 1506 1079 1544 ac
1110 1489 1372 1542 viviﬁcati
1403 1505 1620 1556 sumus,
1649 1488 1842 1541 lanam
1867 1487 2047 1558 ipsam
2071 1490 2128 1541 et

501 1601 812 1658 purpuram
845 1583 1007 1651 misi;
1043 1600 1215 1654 quam
1245 1599 1374 1637 cum
1400 1581 1705 1652 acceperis,
1739 1581 1992 1635 tunicam
2027 1580 2127 1634 tibi

499 1696 602 1751 pro
637 1679 923 1733 voluntate
963 1676 1246 1744 conﬁcies,
1287 1683 1344 1730 et
1382 1676 1507 1747 plus
1549 1677 1612 1729 ut
1651 1675 1710 1729 in
1735 1676 1780 1708 ¹³
1809 1675 2126 1729 Domestica

2228 461 2396 525 atque
2431 456 2723 527 .ambages
2773 457 3059 511 sermonis
3114 456 3349 511 humani
3412 459 3786 521 subtrahendas.

2228 547 2493 618 ponenda
2523 550 2638 603 sola
2663 549 2762 603 illa
2790 566 2920 620 quae
2948 551 3095 604 Deus
3139 549 3408 621 loquitur,
3436 553 3618 622 quibus
3636 573 3793 614 servos

2228 659 2357 697 suos
2376 643 2442 698 ad
2467 643 2803 714 martyrium
2829 643 3079 699 Christus
3106 643 3384 699 hortatur.
3410 646 3667 719 Praecepta
3695 651 3794 722 ipsa

2227 736 2413 791 divina
2459 737 2614 792 velut
2656 754 2815 792 arma
2857 738 3246 809 pugnantibus
3290 741 3620 810 suggerenda
3668 749 3792 800 sunt.

2228 832 2320 885 Illa
2348 831 2460 886 sint
2485 832 2749 887 militaris
2774 832 2925 887 tubae
2947 833 3330 901 hortamenta,
3359 833 3448 887 illa
3466 839 3798 906 pugnantibus

2227 924 2481 980 classica.
2531 927 2666 981 Inde
2718 943 2884 981 aures
2937 925 3256 997 erigantur,
3315 927 3444 981 inde
3493 928 3800 986 instruantur

2227 1023 2470 1085 mentes,
2500 1019 2635 1074 inde
2685 1024 2740 1074 et
2767 1019 2940 1074 animi
2970 1026 3027 1075 et
3054 1020 3308 1090 corporis
3350 1020 3491 1075 vires
3515 1023 3576 1076 ad
3609 1040 3799 1079 omnem

2231 1109 2501 1179 passionis
2540 1110 2905 1164 tolerantiam
2937 1109 3303 1164 roborentur.
3345 1111 3453 1164 Nos
3481 1116 3677 1167 tantum
3700 1116 3799 1185 qui,

2227 1203 2466 1256 Domino
2496 1203 2882 1273 permittente,
2906 1204 3160 1274 primum
3189 1203 3470 1274 baptisma
3494 1207 3802 1262 credentibus

2229 1296 2512 1362 dedimus,
2555 1297 2624 1351 ad
2679 1297 2831 1351 aliud
2885 1314 3113 1368 quoque
3157 1298 3412 1369 singulos
3443 1316 3803 1371 przeparcmus,

2227 1389 2576 1444 insinuantes
2622 1396 2679 1444 et
2731 1391 3072 1446 docentes“
3129 1393 3234 1447 hoc
3289 1409 3409 1447 esse
3463 1393 3714 1464 baptisma
3757 1396 3802 1449 in

2229 1483 2409 1554 gratia
2454 1485 2638 1554 majus
2671 1484 2769 1555 (4),
2804 1485 2864 1538 in
2893 1491 3171 1556 potestate
3207 1486 3519 1554 sublimius,
3547 1487 3599 1542 in
3623 1488 3806 1543 honore

2226 1577 2551 1648 pretiosius,
2584 1577 2862 1648 baptisma
2894 1579 2952 1632 in
3001 1596 3114 1650 quo
3163 1580 3352 1651 angeli
3383 1579 3668 1651 baptizant,
3695 1581 3806 1651 bap-

2226 1671 2394 1725 tisma
2423 1672 2466 1704 ¹δ
2499 1672 2557 1725 in
2587 1688 2701 1742 quo
2742 1673 2886 1727 Deus
2916 1672 3240 1728 etChristus
3270 1672 3393 1744 ejus
3423 1674 3676 1740 exultant,
3701 1674 3812 1744 bap-

500 1741 602 1828 tua
639 1778 808 1844 atque
850 1771 906 1826 in
955 1772 1188 1842 propria
1234 1741 1399 1824 veste.
1445 1769 1745 1836 laetaberis,
1799 1771 1857 1822 et
1908 1741 2201 1822 caeterisB
2228 1764 2391 1818 tisma
2421 1767 2548 1835 post
2582 1741 2733 1836 quod
2774 1781 2944 1820 nemo
2984 1766 3108 1837 jam
3139 1741 3354 1836 peccat,
3401 1766 3666 1838 baptisma
3687 1741 3814 1837 quod

504 1883 733 1939 quoque
764 1870 827 1920 ut
853 1865 1131 1920 conﬁcere
1160 1870 1218 1919 et
1254 1864 1361 1935 ipsi
1386 1880 1488 1935 pro
1514 1863 1749 1918 arbitrio
1778 1879 1879 1917 suo
1912 1862 2126 1933 possint

2226 1858 2360 1912 ﬁdei
2390 1859 2567 1913 nostri
2600 1860 2954 1914 incrementa
2981 1866 3364 1930 consummat,
3394 1860 3658 1931 baptisma
3681 1861 3812 1932 quod

503 1961 657 2033 quod
711 1960 973 2014 misimus
1019 1959 1334 2027 exhibebis,
1365 1963 1450 2024 ut,
1496 1960 1702 2011 vetere
1736 1956 1831 2010 illa
1868 1955 2125 2011 nuditate
2223 1969 2328 2006 nos
2373 1951 2444 2007 de
2499 1953 2714 2007 mundo
2760 1953 3096 2008 recedentes
3142 1954 3330 2008 statim
3363 1955 3473 2009 Deo
3514 1954 3735 2024 copulat.
3765 1956 3814 2008 In

503 2059 781 2124 contecta,
828 2054 1117 2125 perferant
1161 2069 1363 2107 omnes
1394 2052 1732 2106 indumenta
1761 2050 1988 2114 Christi,
2024 2067 2126 2105 coe-

502 2148 656 2206 lestis
689 2148 887 2219 gratiae
917 2146 1364 2201 sanctiﬁcatione
1399 2145 1600 2200 vestiti.

576 2240 662 2294 ιν.
708 2240 820 2292 Nec
864 2255 978 2292 non
1022 2241 1079 2292 et
1121 2237 1263 2290 illud
1310 2235 1635 2304 consilium,
1686 2235 1863 2290 frater
1912 2233 2122 2289 charis-

506 2333 668 2402 sime,
699 2331 891 2404 654
930 2331 1063 2386 utile
1109 2334 1166 2384 et
1201 2330 1425 2384 salubre
1453 2329 1740 2400 prospexi,
1783 2329 1842 2382 in
1872 2329 2126 2382 exhorta-

508 2426 660 2482 tione
707 2432 820 2481 tam
852 2423 1165 2480 necessaria
1205 2440 1331 2494 quae
1383 2429 1660 2494 martyres
1707 2421 1894 2489 faciat,
1929 2438 2127 2492 ampu-

2222 2062 2385 2117 aqum
2429 2046 2712 2117 baptismo
2755 2047 3032 2118 accipitur
3077 2052 3442 2118 peccatorum
3489 2047 3722 2114 remissa,
3769 2048 3815 2102 in

2225 2139 2520 2210 sanguinis
2546 2140 2827 2211 baptismo
2868 2157 3080 2196 corona
3105 2141 3404 2196 virtutum.
3452 2141 3820 2212 Amplectenda

2225 2249 2316 2288 res
2331 2238 2414 2287 est
2429 2237 2486 2288 et
2504 2235 2751 2305 optanda
2774 2239 2831 2288 et
2850 2235 3113 2289 omnibus
3135 2235 3581 2306 postulationum
3626 2237 3817 2290 nostra-

2229 2343 2356 2381 rum
2389 2327 2648 2398 precibus
2676 2329 3011 2400 expetenda,
3046 2335 3108 2384 ut
3135 2330 3239 2401 qui
3271 2330 3417 2385 servi
3444 2330 3538 2384 Dei
3577 2330 3822 2395 sumus“,

2228 2421 2404 2476 simus
2432 2424 2489 2475 et
2514 2423 2702 2476 amici.

1638 2639 2014 2701 CAPITULA
2060 2638 2262 2699 LIBRI
2306 2638 2727 2711 SEQUENTIS

577 2803 618 2857 Ι.
658 2801 720 2857 In
765 2801 1129 2858 exhortandis
1170 2803 1360 2875 itaque
1406 2821 1469 2858 ac
1515 2804 1903 2874 praeparandis
1932 2799 1974 2837 ¹⁷
2028 2803 2135 2857 fra-

505 2896 689 2951 tribus
731 2899 961 2964 nostris,
993 2900 1052 2951 et
1079 2898 1302 2952 virtutis
1331 2915 1396 2952 ac
1422 2898 1552 2953 fidei
1580 2897 1847 2952 firmitate
1876 2897 1944 2951 ad
1987 2913 2131 2967 pra:-

2306 2803 2388 2856 VI.
2423 2803 2904 2875 Subjungendum
2939 2807 3070 2876 post
3095 2804 3236 2870 hac,
3270 2803 3452 2874 quod,
3483 2801 3745 2872 redempti
3775 2815 3826 2851 ac

2235 2895 2498 2952 vivificati
2527 2897 2732 2954 Christi
2759 2899 3062 2970 sanguine,
3095 2898 3240 2953 nihil
3269 2898 3495 2955 Christo
3529 2909 3828 2968 praeponere

506 2991 732 3045 conium
787 2991 1095 3045 Dominicaa
1137 2991 1501 3045 confessionis
1549 2995 1721 3063 atque
1764 2990 1835 3045 ad
1870 2991 2130 3062 praelium
2236 2989 2570 3058 debeamus,
2600 2992 2728 3062 quia
2751 3008 2857 3046 nec
2878 2992 2973 3046 ille
3003 2992 3306 3064 quicquam
3337 2991 3505 3047 nobis
3539 3003 3828 3061 praeposue-

504 3084 912 3157 persecutionis
933 3089 990 3138 et
1009 3084 1288 3156 passionis
1312 3085 1607 3139 armandis
1632 3087 1694 3152 ‘3,
1721 3086 1905 3156 primo
1936 3085 2134 3140 inloco
2235 3083 2326 3151 rit,
2371 3091 2428 3138 et
2467 3085 2558 3140 ille
2582 3086 2628 3119 ²²
2680 3091 2916 3157 propter
2969 3104 3069 3141 nos
3115 3087 3266 3141 mala
3296 3086 3467 3141 bonis
3527 3081 3828 3156 praetulerit,

510 3177 813 3232 dicendum
864 3185 948 3232 est
993 3177 1147 3232 idola
1175 3179 1306 3232 deos
1350 3195 1461 3232 non
1492 3196 1631 3246 esse,
1667 3196 1795 3250 quae.
1829 3181 2001 3234 homo
2028 3180 2130 3232 sibi
2154 3205 2208 3279 Ο
2233 3182 2624 3249 paupertatem
2658 3180 2888 3248 divitiis,
2917 3181 3246 3235 servitutem
3272 3177 3670 3245 dominationi,
3707 3191 3830 3228 mor-

507 3271 658 3326 facit.
695 3273 887 3342 Neque
915 3272 1068 3325 enim
1099 3288 1224 3342 qum
1253 3272 1394 3327 ﬁunt
1439 3275 1649 3328 factore
1681 3291 1780 3326 suo
1813 3277 1870 3326 et
1901 3273 2134 3327 fabrica-

507 3369 632 3420 tore
649 3365 862 3434 majora
875 3368 1025 3431 sunt,
1047 3371 1144 3419 aut
1156 3370 1452 3436 protegere
1465 3369 1521 3421 et
1541 3383 1760 3421 servare
1783 3384 2133 3438 quemquam

506 3461 744 3530 possunt
772 3475 900 3530 quae
939 3459 1058 3530 ipsa
1099 3459 1166 3513 de
1207 3460 1435 3531 templis
1481 3461 1599 3514 suis
1630 3466 1894 3532 pereunt,
1928 3461 2032 3514 nisi
2063 3461 2132 3514 ab

506 3552 740 3607 homine
757 3559 1070 3607 serventur.
1099 3553 1203 3608 Sed
1233 3570 1341 3609 nec
1361 3555 1646 3608 elementa
1670 3555 1744 3625 (ὅ)
1760 3535 1996 3608 colenda
2015 3571 2134 3608 esse

510 3663 638 3718 qua:
689 3646 928 3715 homini,
976 3648 1286 3703 secundum
1331 3648 1759 3720 dispositionem
1797 3654 1850 3702 et
1892 3665 2132 3720 princep-

510 3747 633 3795 tum
678 3742 796 3808 Dei,
826 3741 1076 3796 serviunt
1096 3743 1160 3796 ‘9.

577 3835 640 3888 ll.
709 3835 1010 3889 Destructis
1068 3835 1253 3900 idolis,
1311 3841 1366 3890 et
1435 3837 1850 3892 elementorum
1914 3836 2133 3891 ratione

511 3933 826 3984 monstrata
849 3929 919 3996 9°,
949 3929 1372 3984 ostendendum
1405 3931 1585 3986 Deum
1615 3931 1799 3986 solum
1827 3930 2134 3986 colendum

511 4039 653 4080 esse.

581 4118 671 4172 III.
721 4118 877 4172 Tunc
937 4117 1261 4172 addendum
1322 4135 1448 4189 quae
1497 4118 1862 4174 comminatio
1917 4119 2014 4173 Dei
2066 4118 2138 4172 sit

509 4211 782 4266 adversus
810 4228 906 4265 eos
932 4211 1027 4282 qui
1058 4211 1223 4266 idolis
1250 4213 1565 4267 sacrificant
1586 4213 1656 4267 ²¹.

581 4306 670 4360 1V.
696 4307 970 4360 Praeterea
992 4304 1309 4360 docendum
1329 4323 1442 4360 non
1462 4306 1622 4360 facile
1645 4305 1937 4377 ignoscere
1961 4309 2136 4362 Deum

510 4398 844 4454 idololatria.

581 4491 770 4565 655
804 4493 864 4546 V.
899 4493 1125 4564 thuod
1145 4491 1222 4548 sic
1238 4492 1580 4549 idololatriae
1602 4494 1939 4566 indignetur
1964 4496 2135 4562 Deus,

2236 3276 2353 3326 tem
2375 3273 2795 3328 immortalitati
2819 3293 2834 3342 ;
2862 3291 2964 3329 nos
2985 3278 3183 3328 contra
3199 3275 3256 3328 in
3279 3273 3637 3346 passionibus
3656 3269 3832 3324 nostris

2238 3367 2564 3439 paupertati
2590 3369 2852 3422 saeculari
2877 3368 3120 3439 paradisi
3147 3368 3373 3423 divitias
3401 3365 3691 3422 etdelicias
3716 3377 3833 3434 prze~

2231 3466 2483 3519 feramus
2507 3466 2575 3535 ³³,
2606 3467 2965 3520 dominatum
2994 3470 3310 3538 etregnum
3340 3470 3621 3522 aeternum
3650 3470 3834 3531 tempo-

2233 3559 2398 3613 rariae
2449 3561 2724 3627 servituti,
2781 3560 3278 3615 immortalitatem
3325 3561 3522 3628 morti,
3583 3561 3743 3613 Deum
3790 3559 3835 3606 et

2235 3652 2525 3708 Christum
2559 3653 2789 3709 diabolo
2819 3657 2877 3709 et
2899 3654 3254 3709 antichristo.

2306 3749 2438 3802 Vlll.
2471 3747 2879 3802 lnsinuandum
2906 3765 3133 3819 quoque
3167 3765 3258 3816 ne,
3293 3748 3484 3819 erepti
3512 3747 3582 3800 de
3608 3742 3833 3800 faucibus

2237 3840 2441 3895 diaboli
2472 3845 2529 3894 et
2574 3841 2642 3896 de
2673 3842 2886 3912 laqueis
2919 3841 3109 3896 saeculi
3140 3842 3385 3907 liberati,
3421 3842 3468 3895 si
3498 3841 3556 3895 in
3588 3833 3838 3908 angustiis

2237 3939 2295 3989 et
2339 3935 2614 4005 pressuris
2665 3953 2784 3990 esse
2806 3936 2852 3969 ‘3‘
2909 3936 3205 4006 coeperint,
3267 3935 3499 4007 regredi
3554 3933 3732 3988 denuo
3776 3926 3836 3980 ad

2236 4029 2503 4083 sacculum
2534 4029 2708 4083 velint
2727 4035 2782 4083 et
2809 4029 3051 4099 perdant
3076 4028 3232 4099 quod
3258 4029 3566 4084 evaserint.

2309 4123 2443 4176 Vill.
2499 4123 2874 4177 Insistendum
2922 4124 3108 4194 potius
3141 4139 3261 4177 esse
3293 4127 3354 4177 et
3381 4117 3837 4194 perseverandum

2237 4210 2296 4265 in
2336 4211 2449 4265 ﬁde
2494 4217 2549 4266 et
2588 4212 2797 4266 virtute
2820 4213 2868 4246 ³⁵
2907 4217 2964 4267 et
2991 4213 3232 4267 cmlestis
3261 4229 3328 4267 ac
3369 4209 3638 4284 spiritalis
3670 4203 3840 4279 gratia:

2237 4305 2746 4373 consummatione,
2793 4312 2857 4360 ut
2891 4307 2964 4361 ad
3015 4307 3264 4378 palmam
3316 4310 3372 4361 et
3401 4319 3666 4360 coronam
3691 4297 3842 4372 possit

2238 4415 2542 4471 perveniri.

2313 4492 2504 4566 656
2533 4495 2616 4548 IX.
2645 4495 2727 4548 Ad
2750 4494 2859 4549 hoc
2879 4494 3029 4550 enim
3059 4509 3350 4566 pressuras
3370 4498 3427 4549 et
3449 4488 3843 4564 persecutiones

507 4590 573 4642 ut
620 4586 958 4660 praeceperit
1008 4587 1179 4643 etiam
1213 4605 1313 4643 eos
1340 4589 1584 4644 interfici
1604 4590 1701 4661 qui
1743 4589 2051 4645 sacriﬁcare
2081 4577 2216 4650 etD
2237 4587 2363 4644 ﬁeri
2396 4593 2458 4642 ut
2483 4588 2811 4660 probemur.

508 4681 720 4737 servire
741 4681 908 4737 idolis
942 4682 1241 4738 suaserint.

2305 4683 2367 4739 Χ.
2417 4685 2526 4738 Nec
2567 4683 2858 4739 timendas
2900 4699 3021 4738 esse
3051 4681 3288 4753 injurias
3323 4688 3380 4737 et
3411 4697 3610 4753 poenas
3638 4679 3707 4750 (6)
3736 4688 3844 4747 per-

1875 4866 2085 4933 Varia
2141 4870 2480 4936 lectiones.

573 5029 612 5060 ¹⁰
638 5025 793 5090 Quos
817 5027 1071 5091 quisquis
1097 5025 1223 5076 Bod.
1264 5027 1308 5087 t,
1334 5027 1380 5076 3.
1454 5029 1490 5059 "
1537 5026 1764 5078 Vestem
1794 5030 2071 5081 misissem
2132 5035 2242 5083 Ver.
2315 5036 2352 5064 η
2385 5029 2593 5082 Habitu
2628 5033 2855 5080 staturas
2902 5030 3037 5078 Voss.
3072 5030 3118 5091 1,
3153 5029 3198 5078 3.
3271 5025 3309 5061 ³³
3351 5029 3422 5078 Et
3446 5029 3574 5092 plus
3593 5029 3646 5077 in
3673 5025 3786 5076 Bod.
3806 5023 3844 5072 3.

505 5100 553 5149 4.
648 5099 685 5131 ’⁸
716 5099 1095 5161 Ρτωρατειῃιιε
1143 5099 1479 5147 instruentes
1519 5101 1629 5148 Ver.

504 5167 656 5218 EbOr.
677 5169 784 5218 ΝΟ.
817 5169 858 5216 1.

1733 5103 1768 5133 ’5
1799 5101 2080 5164 Baptisma
2140 5105 2410 5167 passionis
2449 5104 2502 5150 in
2537 5114 2646 5164 quo
2682 5101 2834 5150 Deus
2860 5105 2914 5150 et
2961 5097 3217 5149 Christus
3253 5101 3374 5162 ejus
3431 5099 3680 5148 exultant
3705 5096 3843 5167 iLam.

934 5169 970 5199 ¹⁶
1002 5167 1158 5218 Servi
1189 5169 1287 5217 Dei
1329 5169 1536 5217 fuimus
1578 5173 1687 5219 Ver.
1737 5173 1849 5220 Ben.
1881 5172 2000 5221 Bod.
2032 5176 2077 5235 t,
2107 5166 2155 5235 ‘2,
2179 5177 2229 5233 3,
2255 5177 2302 5225 4.
2331 5177 2437 5226 Mli.
2511 5172 2549 5204 ¹⁷
2585 5171 2847 5221 Parandis
2887 5174 2997 5221 Ver.
3040 5171 3361 5234 reparandis
3403 5171 3540 5218 Voss.
3566 5173 3610 5216 3.
3685 5166 3720 5200 “
3744 5167 3847 5215 Per-

505 5240 810 5290 secutionis
843 5239 1120 5289 armandis
1167 5246 1253 5288 Ar.
1285 5241 1330 5290 t.
1368 5240 1473 5290 ΝΟ.
1525 5243 1663 5290 Lam.
1704 5245 1846 5291 Ebor.
1921 5245 1961 5276 '9
2022 5245 2283 5296 Serviunt
2335 5249 2383 5296 ei
2441 5249 2533 5299 Ar.
2601 5247 2643 5277 ³ο
2676 5243 2946 5292 Prostrata
2979 5245 3066 5291 Ar.
3099 5243 3215 5290 Ben.
3285 5240 3322 5272 ³⁸
3352 5239 3624 5290 Serviunt
3657 5240 3778 5286 Voss.
3808 5237 3846 5288 3.

508 5314 552 5344 “
571 5312 640 5362 Et
678 5310 914 5381 hicﬂla'n.
985 5308 1026 5342 ³³
1078 5309 1476 5372 Proponamus.
1513 5311 1622 5359 Ver.
1693 5312 1736 5345 ²⁴
1787 5312 2047 5379 Liberati,
2081 5318 2138 5366 in
2187 5320 2458 5381 angustiis
2487 5323 2544 5371 et
2591 5315 2864 5380 pressuris
2894 5326 3014 5364 esse
3044 5327 3175 5364 cum
3215 5313 3335 5362 Bod.
3364 5313 3413 5371 3,
3445 5312 3494 5360 4.
3565 5312 3605 5342 ⁸⁵
3631 5307 3754 5358 Fide
3801 5308 3847 5352 et

504 5381 734 5430 veritate
772 5380 882 5429 Vat.

1803 5474 2028 5557 Steph.
2077 5477 2325 5541 Baluzii
2371 5484 2564 5542 notm.

566 5597 630 5658 (4)
683 5597 956 5661 Baptisma
1009 5597 1197 5661 majus,
1255 5596 1308 5646 id
1371 5601 1453 5648 est
1507 5597 1779 5662 baptisma
1824 5604 2128 5668 sanguinis,

501 5667 650 5734 quod
677 5669 986 5732 explicatur
1018 5669 1185 5733 paulo
1215 5673 1354 5733 post.

562 5741 630 5803 (5)
658 5740 946 5790 Elementa.
990 5739 1251 5804 Quinque
1283 5741 1408 5790 libri
1457 5745 1670 5794 veteres
1718 5746 1772 5795 et
1811 5744 1982 5797 editio
2008 5748 2131 5796 An-

501 5810 720 5877 glicana
748 5810 958 5862 addunt
979 5812 1090 5864 vice
1110 5813 1342 5863 deorum.
1376 5811 1538 5876 Quod
1580 5815 1744 5865 etiam
1788 5828 1919 5868 mox
1948 5817 2130 5870 habe-

2234 5609 2324 5655 tur
2350 5607 2405 5655 in
2438 5607 2594 5655 initio
2625 5605 2785 5668 primi
2810 5603 3057 5667 capituli.

2294 5678 2358 5740 (6)
2408 5665 2647 5740 lnjurz'as
2701 5683 2746 5726 ει
2800 5665 2998 5739 paginas.
3057 5672 3247 5724 Codex
3317 5665 3844 5740 Gratianopolitanus

2230 5732 2547 5870 tegaritis“
2597 5732 2824 5814 pugnas.
2865 5747 2959 5800 Sic
3001 5747 3168 5799 etiam
3209 5744 3382 5797 codex
3429 5741 3609 5794 sancti
3661 5732 3843 5790 Amul-

2233 5833 2268 5870 ο
2315 5833 2348 5870 ι.

2232 5833 2348 5886 pm.
