3998 6194
186 211 257 268 681
1226 206 1314 262 AD
1352 206 1765 263 FORTUNATU]

1894 209 1934 263 Ε
1971 206 2341 263 MARTYRIO.
3369 207 3469 263 682

180 331 495 396 secutionum,
538 329 673 401 quia
718 329 906 401 major
931 332 1016 385 est
1041 329 1314 385 Dominus
1338 331 1410 386 ad
1441 334 1745 403 protegen—
1786 386 1802 403 Δ
1847 332 2078 399 cuturis,
2112 348 2214 386 nec
2235 347 2447 387 novum
2467 329 2605 402 quid
2624 331 2838 385 accidat
2861 331 3209 397 Christianis,
3239 332 3469 403 quando

184 429 304 493 dum,
329 439 484 496 quam
513 423 767 478 diabolus
797 425 869 478 ad
902 423 1384 497 impugnandum.
1768 423 1826 460 Α
1846 426 1916 481 ab
1948 425 2109 480 initio
2134 425 2332 481 mundi
2357 426 2489 480 boni
2508 425 2905 493 laboraverint,
2933 430 2989 481 et
3016 426 3272 497 oppressi
3301 432 3470 498 atque

230 521 299 575 XI.
352 520 441 585 Ac,
486 534 557 573 ne
601 523 938 589 expavescat
984 518 1110 590 quis
1154 524 1211 573 et
1255 518 1630 574 conturbetur
1678 520 1749 574 ad
1850 519 2017 575 occisi
2037 520 2246 574 sintab
2272 520 2516 591 injustis.

183 628 416 687 pressurae
458 617 514 667 et
558 612 985 682 persecutiones
1038 629 1182 683 quas
1236 613 1489 683 patimur
1535 612 1595 666 in
1642 613 1750 667 isto
1920 616 2033 669 XII.
2068 616 2131 668 In
2173 613 2480 669 novissima
2514 618 2672 684 parte
2718 613 3047 683 ponendum
3087 620 3171 669 est
3198 630 3325 686 quas
3347 630 3474 687 spes

180 706 371 775 mundo,
410 705 774 776 probandum
813 709 945 761 ante
985 706 1327 778 praedictum
1375 723 1500 760 esse
1522 706 1570 741 95
1599 707 1753 778 quod
1853 712 1910 763 et
1938 724 2065 779 qua:
2092 723 2310 763 merces
2342 710 2574 762 maneat
2592 707 2778 777 justos
2807 711 2863 761 et
2888 713 3163 778 martyres
3202 712 3325 778 post
3349 724 3477 763 con-

180 822 256 862 nos
289 802 517 859 mundus
558 804 689 859 odio
725 804 1026 859 habiturus
1056 808 1225 872 esset,
1275 810 1331 859 et
1375 804 1527 875 quod
1556 820 1752 876 perse-
1853 800 2189 856 ﬂictationes
2239 802 2410 872 hujus
2458 800 2727 872 temporis
2781 805 2838 855 et
2877 800 3183 871 passiones,
3232 808 3287 857 et
3328 802 3479 873 quod

179 900 388 955 cutiones
425 896 724 953 adversum
767 914 872 953 nos
925 899 1319 968 excitaret,.ut
1342 915 1412 953 ex
1439 898 1609 953 hoca'l
1637 899 1755 970 ipso
1857 896 1981 965 plus
2024 889 2312 966 accepturi
2358 896 2533 950 simus
2582 895 2639 949 in
2684 894 2959 966 passionis
3013 897 3481 950 remuneratione

180 992 300 1064 quod
335 992 448 1046 haec
476 991 611 1046 ﬁant
642 991 944 1048 manifesta
988 992 1059 1047 sit
1097 992 1235 1048 tides
1279 992 1490 1047 divinae
1535 992 1753 1063 pollici-
1856 1006 2031 1061 quam
2060 991 2211 1061 quod
2240 990 2333 1045 hic
2361 990 2712 1045 sustinemus
2737 989 2795 1043 in
2816 990 2937 1061 ipsa
2962 989 3245 1060 passione.

180 1085 366 1142 tationis
405 1086 462 1140 in
491 1086 847 1141 mercedibus
876 1091 933 1142 et
973 1086 1233 1158 praemiis
1281 1086 1646 1157 postmodum
1674 1102 1758 1141 se-

1702 1315 1957 1326 ι--ο--ι

948 1505 1092 1597 DE
1160 1504 2047 1598 EXHORTATIONE
2116 1503 2669 1596 MARTYRII

232 1743 346 1799 CAP.
372 1744 413 1798 Ι.
443 1773 517 1784 -ο
544 1743 697 1810 Quod
720 1745 870 1800 idola
902 1745 978 1815 (7)
1011 1746 1091 1799 dii
1118 1761 1230 1800 non
1255 1747 1387 1810 sint,
1422 1751 1471 1801 et
1499 1746 1647 1816 quod
1674 1761 1769 1801 nec
1788 1757 1845 1829 B
1869 1744 2137 1817 quoniam
2166 1745 2289 1815 ipse
2333 1742 2568 1815 quidem
2597 1742 2757 1811 vixit,
2791 1742 2873 1796 illi
2902 1745 3096 1796 autem
3141 1757 3435 1812 nunquam
3467 1764 3491 1789 η

423 1839 686 1893 elementa
718 1841 826 1906 vice
855 1840 1076 1894 deorum
1104 1840 1329 1896 colenda
1354 1842 1481 1896 sint.
1869 1839 2047 1911 (Sap.,
2080 1853 2169 1907 xv,
2200 1837 2407 1906 15-17).
2443 1836 2667 1892 Etenim
2708 1836 2898 1891 Exodo
2926 1852 2939 1888 τ
2973 1855 3000 1886 ‹‹
3034 1836 3152 1889 Non
3191 1834 3366 1888 facies
3395 1835 3498 1887 tibi

230 1930 543 1986 Ostenditur
572 1933 631 1986 in
671 1934 898 1988 Psalmo
940 1949 1108 1990 cun:
1152 1955 1178 1983 ‹‹
1216 1934 1370 1989 ldola
1402 1933 1661 2005 gentium
1687 1950 1770 1988 ar-
1872 1933 2087 1988 idolum
2146 1950 2252 1987 nec
2302 1932 2641 2003 cujusquam
2702 1929 3136 1984 similitudinem
3195 1951 3223 1978 ››
3275 1928 3498 1999 ιΕαιοιΖη

177 2031 379 2095 gentum
408 2030 465 2081 et
490 2042 718 2095 aurum,
749 2043 922 2098 opera
943 2029 991 2062 93
1021 2044 1302 2082 manuum
1334 2029 1657 2083 hominum.
1699 2029 1771 2083 Os
1874 2044 1962 2097 xx,
1990 2029 2063 2098 4).
2096 2030 2235 2083 Item
2279 2026 2431 2097 apud
2476 2026 2842 2080 Salomonem
2870 2025 2937 2078 de
2966 2023 3261 2078 elementis
3293 2039 3306 2076 :
3344 2043 3373 2071 σί
3398 2021 3503 2075 No-

176 2118 354 2174 habent
369 2126 424 2175 et
460 2136 579 2174 non
623 2122 955 2192 loquuntur,
995 2123 1192 2177 oculos
1222 2122 1434 2176 habent
1470 2128 1527 2176 et
1553 2138 1666 2177 non
1695 2123 1774 2175 vi-
1874 2137 1986 2193 que
2014 2137 2187 2193 opera
2207 2120 2567 2175 attendentes
2587 2121 2946 2189 agnoverunt
2971 2118 3097 2188 quis
3118 2121 3262 2171 esset
3282 2115 3502 2182 artifex,

176 2210 306 2279 dent,
333 2229 504 2268 aures
533 2213 747 2269 habent
774 2217 833 2268 et
875 2232 992 2269 non
1024 2215 1265 2269 audiunt
1285 2216 1354 2269 ’9.
1398 2216 1591 2284 Neque
1619 2216 1775 2269 enim
1876 2215 1975 2269 sed
2020 2220 2119 2269 aut
2162 2214 2380 2284 ignem,
2423 2219 2519 2267 aut
2570 2213 2857 2283 spiritum,
2897 2215 2995 2265 aut
3025 2210 3261 2264 citatum
3288 2225 3502 2275 aerem,

174 2312 243 2359 est
263 2306 489 2377 spiritus
518 2307 578 2361 in
624 2324 721 2362 ore
748 2307 1025 2379 ipsorum.
1056 2308 1282 2364 Similes
1305 2308 1414 2362 illis
1442 2310 1582 2361 ﬁant
1603 2310 1651 2343 3°
1675 2309 1774 2380 qui
1875 2313 1975 2363 aut
2012 2324 2217 2380 gyrum
2272 2307 2588 2373 stellarum,
2630 2310 2728 2359 aut
2756 2305 2993 2359 nimiam
3024 2320 3258 2375 aquam,
3291 2306 3389 2357 aut
3420 2320 3506 2357 so-

175 2399 357 2455 faciunt
378 2418 446 2455 ea
468 2403 543 2455 ³1.
578 2424 605 2451 ›)
636 2403 777 2456 Item
800 2402 860 2456 in
886 2402 1175 2473 Sapientia
1203 2402 1560 2458 Salomonis:
1589 2424 1616 2454 ‹‹
1648 2403 1777 2457 Om-
1879 2404 1991 2457 lem
2035 2408 2134 2456 aut
2176 2403 2376 2456 lunam
2421 2401 2496 2471 (8)
2545 2399 2686 2454 deos
2730 2402 3098 2470 putaverunt.
3154 2398 3411 2462 Quorum
3462 2396 3506 2450 si

174 2492 720 2549 uiaidolanatiouum
740 2496 1778 2567 zestimaveruntdeos;quibusneque
1880 2500 2110 2569 propter
2153 2496 2401 2566 speciem
2449 2496 2554 2549 hoc
2597 2493 3040 2561 aestimaverunt,
3085 2493 3265 2547 sciant
3292 2496 3509 2563 quanto

175 2586 436 2641 oculorum
486 2605 629 2642 usus
656 2594 742 2643 est
784 2589 855 2643 ad
898 2590 1233 2657 videndum,
1264 2606 1449 2660 neque
1498 2607 1662 2645 nares
1708 2592 1779 2646 ad
1878 2591 1948 2645 iis
1977 2590 2252 2645 Dominus
2282 2590 2356 2643 sit
2386 2588 2707 2659 speciosior.
2749 2590 2861 2641 Aut
2892 2587 2937 2641 si
2974 2587 3208 2641 virtutes
3254 2592 3310 2640 et
3338 2602 3513 2657 opera

172 2680 579 2751 percipiendum
625 2683 889 2753 spiritum
911 2684 979 2749 ³2,
1026 2699 1212 2754 neque
1256 2680 1422 2738 aures
1450 2685 1521 2739 ad
1547 2684 1780 2739 audien-
1881 2702 2081 2739 eorum
2121 2683 2316 2739 mirati
2360 2685 2511 2749 sunt,
2564 2681 2895 2751 intelligant
2937 2681 3004 2735 ab
3052 2681 3189 2751 ipsis
3230 2680 3511 2752 quoniam

174 2771 309 2841 dum,
339 2792 528 2847 neque
561 2776 727 2847 digiti
773 2777 832 2831 in
880 2777 1147 2831 manibus
1174 2778 1244 2832 ad
1278 2779 1653 2847 tractandum,
1681 2779 1780 2833 sed
1884 2779 1981 2851 qui
2013 2780 2134 2833 haec
2162 2777 2455 2833 constituit
2492 2775 2664 2831 fortia
2688 2775 2890 2829 fortior
2924 2778 3014 2829 est
3040 2775 3147 2828 illis
3178 2795 3204 2824 ››
3235 2775 3300 2828 ³⁵.
3338 2776 3510 2845 (Sap.,

172 2872 217 2919 et
238 2869 398 2938 pedes
426 2887 636 2925 eorum
664 2870 817 2941 pigri
843 2871 915 2925 ad
944 2872 1376 2926 ambulandum.
1412 2873 1593 2927 Homo
1627 2873 1781 2927 enim
1884 2888 2003 2934 x111,
2036 2872 2171 2943 1-4).

172 2960 438 3032 iecitillos,
463 2968 529 3019 et
547 2965 643 3035 qui
668 2965 935 3035 spiritum
959 2970 1256 3019 mutuatus
1272 2972 1357 3019 est
1377 2966 1545 3022 ﬁnxit
1564 2967 1693 3022 illos
1712 2968 1779 3019 ³³.
1958 2965 2145 3037 657
2171 2966 2306 3022 CAP.
2341 2967 2405 3019 ll.
2438 2995 2505 3005 —
2532 2964 2685 3031 Quod
2706 2966 2843 3018 Deus
2864 2962 3009 3018 solus
3038 2961 3115 3034 (9)
3147 2963 3400 3018 colendus
3422 2966 3512 3019 sit.

173 3052 325 3110 Nemo
367 3061 573 3112 autem
619 3057 725 3113 sibi
764 3058 1010 3112 similem
1052 3059 1225 3113 homo
1252 3060 1461 3130 poterit
1486 3061 1658 3115 deum
1683 3062 1785 3115 fin-
1823 3125 1858 3130 ῳ
1958 3059 2110 3115 Sicut
2158 3060 2426 3130 scriptum
2471 3062 2557 3112 est
2578 3059 2623 3092 ³⁵
2672 3074 2684 3111 :
2719 3078 2745 3106 ‹‹
2794 3057 3098 3111 Dominum
3146 3058 3324 3111 Deum
3354 3062 3516 3112 tuum

174 3162 287 3215 gere
316 3168 330 3204 :
362 3167 505 3205 cum
534 3151 608 3206 sit
638 3152 793 3206 enim
854 3152 1127 3220 mortalis,
1156 3125 1448 3208 mortuum
1478 3154 1642 3225 fingit
1667 3171 1785 3209 ma-
1806 3125 1862 3200 (ἶ
1889 3153 2174 3221 adorabis,
2220 3125 2283 3207 et
2321 3152 2400 3206 illi
2447 3152 2551 3206 soli
2577 3152 2789 3207 servies
2835 3174 2863 3201 ››
2897 3152 3101 3222 (υειιιη
3135 3168 3208 3221 v1,
3238 3152 3346 3221 13).
3376 3154 3517 3207 Item

168 3237 312 3294 nibus
356 3241 597 3313 iniquis.
642 3242 832 3297 Melior
859 3245 946 3297 est
972 3246 1167 3297 autem
1194 3242 1315 3313 ipse
1348 3243 1419 3296 iis
1451 3260 1594 3315 quos
1633 3245 1783 3309 colit,
1887 3247 1949 3301 in
2000 3247 2191 3302 Exodo
2244 3265 2255 3300 :
2305 3268 2331 3295 α
2363 3247 2484 3301 Non
2530 3252 2697 3301 erunt
2741 3245 2843 3300 tibi
2886 3245 2967 3301 dii
2994 3244 3091 3300 alii
3118 3245 3333 3316 absque
3364 3260 3455 3300 me
3488 3265 3515 3294 »

1527 3430 1736 3495 Varia
1794 3431 2139 3499 lectiones.

220 3576 256 3608 ³⁸
283 3576 588 3629 Probatum
608 3579 723 3643 jam
752 3580 805 3628 et
830 3578 1161 3643 pmdictum
1190 3579 1314 3629 Bod.
1342 3583 1385 3628 Io.
1454 3578 1496 3612 ³⁷
1522 3580 1591 3629 Et
1623 3580 1730 3630 hoc
1770 3582 1899 3630 Voss.
1923 3580 1970 3631 3.
2040 3581 2082 3614 '3
2104 3581 2258 3646 Opus
2291 3583 2432 3632 Lam.
2464 3581 2619 3631 Ebor.
2653 3582 2774 3632 Bod.
2807 3582 2855 3640 1,
2876 3581 2927 3642 2,
2951 3580 3002 3641 3,
3026 3581 3077 3629 4.
3104 3580 3216 3629 Li'n.
3242 3579 3352 3630 NO.
3386 3582 3431 3643 l,
3469 3582 3513 3632 2.

174 3648 269 3696 Ver.
333 3648 673 3708 “Andium,
700 3658 863 3700 nares
889 3649 1098 3700 habent
1126 3654 1181 3700 et
1205 3663 1317 3700 non
1347 3648 1678 3711 odorabunt,
1702 3665 1901 3702 manus
1920 3652 2129 3703 habent
2158 3659 2215 3704 et
2235 3667 2345 3705 non
2372 3654 2698 3718 palpabunt,
2725 3667 2837 3704 non
2857 3651 3184 3703 clamabunt
3212 3652 3271 3701 in
3299 3657 3523 3716 gutture

168 3728 252 3767 suo
270 3719 374 3768 Lz'n.
445 3723 487 3752 ³ο
518 3719 639 3769 Illis
663 3721 773 3769 sint
814 3721 936 3769 Ben.
976 3723 1088 3771 Ver.
1127 3721 1264 3771 Lam.
1298 3719 1449 3770 Ebor.
1481 3725 1611 3771 sunt
1647 3722 1779 3770 Voss.
1799 3722 1846 3771 2.
1916 3727 1955 3756 ³³
1980 3723 2217 3773 Facmnt
2243 3737 2327 3786 ea,
2357 3729 2413 3775 et
2437 3737 2631 3774 omnes
2651 3725 2747 3787 qui
2799 3722 3088 3774 conﬁdunt
3115 3725 3174 3772 in
3200 3723 3279 3773 eis
3320 3724 3443 3774 Bod.
3474 3728 3522 3776 3.

168 3787 633 3860 ’tﬁtccipiendum
663 3791 919 3854 spiritum
960 3791 1084 3841 Bod.
1115 3795 1161 3842 4.
1232 3796 1271 3824 ³³
1330 3793 1383 3841 Is
1412 3792 1575 3842 ﬁnxit
1618 3792 1743 3842 illos
1807 3795 1941 3843 Voss.
2010 3797 2051 3826 δ”
2084 3795 2223 3846 Haec
2274 3796 2578 3857 constituit,
2623 3795 2815 3846 fortior
2843 3800 2927 3845 est
2981 3794 3093 3844 illis
3130 3794 3257 3844 Bod.
3306 3797 3354 3858 4,
3398 3797 3446 3860 2,
3480 3802 3525 3846 ει.

167 3859 199 3903 ιε
217 3857 496 3923 Scriptum
532 3863 621 3911 est
642 3861 699 3910 in
727 3861 1165 3913 Deuteronomio
1194 3864 1348 3913 Oxon.
1380 3865 1517 3912 Lam.
1549 3863 1703 3913 Ebor.
1736 3866 1844 3914 Lm.
1883 3867 2018 3914 Voss.
2052 3867 2096 3915 1.
2138 3865 2261 3915 Bod.
2304 3866 2352 3926 1,
2382 3866 2431 3926 2,
2462 3868 2511 3922 3,
2537 3866 2584 3915 4.

1453 4009 1682 4092 Steph.
1728 4010 1977 4075 Baluzii
2022 4015 2218 4075 notae.

219 4122 276 4182 (7)
332 4124 486 4184 Quod
556 4124 722 4174 idola.
779 4124 1016 4175 Multum
1072 4131 1445 4190 peccaverunt
1517 4128 1679 4193 Angli
1737 4133 1795 4179 in
1896 4144 2021 4181 sum
2050 4129 2391 4193 Cyprianum
2426 4130 2524 4181 lib.
2555 4142 2612 4180 III
2657 4128 3109 4189 Testimoniorum,
3150 4142 3251 4193 cap
3293 4129 3372 4191 29,
3428 4132 3526 4181 ubi

164 4189 417 4268 bocloco
462 4200 523 4245 et
575 4196 634 4244 in
683 4196 854 4245 initiis
906 4197 1157 4247 omnium
1206 4198 1579 4262 capitulorum
1607 4189 1797 4265 'hujus
1896 4201 2045 4252 idem
2069 4189 2228 4251 locus
2270 4203 2521 4253 refertur.
2552 4203 2624 4252 At
2663 4214 2784 4265 ego,
2838 4213 2968 4250 cum
3003 4199 3097 4249 ille
3137 4189 3247 4251 non
3297 4189 3526 4254 invene-

166 4260 274 4342 ltbri
301 4270 357 4342 et
392 4279 601 4342 eorum
655 4280 781 4330 quae
821 4272 962 4342 sunt
1010 4269 1083 4319 ad
1127 4260 1431 4331 Quirinum.
1486 4260 1798 4322 Posuerunt
1897 4276 2003 4324 rim
2055 4276 2113 4324 in
2161 4274 2275 4325 ullo
2330 4289 2524 4327 eorum
2576 4260 2826 4325 veterum
2871 4273 3271 4336 exemplarium
3321 4276 3528 4339 quibus

164 4337 296 4384 enim
318 4337 375 4385 in
406 4337 666 4402 margine
709 4340 954 4402 capitula
1000 4354 1238 4404 quorum
1282 4346 1474 4405 postea
1517 4343 1798 4406 probatio-
1897 4350 2039 4407 utor,
2071 4345 2251 4397 desint
2277 4351 2464 4398 autem
2487 4349 2544 4397 in
2565 4345 2828 4396 omnibus
2851 4345 3190 4394 editionibus
3213 4337 3528 4397 Pameliana

159 4416 257 4483 nes
285 4419 354 4457 ex
393 4407 692 4471 Scriptura
744 4408 899 4483 aﬂ‘ert
964 4410 1295 4475 Cyprianus.
1344 4412 1424 4461 Ea
1488 4425 1620 4463 vero
1674 4416 1798 4478 quis
1817 4456 1874 4483 η
1898 4417 2325 4483 antiquioribus,
2356 4433 2421 4470 ea
2448 4416 2649 4468 sustuli
2678 4416 2749 4466 ab
2776 4415 2887 4466 hoc
2906 4416 3050 4466 loco.

162 4473 405 4552 divinare
424 4456 624 4542 posset
653 4489 773 4529 esse
805 4456 1088 4545 Cypriani,
1118 4497 1244 4533 cum
1272 4483 1352 4533 illi
1381 4497 1599 4546 semper
1628 4456 1876 4548 aplpo-D
1960 4456 2053 4551 (95³
2087 4490 2239 4552 Quod
2289 4456 2420 4539 Iisiis
2464 4488 2622 4539 solus.
2682 4487 2810 4537 Tria
2853 4489 2979 4536 sunt
3024 4487 3179 4535 initia
3227 4489 3387 4538 istius
3434 4502 3526 4538 ca-

162 4558 280 4598 nere
327 4551 557 4625 soleant
606 4553 664 4601 in
711 4555 959 4616 margine
1012 4557 1312 4606 summaria
1358 4569 1549 4605 earum
1614 4571 1797 4607 rerum
1898 4562 2025 4624 pitis
2054 4551 2114 4610 in
2151 4562 2396 4625 antiquis
2425 4558 2684 4622 exempla
2711 4557 2878 4607 ribus.
2926 4556 3205 4617 Quasdam
3245 4559 3394 4608 enim
3424 4559 3530 4608 ha—

162 4632 275 4680 quaa
297 4625 442 4693 sunt
464 4623 527 4671 in
563 4625 859 4683 contextu;
897 4628 1196 4676 summaria
1227 4639 1356 4676 vero
1390 4627 1634 4691 ipsorum
1669 4629 1797 4690 sint,
1899 4623 2067 4683 bent:
2120 4633 2265 4693 Quod
2291 4623 2454 4681 VDeus
2506 4628 2648 4680 solus
2685 4630 2766 4678 sit.
2812 4630 2873 4677 In
2920 4628 3100 4678 Exodo
3124 4643 3140 4677 :
3182 4629 3298 4680 Non
3356 4637 3522 4680 erunt.

162 4702 260 4769 non
285 4690 565 4769 Cypriani
599 4707 705 4769 nec
746 4698 998 4769 veterum
1028 4696 1420 4747 librariorum?
1458 4697 1615 4748 Adde
1649 4699 1799 4762 quod
1902 4703 2025 4752 Alia
2065 4690 2196 4752 vero
2231 4716 2241 4748 :
2292 4701 2435 4762 Quod
2478 4702 2612 4750 Deus
2642 4699 2781 4749 solus
2824 4698 3070 4749 colendus
3098 4700 3183 4749 sit.
3218 4701 3525 4752 Iri-Exodo:

160 4766 421 4826 ineptum,
452 4771 519 4815 ut
556 4766 692 4816 mihi
721 4766 957 4828 videtur,
990 4769 1213 4819 initium
1246 4770 1409 4819 istius
1433 4770 1560 4819 libri
1599 4785 1800 4833 posue-
1903 4775 2185 4823 Dominum
2218 4774 2378 4821 Deum
2413 4776 2573 4820 tuum.
2605 4772 2727 4820 Alia
2754 4769 2994 4834 denique
3024 4786 3034 4818 :
3080 4771 3227 4831 Quod
3264 4774 3399 4821 Deus
3439 4790 3524 4823 co-

158 4840 292 4897 runt,
332 4839 679 4900 incipientes
714 4852 745 4887 a
796 4838 966 4888 verbo
1014 4840 1329 4890 Ostenditur.
1372 4840 1620 4891 Proclive
1656 4848 1801 4893 esset
1903 4842 2083 4892 lendus
2126 4848 2213 4901 est,
2264 4844 2394 4892 sicut
2436 4843 2687 4905 scriptum
2725 4846 2814 4891 est.
2864 4842 3026 4890 Deum
3068 4846 3211 4890 tuum
3258 4844 3528 4896 adorabis.

159 4905 498 4974 interrogare
522 4908 659 4971 quid
688 4907 797 4959 hoc
831 4909 953 4958 loco
992 4910 1268 4974 signiticet
1316 4924 1422 4961 vox
1478 4912 1799 4976 Ostenditur,
1906 4917 2085 4978 Atque
2128 4927 2230 4978 ego
2292 4913 2438 4963 hanc
2504 4917 2839 4976 postremam
2893 4912 3189 4963 lectionem
3243 4917 3534 4979 amplexus

159 4992 277 5041 quas
300 4980 479 5032 debet
500 4980 693 5030 referri
719 4979 788 5028 ad
814 4979 1025 5044 aliquid
1068 4982 1421 5033 antecedens.
1474 4985 1585 5035 Nos
1636 4998 1801 5049 repo-
1900 5001 2046 5048 sum,
2076 4987 2207 5049 quia
2230 4985 2423 5034 nititur
2451 4984 2775 5034 auctoritate
2809 4988 3059 5034 veterum
3108 4987 3529 5049 exemplarium.

154 5055 359 5104 animus
387 5055 704 5104 summaria
732 5053 977 5118 capitum
1020 5056 1077 5106 in
1111 5061 1393 5119 contextu,
1420 5061 1503 5109 uti
1543 5073 1640 5122 par
1666 5063 1798 5121 erat,
1902 5058 2047 5109 Sane
2117 5057 2163 5105 si
2227 5056 2477 5106 locorum
2555 5067 2726 5105 sacras
2819 5053 3119 5118 Scripturaa
3201 5070 3328 5120 quas
3409 5060 3533 5110 istic

157 5126 549 5177 existimantes
610 5124 1016 5189 explodendam
1087 5141 1209 5179 esse
1288 5129 1433 5181 hanc
1480 5132 1799 5191 novitatem,
1903 5128 2215 5179 referuntur
2286 5126 2544 5177 habenda
2642 5128 2788 5176 esset
2858 5128 3014 5186 ratio,
3091 5125 3327 5177 dubium
3421 5144 3535 5181 non

159 5198 508 5247 retinendam
583 5209 707 5247 esse
764 5198 1167 5261 antiquitatem.
1232 5200 1367 5250 Haec
1429 5202 1580 5251 enim
1648 5216 1800 5251 sum-
1903 5202 2049 5250 esset
2101 5198 2235 5262 quin
2295 5196 2584 5247 retinenda
2636 5197 2802 5246 fuerit
2823 5195 3138 5247 emendatio
3166 5200 3533 5263 posteriorum

158 5269 320 5317 maria
403 5270 557 5319 sunt
626 5268 813 5331 potius
881 5268 1083 5330 theses,
1160 5270 1230 5320 ad
1296 5286 1530 5336 quarum
1606 5273 1802 5337 proba-
1904 5271 2200 5320 editorum.
2253 5268 2537 5319 Interdum
2588 5268 2792 5332 quippe
2829 5273 3045 5319 veteres
3102 5272 3399 5335 scriptores
3440 5287 3539 5336 per

158 5338 356 5391 tionem
445 5338 770 5402 Cyprianus
838 5338 1064 5389 adducit
1126 5341 1438 5392 testimonia
1515 5344 1805 5406 sequentia
1905 5342 2121 5405 lapsum
2152 5340 2584 5390 memoriaaloco
2626 5353 2799 5389 sacra:
2847 5339 3152 5403 Scripturee
3187 5342 3419 5393 laniant
3463 5357 3531 5393 ex

158 5419 412 5461 ex‘sacra
435 5411 746 5474 Scriptura.
778 5409 1018 5474 Ideoque
1050 5412 1105 5460 in
1128 5412 1461 5475 quibusdam
1491 5414 1648 5464 libris
1668 5415 1805 5464 anti-
1906 5414 2028 5463 aliis
2054 5413 2211 5474 locis,
2242 5426 2411 5476 quam
2447 5412 2513 5460 iis
2548 5411 2647 5460 ubi
2673 5424 2808 5462 vere
2836 5410 3134 5472 habentur,
3164 5427 3271 5464 nec
3304 5428 3367 5464 ea
3414 5415 3543 5464 licet

161 5483 279 5545 quis
312 5483 445 5533 haec
487 5483 795 5532 summaria
830 5484 1036 5545 scripta
1067 5487 1197 5532 sunt
1221 5484 1544 5547 majusculis
1574 5486 1806 5537 charac—
1906 5484 2206 5535 emendare
2235 5483 2447 5547 absque
2489 5483 2818 5533 auctoritate
2860 5486 3112 5533 veterum
3151 5484 3439 5546 librorum,
3482 5490 3543 5534 ut

162 5555 387 5604 teri'bus.
510 5621 515 5622 ν
1907 5554 2175 5618 exemplis
2200 5554 2561 5604 ostendemus
2596 5553 2651 5602 in
2680 5554 2829 5602 notis
2853 5553 2923 5603 ad
2954 5554 3161 5606 librum
3200 5568 3544 5622 anonymum

215 5625 279 5683 (8)
326 5626 438 5674 Aut
500 5621 703 5672 lunam.
761 5623 1040 5674 Pamelius
1106 5623 1306 5689 adjecit
1368 5633 1595 5679 rectores
1662 5627 1808 5678 orbis
1906 5627 1970 5677 de
2003 5625 2402 5690 Rsbaptismats.
2448 5625 2641 5688 Itaque
2674 5625 2928 5676 securius
2958 5626 3144 5679 visum
3187 5631 3273 5677 est
3314 5628 3547 5680 retinere

158 5695 429 5745 terrarum
476 5707 555 5746 ex
586 5694 695 5743 ﬁde
725 5693 962 5745 duorum
994 5699 1246 5747 veterum
1274 5698 1559 5762 librorum,
1589 5703 1644 5750 et
1679 5700 1811 5764 quia
1908 5694 2205 5750 lectionem
2235 5696 2757 5761 manuscriptorum.

158 5765 237 5817 sic
268 5766 485 5833 legitur
520 5766 585 5814 in
612 5765 787 5828 capite
811 5778 914 5816 XIII
938 5763 1065 5816 libri
1103 5767 1384 5832 Sapientiae
1421 5774 1477 5821 et
1517 5769 1666 5835 apud
1714 5771 1807 5835 ip-

497 5852 777 5934 PAraOL.
826 5854 931 5925 IV.
3170 5857 3247 5921 92
