  <div class='ocr_page' id='page_1' title='image "/cluster/home/n/w/nwhite01/storage/ocr_20150623/4/hvd.32044073549446/347.png"; bbox 0 0 3998 6194; ppageno 0'>
   <div class='ocr_carea' id='block_1_1' title="bbox 486 309 599 363">
    <p class='ocr_par' dir='ltr' id='par_1_1' title="bbox 486 309 599 363">
     <span class='ocr_line' id='line_1_1' title="bbox 486 309 599 363; baseline -0.018 0"><span class='ocrx_word' id='word_1_1' title='bbox 486 309 599 363; x_wconf 87' lang='lat'>683</span> 
     </span>
    </p>
   </div>
   <div class='ocr_carea' id='block_1_2' title="bbox 1413 275 3810 352">
    <p class='ocr_par' dir='ltr' id='par_1_2' title="bbox 1413 275 3810 352">
     <span class='ocr_line' id='line_1_2' title="bbox 1413 275 3810 352; baseline -0.011 0"><span class='ocrx_word' id='word_1_2' title='bbox 1413 297 1466 352; x_wconf 90' lang='lat' dir='ltr'>S.</span> <span class='ocrx_word' id='word_1_3' title='bbox 1510 292 1826 350; x_wconf 83' lang='lat' dir='ltr'>CYPRIANI</span> <span class='ocrx_word' id='word_1_4' title='bbox 1867 290 2141 347; x_wconf 82' lang='lat' dir='ltr'>OPERUM</span> <span class='ocrx_word' id='word_1_5' title='bbox 2183 283 2354 342; x_wconf 80' lang='lat' dir='ltr'>PARS</span> <span class='ocrx_word' id='word_1_6' title='bbox 2395 283 2457 336; x_wconf 87' lang='lat' dir='ltr'>II.</span> <span class='ocrx_word' id='word_1_7' title='bbox 2490 311 2558 320; x_wconf 97' lang='lat'><em>—</em></span> <span class='ocrx_word' id='word_1_8' title='bbox 2585 277 2953 336; x_wconf 84' lang='lat' dir='ltr'>OPUSCULA.</span> <span class='ocrx_word' id='word_1_9' title='bbox 3723 275 3810 327; x_wconf 63' lang='lat'>684</span> 
     </span>
    </p>
   </div>
   <div class='ocr_carea' id='block_1_3' title="bbox 495 393 3813 502">
    <p class='ocr_par' dir='ltr' id='par_1_3' title="bbox 495 393 3813 502">
     <span class='ocr_line' id='line_1_3' title="bbox 495 393 3813 502; baseline -0.011 -16"><span class='ocrx_word' id='word_1_10' title='bbox 495 429 716 502; x_wconf 74' lang='lat' dir='ltr'>(Emod.,</span> <span class='ocrx_word' id='word_1_11' title='bbox 746 443 819 491; x_wconf 75' lang='lat' dir='ltr'>vr,</span> <span class='ocrx_word' id='word_1_12' title='bbox 863 423 971 495; x_wconf 86' lang='grc'>13).</span> <span class='ocrx_word' id='word_1_13' title='bbox 1018 424 1155 478; x_wconf 89' lang='lat' dir='ltr'>Item</span> <span class='ocrx_word' id='word_1_14' title='bbox 1189 419 1303 474; x_wconf 90' lang='lat' dir='ltr'>illic</span> <span class='ocrx_word' id='word_1_15' title='bbox 1325 421 1371 454; x_wconf 73' lang='grc'>³⁸</span> <span class='ocrx_word' id='word_1_16' title='bbox 1404 439 1415 474; x_wconf 88' lang='grc'>;</span> <span class='ocrx_word' id='word_1_17' title='bbox 1448 442 1475 468; x_wconf 87' lang='grc'><strong>‹‹</strong></span> <span class='ocrx_word' id='word_1_18' title='bbox 1523 418 1742 476; x_wconf 86' lang='lat' dir='ltr'>Videte.</span> <span class='ocrx_word' id='word_1_19' title='bbox 1777 415 1964 469; x_wconf 80' lang='lat' dir='ltr'>videte</span> <span class='ocrx_word' id='word_1_20' title='bbox 1993 412 2126 484; x_wconf 86' lang='lat' dir='ltr'>quia</span> <span class='ocrx_word' id='word_1_21' title='bbox 2148 409 2350 496; x_wconf 58' lang='lat' dir='ltr'>AC“).</span> <span class='ocrx_word' id='word_1_22' title='bbox 2404 407 2492 459; x_wconf 92' lang='lat' dir='ltr'>IV.</span> <span class='ocrx_word' id='word_1_23' title='bbox 2540 434 2608 442; x_wconf 91' lang='lat'>-—</span> <span class='ocrx_word' id='word_1_24' title='bbox 2636 405 2753 458; x_wconf 87' lang='lat' dir='ltr'>Non</span> <span class='ocrx_word' id='word_1_25' title='bbox 2781 401 2946 467; x_wconf 80' lang='lat' dir='ltr'>facile</span> <span class='ocrx_word' id='word_1_26' title='bbox 2995 400 3261 465; x_wconf 75' lang='lat' dir='ltr'>ignoscere</span> <span class='ocrx_word' id='word_1_27' title='bbox 3310 395 3470 448; x_wconf 84' lang='lat' dir='ltr'>Deum</span> <span class='ocrx_word' id='word_1_28' title='bbox 3519 393 3813 448; x_wconf 79' lang='lat' dir='ltr'>idololatris.</span> 
     </span>
    </p>
   </div>
   <div class='ocr_carea' id='block_1_4' title="bbox 485 508 2113 594">
    <p class='ocr_par' dir='ltr' id='par_1_4' title="bbox 485 508 2113 594">
     <span class='ocr_line' id='line_1_4' title="bbox 485 508 2113 594; baseline -0.011 -16"><span class='ocrx_word' id='word_1_29' title='bbox 485 540 592 594; x_wconf 91' lang='lat' dir='ltr'>ego</span> <span class='ocrx_word' id='word_1_30' title='bbox 615 537 740 575; x_wconf 89' lang='lat' dir='ltr'>sum</span> <span class='ocrx_word' id='word_1_31' title='bbox 768 521 836 586; x_wconf 70' lang='lat'>37,</span> <span class='ocrx_word' id='word_1_32' title='bbox 869 522 927 572; x_wconf 91' lang='lat' dir='ltr'>et</span> <span class='ocrx_word' id='word_1_33' title='bbox 954 534 1067 570; x_wconf 92' lang='lat' dir='ltr'>non</span> <span class='ocrx_word' id='word_1_34' title='bbox 1101 519 1187 569; x_wconf 91' lang='lat' dir='ltr'>est</span> <span class='ocrx_word' id='word_1_35' title='bbox 1225 516 1370 568; x_wconf 86' lang='lat' dir='ltr'>Deus</span> <span class='ocrx_word' id='word_1_36' title='bbox 1398 516 1606 584; x_wconf 55' lang='lat' dir='ltr'>praeter</span> <span class='ocrx_word' id='word_1_37' title='bbox 1655 527 1766 564; x_wconf 90' lang='lat' dir='ltr'>me.</span> <span class='ocrx_word' id='word_1_38' title='bbox 1801 511 1918 578; x_wconf 86' lang='lat' dir='ltr'>Ego</span> <span class='ocrx_word' id='word_1_39' title='bbox 1968 508 2113 562; x_wconf 88' lang='lat' dir='ltr'>inte-</span> 
     </span>
    </p>
   </div>
   <div class='ocr_carea' id='block_1_5' title="bbox 488 601 2117 678">
    <p class='ocr_par' dir='ltr' id='par_1_5' title="bbox 488 601 2117 678">
     <span class='ocr_line' id='line_1_5' title="bbox 488 601 2117 678; baseline -0.01 -8"><span class='ocrx_word' id='word_1_40' title='bbox 488 618 698 671; x_wconf 84' lang='lat' dir='ltr'>rimam</span> <span class='ocrx_word' id='word_1_41' title='bbox 723 614 769 648; x_wconf 83' lang='grc'><strong>³⁸</strong></span> <span class='ocrx_word' id='word_1_42' title='bbox 798 618 856 666; x_wconf 90' lang='lat' dir='ltr'>et</span> <span class='ocrx_word' id='word_1_43' title='bbox 874 611 1057 664; x_wconf 85' lang='lat' dir='ltr'>vivere</span> <span class='ocrx_word' id='word_1_44' title='bbox 1085 609 1306 673; x_wconf 82' lang='lat' dir='ltr'>faciam,</span> <span class='ocrx_word' id='word_1_45' title='bbox 1332 605 1645 678; x_wconf 86' lang='lat' dir='ltr'>percutiam</span> <span class='ocrx_word' id='word_1_46' title='bbox 1676 607 1734 657; x_wconf 90' lang='lat' dir='ltr'>et</span> <span class='ocrx_word' id='word_1_47' title='bbox 1761 619 1864 673; x_wconf 86' lang='lat' dir='ltr'>ego</span> <span class='ocrx_word' id='word_1_48' title='bbox 1888 601 2117 666; x_wconf 86' lang='lat' dir='ltr'>sanabo,</span> 
     </span>
    </p>
   </div>
   <div class='ocr_carea' id='block_1_6' title="bbox 488 697 2117 777">
    <p class='ocr_par' dir='ltr' id='par_1_6' title="bbox 488 697 2117 777">
     <span class='ocr_line' id='line_1_6' title="bbox 488 697 2117 777; baseline -0.011 -14"><span class='ocrx_word' id='word_1_49' title='bbox 488 716 542 763; x_wconf 92' lang='lat' dir='ltr'>et</span> <span class='ocrx_word' id='word_1_50' title='bbox 571 724 685 762; x_wconf 89' lang='lat' dir='ltr'>non</span> <span class='ocrx_word' id='word_1_51' title='bbox 714 707 922 777; x_wconf 89' lang='lat' dir='ltr'>estqui</span> <span class='ocrx_word' id='word_1_52' title='bbox 970 703 1171 774; x_wconf 81' lang='lat' dir='ltr'>eripiat</span> <span class='ocrx_word' id='word_1_53' title='bbox 1203 701 1274 755; x_wconf 91' lang='lat' dir='ltr'>de</span> <span class='ocrx_word' id='word_1_54' title='bbox 1311 699 1581 755; x_wconf 86' lang='lat' dir='ltr'>manibus</span> <span class='ocrx_word' id='word_1_55' title='bbox 1623 697 1764 751; x_wconf 90' lang='lat' dir='ltr'>meis</span> <span class='ocrx_word' id='word_1_56' title='bbox 1786 697 1827 730; x_wconf 71' lang='grc'>³9</span> <span class='ocrx_word' id='word_1_57' title='bbox 1861 717 1886 745; x_wconf 87' lang='grc'><strong>››</strong></span> <span class='ocrx_word' id='word_1_58' title='bbox 1920 697 2117 765; x_wconf 86' lang='lat' dir='ltr'>(Deut.,</span> 
     </span>
    </p>
   </div>
   <div class='ocr_carea' id='block_1_7' title="bbox 489 787 2120 868">
    <p class='ocr_par' dir='ltr' id='par_1_7' title="bbox 489 787 2120 868">
     <span class='ocr_line' id='line_1_7' title="bbox 489 787 2120 868; baseline -0.012 -11"><span class='ocrx_word' id='word_1_59' title='bbox 489 818 657 868; x_wconf 62' lang='grc' dir='ltr'>χχχιι,</span> <span class='ocrx_word' id='word_1_60' title='bbox 702 799 815 868; x_wconf 86' lang='grc'>39).</span> <span class='ocrx_word' id='word_1_61' title='bbox 867 800 1006 852; x_wconf 91' lang='lat' dir='ltr'>Item</span> <span class='ocrx_word' id='word_1_62' title='bbox 1057 798 1115 850; x_wconf 90' lang='lat' dir='ltr'>in</span> <span class='ocrx_word' id='word_1_63' title='bbox 1161 793 1496 865; x_wconf 82' lang='lat' dir='ltr'>Apocalypsi</span> <span class='ocrx_word' id='word_1_64' title='bbox 1551 809 1561 844; x_wconf 91' lang='lat'>:</span> <span class='ocrx_word' id='word_1_65' title='bbox 1620 813 1646 840; x_wconf 90' lang='grc'>‹‹</span> <span class='ocrx_word' id='word_1_66' title='bbox 1692 791 1759 843; x_wconf 83' lang='grc' dir='ltr'>Ει</span> <span class='ocrx_word' id='word_1_67' title='bbox 1800 789 1911 842; x_wconf 85' lang='lat' dir='ltr'>vidi</span> <span class='ocrx_word' id='word_1_68' title='bbox 1945 787 2120 841; x_wconf 80' lang='lat' dir='ltr'>alium</span> 
     </span>
    </p>
   </div>
   <div class='ocr_carea' id='block_1_8' title="bbox 490 880 2120 965">
    <p class='ocr_par' dir='ltr' id='par_1_8' title="bbox 490 880 2120 965">
     <span class='ocr_line' id='line_1_8' title="bbox 490 880 2120 965; baseline -0.011 -15"><span class='ocrx_word' id='word_1_69' title='bbox 490 895 762 965; x_wconf 82' lang='lat' dir='ltr'>angelum</span> <span class='ocrx_word' id='word_1_70' title='bbox 793 893 1080 946; x_wconf 83' lang='lat' dir='ltr'>volantem</span> <span class='ocrx_word' id='word_1_71' title='bbox 1104 890 1161 943; x_wconf 89' lang='lat' dir='ltr'>in</span> <span class='ocrx_word' id='word_1_72' title='bbox 1192 888 1382 942; x_wconf 90' lang='lat' dir='ltr'>medio</span> <span class='ocrx_word' id='word_1_73' title='bbox 1411 886 1570 951; x_wconf 74' lang='lat' dir='ltr'>coelo,</span> <span class='ocrx_word' id='word_1_74' title='bbox 1605 883 1912 938; x_wconf 85' lang='lat' dir='ltr'>habentem</span> <span class='ocrx_word' id='word_1_75' title='bbox 1937 880 2120 936; x_wconf 88' lang='lat' dir='ltr'>Evan-</span> 
     </span>
    </p>
   </div>
   <div class='ocr_carea' id='block_1_9' title="bbox 491 979 2120 1061">
    <p class='ocr_par' dir='ltr' id='par_1_9' title="bbox 491 979 2120 1061">
     <span class='ocr_line' id='line_1_9' title="bbox 491 979 2120 1061; baseline -0.01 -18"><span class='ocrx_word' id='word_1_76' title='bbox 491 989 708 1061; x_wconf 87' lang='lat' dir='ltr'>gelium</span> <span class='ocrx_word' id='word_1_77' title='bbox 754 992 1054 1051; x_wconf 68' lang='lat' dir='ltr'>aeternum,</span> <span class='ocrx_word' id='word_1_78' title='bbox 1104 989 1168 1037; x_wconf 89' lang='lat' dir='ltr'>ut</span> <span class='ocrx_word' id='word_1_79' title='bbox 1193 981 1561 1036; x_wconf 87' lang='lat' dir='ltr'>annuntiaret</span> <span class='ocrx_word' id='word_1_80' title='bbox 1606 993 1777 1047; x_wconf 82' lang='lat' dir='ltr'>super</span> <span class='ocrx_word' id='word_1_81' title='bbox 1807 979 2022 1028; x_wconf 88' lang='lat' dir='ltr'>terram</span> <span class='ocrx_word' id='word_1_82' title='bbox 2065 979 2120 1027; x_wconf 90' lang='lat' dir='ltr'>et</span> 
     </span>
    </p>
   </div>
   <div class='ocr_carea' id='block_1_10' title="bbox 490 1071 2119 1152">
    <p class='ocr_par' dir='ltr' id='par_1_10' title="bbox 490 1071 2119 1152">
     <span class='ocr_line' id='line_1_10' title="bbox 490 1071 2119 1152; baseline -0.011 -15"><span class='ocrx_word' id='word_1_83' title='bbox 490 1098 660 1152; x_wconf 89' lang='lat' dir='ltr'>super</span> <span class='ocrx_word' id='word_1_84' title='bbox 689 1096 895 1134; x_wconf 90' lang='lat' dir='ltr'>omnes</span> <span class='ocrx_word' id='word_1_85' title='bbox 929 1077 1187 1132; x_wconf 88' lang='lat' dir='ltr'>nationes</span> <span class='ocrx_word' id='word_1_86' title='bbox 1211 1076 1258 1110; x_wconf 69' lang='grc' dir='ltr'>⁵ο</span> <span class='ocrx_word' id='word_1_87' title='bbox 1285 1077 1343 1128; x_wconf 91' lang='lat' dir='ltr'>et</span> <span class='ocrx_word' id='word_1_88' title='bbox 1373 1073 1554 1127; x_wconf 85' lang='lat' dir='ltr'>tribus</span> <span class='ocrx_word' id='word_1_89' title='bbox 1581 1076 1639 1125; x_wconf 90' lang='lat' dir='ltr'>et</span> <span class='ocrx_word' id='word_1_90' title='bbox 1665 1071 1892 1139; x_wconf 89' lang='lat' dir='ltr'>linguas</span> <span class='ocrx_word' id='word_1_91' title='bbox 1938 1071 1994 1121; x_wconf 90' lang='lat' dir='ltr'>et</span> <span class='ocrx_word' id='word_1_92' title='bbox 2021 1082 2119 1138; x_wconf 93' lang='lat' dir='ltr'>po-</span> 
     </span>
    </p>
   </div>
   <div class='ocr_carea' id='block_1_11' title="bbox 489 1161 2124 1247">
    <p class='ocr_par' dir='ltr' id='par_1_11' title="bbox 489 1161 2124 1247">
     <span class='ocr_line' id='line_1_11' title="bbox 489 1161 2124 1247; baseline -0.01 -18"><span class='ocrx_word' id='word_1_93' title='bbox 489 1176 675 1247; x_wconf 84' lang='lat' dir='ltr'>pulos,</span> <span class='ocrx_word' id='word_1_94' title='bbox 725 1173 1004 1227; x_wconf 87' lang='lat' dir='ltr'>dicentem</span> <span class='ocrx_word' id='word_1_95' title='bbox 1052 1185 1186 1224; x_wconf 85' lang='lat' dir='ltr'>voce</span> <span class='ocrx_word' id='word_1_96' title='bbox 1237 1183 1449 1236; x_wconf 84' lang='lat' dir='ltr'>magna</span> <span class='ocrx_word' id='word_1_97' title='bbox 1515 1183 1527 1217; x_wconf 91' lang='lat'>:</span> <span class='ocrx_word' id='word_1_98' title='bbox 1574 1185 1600 1215; x_wconf 88' lang='grc'>‹‹</span> <span class='ocrx_word' id='word_1_99' title='bbox 1652 1163 1879 1219; x_wconf 79' lang='lat' dir='ltr'>Metuite</span> <span class='ocrx_word' id='word_1_100' title='bbox 1933 1161 2124 1231; x_wconf 90' lang='lat' dir='ltr'>potius</span> 
     </span>
    </p>
   </div>
   <div class='ocr_carea' id='block_1_12' title="bbox 495 1254 2125 1336">
    <p class='ocr_par' dir='ltr' id='par_1_12' title="bbox 495 1254 2125 1336">
     <span class='ocr_line' id='line_1_12' title="bbox 495 1254 2125 1336; baseline -0.011 -13"><span class='ocrx_word' id='word_1_101' title='bbox 495 1271 671 1321; x_wconf 88' lang='lat' dir='ltr'>Deum</span> <span class='ocrx_word' id='word_1_102' title='bbox 697 1269 742 1302; x_wconf 77' lang='grc'>⁴¹</span> <span class='ocrx_word' id='word_1_103' title='bbox 777 1265 910 1336; x_wconf 81' lang='grc'>(10),</span> <span class='ocrx_word' id='word_1_104' title='bbox 944 1270 1000 1318; x_wconf 90' lang='lat' dir='ltr'>et</span> <span class='ocrx_word' id='word_1_105' title='bbox 1025 1264 1156 1318; x_wconf 88' lang='lat' dir='ltr'>date</span> <span class='ocrx_word' id='word_1_106' title='bbox 1189 1261 1268 1314; x_wconf 90' lang='lat' dir='ltr'>illi</span> <span class='ocrx_word' id='word_1_107' title='bbox 1298 1261 1643 1324; x_wconf 82' lang='lat' dir='ltr'>claritatem,</span> <span class='ocrx_word' id='word_1_108' title='bbox 1673 1256 1943 1328; x_wconf 88' lang='lat' dir='ltr'>quoniam</span> <span class='ocrx_word' id='word_1_109' title='bbox 1972 1254 2125 1307; x_wconf 85' lang='lat' dir='ltr'>venit</span> 
     </span>
    </p>
   </div>
   <div class='ocr_carea' id='block_1_13' title="bbox 497 1347 2122 1431">
    <p class='ocr_par' dir='ltr' id='par_1_13' title="bbox 497 1347 2122 1431">
     <span class='ocr_line' id='line_1_13' title="bbox 497 1347 2122 1431; baseline -0.01 -16"><span class='ocrx_word' id='word_1_110' title='bbox 497 1362 638 1415; x_wconf 88' lang='lat' dir='ltr'>hora</span> <span class='ocrx_word' id='word_1_111' title='bbox 661 1360 864 1431; x_wconf 90' lang='lat' dir='ltr'>judicii</span> <span class='ocrx_word' id='word_1_112' title='bbox 898 1359 1052 1428; x_wconf 85' lang='lat' dir='ltr'>ejus;</span> <span class='ocrx_word' id='word_1_113' title='bbox 1089 1359 1146 1409; x_wconf 89' lang='lat' dir='ltr'>et</span> <span class='ocrx_word' id='word_1_114' title='bbox 1170 1355 1403 1408; x_wconf 86' lang='lat' dir='ltr'>adorate</span> <span class='ocrx_word' id='word_1_115' title='bbox 1448 1368 1579 1405; x_wconf 88' lang='lat' dir='ltr'>eum</span> <span class='ocrx_word' id='word_1_116' title='bbox 1619 1350 1716 1421; x_wconf 85' lang='lat' dir='ltr'>qui</span> <span class='ocrx_word' id='word_1_117' title='bbox 1754 1349 1884 1404; x_wconf 89' lang='lat' dir='ltr'>fecit</span> <span class='ocrx_word' id='word_1_118' title='bbox 1921 1347 2122 1401; x_wconf 59' lang='lat' dir='ltr'>coelum</span> 
     </span>
    </p>
   </div>
   <div class='ocr_carea' id='block_1_14' title="bbox 499 1442 2122 1516">
    <p class='ocr_par' dir='ltr' id='par_1_14' title="bbox 499 1442 2122 1516">
     <span class='ocr_line' id='line_1_14' title="bbox 499 1442 2122 1516; baseline -0.01 -7"><span class='ocrx_word' id='word_1_119' title='bbox 499 1462 556 1509; x_wconf 91' lang='lat' dir='ltr'>et</span> <span class='ocrx_word' id='word_1_120' title='bbox 582 1461 788 1508; x_wconf 88' lang='lat' dir='ltr'>terram</span> <span class='ocrx_word' id='word_1_121' title='bbox 820 1458 876 1506; x_wconf 91' lang='lat' dir='ltr'>et</span> <span class='ocrx_word' id='word_1_122' title='bbox 905 1467 1060 1504; x_wconf 88' lang='lat' dir='ltr'>mare</span> <span class='ocrx_word' id='word_1_123' title='bbox 1091 1451 1150 1502; x_wconf 91' lang='lat' dir='ltr'>et</span> <span class='ocrx_word' id='word_1_124' title='bbox 1177 1447 1373 1502; x_wconf 86' lang='lat' dir='ltr'>omnia</span> <span class='ocrx_word' id='word_1_125' title='bbox 1399 1462 1526 1516; x_wconf 76' lang='lat' dir='ltr'>quae</span> <span class='ocrx_word' id='word_1_126' title='bbox 1556 1445 1611 1498; x_wconf 92' lang='lat' dir='ltr'>in</span> <span class='ocrx_word' id='word_1_127' title='bbox 1635 1445 1718 1497; x_wconf 88' lang='lat' dir='ltr'>eis</span> <span class='ocrx_word' id='word_1_128' title='bbox 1735 1449 1864 1497; x_wconf 91' lang='lat' dir='ltr'>sunt</span> <span class='ocrx_word' id='word_1_129' title='bbox 1886 1464 1911 1491; x_wconf 92' lang='grc'>››</span> <span class='ocrx_word' id='word_1_130' title='bbox 1937 1442 2122 1511; x_wconf 77' lang='lat' dir='ltr'>(Apoc.</span> 
     </span>
    </p>
   </div>
   <div class='ocr_carea' id='block_1_15' title="bbox 498 1538 2125 1614">
    <p class='ocr_par' dir='ltr' id='par_1_15' title="bbox 498 1538 2125 1614">
     <span class='ocr_line' id='line_1_15' title="bbox 498 1538 2125 1614; baseline -0.01 -12"><span class='ocrx_word' id='word_1_131' title='bbox 498 1565 607 1612; x_wconf 77' lang='lat' dir='ltr'>xvr,</span> <span class='ocrx_word' id='word_1_132' title='bbox 642 1554 693 1613; x_wconf 84' lang='grc'>6,</span> <span class='ocrx_word' id='word_1_133' title='bbox 743 1546 820 1614; x_wconf 85' lang='grc'>7).</span> <span class='ocrx_word' id='word_1_134' title='bbox 852 1545 943 1599; x_wconf 88' lang='lat' dir='ltr'>Sic</span> <span class='ocrx_word' id='word_1_135' title='bbox 973 1546 1028 1596; x_wconf 89' lang='lat' dir='ltr'>et</span> <span class='ocrx_word' id='word_1_136' title='bbox 1060 1541 1330 1596; x_wconf 90' lang='lat' dir='ltr'>Dominus</span> <span class='ocrx_word' id='word_1_137' title='bbox 1361 1540 1417 1592; x_wconf 91' lang='lat' dir='ltr'>in</span> <span class='ocrx_word' id='word_1_138' title='bbox 1447 1538 1747 1608; x_wconf 86' lang='lat' dir='ltr'>Evangelio</span> <span class='ocrx_word' id='word_1_139' title='bbox 1773 1550 2125 1589; x_wconf 86' lang='lat' dir='ltr'>commemo-</span> 
     </span>
    </p>
   </div>
   <div class='ocr_carea' id='block_1_16' title="bbox 497 1629 2124 1707">
    <p class='ocr_par' dir='ltr' id='par_1_16' title="bbox 497 1629 2124 1707">
     <span class='ocr_line' id='line_1_16' title="bbox 497 1629 2124 1707; baseline -0.01 -11"><span class='ocrx_word' id='word_1_140' title='bbox 497 1641 777 1696; x_wconf 83' lang='lat' dir='ltr'>rationem</span> <span class='ocrx_word' id='word_1_141' title='bbox 821 1637 956 1691; x_wconf 86' lang='lat' dir='ltr'>facit</span> <span class='ocrx_word' id='word_1_142' title='bbox 997 1635 1169 1707; x_wconf 88' lang='lat' dir='ltr'>primi</span> <span class='ocrx_word' id='word_1_143' title='bbox 1201 1638 1258 1688; x_wconf 88' lang='lat' dir='ltr'>et</span> <span class='ocrx_word' id='word_1_144' title='bbox 1302 1632 1537 1686; x_wconf 89' lang='lat' dir='ltr'>secundi</span> <span class='ocrx_word' id='word_1_145' title='bbox 1586 1630 1862 1701; x_wconf 77' lang='lat' dir='ltr'>praecepti</span> <span class='ocrx_word' id='word_1_146' title='bbox 1891 1629 2124 1681; x_wconf 91' lang='lat' dir='ltr'>dicens:</span> 
     </span>
    </p>
   </div>
   <div class='ocr_carea' id='block_1_17' title="bbox 503 1725 2125 1800">
    <p class='ocr_par' dir='ltr' id='par_1_17' title="bbox 503 1725 2125 1800">
     <span class='ocr_line' id='line_1_17' title="bbox 503 1725 2125 1800; baseline -0.009 -12"><span class='ocrx_word' id='word_1_147' title='bbox 503 1755 530 1784; x_wconf 89' lang='grc'>‹‹</span> <span class='ocrx_word' id='word_1_148' title='bbox 559 1733 724 1800; x_wconf 84' lang='lat' dir='ltr'>Audi,</span> <span class='ocrx_word' id='word_1_149' title='bbox 751 1731 916 1785; x_wconf 90' lang='lat' dir='ltr'>Israel</span> <span class='ocrx_word' id='word_1_150' title='bbox 949 1747 962 1784; x_wconf 90' lang='lat'><strong>:</strong></span> <span class='ocrx_word' id='word_1_151' title='bbox 993 1729 1272 1784; x_wconf 90' lang='lat' dir='ltr'>Dominus</span> <span class='ocrx_word' id='word_1_152' title='bbox 1291 1728 1440 1781; x_wconf 89' lang='lat' dir='ltr'>Deus</span> <span class='ocrx_word' id='word_1_153' title='bbox 1467 1730 1596 1778; x_wconf 89' lang='lat' dir='ltr'>tuus</span> <span class='ocrx_word' id='word_1_154' title='bbox 1619 1725 1760 1778; x_wconf 90' lang='lat' dir='ltr'>Deus</span> <span class='ocrx_word' id='word_1_155' title='bbox 1789 1739 1931 1776; x_wconf 88' lang='lat' dir='ltr'>unus</span> <span class='ocrx_word' id='word_1_156' title='bbox 1952 1728 2036 1775; x_wconf 90' lang='lat' dir='ltr'>est</span> <span class='ocrx_word' id='word_1_157' title='bbox 2061 1737 2073 1787; x_wconf 89' lang='lat'><strong>;</strong></span> <span class='ocrx_word' id='word_1_158' title='bbox 2100 1743 2125 1768; x_wconf 87' lang='grc'><strong>››</strong></span> 
     </span>
    </p>
   </div>
   <div class='ocr_carea' id='block_1_18' title="bbox 2292 495 3815 580">
    <p class='ocr_par' dir='ltr' id='par_1_18' title="bbox 2292 495 3815 580">
     <span class='ocr_line' id='line_1_18' title="bbox 2292 495 3815 580; baseline -0.008 -18"><span class='ocrx_word' id='word_1_159' title='bbox 2292 513 2505 580; x_wconf 79' lang='lat' dir='ltr'>Moyses</span> <span class='ocrx_word' id='word_1_160' title='bbox 2535 507 2591 560; x_wconf 90' lang='lat' dir='ltr'>in</span> <span class='ocrx_word' id='word_1_161' title='bbox 2623 503 2810 560; x_wconf 76' lang='lat' dir='ltr'>Exodo</span> <span class='ocrx_word' id='word_1_162' title='bbox 2839 518 2938 573; x_wconf 89' lang='lat' dir='ltr'>pro</span> <span class='ocrx_word' id='word_1_163' title='bbox 2965 499 3178 572; x_wconf 86' lang='lat' dir='ltr'>populo</span> <span class='ocrx_word' id='word_1_164' title='bbox 3213 501 3392 567; x_wconf 81' lang='lat' dir='ltr'>rogat,</span> <span class='ocrx_word' id='word_1_165' title='bbox 3423 511 3523 548; x_wconf 90' lang='lat' dir='ltr'>nec</span> <span class='ocrx_word' id='word_1_166' title='bbox 3552 495 3815 564; x_wconf 86' lang='lat' dir='ltr'>impetrat.</span> 
     </span>
    </p>
   </div>
   <div class='ocr_carea' id='block_1_19' title="bbox 2224 589 3817 669">
    <p class='ocr_par' dir='ltr' id='par_1_19' title="bbox 2224 589 3817 669">
     <span class='ocr_line' id='line_1_19' title="bbox 2224 589 3817 669; baseline -0.009 -13"><span class='ocrx_word' id='word_1_167' title='bbox 2224 627 2251 656; x_wconf 82' lang='lat'>«</span> <span class='ocrx_word' id='word_1_168' title='bbox 2295 608 2518 669; x_wconf 77' lang='lat' dir='ltr'>Precor,</span> <span class='ocrx_word' id='word_1_169' title='bbox 2553 601 2654 664; x_wconf 87' lang='lat' dir='ltr'>ait,</span> <span class='ocrx_word' id='word_1_170' title='bbox 2709 597 2972 661; x_wconf 86' lang='lat' dir='ltr'>Domine,</span> <span class='ocrx_word' id='word_1_171' title='bbox 3021 593 3256 662; x_wconf 87' lang='lat' dir='ltr'>deliquit</span> <span class='ocrx_word' id='word_1_172' title='bbox 3290 589 3525 660; x_wconf 84' lang='lat' dir='ltr'>populus</span> <span class='ocrx_word' id='word_1_173' title='bbox 3553 589 3637 642; x_wconf 91' lang='lat' dir='ltr'>hic</span> <span class='ocrx_word' id='word_1_174' title='bbox 3665 589 3817 643; x_wconf 82' lang='lat' dir='ltr'>delic-</span> 
     </span>
    </p>
   </div>
   <div class='ocr_carea' id='block_1_20' title="bbox 2219 682 3814 767">
    <p class='ocr_par' dir='ltr' id='par_1_20' title="bbox 2219 682 3814 767">
     <span class='ocr_line' id='line_1_20' title="bbox 2219 682 3814 767; baseline -0.013 -14"><span class='ocrx_word' id='word_1_175' title='bbox 2219 704 2344 754; x_wconf 81' lang='lat' dir='ltr'>tum</span> <span class='ocrx_word' id='word_1_176' title='bbox 2404 695 2638 767; x_wconf 82' lang='lat' dir='ltr'>grande.</span> <span class='ocrx_word' id='word_1_177' title='bbox 2721 693 2999 746; x_wconf 83' lang='lat' dir='ltr'>Fecerunt</span> <span class='ocrx_word' id='word_1_178' title='bbox 3047 685 3153 740; x_wconf 83' lang='lat' dir='ltr'>sibi</span> <span class='ocrx_word' id='word_1_179' title='bbox 3209 685 3343 738; x_wconf 90' lang='lat' dir='ltr'>deos</span> <span class='ocrx_word' id='word_1_180' title='bbox 3397 697 3590 736; x_wconf 88' lang='lat' dir='ltr'>aureos</span> <span class='ocrx_word' id='word_1_181' title='bbox 3611 682 3656 715; x_wconf 76' lang='grc'>⁸⁸</span> <span class='ocrx_word' id='word_1_182' title='bbox 3708 683 3814 748; x_wconf 79' lang='grc'>(11).</span> 
     </span>
    </p>
   </div>
   <div class='ocr_carea' id='block_1_21' title="bbox 2222 775 3816 849">
    <p class='ocr_par' dir='ltr' id='par_1_21' title="bbox 2222 775 3816 849">
     <span class='ocr_line' id='line_1_21' title="bbox 2222 775 3816 849; baseline -0.013 -2"><span class='ocrx_word' id='word_1_183' title='bbox 2222 796 2289 849; x_wconf 89' lang='lat' dir='ltr'>Et</span> <span class='ocrx_word' id='word_1_184' title='bbox 2317 807 2468 845; x_wconf 91' lang='lat' dir='ltr'>nunc</span> <span class='ocrx_word' id='word_1_185' title='bbox 2499 789 2544 842; x_wconf 88' lang='lat' dir='ltr'>si</span> <span class='ocrx_word' id='word_1_186' title='bbox 2587 785 2834 841; x_wconf 84' lang='lat' dir='ltr'>dimittis</span> <span class='ocrx_word' id='word_1_187' title='bbox 2864 782 2973 836; x_wconf 88' lang='lat' dir='ltr'>illis</span> <span class='ocrx_word' id='word_1_188' title='bbox 3005 781 3302 845; x_wconf 90' lang='lat' dir='ltr'>delictum,</span> <span class='ocrx_word' id='word_1_189' title='bbox 3334 775 3572 830; x_wconf 90' lang='lat' dir='ltr'>dimitte.</span> <span class='ocrx_word' id='word_1_190' title='bbox 3618 775 3706 829; x_wconf 92' lang='lat' dir='ltr'>Sin</span> <span class='ocrx_word' id='word_1_191' title='bbox 3729 792 3816 828; x_wconf 89' lang='lat' dir='ltr'>au-</span> 
     </span>
    </p>
   </div>
   <div class='ocr_carea' id='block_1_22' title="bbox 2222 869 3818 954">
    <p class='ocr_par' dir='ltr' id='par_1_22' title="bbox 2222 869 3818 954">
     <span class='ocr_line' id='line_1_22' title="bbox 2222 869 3818 954; baseline -0.013 -13"><span class='ocrx_word' id='word_1_192' title='bbox 2222 891 2359 954; x_wconf 84' lang='lat' dir='ltr'>tem,</span> <span class='ocrx_word' id='word_1_193' title='bbox 2393 884 2518 938; x_wconf 90' lang='lat' dir='ltr'>dele</span> <span class='ocrx_word' id='word_1_194' title='bbox 2549 897 2642 936; x_wconf 90' lang='lat' dir='ltr'>me</span> <span class='ocrx_word' id='word_1_195' title='bbox 2671 880 2742 933; x_wconf 90' lang='lat' dir='ltr'>de</span> <span class='ocrx_word' id='word_1_196' title='bbox 2770 879 2915 931; x_wconf 90' lang='lat' dir='ltr'>libro</span> <span class='ocrx_word' id='word_1_197' title='bbox 2944 891 3113 946; x_wconf 89' lang='lat' dir='ltr'>quem</span> <span class='ocrx_word' id='word_1_198' title='bbox 3155 869 3449 941; x_wconf 80' lang='lat' dir='ltr'>scripsisti.</span> <span class='ocrx_word' id='word_1_199' title='bbox 3483 870 3548 922; x_wconf 88' lang='lat' dir='ltr'>Et</span> <span class='ocrx_word' id='word_1_200' title='bbox 3572 869 3699 921; x_wconf 82' lang='lat' dir='ltr'>dixit</span> <span class='ocrx_word' id='word_1_201' title='bbox 3725 869 3818 922; x_wconf 87' lang='lat' dir='ltr'>Do-</span> 
     </span>
    </p>
   </div>
   <div class='ocr_carea' id='block_1_23' title="bbox 2223 961 3821 1046">
    <p class='ocr_par' dir='ltr' id='par_1_23' title="bbox 2223 961 3821 1046">
     <span class='ocr_line' id='line_1_23' title="bbox 2223 961 3821 1046; baseline -0.013 -12"><span class='ocrx_word' id='word_1_202' title='bbox 2223 980 2416 1036; x_wconf 87' lang='lat' dir='ltr'>minus</span> <span class='ocrx_word' id='word_1_203' title='bbox 2441 977 2510 1031; x_wconf 91' lang='lat' dir='ltr'>ad</span> <span class='ocrx_word' id='word_1_204' title='bbox 2539 977 2760 1046; x_wconf 82' lang='lat' dir='ltr'>Moysen</span> <span class='ocrx_word' id='word_1_205' title='bbox 2789 989 2800 1026; x_wconf 92' lang='lat'>:</span> <span class='ocrx_word' id='word_1_206' title='bbox 2831 971 2886 1025; x_wconf 91' lang='lat' dir='ltr'>Si</span> <span class='ocrx_word' id='word_1_207' title='bbox 2914 968 3040 1040; x_wconf 90' lang='lat' dir='ltr'>quis</span> <span class='ocrx_word' id='word_1_208' title='bbox 3071 965 3312 1036; x_wconf 90' lang='lat' dir='ltr'>deliquit</span> <span class='ocrx_word' id='word_1_209' title='bbox 3331 968 3460 1016; x_wconf 83' lang='lat' dir='ltr'>ante</span> <span class='ocrx_word' id='word_1_210' title='bbox 3490 979 3596 1028; x_wconf 90' lang='lat' dir='ltr'>me,</span> <span class='ocrx_word' id='word_1_211' title='bbox 3626 961 3821 1015; x_wconf 88' lang='lat' dir='ltr'>deleam</span> 
     </span>
    </p>
   </div>
   <div class='ocr_carea' id='block_1_24' title="bbox 2225 1055 3820 1133">
    <p class='ocr_par' dir='ltr' id='par_1_24' title="bbox 2225 1055 3820 1133">
     <span class='ocr_line' id='line_1_24' title="bbox 2225 1055 3820 1133; baseline -0.013 -5"><span class='ocrx_word' id='word_1_212' title='bbox 2225 1089 2355 1128; x_wconf 85' lang='lat' dir='ltr'>eum</span> <span class='ocrx_word' id='word_1_213' title='bbox 2381 1072 2451 1124; x_wconf 92' lang='lat' dir='ltr'>de</span> <span class='ocrx_word' id='word_1_214' title='bbox 2482 1070 2628 1124; x_wconf 91' lang='lat' dir='ltr'>libro</span> <span class='ocrx_word' id='word_1_215' title='bbox 2663 1083 2793 1121; x_wconf 90' lang='lat' dir='ltr'>meo</span> <span class='ocrx_word' id='word_1_216' title='bbox 2825 1087 2852 1114; x_wconf 82' lang='lat'>»</span> <span class='ocrx_word' id='word_1_217' title='bbox 2887 1063 3106 1133; x_wconf 55' lang='lat' dir='ltr'>(Exod,</span> <span class='ocrx_word' id='word_1_218' title='bbox 3130 1076 3296 1124; x_wconf 83' lang='lat' dir='ltr'>xxxu,</span> <span class='ocrx_word' id='word_1_219' title='bbox 3321 1059 3524 1126; x_wconf 80' lang='lat'>31-33).</span> <span class='ocrx_word' id='word_1_220' title='bbox 3552 1055 3684 1110; x_wconf 90' lang='lat' dir='ltr'>Item</span> <span class='ocrx_word' id='word_1_221' title='bbox 3710 1072 3820 1108; x_wconf 85' lang='lat' dir='ltr'>cum</span> 
     </span>
    </p>
   </div>
   <div class='ocr_carea' id='block_1_25' title="bbox 2223 1145 3824 1234">
    <p class='ocr_par' dir='ltr' id='par_1_25' title="bbox 2223 1145 3824 1234">
     <span class='ocr_line' id='line_1_25' title="bbox 2223 1145 3824 1234; baseline -0.012 -12"><span class='ocrx_word' id='word_1_222' title='bbox 2223 1167 2495 1222; x_wconf 89' lang='lat' dir='ltr'>Jeremias</span> <span class='ocrx_word' id='word_1_223' title='bbox 2551 1179 2658 1234; x_wconf 90' lang='lat' dir='ltr'>pro</span> <span class='ocrx_word' id='word_1_224' title='bbox 2727 1159 2938 1231; x_wconf 85' lang='lat' dir='ltr'>populo</span> <span class='ocrx_word' id='word_1_225' title='bbox 2985 1156 3402 1226; x_wconf 87' lang='lat' dir='ltr'>deprecaretur,</span> <span class='ocrx_word' id='word_1_226' title='bbox 3465 1145 3723 1204; x_wconf 77' lang='lat' dir='ltr'>Dominus</span> <span class='ocrx_word' id='word_1_227' title='bbox 3765 1148 3824 1202; x_wconf 91' lang='lat' dir='ltr'>ad</span> 
     </span>
    </p>
   </div>
   <div class='ocr_carea' id='block_1_26' title="bbox 2226 1246 3821 1328">
    <p class='ocr_par' dir='ltr' id='par_1_26' title="bbox 2226 1246 3821 1328">
     <span class='ocr_line' id='line_1_26' title="bbox 2226 1246 3821 1328; baseline -0.013 -13"><span class='ocrx_word' id='word_1_228' title='bbox 2226 1277 2361 1315; x_wconf 87' lang='lat' dir='ltr'>eum</span> <span class='ocrx_word' id='word_1_229' title='bbox 2411 1257 2671 1328; x_wconf 88' lang='lat' dir='ltr'>loquitur</span> <span class='ocrx_word' id='word_1_230' title='bbox 2717 1254 2950 1307; x_wconf 83' lang='lat' dir='ltr'>dicens:</span> <span class='ocrx_word' id='word_1_231' title='bbox 2989 1273 3014 1300; x_wconf 84' lang='grc'><strong>‹‹</strong></span> <span class='ocrx_word' id='word_1_232' title='bbox 3059 1251 3123 1302; x_wconf 84' lang='lat' dir='ltr'>Et</span> <span class='ocrx_word' id='word_1_233' title='bbox 3165 1255 3223 1301; x_wconf 88' lang='lat' dir='ltr'>tu</span> <span class='ocrx_word' id='word_1_234' title='bbox 3253 1246 3366 1300; x_wconf 90' lang='lat' dir='ltr'>noli</span> <span class='ocrx_word' id='word_1_235' title='bbox 3401 1261 3556 1298; x_wconf 82' lang='lat' dir='ltr'>orare</span> <span class='ocrx_word' id='word_1_236' title='bbox 3600 1260 3691 1312; x_wconf 90' lang='lat' dir='ltr'>pro</span> <span class='ocrx_word' id='word_1_237' title='bbox 3738 1259 3821 1311; x_wconf 88' lang='lat' dir='ltr'>po-</span> 
     </span>
    </p>
   </div>
   <div class='ocr_carea' id='block_1_27' title="bbox 2231 1338 3825 1426">
    <p class='ocr_par' dir='ltr' id='par_1_27' title="bbox 2231 1338 3825 1426">
     <span class='ocr_line' id='line_1_27' title="bbox 2231 1338 3825 1426; baseline -0.014 -16"><span class='ocrx_word' id='word_1_238' title='bbox 2231 1355 2369 1426; x_wconf 90' lang='lat' dir='ltr'>pulo</span> <span class='ocrx_word' id='word_1_239' title='bbox 2418 1354 2546 1418; x_wconf 93' lang='lat' dir='ltr'>hoc,</span> <span class='ocrx_word' id='word_1_240' title='bbox 2597 1356 2651 1403; x_wconf 89' lang='lat' dir='ltr'>et</span> <span class='ocrx_word' id='word_1_241' title='bbox 2698 1348 2813 1401; x_wconf 91' lang='lat' dir='ltr'>noli</span> <span class='ocrx_word' id='word_1_242' title='bbox 2845 1345 3129 1416; x_wconf 86' lang='lat' dir='ltr'>postulare</span> <span class='ocrx_word' id='word_1_243' title='bbox 3174 1359 3274 1411; x_wconf 87' lang='lat' dir='ltr'>pro</span> <span class='ocrx_word' id='word_1_244' title='bbox 3320 1340 3452 1409; x_wconf 87' lang='lat' dir='ltr'>ipsis</span> <span class='ocrx_word' id='word_1_245' title='bbox 3498 1338 3557 1391; x_wconf 88' lang='lat' dir='ltr'>in</span> <span class='ocrx_word' id='word_1_246' title='bbox 3607 1351 3754 1407; x_wconf 87' lang='lat' dir='ltr'>prece</span> <span class='ocrx_word' id='word_1_247' title='bbox 3780 1340 3825 1388; x_wconf 91' lang='lat' dir='ltr'>et</span> 
     </span>
    </p>
   </div>
   <div class='ocr_carea' id='block_1_28' title="bbox 2227 1430 3820 1516">
    <p class='ocr_par' dir='ltr' id='par_1_28' title="bbox 2227 1430 3820 1516">
     <span class='ocr_line' id='line_1_28' title="bbox 2227 1430 3820 1516; baseline -0.015 -13"><span class='ocrx_word' id='word_1_248' title='bbox 2227 1449 2503 1514; x_wconf 87' lang='lat' dir='ltr'>oratione,</span> <span class='ocrx_word' id='word_1_249' title='bbox 2539 1443 2670 1516; x_wconf 89' lang='lat' dir='ltr'>quia</span> <span class='ocrx_word' id='word_1_250' title='bbox 2701 1459 2811 1495; x_wconf 91' lang='lat' dir='ltr'>non</span> <span class='ocrx_word' id='word_1_251' title='bbox 2845 1439 3138 1493; x_wconf 77' lang='lat' dir='ltr'>exaudiam</span> <span class='ocrx_word' id='word_1_252' title='bbox 3175 1437 3231 1488; x_wconf 92' lang='lat' dir='ltr'>in</span> <span class='ocrx_word' id='word_1_253' title='bbox 3264 1440 3521 1500; x_wconf 86' lang='lat' dir='ltr'>tempore</span> <span class='ocrx_word' id='word_1_254' title='bbox 3553 1447 3658 1500; x_wconf 90' lang='lat' dir='ltr'>quo</span> <span class='ocrx_word' id='word_1_255' title='bbox 3684 1430 3820 1482; x_wconf 79' lang='lat' dir='ltr'>invo-</span> 
     </span>
    </p>
   </div>
   <div class='ocr_carea' id='block_1_29' title="bbox 2227 1523 3824 1606">
    <p class='ocr_par' dir='ltr' id='par_1_29' title="bbox 2227 1523 3824 1606">
     <span class='ocr_line' id='line_1_29' title="bbox 2227 1523 3824 1606; baseline -0.013 -9"><span class='ocrx_word' id='word_1_256' title='bbox 2227 1542 2438 1596; x_wconf 86' lang='lat' dir='ltr'>cabunt</span> <span class='ocrx_word' id='word_1_257' title='bbox 2467 1556 2582 1606; x_wconf 90' lang='lat' dir='ltr'>me,</span> <span class='ocrx_word' id='word_1_258' title='bbox 2615 1537 2670 1590; x_wconf 93' lang='lat' dir='ltr'>in</span> <span class='ocrx_word' id='word_1_259' title='bbox 2728 1539 2985 1605; x_wconf 91' lang='lat' dir='ltr'>tempore</span> <span class='ocrx_word' id='word_1_260' title='bbox 3026 1527 3352 1584; x_wconf 84' lang='lat' dir='ltr'>afﬂictionis</span> <span class='ocrx_word' id='word_1_261' title='bbox 3404 1543 3519 1579; x_wconf 65' lang='lat' dir='ltr'>suae.</span> <span class='ocrx_word' id='word_1_262' title='bbox 3565 1523 3824 1594; x_wconf 83' lang='lat' dir='ltr'>»(Jercm.,</span> 
     </span>
    </p>
   </div>
   <div class='ocr_carea' id='block_1_30' title="bbox 2229 1617 3825 1702">
    <p class='ocr_par' dir='ltr' id='par_1_30' title="bbox 2229 1617 3825 1702">
     <span class='ocr_line' id='line_1_30' title="bbox 2229 1617 3825 1702; baseline -0.014 -13"><span class='ocrx_word' id='word_1_263' title='bbox 2229 1654 2300 1702; x_wconf 80' lang='grc' dir='ltr'>ιιι,</span> <span class='ocrx_word' id='word_1_264' title='bbox 2356 1635 2456 1700; x_wconf 59' lang='lat' dir='ltr'>It).</span> <span class='ocrx_word' id='word_1_265' title='bbox 2512 1631 2762 1685; x_wconf 86' lang='lat' dir='ltr'>Ezechiel</span> <span class='ocrx_word' id='word_1_266' title='bbox 2813 1641 3044 1698; x_wconf 84' lang='lat' dir='ltr'>quoque</span> <span class='ocrx_word' id='word_1_267' title='bbox 3096 1623 3246 1676; x_wconf 90' lang='lat' dir='ltr'>hanc</span> <span class='ocrx_word' id='word_1_268' title='bbox 3276 1620 3536 1675; x_wconf 87' lang='lat' dir='ltr'>eamdem</span> <span class='ocrx_word' id='word_1_269' title='bbox 3561 1617 3825 1671; x_wconf 87' lang='lat' dir='ltr'>denuntiat</span> 
     </span>
    </p>
   </div>
   <div class='ocr_carea' id='block_1_31' title="bbox 2231 1711 3824 1798">
    <p class='ocr_par' dir='ltr' id='par_1_31' title="bbox 2231 1711 3824 1798">
     <span class='ocr_line' id='line_1_31' title="bbox 2231 1711 3824 1798; baseline -0.014 -15"><span class='ocrx_word' id='word_1_270' title='bbox 2231 1727 2683 1798; x_wconf 83' lang='lat' dir='ltr'>indignationem</span> <span class='ocrx_word' id='word_1_271' title='bbox 2715 1723 2806 1776; x_wconf 85' lang='lat' dir='ltr'>Dei</span> <span class='ocrx_word' id='word_1_272' title='bbox 2837 1721 2922 1774; x_wconf 90' lang='lat' dir='ltr'>his</span> <span class='ocrx_word' id='word_1_273' title='bbox 2951 1719 3049 1790; x_wconf 90' lang='lat' dir='ltr'>qui</span> <span class='ocrx_word' id='word_1_274' title='bbox 3097 1718 3152 1770; x_wconf 89' lang='lat' dir='ltr'>in</span> <span class='ocrx_word' id='word_1_275' title='bbox 3185 1717 3365 1769; x_wconf 83' lang='lat' dir='ltr'>Deum</span> <span class='ocrx_word' id='word_1_276' title='bbox 3400 1712 3728 1782; x_wconf 83' lang='lat' dir='ltr'>delinquunt</span> <span class='ocrx_word' id='word_1_277' title='bbox 3747 1711 3786 1744; x_wconf 67' lang='grc' dir='ltr'>δ’</span> <span class='ocrx_word' id='word_1_278' title='bbox 3813 1726 3824 1762; x_wconf 86' lang='lat'>:</span> 
     </span>
    </p>
   </div>
   <div class='ocr_carea' id='block_1_32' title="bbox 502 1804 3825 1895">
    <p class='ocr_par' dir='ltr' id='par_1_32' title="bbox 502 1804 3825 1895">
     <span class='ocr_line' id='line_1_32' title="bbox 502 1804 3825 1895; baseline -0.008 -13"><span class='ocrx_word' id='word_1_279' title='bbox 502 1832 558 1884; x_wconf 90' lang='lat' dir='ltr'>et</span> <span class='ocrx_word' id='word_1_280' title='bbox 595 1846 607 1882; x_wconf 90' lang='lat'>:</span> <span class='ocrx_word' id='word_1_281' title='bbox 643 1849 671 1877; x_wconf 91' lang='grc'>‹‹</span> <span class='ocrx_word' id='word_1_282' title='bbox 717 1826 927 1895; x_wconf 85' lang='lat' dir='ltr'>Diliges</span> <span class='ocrx_word' id='word_1_283' title='bbox 956 1823 1265 1877; x_wconf 88' lang='lat' dir='ltr'>Dominum</span> <span class='ocrx_word' id='word_1_284' title='bbox 1315 1827 1476 1874; x_wconf 90' lang='lat' dir='ltr'>tuum</span> <span class='ocrx_word' id='word_1_285' title='bbox 1509 1819 1578 1872; x_wconf 90' lang='lat' dir='ltr'>de</span> <span class='ocrx_word' id='word_1_286' title='bbox 1609 1821 1728 1871; x_wconf 91' lang='lat' dir='ltr'>toto</span> <span class='ocrx_word' id='word_1_287' title='bbox 1758 1817 1926 1870; x_wconf 90' lang='lat' dir='ltr'>corde</span> <span class='ocrx_word' id='word_1_288' title='bbox 1951 1821 2050 1869; x_wconf 90' lang='lat' dir='ltr'>tuo</span> <span class='ocrx_word' id='word_1_289' title='bbox 2079 1816 2212 1887; x_wconf 84' lang='lat' dir='ltr'>etB</span> <span class='ocrx_word' id='word_1_290' title='bbox 2239 1844 2266 1873; x_wconf 71' lang='grc' dir='ltr'><strong><em>α</em></strong></span> <span class='ocrx_word' id='word_1_291' title='bbox 2307 1825 2371 1878; x_wconf 58' lang='lat' dir='ltr'>Et</span> <span class='ocrx_word' id='word_1_292' title='bbox 2411 1820 2538 1884; x_wconf 64' lang='lat' dir='ltr'>fuit,</span> <span class='ocrx_word' id='word_1_293' title='bbox 2585 1817 2790 1887; x_wconf 67' lang='lat' dir='ltr'>inquit,</span> <span class='ocrx_word' id='word_1_294' title='bbox 2819 1813 3067 1868; x_wconf 73' lang='lat' dir='ltr'>verbum</span> <span class='ocrx_word' id='word_1_295' title='bbox 3101 1809 3334 1865; x_wconf 85' lang='lat' dir='ltr'>Domini</span> <span class='ocrx_word' id='word_1_296' title='bbox 3382 1807 3452 1861; x_wconf 87' lang='lat' dir='ltr'>ad</span> <span class='ocrx_word' id='word_1_297' title='bbox 3493 1823 3580 1859; x_wconf 88' lang='lat' dir='ltr'>me</span> <span class='ocrx_word' id='word_1_298' title='bbox 3621 1804 3825 1858; x_wconf 87' lang='lat' dir='ltr'>dicens:</span> 
     </span>
    </p>
   </div>
   <div class='ocr_carea' id='block_1_33' title="bbox 505 1909 2128 1979">
    <p class='ocr_par' dir='ltr' id='par_1_33' title="bbox 505 1909 2128 1979">
     <span class='ocr_line' id='line_1_33' title="bbox 505 1909 2128 1979; baseline -0.011 -1"><span class='ocrx_word' id='word_1_299' title='bbox 505 1924 574 1977; x_wconf 88' lang='lat' dir='ltr'>de</span> <span class='ocrx_word' id='word_1_300' title='bbox 599 1925 717 1976; x_wconf 90' lang='lat' dir='ltr'>tota</span> <span class='ocrx_word' id='word_1_301' title='bbox 743 1919 930 1974; x_wconf 85' lang='lat' dir='ltr'>anima</span> <span class='ocrx_word' id='word_1_302' title='bbox 976 1921 1071 1971; x_wconf 88' lang='lat' dir='ltr'>tua</span> <span class='ocrx_word' id='word_1_303' title='bbox 1119 1919 1178 1970; x_wconf 91' lang='lat' dir='ltr'>et</span> <span class='ocrx_word' id='word_1_304' title='bbox 1206 1915 1273 1968; x_wconf 89' lang='lat' dir='ltr'>de</span> <span class='ocrx_word' id='word_1_305' title='bbox 1305 1918 1421 1967; x_wconf 89' lang='lat' dir='ltr'>tota</span> <span class='ocrx_word' id='word_1_306' title='bbox 1460 1912 1666 1966; x_wconf 89' lang='lat' dir='ltr'>virtute</span> <span class='ocrx_word' id='word_1_307' title='bbox 1713 1917 1826 1964; x_wconf 88' lang='lat' dir='ltr'>tua.</span> <span class='ocrx_word' id='word_1_308' title='bbox 1877 1911 1988 1962; x_wconf 81' lang='lat' dir='ltr'>Hoc</span> <span class='ocrx_word' id='word_1_309' title='bbox 2016 1909 2128 1979; x_wconf 89' lang='lat' dir='ltr'>pri-</span> 
     </span>
    </p>
   </div>
   <div class='ocr_carea' id='block_1_34' title="bbox 500 2002 2132 2081">
    <p class='ocr_par' dir='ltr' id='par_1_34' title="bbox 500 2002 2132 2081">
     <span class='ocr_line' id='line_1_34' title="bbox 500 2002 2132 2081; baseline -0.01 -11"><span class='ocrx_word' id='word_1_310' title='bbox 500 2032 682 2081; x_wconf 89' lang='lat' dir='ltr'>mum,</span> <span class='ocrx_word' id='word_1_311' title='bbox 715 2018 771 2068; x_wconf 92' lang='lat' dir='ltr'>et</span> <span class='ocrx_word' id='word_1_312' title='bbox 796 2011 1106 2066; x_wconf 89' lang='lat' dir='ltr'>secundum</span> <span class='ocrx_word' id='word_1_313' title='bbox 1131 2008 1320 2062; x_wconf 89' lang='lat' dir='ltr'>simile</span> <span class='ocrx_word' id='word_1_314' title='bbox 1349 2006 1484 2060; x_wconf 87' lang='lat' dir='ltr'>huic</span> <span class='ocrx_word' id='word_1_315' title='bbox 1515 2024 1527 2060; x_wconf 89' lang='lat'>:</span> <span class='ocrx_word' id='word_1_316' title='bbox 1562 2005 1772 2075; x_wconf 89' lang='lat' dir='ltr'>Diliges</span> <span class='ocrx_word' id='word_1_317' title='bbox 1804 2002 2132 2073; x_wconf 79' lang='lat' dir='ltr'>proximum</span> 
     </span>
    </p>
   </div>
   <div class='ocr_carea' id='block_1_35' title="bbox 2233 1897 3832 1978">
    <p class='ocr_par' dir='ltr' id='par_1_35' title="bbox 2233 1897 3832 1978">
     <span class='ocr_line' id='line_1_35' title="bbox 2233 1897 3832 1978; baseline -0.013 -8"><span class='ocrx_word' id='word_1_318' title='bbox 2233 1915 2335 1970; x_wconf 82' lang='lat' dir='ltr'>Fili</span> <span class='ocrx_word' id='word_1_319' title='bbox 2379 1912 2644 1978; x_wconf 86' lang='lat' dir='ltr'>hominis,</span> <span class='ocrx_word' id='word_1_320' title='bbox 2690 1914 2840 1964; x_wconf 85' lang='lat' dir='ltr'>terra</span> <span class='ocrx_word' id='word_1_321' title='bbox 2871 1919 3229 1978; x_wconf 65' lang='lat' dir='ltr'>quascunque</span> <span class='ocrx_word' id='word_1_322' title='bbox 3276 1899 3593 1973; x_wconf 88' lang='lat' dir='ltr'>peccaverit</span> <span class='ocrx_word' id='word_1_323' title='bbox 3624 1897 3750 1952; x_wconf 90' lang='lat' dir='ltr'>mihi</span> <span class='ocrx_word' id='word_1_324' title='bbox 3777 1903 3832 1950; x_wconf 89' lang='lat' dir='ltr'>ut</span> 
     </span>
    </p>
   </div>
   <div class='ocr_carea' id='block_1_36' title="bbox 2234 1999 3832 2079">
    <p class='ocr_par' dir='ltr' id='par_1_36' title="bbox 2234 1999 3832 2079">
     <span class='ocr_line' id='line_1_36' title="bbox 2234 1999 3832 2079; baseline -0.013 -16"><span class='ocrx_word' id='word_1_325' title='bbox 2234 2010 2522 2079; x_wconf 87' lang='lat' dir='ltr'>delinquat</span> <span class='ocrx_word' id='word_1_326' title='bbox 2553 2005 2843 2069; x_wconf 89' lang='lat' dir='ltr'>delictum,</span> <span class='ocrx_word' id='word_1_327' title='bbox 2873 1999 3176 2055; x_wconf 81' lang='lat' dir='ltr'>extendam</span> <span class='ocrx_word' id='word_1_328' title='bbox 3209 2012 3449 2051; x_wconf 90' lang='lat' dir='ltr'>manum</span> <span class='ocrx_word' id='word_1_329' title='bbox 3478 2008 3659 2048; x_wconf 90' lang='lat' dir='ltr'>meam</span> <span class='ocrx_word' id='word_1_330' title='bbox 3688 2007 3832 2060; x_wconf 82' lang='lat' dir='ltr'>super</span> 
     </span>
    </p>
   </div>
   <div class='ocr_carea' id='block_1_37' title="bbox 505 2096 2137 2176">
    <p class='ocr_par' dir='ltr' id='par_1_37' title="bbox 505 2096 2137 2176">
     <span class='ocr_line' id='line_1_37' title="bbox 505 2096 2137 2176; baseline -0.01 -12"><span class='ocrx_word' id='word_1_331' title='bbox 505 2116 668 2163; x_wconf 90' lang='lat' dir='ltr'>tuum</span> <span class='ocrx_word' id='word_1_332' title='bbox 693 2108 739 2141; x_wconf 76' lang='grc'>⁸³</span> <span class='ocrx_word' id='word_1_333' title='bbox 773 2112 1054 2176; x_wconf 89' lang='lat' dir='ltr'>tanquam</span> <span class='ocrx_word' id='word_1_334' title='bbox 1084 2108 1157 2157; x_wconf 91' lang='lat' dir='ltr'>te.</span> <span class='ocrx_word' id='word_1_335' title='bbox 1210 2104 1273 2156; x_wconf 91' lang='lat' dir='ltr'>In</span> <span class='ocrx_word' id='word_1_336' title='bbox 1304 2101 1391 2155; x_wconf 93' lang='lat' dir='ltr'>his</span> <span class='ocrx_word' id='word_1_337' title='bbox 1437 2099 1655 2154; x_wconf 87' lang='lat' dir='ltr'>duobus</span> <span class='ocrx_word' id='word_1_338' title='bbox 1687 2096 1982 2168; x_wconf 77' lang='lat' dir='ltr'>praeceptis</span> <span class='ocrx_word' id='word_1_339' title='bbox 2017 2099 2137 2149; x_wconf 87' lang='lat' dir='ltr'>tota</span> 
     </span>
    </p>
   </div>
   <div class='ocr_carea' id='block_1_38' title="bbox 504 2189 2138 2272">
    <p class='ocr_par' dir='ltr' id='par_1_38' title="bbox 504 2189 2138 2272">
     <span class='ocr_line' id='line_1_38' title="bbox 504 2189 2138 2272; baseline -0.01 -14"><span class='ocrx_word' id='word_1_340' title='bbox 504 2205 591 2258; x_wconf 81' lang='lat' dir='ltr'>lex</span> <span class='ocrx_word' id='word_1_341' title='bbox 620 2201 837 2272; x_wconf 85' lang='lat' dir='ltr'>pendet</span> <span class='ocrx_word' id='word_1_342' title='bbox 867 2205 924 2253; x_wconf 90' lang='lat' dir='ltr'>et</span> <span class='ocrx_word' id='word_1_343' title='bbox 970 2197 1262 2268; x_wconf 78' lang='lat' dir='ltr'>prophetae</span> <span class='ocrx_word' id='word_1_344' title='bbox 1291 2216 1317 2244; x_wconf 84' lang='grc'><strong>››</strong></span> <span class='ocrx_word' id='word_1_345' title='bbox 1371 2194 1615 2264; x_wconf 60' lang='grc' dir='ltr'>(Μίιιεὴη</span> <span class='ocrx_word' id='word_1_346' title='bbox 1650 2208 1781 2257; x_wconf 86' lang='lat' dir='ltr'>xxn,</span> <span class='ocrx_word' id='word_1_347' title='bbox 1818 2193 1905 2256; x_wconf 86' lang='lat'>39,</span> <span class='ocrx_word' id='word_1_348' title='bbox 1929 2189 2041 2259; x_wconf 68' lang='grc'>¹18).</span> <span class='ocrx_word' id='word_1_349' title='bbox 2071 2190 2138 2242; x_wconf 88' lang='lat' dir='ltr'>Et</span> 
     </span>
    </p>
   </div>
   <div class='ocr_carea' id='block_1_39' title="bbox 504 2287 2134 2354">
    <p class='ocr_par' dir='ltr' id='par_1_39' title="bbox 504 2287 2134 2354">
     <span class='ocr_line' id='line_1_39' title="bbox 504 2287 2134 2354; baseline -0.01 -3"><span class='ocrx_word' id='word_1_350' title='bbox 504 2298 713 2351; x_wconf 90' lang='lat' dir='ltr'>iterum</span> <span class='ocrx_word' id='word_1_351' title='bbox 748 2311 760 2348; x_wconf 90' lang='lat'><strong>:</strong></span> <span class='ocrx_word' id='word_1_352' title='bbox 801 2315 828 2342; x_wconf 86' lang='grc'>‹‹</span> <span class='ocrx_word' id='word_1_353' title='bbox 859 2295 987 2348; x_wconf 66' lang='lat' dir='ltr'>Haec</span> <span class='ocrx_word' id='word_1_354' title='bbox 1031 2296 1114 2345; x_wconf 89' lang='lat' dir='ltr'>est</span> <span class='ocrx_word' id='word_1_355' title='bbox 1160 2293 1350 2342; x_wconf 89' lang='lat' dir='ltr'>autem</span> <span class='ocrx_word' id='word_1_356' title='bbox 1383 2289 1496 2340; x_wconf 88' lang='lat' dir='ltr'>vita</span> <span class='ocrx_word' id='word_1_357' title='bbox 1539 2290 1775 2354; x_wconf 67' lang='lat' dir='ltr'>aeterna,</span> <span class='ocrx_word' id='word_1_358' title='bbox 1836 2287 1898 2337; x_wconf 90' lang='lat' dir='ltr'>ut</span> <span class='ocrx_word' id='word_1_359' title='bbox 1923 2299 2134 2353; x_wconf 88' lang='lat' dir='ltr'>cogno-</span> 
     </span>
    </p>
   </div>
   <div class='ocr_carea' id='block_1_40' title="bbox 507 2377 2138 2451">
    <p class='ocr_par' dir='ltr' id='par_1_40' title="bbox 507 2377 2138 2451">
     <span class='ocr_line' id='line_1_40' title="bbox 507 2377 2138 2451; baseline -0.01 -7"><span class='ocrx_word' id='word_1_360' title='bbox 507 2395 664 2444; x_wconf 89' lang='lat' dir='ltr'>scant</span> <span class='ocrx_word' id='word_1_361' title='bbox 693 2393 744 2443; x_wconf 91' lang='lat' dir='ltr'>te</span> <span class='ocrx_word' id='word_1_362' title='bbox 767 2388 950 2442; x_wconf 92' lang='lat' dir='ltr'>solum</span> <span class='ocrx_word' id='word_1_363' title='bbox 968 2389 1024 2440; x_wconf 89' lang='lat' dir='ltr'>et</span> <span class='ocrx_word' id='word_1_364' title='bbox 1044 2399 1242 2438; x_wconf 86' lang='lat' dir='ltr'>verum</span> <span class='ocrx_word' id='word_1_365' title='bbox 1261 2384 1434 2437; x_wconf 91' lang='lat' dir='ltr'>Deum</span> <span class='ocrx_word' id='word_1_366' title='bbox 1459 2384 1516 2435; x_wconf 90' lang='lat' dir='ltr'>et</span> <span class='ocrx_word' id='word_1_367' title='bbox 1535 2396 1706 2451; x_wconf 83' lang='lat' dir='ltr'>quem</span> <span class='ocrx_word' id='word_1_368' title='bbox 1726 2377 1924 2432; x_wconf 87' lang='lat' dir='ltr'>misisti</span> <span class='ocrx_word' id='word_1_369' title='bbox 1945 2379 2138 2431; x_wconf 84' lang='lat' dir='ltr'>Jesum</span> 
     </span>
    </p>
   </div>
   <div class='ocr_carea' id='block_1_41' title="bbox 509 2476 1367 2549">
    <p class='ocr_par' dir='ltr' id='par_1_41' title="bbox 509 2476 1367 2549">
     <span class='ocr_line' id='line_1_41' title="bbox 509 2476 1367 2549; baseline -0.013 -10"><span class='ocrx_word' id='word_1_370' title='bbox 509 2484 800 2539; x_wconf 88' lang='lat' dir='ltr'>Christum</span> <span class='ocrx_word' id='word_1_371' title='bbox 832 2503 858 2530; x_wconf 85' lang='lat'>»</span> <span class='ocrx_word' id='word_1_372' title='bbox 897 2482 1100 2549; x_wconf 83' lang='lat' dir='ltr'>(Joan.,</span> <span class='ocrx_word' id='word_1_373' title='bbox 1132 2493 1258 2544; x_wconf 84' lang='lat' dir='ltr'>xvu,</span> <span class='ocrx_word' id='word_1_374' title='bbox 1293 2476 1367 2544; x_wconf 88' lang='lat'>3).</span> 
     </span>
    </p>
   </div>
   <div class='ocr_carea' id='block_1_42' title="bbox 2236 2083 3832 2170">
    <p class='ocr_par' dir='ltr' id='par_1_42' title="bbox 2236 2083 3832 2170">
     <span class='ocr_line' id='line_1_42' title="bbox 2236 2083 3832 2170; baseline -0.014 -12"><span class='ocrx_word' id='word_1_375' title='bbox 2236 2119 2388 2170; x_wconf 91' lang='lat' dir='ltr'>eam,</span> <span class='ocrx_word' id='word_1_376' title='bbox 2415 2107 2470 2155; x_wconf 90' lang='lat' dir='ltr'>et</span> <span class='ocrx_word' id='word_1_377' title='bbox 2499 2099 2757 2154; x_wconf 89' lang='lat' dir='ltr'>obteram</span> <span class='ocrx_word' id='word_1_378' title='bbox 2790 2091 3241 2150; x_wconf 87' lang='lat' dir='ltr'>stabilimentum</span> <span class='ocrx_word' id='word_1_379' title='bbox 3272 2089 3440 2162; x_wconf 88' lang='lat' dir='ltr'>panis</span> <span class='ocrx_word' id='word_1_380' title='bbox 3468 2088 3536 2154; x_wconf 70' lang='grc' dir='ltr'>⁵ο,</span> <span class='ocrx_word' id='word_1_381' title='bbox 3565 2093 3620 2141; x_wconf 89' lang='lat' dir='ltr'>et</span> <span class='ocrx_word' id='word_1_382' title='bbox 3646 2083 3832 2139; x_wconf 88' lang='lat' dir='ltr'>immit-</span> 
     </span>
    </p>
   </div>
   <div class='ocr_carea' id='block_1_43' title="bbox 2234 2179 3832 2255">
    <p class='ocr_par' dir='ltr' id='par_1_43' title="bbox 2234 2179 3832 2255">
     <span class='ocr_line' id='line_1_43' title="bbox 2234 2179 3832 2255; baseline -0.013 -5"><span class='ocrx_word' id='word_1_383' title='bbox 2234 2202 2352 2252; x_wconf 89' lang='lat' dir='ltr'>tam</span> <span class='ocrx_word' id='word_1_384' title='bbox 2399 2195 2458 2248; x_wconf 90' lang='lat' dir='ltr'>in</span> <span class='ocrx_word' id='word_1_385' title='bbox 2485 2208 2613 2246; x_wconf 89' lang='lat' dir='ltr'>eam</span> <span class='ocrx_word' id='word_1_386' title='bbox 2646 2192 2882 2255; x_wconf 83' lang='lat' dir='ltr'>famem,</span> <span class='ocrx_word' id='word_1_387' title='bbox 2915 2193 2970 2242; x_wconf 90' lang='lat' dir='ltr'>et</span> <span class='ocrx_word' id='word_1_388' title='bbox 3002 2187 3258 2240; x_wconf 83' lang='lat' dir='ltr'>auferam</span> <span class='ocrx_word' id='word_1_389' title='bbox 3290 2185 3361 2237; x_wconf 88' lang='lat' dir='ltr'>de</span> <span class='ocrx_word' id='word_1_390' title='bbox 3392 2199 3458 2236; x_wconf 91' lang='lat' dir='ltr'>ea</span> <span class='ocrx_word' id='word_1_391' title='bbox 3484 2179 3762 2235; x_wconf 89' lang='lat' dir='ltr'>hominem</span> <span class='ocrx_word' id='word_1_392' title='bbox 3787 2181 3832 2230; x_wconf 90' lang='lat' dir='ltr'>et</span> 
     </span>
    </p>
   </div>
   <div class='ocr_carea' id='block_1_44' title="bbox 2237 2271 3834 2361">
    <p class='ocr_par' dir='ltr' id='par_1_44' title="bbox 2237 2271 3834 2361">
     <span class='ocr_line' id='line_1_44' title="bbox 2237 2271 3834 2361; baseline -0.013 -18"><span class='ocrx_word' id='word_1_393' title='bbox 2237 2305 2463 2361; x_wconf 87' lang='lat' dir='ltr'>pecora.</span> <span class='ocrx_word' id='word_1_394' title='bbox 2499 2289 2567 2340; x_wconf 89' lang='lat' dir='ltr'>Et</span> <span class='ocrx_word' id='word_1_395' title='bbox 2609 2285 2652 2338; x_wconf 92' lang='lat' dir='ltr'>si</span> <span class='ocrx_word' id='word_1_396' title='bbox 2698 2283 2914 2339; x_wconf 88' lang='lat' dir='ltr'>fuerint</span> <span class='ocrx_word' id='word_1_397' title='bbox 2943 2284 3058 2335; x_wconf 87' lang='lat' dir='ltr'>tres</span> <span class='ocrx_word' id='word_1_398' title='bbox 3102 2279 3207 2332; x_wconf 88' lang='lat' dir='ltr'>viri</span> <span class='ocrx_word' id='word_1_399' title='bbox 3238 2277 3298 2331; x_wconf 90' lang='lat' dir='ltr'>in</span> <span class='ocrx_word' id='word_1_400' title='bbox 3330 2275 3526 2330; x_wconf 89' lang='lat' dir='ltr'>medio</span> <span class='ocrx_word' id='word_1_401' title='bbox 3557 2273 3690 2343; x_wconf 83' lang='lat' dir='ltr'>ejus,</span> <span class='ocrx_word' id='word_1_402' title='bbox 3718 2271 3834 2337; x_wconf 86' lang='lat' dir='ltr'>Noe,</span> 
     </span>
    </p>
   </div>
   <div class='ocr_carea' id='block_1_45' title="bbox 2240 2364 3836 2446">
    <p class='ocr_par' dir='ltr' id='par_1_45' title="bbox 2240 2364 3836 2446">
     <span class='ocr_line' id='line_1_45' title="bbox 2240 2364 3836 2446; baseline -0.014 -9"><span class='ocrx_word' id='word_1_403' title='bbox 2240 2382 2436 2437; x_wconf 86' lang='lat' dir='ltr'>Daniel</span> <span class='ocrx_word' id='word_1_404' title='bbox 2463 2386 2522 2434; x_wconf 90' lang='lat' dir='ltr'>et</span> <span class='ocrx_word' id='word_1_405' title='bbox 2545 2379 2667 2446; x_wconf 84' lang='lat' dir='ltr'>Job,</span> <span class='ocrx_word' id='word_1_406' title='bbox 2699 2394 2812 2432; x_wconf 91' lang='lat' dir='ltr'>non</span> <span class='ocrx_word' id='word_1_407' title='bbox 2839 2375 3160 2430; x_wconf 78' lang='lat' dir='ltr'>liberabant</span> <span class='ocrx_word' id='word_1_408' title='bbox 3184 2371 3326 2426; x_wconf 78' lang='lat' dir='ltr'>ﬁlios</span> <span class='ocrx_word' id='word_1_409' title='bbox 3358 2386 3546 2440; x_wconf 88' lang='lat' dir='ltr'>neque</span> <span class='ocrx_word' id='word_1_410' title='bbox 3578 2367 3726 2431; x_wconf 82' lang='lat' dir='ltr'>tilias,</span> <span class='ocrx_word' id='word_1_411' title='bbox 3751 2364 3836 2434; x_wconf 83' lang='lat' dir='ltr'>ipsi</span> 
     </span>
    </p>
   </div>
   <div class='ocr_carea' id='block_1_46' title="bbox 2241 2457 3840 2541">
    <p class='ocr_par' dir='ltr' id='par_1_46' title="bbox 2241 2457 3840 2541">
     <span class='ocr_line' id='line_1_46' title="bbox 2241 2457 3840 2541; baseline -0.014 -10"><span class='ocrx_word' id='word_1_412' title='bbox 2241 2477 2346 2531; x_wconf 91' lang='lat' dir='ltr'>soli</span> <span class='ocrx_word' id='word_1_413' title='bbox 2397 2475 2534 2529; x_wconf 90' lang='lat' dir='ltr'>salvi</span> <span class='ocrx_word' id='word_1_414' title='bbox 2572 2475 2795 2527; x_wconf 84' lang='lat' dir='ltr'>erunt»</span> <span class='ocrx_word' id='word_1_415' title='bbox 2831 2469 3067 2541; x_wconf 80' lang='lat' dir='ltr'>(Ezech.,</span> <span class='ocrx_word' id='word_1_416' title='bbox 3107 2483 3217 2534; x_wconf 81' lang='lat' dir='ltr'>xrv,</span> <span class='ocrx_word' id='word_1_417' title='bbox 3272 2469 3356 2530; x_wconf 82' lang='grc'>12,</span> <span class='ocrx_word' id='word_1_418' title='bbox 3391 2465 3480 2526; x_wconf 70' lang='grc'>14,</span> <span class='ocrx_word' id='word_1_419' title='bbox 3514 2464 3613 2532; x_wconf 88' lang='grc'>16).</span> <span class='ocrx_word' id='word_1_420' title='bbox 3643 2461 3766 2512; x_wconf 90' lang='lat' dir='ltr'>Item</span> <span class='ocrx_word' id='word_1_421' title='bbox 3792 2457 3840 2509; x_wconf 89' lang='lat' dir='ltr'>in</span> 
     </span>
    </p>
   </div>
   <div class='ocr_carea' id='block_1_47' title="bbox 2241 2555 3841 2638">
    <p class='ocr_par' dir='ltr' id='par_1_47' title="bbox 2241 2555 3841 2638">
     <span class='ocr_line' id='line_1_47' title="bbox 2241 2555 3841 2638; baseline -0.013 -14"><span class='ocrx_word' id='word_1_422' title='bbox 2241 2571 2390 2625; x_wconf 90' lang='lat' dir='ltr'>libro</span> <span class='ocrx_word' id='word_1_423' title='bbox 2438 2571 2772 2638; x_wconf 84' lang='lat' dir='ltr'>Regnorum</span> <span class='ocrx_word' id='word_1_424' title='bbox 2819 2565 3004 2634; x_wconf 87' lang='lat' dir='ltr'>primo</span> <span class='ocrx_word' id='word_1_425' title='bbox 3035 2579 3047 2616; x_wconf 92' lang='lat'><strong>:</strong></span> <span class='ocrx_word' id='word_1_426' title='bbox 3083 2584 3110 2610; x_wconf 88' lang='grc'><em>‹‹</em></span> <span class='ocrx_word' id='word_1_427' title='bbox 3163 2561 3216 2615; x_wconf 91' lang='lat' dir='ltr'>Si</span> <span class='ocrx_word' id='word_1_428' title='bbox 3263 2555 3650 2627; x_wconf 87' lang='lat' dir='ltr'>delinquendo</span> <span class='ocrx_word' id='word_1_429' title='bbox 3681 2555 3841 2623; x_wconf 85' lang='lat' dir='ltr'>peccet</span> 
     </span>
    </p>
   </div>
   <div class='ocr_carea' id='block_1_48' title="bbox 2243 2643 3843 2724">
    <p class='ocr_par' dir='ltr' id='par_1_48' title="bbox 2243 2643 3843 2724">
     <span class='ocr_line' id='line_1_48' title="bbox 2243 2643 3843 2724; baseline -0.013 -7"><span class='ocrx_word' id='word_1_430' title='bbox 2243 2665 2329 2717; x_wconf 86' lang='lat' dir='ltr'>vir</span> <span class='ocrx_word' id='word_1_431' title='bbox 2370 2665 2636 2718; x_wconf 88' lang='lat' dir='ltr'>adversus</span> <span class='ocrx_word' id='word_1_432' title='bbox 2687 2659 2894 2723; x_wconf 87' lang='lat' dir='ltr'>virum,</span> <span class='ocrx_word' id='word_1_433' title='bbox 2948 2656 3191 2712; x_wconf 89' lang='lat' dir='ltr'>orabunt</span> <span class='ocrx_word' id='word_1_434' title='bbox 3223 2671 3324 2724; x_wconf 90' lang='lat' dir='ltr'>pro</span> <span class='ocrx_word' id='word_1_435' title='bbox 3367 2668 3436 2706; x_wconf 89' lang='lat' dir='ltr'>eo</span> <span class='ocrx_word' id='word_1_436' title='bbox 3473 2648 3772 2704; x_wconf 90' lang='lat' dir='ltr'>Dominum.</span> <span class='ocrx_word' id='word_1_437' title='bbox 3797 2643 3843 2698; x_wconf 89' lang='lat' dir='ltr'>Si</span> 
     </span>
    </p>
   </div>
   <div class='ocr_carea' id='block_1_49' title="bbox 2243 2744 3840 2823">
    <p class='ocr_par' dir='ltr' id='par_1_49' title="bbox 2243 2744 3840 2823">
     <span class='ocr_line' id='line_1_49' title="bbox 2243 2744 3840 2823; baseline -0.013 -11"><span class='ocrx_word' id='word_1_438' title='bbox 2243 2763 2433 2812; x_wconf 90' lang='lat' dir='ltr'>autem</span> <span class='ocrx_word' id='word_1_439' title='bbox 2465 2757 2522 2810; x_wconf 90' lang='lat' dir='ltr'>in</span> <span class='ocrx_word' id='word_1_440' title='bbox 2553 2757 2732 2810; x_wconf 88' lang='lat' dir='ltr'>Deum</span> <span class='ocrx_word' id='word_1_441' title='bbox 2780 2755 2983 2823; x_wconf 89' lang='lat' dir='ltr'>peccet</span> <span class='ocrx_word' id='word_1_442' title='bbox 3010 2751 3203 2816; x_wconf 91' lang='lat' dir='ltr'>homo,</span> <span class='ocrx_word' id='word_1_443' title='bbox 3237 2747 3365 2818; x_wconf 89' lang='lat' dir='ltr'>quis</span> <span class='ocrx_word' id='word_1_444' title='bbox 3398 2744 3583 2800; x_wconf 89' lang='lat' dir='ltr'>orabit</span> <span class='ocrx_word' id='word_1_445' title='bbox 3621 2756 3716 2811; x_wconf 89' lang='lat' dir='ltr'>pro</span> <span class='ocrx_word' id='word_1_446' title='bbox 3739 2755 3794 2793; x_wconf 87' lang='lat' dir='ltr'>eo</span> <span class='ocrx_word' id='word_1_447' title='bbox 3818 2758 3840 2783; x_wconf 63' lang='grc' dir='ltr'><strong>ν)</strong></span> 
     </span>
    </p>
   </div>
   <div class='ocr_carea' id='block_1_50' title="bbox 2248 2849 2732 2923">
    <p class='ocr_par' dir='ltr' id='par_1_50' title="bbox 2248 2849 2732 2923">
     <span class='ocr_line' id='line_1_50' title="bbox 2248 2849 2732 2923; baseline -0.004 -19"><span class='ocrx_word' id='word_1_448' title='bbox 2248 2854 2288 2923; x_wconf 94' lang='lat' dir='ltr'>(I</span> <span class='ocrx_word' id='word_1_449' title='bbox 2321 2855 2474 2919; x_wconf 82' lang='lat' dir='ltr'>Reg.,</span> <span class='ocrx_word' id='word_1_450' title='bbox 2506 2866 2564 2916; x_wconf 88' lang='grc' dir='ltr'>ιι,</span> <span class='ocrx_word' id='word_1_451' title='bbox 2595 2853 2680 2917; x_wconf 81' lang='lat'>25)</span> <span class='ocrx_word' id='word_1_452' title='bbox 2705 2849 2732 2902; x_wconf 87' lang='lat'><strong>?</strong></span> 
     </span>
    </p>
   </div>
   <div class='ocr_carea' id='block_1_51' title="bbox 2249 2947 3848 3026">
    <p class='ocr_par' dir='ltr' id='par_1_51' title="bbox 2249 2947 3848 3026">
     <span class='ocr_line' id='line_1_51' title="bbox 2249 2947 3848 3026; baseline -0.013 -10"><span class='ocrx_word' id='word_1_453' title='bbox 2249 2964 2376 3017; x_wconf 80' lang='lat' dir='ltr'><strong>CAP.</strong></span> <span class='ocrx_word' id='word_1_454' title='bbox 2426 2963 2484 3013; x_wconf 88' lang='lat' dir='ltr'>V.</span> <span class='ocrx_word' id='word_1_455' title='bbox 2515 2991 2582 3000; x_wconf 93' lang='lat'><strong>—</strong></span> <span class='ocrx_word' id='word_1_456' title='bbox 2626 2960 2777 3026; x_wconf 85' lang='lat' dir='ltr'>Quod</span> <span class='ocrx_word' id='word_1_457' title='bbox 2806 2960 2882 3012; x_wconf 85' lang='lat' dir='ltr'>sic</span> <span class='ocrx_word' id='word_1_458' title='bbox 2927 2956 3251 3011; x_wconf 66' lang='lat' dir='ltr'>idololatriae</span> <span class='ocrx_word' id='word_1_459' title='bbox 3280 2952 3601 3020; x_wconf 80' lang='lat' dir='ltr'>indignetur</span> <span class='ocrx_word' id='word_1_460' title='bbox 3631 2950 3772 3006; x_wconf 83' lang='lat' dir='ltr'>Deus,</span> <span class='ocrx_word' id='word_1_461' title='bbox 3800 2947 3848 2995; x_wconf 82' lang='lat' dir='ltr'>ut</span> 
     </span>
    </p>
   </div>
   <div class='ocr_carea' id='block_1_52' title="bbox 513 2630 2143 2705">
    <p class='ocr_par' dir='ltr' id='par_1_52' title="bbox 513 2630 2143 2705">
     <span class='ocr_line' id='line_1_52' title="bbox 513 2630 2143 2705; baseline -0.009 -7"><span class='ocrx_word' id='word_1_462' title='bbox 513 2645 640 2705; x_wconf 69' lang='lat' dir='ltr'>CAP.</span> <span class='ocrx_word' id='word_1_463' title='bbox 675 2643 766 2697; x_wconf 91' lang='lat' dir='ltr'>llI.</span> <span class='ocrx_word' id='word_1_464' title='bbox 817 2671 882 2678; x_wconf 97' lang='lat'><strong>—</strong></span> <span class='ocrx_word' id='word_1_465' title='bbox 937 2640 1064 2704; x_wconf 62' lang='lat' dir='ltr'>Quae</span> <span class='ocrx_word' id='word_1_466' title='bbox 1108 2636 1452 2689; x_wconf 72' lang='lat' dir='ltr'>comminatio</span> <span class='ocrx_word' id='word_1_467' title='bbox 1501 2633 1598 2685; x_wconf 84' lang='lat' dir='ltr'>Dei</span> <span class='ocrx_word' id='word_1_468' title='bbox 1642 2633 1712 2686; x_wconf 80' lang='lat' dir='ltr'>sit</span> <span class='ocrx_word' id='word_1_469' title='bbox 1759 2630 2015 2685; x_wconf 78' lang='lat' dir='ltr'>adversus</span> <span class='ocrx_word' id='word_1_470' title='bbox 2059 2645 2143 2684; x_wconf 88' lang='lat' dir='ltr'>eos</span> 
     </span>
    </p>
   </div>
   <div class='ocr_carea' id='block_1_53' title="bbox 458 2715 1642 2787">
    <p class='ocr_par' dir='ltr' id='par_1_53' title="bbox 458 2715 1642 2787">
     <span class='ocr_line' id='line_1_53' title="bbox 458 2715 1642 2787; baseline -0.009 -10"><span class='ocrx_word' id='word_1_471' title='bbox 458 2726 468 2735; x_wconf 88' lang='lat'><strong><em>&#39;</em></strong></span> <span class='ocrx_word' id='word_1_472' title='bbox 1013 2719 1108 2787; x_wconf 89' lang='lat' dir='ltr'>qui</span> <span class='ocrx_word' id='word_1_473' title='bbox 1132 2715 1293 2770; x_wconf 81' lang='lat' dir='ltr'>idolis</span> <span class='ocrx_word' id='word_1_474' title='bbox 1313 2715 1642 2782; x_wconf 77' lang='lat' dir='ltr'>sacriﬁcant.</span> 
     </span>
    </p>
   </div>
   <div class='ocr_carea' id='block_1_54' title="bbox 587 2833 2146 2902">
    <p class='ocr_par' dir='ltr' id='par_1_54' title="bbox 587 2833 2146 2902">
     <span class='ocr_line' id='line_1_54' title="bbox 587 2833 2146 2902; baseline -0.01 0"><span class='ocrx_word' id='word_1_475' title='bbox 587 2850 646 2902; x_wconf 92' lang='lat' dir='ltr'>In</span> <span class='ocrx_word' id='word_1_476' title='bbox 682 2846 865 2902; x_wconf 83' lang='lat' dir='ltr'>Exodo</span> <span class='ocrx_word' id='word_1_477' title='bbox 887 2845 936 2879; x_wconf 73' lang='lat'><strong>‘3</strong></span> <span class='ocrx_word' id='word_1_478' title='bbox 971 2863 981 2898; x_wconf 92' lang='lat'>:</span> <span class='ocrx_word' id='word_1_479' title='bbox 1030 2863 1057 2891; x_wconf 83' lang='lat'><strong><em>«</em></strong></span> <span class='ocrx_word' id='word_1_480' title='bbox 1090 2840 1423 2896; x_wconf 81' lang='lat' dir='ltr'>Sacriﬁcans</span> <span class='ocrx_word' id='word_1_481' title='bbox 1453 2837 1558 2891; x_wconf 91' lang='lat' dir='ltr'>diis</span> <span class='ocrx_word' id='word_1_482' title='bbox 1604 2835 2006 2902; x_wconf 88' lang='lat' dir='ltr'>eradicabitur,</span> <span class='ocrx_word' id='word_1_483' title='bbox 2038 2833 2146 2888; x_wconf 91' lang='lat' dir='ltr'>nisi</span> 
     </span>
    </p>
   </div>
   <div class='ocr_carea' id='block_1_55' title="bbox 517 2931 2143 3006">
    <p class='ocr_par' dir='ltr' id='par_1_55' title="bbox 517 2931 2143 3006">
     <span class='ocr_line' id='line_1_55' title="bbox 517 2931 2143 3006; baseline -0.011 -7"><span class='ocrx_word' id='word_1_484' title='bbox 517 2942 760 2999; x_wconf 91' lang='lat' dir='ltr'>Domino</span> <span class='ocrx_word' id='word_1_485' title='bbox 788 2939 892 2994; x_wconf 91' lang='lat' dir='ltr'>soli</span> <span class='ocrx_word' id='word_1_486' title='bbox 921 2960 948 2987; x_wconf 83' lang='lat'>»</span> <span class='ocrx_word' id='word_1_487' title='bbox 976 2937 1192 3006; x_wconf 69' lang='lat' dir='ltr'>(Emod.,</span> <span class='ocrx_word' id='word_1_488' title='bbox 1226 2950 1359 2998; x_wconf 72' lang='grc' dir='ltr'>χιιι,</span> <span class='ocrx_word' id='word_1_489' title='bbox 1388 2932 1499 2999; x_wconf 92' lang='grc'>19).</span> <span class='ocrx_word' id='word_1_490' title='bbox 1539 2932 1679 2985; x_wconf 88' lang='lat' dir='ltr'>Item</span> <span class='ocrx_word' id='word_1_491' title='bbox 1703 2931 1758 2984; x_wconf 91' lang='lat' dir='ltr'>in</span> <span class='ocrx_word' id='word_1_492' title='bbox 1793 2931 2143 2983; x_wconf 90' lang='lat' dir='ltr'>Deuterono-</span> 
     </span>
    </p>
   </div>
   <div class='ocr_carea' id='block_1_56' title="bbox 520 3024 3844 3110">
    <p class='ocr_par' dir='ltr' id='par_1_56' title="bbox 520 3024 3844 3110">
     <span class='ocr_line' id='line_1_56' title="bbox 520 3024 3844 3110; baseline -0.011 -18"><span class='ocrx_word' id='word_1_493' title='bbox 520 3038 634 3093; x_wconf 90' lang='lat' dir='ltr'>mio</span> <span class='ocrx_word' id='word_1_494' title='bbox 683 3053 695 3089; x_wconf 74' lang='grc' dir='ltr'>ε</span> <span class='ocrx_word' id='word_1_495' title='bbox 752 3055 779 3082; x_wconf 92' lang='grc'><em>‹‹</em></span> <span class='ocrx_word' id='word_1_496' title='bbox 823 3030 1290 3088; x_wconf 81' lang='lat' dir='ltr'>Sacriﬁcaverunt</span> <span class='ocrx_word' id='word_1_497' title='bbox 1332 3024 1650 3092; x_wconf 71' lang='lat' dir='ltr'>daemoniis,</span> <span class='ocrx_word' id='word_1_498' title='bbox 1704 3030 1760 3077; x_wconf 92' lang='lat' dir='ltr'>et</span> <span class='ocrx_word' id='word_1_499' title='bbox 1806 3040 1920 3076; x_wconf 89' lang='lat' dir='ltr'>non</span> <span class='ocrx_word' id='word_1_500' title='bbox 1963 3024 2075 3076; x_wconf 83' lang='lat' dir='ltr'>Deo</span> <span class='ocrx_word' id='word_1_501' title='bbox 2116 3042 2142 3069; x_wconf 84' lang='lat'>»</span> <span class='ocrx_word' id='word_1_502' title='bbox 2318 3024 2818 3110; x_wconf 55' lang='lat' dir='ltr'>pmcepem&#39;etiam</span> <span class='ocrx_word' id='word_1_503' title='bbox 2846 3051 2930 3090; x_wconf 68' lang='lat' dir='ltr'>eos</span> <span class='ocrx_word' id='word_1_504' title='bbox 2963 3037 3193 3102; x_wconf 54' lang='lat' dir='ltr'>interﬁa-</span> <span class='ocrx_word' id='word_1_505' title='bbox 3221 3033 3318 3101; x_wconf 58' lang='lat' dir='ltr'>qui</span> <span class='ocrx_word' id='word_1_506' title='bbox 3345 3032 3656 3098; x_wconf 58' lang='lat' dir='ltr'>sacriﬁcare</span> <span class='ocrx_word' id='word_1_507' title='bbox 3684 3030 3729 3079; x_wconf 59' lang='lat' dir='ltr'>et</span> <span class='ocrx_word' id='word_1_508' title='bbox 3753 3038 3844 3077; x_wconf 63' lang='lat' dir='ltr'>ser-</span> 
     </span>
    </p>
   </div>
   <div class='ocr_carea' id='block_1_57' title="bbox 522 3116 2941 3202">
    <p class='ocr_par' dir='ltr' id='par_1_57' title="bbox 522 3116 2941 3202">
     <span class='ocr_line' id='line_1_57' title="bbox 522 3116 2941 3202; baseline -0.011 -16"><span class='ocrx_word' id='word_1_509' title='bbox 522 3134 724 3202; x_wconf 61' lang='lat' dir='ltr'>(Deut,</span> <span class='ocrx_word' id='word_1_510' title='bbox 753 3143 918 3192; x_wconf 84' lang='lat' dir='ltr'>xxxu,</span> <span class='ocrx_word' id='word_1_511' title='bbox 941 3126 1052 3195; x_wconf 81' lang='lat'>17).</span> <span class='ocrx_word' id='word_1_512' title='bbox 1084 3125 1223 3177; x_wconf 90' lang='lat' dir='ltr'>Item</span> <span class='ocrx_word' id='word_1_513' title='bbox 1254 3121 1401 3191; x_wconf 86' lang='lat' dir='ltr'>apud</span> <span class='ocrx_word' id='word_1_514' title='bbox 1424 3119 1620 3175; x_wconf 87' lang='lat' dir='ltr'>Isaiam</span> <span class='ocrx_word' id='word_1_515' title='bbox 1652 3135 1664 3171; x_wconf 90' lang='lat'>:</span> <span class='ocrx_word' id='word_1_516' title='bbox 1701 3139 1726 3166; x_wconf 76' lang='grc' dir='ltr'><strong>κ</strong></span> <span class='ocrx_word' id='word_1_517' title='bbox 1759 3116 2152 3171; x_wconf 81' lang='lat' dir='ltr'>Adoraverunt</span> <span class='ocrx_word' id='word_1_518' title='bbox 2177 3183 2224 3202; x_wconf 55' lang='grc' dir='ltr'><strong><em>Λ</em></strong></span> <span class='ocrx_word' id='word_1_519' title='bbox 2321 3124 2435 3176; x_wconf 70' lang='grc' dir='ltr'>υίνε</span> <span class='ocrx_word' id='word_1_520' title='bbox 2465 3119 2628 3173; x_wconf 71' lang='lat' dir='ltr'>idolis</span> <span class='ocrx_word' id='word_1_521' title='bbox 2651 3119 2941 3173; x_wconf 69' lang='lat' dir='ltr'>suaserint,</span> 
     </span>
    </p>
   </div>
   <div class='ocr_carea' id='block_1_58' title="bbox 524 3183 3851 3294">
    <p class='ocr_par' dir='ltr' id='par_1_58' title="bbox 524 3183 3851 3294">
     <span class='ocr_line' id='line_1_58' title="bbox 525 3183 1305 3202; baseline -0.014 0"><span class='ocrx_word' id='word_1_522' title='bbox 525 3183 650 3202; x_wconf 62' lang='lat'>\——~</span> <span class='ocrx_word' id='word_1_523' title='bbox 713 3183 723 3195; x_wconf 69' lang='grc' dir='ltr'><em>ι</em></span> <span class='ocrx_word' id='word_1_524' title='bbox 906 3183 917 3192; x_wconf 75' lang='grc' dir='ltr'><em>ι</em></span> <span class='ocrx_word' id='word_1_525' title='bbox 1017 3183 1028 3195; x_wconf 86' lang='grc'><strong><em>,</em></strong></span> <span class='ocrx_word' id='word_1_526' title='bbox 1292 3183 1305 3191; x_wconf 93' lang='grc'>.</span> 
     </span>
     <span class='ocr_line' id='line_1_59' title="bbox 524 3183 3851 3294; baseline -0.011 -14"><span class='ocrx_word' id='word_1_527' title='bbox 524 3242 622 3280; x_wconf 88' lang='lat' dir='ltr'>eos</span> <span class='ocrx_word' id='word_1_528' title='bbox 667 3239 806 3294; x_wconf 89' lang='lat' dir='ltr'>quos</span> <span class='ocrx_word' id='word_1_529' title='bbox 849 3221 1110 3274; x_wconf 89' lang='lat' dir='ltr'>fecerunt</span> <span class='ocrx_word' id='word_1_530' title='bbox 1151 3215 1314 3285; x_wconf 88' lang='lat' dir='ltr'>digiti</span> <span class='ocrx_word' id='word_1_531' title='bbox 1360 3229 1581 3280; x_wconf 91' lang='lat' dir='ltr'>eorum,</span> <span class='ocrx_word' id='word_1_532' title='bbox 1635 3217 1692 3266; x_wconf 88' lang='lat' dir='ltr'>et</span> <span class='ocrx_word' id='word_1_533' title='bbox 1754 3215 2015 3265; x_wconf 86' lang='lat' dir='ltr'>curvatus</span> <span class='ocrx_word' id='word_1_534' title='bbox 2071 3183 2226 3262; x_wconf 80' lang='lat' dir='ltr'>estC</span> <span class='ocrx_word' id='word_1_535' title='bbox 2330 3229 2385 3281; x_wconf 70' lang='lat' dir='ltr'>In</span> <span class='ocrx_word' id='word_1_536' title='bbox 2419 3223 2860 3280; x_wconf 66' lang='lat' dir='ltr'>Deutemnomio</span> <span class='ocrx_word' id='word_1_537' title='bbox 2893 3239 2906 3276; x_wconf 57' lang='grc' dir='ltr'>ε</span> <span class='ocrx_word' id='word_1_538' title='bbox 2943 3243 2969 3270; x_wconf 60' lang='grc' dir='ltr'>α</span> <span class='ocrx_word' id='word_1_539' title='bbox 3020 3219 3178 3284; x_wconf 73' lang='lat' dir='ltr'>Quod</span> <span class='ocrx_word' id='word_1_540' title='bbox 3211 3217 3257 3271; x_wconf 65' lang='lat' dir='ltr'>si</span> <span class='ocrx_word' id='word_1_541' title='bbox 3297 3214 3588 3286; x_wconf 55' lang='lat' dir='ltr'>rogaverit</span> <span class='ocrx_word' id='word_1_542' title='bbox 3617 3217 3667 3266; x_wconf 59' lang='lat' dir='ltr'><strong>te</strong></span> <span class='ocrx_word' id='word_1_543' title='bbox 3709 3211 3851 3264; x_wconf 61' lang='lat' dir='ltr'>{mm</span> 
     </span>
    </p>
   </div>
   <div class='ocr_carea' id='block_1_59' title="bbox 524 3303 3851 3387">
    <p class='ocr_par' dir='ltr' id='par_1_59' title="bbox 524 3303 3851 3387">
     <span class='ocr_line' id='line_1_60' title="bbox 524 3303 3851 3387; baseline -0.01 -14"><span class='ocrx_word' id='word_1_544' title='bbox 524 3321 718 3384; x_wconf 89' lang='lat' dir='ltr'>homo,</span> <span class='ocrx_word' id='word_1_545' title='bbox 749 3322 805 3370; x_wconf 89' lang='lat' dir='ltr'>et</span> <span class='ocrx_word' id='word_1_546' title='bbox 847 3311 1177 3367; x_wconf 88' lang='lat' dir='ltr'>humiliatus</span> <span class='ocrx_word' id='word_1_547' title='bbox 1219 3315 1302 3362; x_wconf 89' lang='lat' dir='ltr'>est</span> <span class='ocrx_word' id='word_1_548' title='bbox 1342 3309 1444 3374; x_wconf 89' lang='lat' dir='ltr'>vir,</span> <span class='ocrx_word' id='word_1_549' title='bbox 1478 3311 1534 3362; x_wconf 90' lang='lat' dir='ltr'>et</span> <span class='ocrx_word' id='word_1_550' title='bbox 1579 3306 1908 3360; x_wconf 81' lang='lat' dir='ltr'>nonlaxabo</span> <span class='ocrx_word' id='word_1_551' title='bbox 1952 3303 2150 3369; x_wconf 70' lang='lat' dir='ltr'>illis“,</span> <span class='ocrx_word' id='word_1_552' title='bbox 2256 3326 2407 3387; x_wconf 58' lang='lat' dir='ltr'>tuus,</span> <span class='ocrx_word' id='word_1_553' title='bbox 2459 3325 2557 3374; x_wconf 59' lang='lat' dir='ltr'>aut</span> <span class='ocrx_word' id='word_1_554' title='bbox 2601 3318 2751 3372; x_wconf 67' lang='lat' dir='ltr'>ﬁlius</span> <span class='ocrx_word' id='word_1_555' title='bbox 2790 3320 2940 3382; x_wconf 58' lang='lat' dir='ltr'>tuus,</span> <span class='ocrx_word' id='word_1_556' title='bbox 2992 3317 3090 3368; x_wconf 62' lang='lat' dir='ltr'><strong>aut</strong></span> <span class='ocrx_word' id='word_1_557' title='bbox 3135 3313 3251 3365; x_wconf 69' lang='lat' dir='ltr'>ﬁlia</span> <span class='ocrx_word' id='word_1_558' title='bbox 3296 3313 3415 3377; x_wconf 63' lang='lat' dir='ltr'>tua,</span> <span class='ocrx_word' id='word_1_559' title='bbox 3461 3312 3561 3362; x_wconf 59' lang='lat' dir='ltr'>aut</span> <span class='ocrx_word' id='word_1_560' title='bbox 3600 3322 3734 3361; x_wconf 66' lang='lat' dir='ltr'>um,-</span> <span class='ocrx_word' id='word_1_561' title='bbox 3775 3307 3851 3356; x_wconf 61' lang='lat' dir='ltr'>tua</span> 
     </span>
    </p>
   </div>
   <div class='ocr_carea' id='block_1_60' title="bbox 529 3395 3852 3485">
    <p class='ocr_par' dir='ltr' id='par_1_60' title="bbox 529 3395 3852 3485">
     <span class='ocr_line' id='line_1_61' title="bbox 529 3395 3852 3485; baseline -0.004 -19"><span class='ocrx_word' id='word_1_562' title='bbox 529 3415 681 3484; x_wconf 88' lang='lat' dir='ltr'>(Isa.,</span> <span class='ocrx_word' id='word_1_563' title='bbox 717 3426 775 3477; x_wconf 85' lang='grc' dir='ltr'>ιι,</span> <span class='ocrx_word' id='word_1_564' title='bbox 806 3411 837 3462; x_wconf 91' lang='grc'>8</span> <span class='ocrx_word' id='word_1_565' title='bbox 865 3413 918 3459; x_wconf 88' lang='lat' dir='ltr'>et</span> <span class='ocrx_word' id='word_1_566' title='bbox 945 3404 1020 3473; x_wconf 88' lang='grc'>9).</span> <span class='ocrx_word' id='word_1_567' title='bbox 1046 3406 1110 3458; x_wconf 87' lang='lat' dir='ltr'>Et</span> <span class='ocrx_word' id='word_1_568' title='bbox 1135 3403 1346 3456; x_wconf 90' lang='lat' dir='ltr'>iterum</span> <span class='ocrx_word' id='word_1_569' title='bbox 1373 3417 1385 3454; x_wconf 92' lang='lat'>:</span> <span class='ocrx_word' id='word_1_570' title='bbox 1422 3423 1448 3450; x_wconf 86' lang='grc'>‹‹</span> <span class='ocrx_word' id='word_1_571' title='bbox 1478 3400 1590 3453; x_wconf 90' lang='lat' dir='ltr'>Illis</span> <span class='ocrx_word' id='word_1_572' title='bbox 1614 3399 1836 3453; x_wconf 83' lang='lat' dir='ltr'>fudistis</span> <span class='ocrx_word' id='word_1_573' title='bbox 1857 3397 2152 3463; x_wconf 89' lang='lat' dir='ltr'>libamina,</span> <span class='ocrx_word' id='word_1_574' title='bbox 2257 3431 2384 3485; x_wconf 51' lang='lat' dir='ltr'>qua,</span> <span class='ocrx_word' id='word_1_575' title='bbox 2409 3417 2494 3468; x_wconf 62' lang='lat' dir='ltr'>est</span> <span class='ocrx_word' id='word_1_576' title='bbox 2519 3413 2576 3466; x_wconf 71' lang='lat' dir='ltr'>in</span> <span class='ocrx_word' id='word_1_577' title='bbox 2627 3412 2754 3465; x_wconf 70' lang='lat' dir='ltr'>sinu</span> <span class='ocrx_word' id='word_1_578' title='bbox 2787 3415 2910 3477; x_wconf 61' lang='lat' dir='ltr'>tuo,</span> <span class='ocrx_word' id='word_1_579' title='bbox 2945 3413 3040 3462; x_wconf 64' lang='lat' dir='ltr'>aut</span> <span class='ocrx_word' id='word_1_580' title='bbox 3087 3405 3304 3460; x_wconf 78' lang='lat' dir='ltr'>amicus</span> <span class='ocrx_word' id='word_1_581' title='bbox 3333 3407 3486 3468; x_wconf 77' lang='lat' dir='ltr'>tuuS,</span> <span class='ocrx_word' id='word_1_582' title='bbox 3519 3401 3614 3473; x_wconf 90' lang='lat' dir='ltr'>qui</span> <span class='ocrx_word' id='word_1_583' title='bbox 3644 3395 3852 3468; x_wconf 66' lang='lat' dir='ltr'>aequalis</span> 
     </span>
    </p>
   </div>
   <div class='ocr_carea' id='block_1_61' title="bbox 529 3490 3851 3571">
    <p class='ocr_par' dir='ltr' id='par_1_61' title="bbox 529 3490 3851 3571">
     <span class='ocr_line' id='line_1_62' title="bbox 529 3490 3851 3571; baseline -0.009 -14"><span class='ocrx_word' id='word_1_584' title='bbox 529 3512 587 3561; x_wconf 85' lang='lat' dir='ltr'>et</span> <span class='ocrx_word' id='word_1_585' title='bbox 613 3505 718 3558; x_wconf 89' lang='lat' dir='ltr'>illis</span> <span class='ocrx_word' id='word_1_586' title='bbox 765 3498 1116 3571; x_wconf 89' lang='lat' dir='ltr'>imposuistis</span> <span class='ocrx_word' id='word_1_587' title='bbox 1153 3495 1444 3550; x_wconf 81' lang='lat' dir='ltr'>sacrificia.</span> <span class='ocrx_word' id='word_1_588' title='bbox 1476 3497 1658 3564; x_wconf 88' lang='lat' dir='ltr'>Super</span> <span class='ocrx_word' id='word_1_589' title='bbox 1705 3491 1830 3546; x_wconf 67' lang='lat' dir='ltr'>haec</span> <span class='ocrx_word' id='word_1_590' title='bbox 1871 3507 2009 3561; x_wconf 86' lang='lat' dir='ltr'>ergo</span> <span class='ocrx_word' id='word_1_591' title='bbox 2039 3507 2157 3544; x_wconf 90' lang='lat' dir='ltr'>non</span> <span class='ocrx_word' id='word_1_592' title='bbox 2261 3513 2346 3562; x_wconf 61' lang='lat' dir='ltr'>est</span> <span class='ocrx_word' id='word_1_593' title='bbox 2372 3507 2579 3561; x_wconf 49' lang='lat' dir='ltr'>anima</span> <span class='ocrx_word' id='word_1_594' title='bbox 2626 3511 2757 3570; x_wconf 56' lang='grc' dir='ltr'>ωδε,</span> <span class='ocrx_word' id='word_1_595' title='bbox 2805 3505 3049 3558; x_wconf 55' lang='lat' dir='ltr'>latenter</span> <span class='ocrx_word' id='word_1_596' title='bbox 3081 3501 3313 3554; x_wconf 60' lang='lat' dir='ltr'>dicens;</span> <span class='ocrx_word' id='word_1_597' title='bbox 3351 3499 3558 3551; x_wconf 70' lang='lat' dir='ltr'>Eamus</span> <span class='ocrx_word' id='word_1_598' title='bbox 3589 3499 3643 3548; x_wconf 67' lang='grc' dir='ltr'>ει</span> <span class='ocrx_word' id='word_1_599' title='bbox 3674 3490 3851 3547; x_wconf 64' lang='grc' dir='ltr'>εθτνίε-</span> 
     </span>
    </p>
   </div>
   <div class='ocr_carea' id='block_1_62' title="bbox 532 3582 2127 3667">
    <p class='ocr_par' dir='ltr' id='par_1_62' title="bbox 532 3585 2127 3667">
     <span class='ocr_line' id='line_1_63' title="bbox 532 3585 2127 3667; baseline -0.01 -14"><span class='ocrx_word' id='word_1_600' title='bbox 532 3595 896 3667; x_wconf 86' lang='lat' dir='ltr'>indignabor,</span> <span class='ocrx_word' id='word_1_601' title='bbox 945 3592 1079 3647; x_wconf 90' lang='lat' dir='ltr'>dicit</span> <span class='ocrx_word' id='word_1_602' title='bbox 1120 3589 1399 3644; x_wconf 90' lang='lat' dir='ltr'>Dominus</span> <span class='ocrx_word' id='word_1_603' title='bbox 1448 3607 1474 3638; x_wconf 72' lang='grc' dir='ltr'>ι)</span> <span class='ocrx_word' id='word_1_604' title='bbox 1523 3590 1677 3649; x_wconf 84' lang='lat' dir='ltr'>(Isa.,</span> <span class='ocrx_word' id='word_1_605' title='bbox 1725 3585 1925 3653; x_wconf 87' lang='lat' dir='ltr'>Lvn,6)</span> <span class='ocrx_word' id='word_1_606' title='bbox 1955 3585 1982 3638; x_wconf 84' lang='lat'><strong>?</strong></span> <span class='ocrx_word' id='word_1_607' title='bbox 2015 3587 2127 3639; x_wconf 87' lang='lat' dir='ltr'>Iten</span> 
     </span>
    </p>
   </div>
   <div class='ocr_carea' id='block_1_63' title="bbox 2234 3582 3853 3667">
    <p class='ocr_par' dir='ltr' id='par_1_63' title="bbox 2262 3582 3853 3665">
     <span class='ocr_line' id='line_1_64' title="bbox 2262 3582 3853 3665; baseline -0.012 -9"><span class='ocrx_word' id='word_1_608' title='bbox 2262 3618 2391 3655; x_wconf 89' lang='lat' dir='ltr'>mus</span> <span class='ocrx_word' id='word_1_609' title='bbox 2418 3599 2524 3654; x_wconf 90' lang='lat' dir='ltr'>diis</span> <span class='ocrx_word' id='word_1_610' title='bbox 2555 3599 2682 3653; x_wconf 89' lang='lat' dir='ltr'>aliis</span> <span class='ocrx_word' id='word_1_611' title='bbox 2703 3599 2774 3665; x_wconf 77' lang='grc'>⁵³,</span> <span class='ocrx_word' id='word_1_612' title='bbox 2805 3596 2912 3650; x_wconf 88' lang='lat' dir='ltr'>diis</span> <span class='ocrx_word' id='word_1_613' title='bbox 2957 3593 3261 3664; x_wconf 86' lang='lat' dir='ltr'>gentium;</span> <span class='ocrx_word' id='word_1_614' title='bbox 3299 3609 3419 3646; x_wconf 90' lang='lat' dir='ltr'>non</span> <span class='ocrx_word' id='word_1_615' title='bbox 3466 3586 3771 3644; x_wconf 75' lang='lat' dir='ltr'>consentias</span> <span class='ocrx_word' id='word_1_616' title='bbox 3793 3582 3853 3646; x_wconf 87' lang='lat' dir='ltr'>ei,</span> 
     </span>
    </p>
   </div>
   <div class='ocr_carea' id='block_1_64' title="bbox 532 3672 3857 3764">
    <p class='ocr_par' dir='ltr' id='par_1_64' title="bbox 532 3672 3857 3764">
     <span class='ocr_line' id='line_1_65' title="bbox 532 3672 3857 3764; baseline -0.01 -18"><span class='ocrx_word' id='word_1_617' title='bbox 532 3691 681 3764; x_wconf 90' lang='lat' dir='ltr'>apud</span> <span class='ocrx_word' id='word_1_618' title='bbox 703 3687 1007 3744; x_wconf 80' lang='lat' dir='ltr'>Jeremiam</span> <span class='ocrx_word' id='word_1_619' title='bbox 1032 3704 1042 3738; x_wconf 95' lang='lat'><strong>:</strong></span> <span class='ocrx_word' id='word_1_620' title='bbox 1074 3685 1298 3738; x_wconf 81' lang='lat' dir='ltr'>«Nolite</span> <span class='ocrx_word' id='word_1_621' title='bbox 1320 3682 1610 3735; x_wconf 87' lang='lat' dir='ltr'>ambulare</span> <span class='ocrx_word' id='word_1_622' title='bbox 1630 3682 1756 3750; x_wconf 90' lang='lat' dir='ltr'>post</span> <span class='ocrx_word' id='word_1_623' title='bbox 1783 3679 1918 3733; x_wconf 91' lang='lat' dir='ltr'>deos</span> <span class='ocrx_word' id='word_1_624' title='bbox 1947 3678 2161 3732; x_wconf 91' lang='lat' dir='ltr'>alienos</span> <span class='ocrx_word' id='word_1_625' title='bbox 2263 3701 2318 3750; x_wconf 55' lang='lat' dir='ltr'>et</span> <span class='ocrx_word' id='word_1_626' title='bbox 2351 3711 2463 3747; x_wconf 72' lang='lat' dir='ltr'>non</span> <span class='ocrx_word' id='word_1_627' title='bbox 2511 3691 2778 3746; x_wconf 64' lang='lat' dir='ltr'>exaudies</span> <span class='ocrx_word' id='word_1_628' title='bbox 2808 3672 2964 3754; x_wconf 54' lang='lat' dir='ltr'>eum,</span> <span class='ocrx_word' id='word_1_629' title='bbox 2996 3693 3054 3742; x_wconf 56' lang='lat' dir='ltr'>et</span> <span class='ocrx_word' id='word_1_630' title='bbox 3099 3683 3290 3758; x_wconf 75' lang='lat'>659</span> <span class='ocrx_word' id='word_1_631' title='bbox 3339 3702 3460 3740; x_wconf 63' lang='lat' dir='ltr'>non</span> <span class='ocrx_word' id='word_1_632' title='bbox 3489 3686 3674 3755; x_wconf 56' lang='lat' dir='ltr'>parcet</span> <span class='ocrx_word' id='word_1_633' title='bbox 3699 3679 3857 3732; x_wconf 67' lang='grc' dir='ltr'>οοηιαε</span> 
     </span>
    </p>
   </div>
   <div class='ocr_carea' id='block_1_65' title="bbox 537 3772 3858 3856">
    <p class='ocr_par' dir='ltr' id='par_1_65' title="bbox 537 3772 3858 3856">
     <span class='ocr_line' id='line_1_66' title="bbox 537 3772 3858 3856; baseline -0.011 -15"><span class='ocrx_word' id='word_1_634' title='bbox 537 3793 598 3841; x_wconf 91' lang='lat' dir='ltr'>ut</span> <span class='ocrx_word' id='word_1_635' title='bbox 643 3781 897 3837; x_wconf 78' lang='lat' dir='ltr'>servietis</span> <span class='ocrx_word' id='word_1_636' title='bbox 939 3779 1038 3846; x_wconf 86' lang='lat' dir='ltr'>eis,</span> <span class='ocrx_word' id='word_1_637' title='bbox 1084 3782 1142 3832; x_wconf 89' lang='lat' dir='ltr'>et</span> <span class='ocrx_word' id='word_1_638' title='bbox 1189 3793 1260 3830; x_wconf 91' lang='lat' dir='ltr'>ne</span> <span class='ocrx_word' id='word_1_639' title='bbox 1293 3773 1658 3829; x_wconf 82' lang='lat' dir='ltr'>adoraveritis</span> <span class='ocrx_word' id='word_1_640' title='bbox 1687 3791 1804 3841; x_wconf 89' lang='lat' dir='ltr'>eos,</span> <span class='ocrx_word' id='word_1_641' title='bbox 1836 3777 1893 3826; x_wconf 90' lang='lat' dir='ltr'>et</span> <span class='ocrx_word' id='word_1_642' title='bbox 1923 3790 1992 3826; x_wconf 91' lang='lat' dir='ltr'>ne</span> <span class='ocrx_word' id='word_1_643' title='bbox 2023 3772 2157 3825; x_wconf 87' lang='lat' dir='ltr'>inci-</span> <span class='ocrx_word' id='word_1_644' title='bbox 2264 3793 2395 3842; x_wconf 59' lang='lat' dir='ltr'><strong>tuus</strong></span> <span class='ocrx_word' id='word_1_645' title='bbox 2424 3803 2594 3856; x_wconf 62' lang='lat' dir='ltr'>super</span> <span class='ocrx_word' id='word_1_646' title='bbox 2634 3801 2790 3850; x_wconf 60' lang='lat' dir='ltr'>eum,</span> <span class='ocrx_word' id='word_1_647' title='bbox 2837 3790 2891 3837; x_wconf 62' lang='lat' dir='ltr'>et</span> <span class='ocrx_word' id='word_1_648' title='bbox 2939 3799 3050 3836; x_wconf 70' lang='lat' dir='ltr'>non</span> <span class='ocrx_word' id='word_1_649' title='bbox 3102 3780 3308 3834; x_wconf 64' lang='lat' dir='ltr'>celabis</span> <span class='ocrx_word' id='word_1_650' title='bbox 3352 3795 3510 3842; x_wconf 56' lang='lat' dir='ltr'>eum,</span> <span class='ocrx_word' id='word_1_651' title='bbox 3555 3772 3858 3830; x_wconf 58' lang='lat' dir='ltr'>annuntians</span> 
     </span>
    </p>
   </div>
   <div class='ocr_carea' id='block_1_66' title="bbox 536 3865 2127 3944">
    <p class='ocr_par' dir='ltr' id='par_1_66' title="bbox 536 3868 2127 3944">
     <span class='ocr_line' id='line_1_67' title="bbox 536 3868 2127 3944; baseline -0.009 -11"><span class='ocrx_word' id='word_1_652' title='bbox 536 3879 669 3935; x_wconf 86' lang='lat' dir='ltr'>tetis</span> <span class='ocrx_word' id='word_1_653' title='bbox 701 3893 793 3930; x_wconf 89' lang='lat' dir='ltr'>me</span> <span class='ocrx_word' id='word_1_654' title='bbox 821 3875 881 3928; x_wconf 91' lang='lat' dir='ltr'>in</span> <span class='ocrx_word' id='word_1_655' title='bbox 913 3873 1176 3944; x_wconf 81' lang='lat' dir='ltr'>Operibus</span> <span class='ocrx_word' id='word_1_656' title='bbox 1207 3887 1479 3924; x_wconf 88' lang='lat' dir='ltr'>manuum</span> <span class='ocrx_word' id='word_1_657' title='bbox 1509 3875 1824 3922; x_wconf 85' lang='lat' dir='ltr'>vestrarum</span> <span class='ocrx_word' id='word_1_658' title='bbox 1855 3868 1922 3920; x_wconf 90' lang='lat' dir='ltr'>ad</span> <span class='ocrx_word' id='word_1_659' title='bbox 1953 3868 2127 3936; x_wconf 81' lang='lat' dir='ltr'>dispei</span> 
     </span>
    </p>
   </div>
   <div class='ocr_carea' id='block_1_67' title="bbox 2234 3865 3858 3944">
    <p class='ocr_par' dir='ltr' id='par_1_67' title="bbox 2267 3865 3858 3941">
     <span class='ocr_line' id='line_1_68' title="bbox 2267 3865 3858 3941; baseline -0.012 -5"><span class='ocrx_word' id='word_1_660' title='bbox 2267 3880 2632 3936; x_wconf 90' lang='lat' dir='ltr'>annuntiabis</span> <span class='ocrx_word' id='word_1_661' title='bbox 2671 3880 2741 3932; x_wconf 86' lang='lat' dir='ltr'>de</span> <span class='ocrx_word' id='word_1_662' title='bbox 2774 3877 2893 3930; x_wconf 91' lang='lat' dir='ltr'>illo.</span> <span class='ocrx_word' id='word_1_663' title='bbox 2937 3877 3134 3931; x_wconf 82' lang='lat' dir='ltr'>Manus</span> <span class='ocrx_word' id='word_1_664' title='bbox 3181 3877 3276 3926; x_wconf 87' lang='lat' dir='ltr'>tua</span> <span class='ocrx_word' id='word_1_665' title='bbox 3303 3872 3412 3927; x_wconf 90' lang='lat' dir='ltr'>erit</span> <span class='ocrx_word' id='word_1_666' title='bbox 3461 3887 3628 3941; x_wconf 88' lang='lat' dir='ltr'>super</span> <span class='ocrx_word' id='word_1_667' title='bbox 3653 3865 3858 3930; x_wconf 87' lang='lat' dir='ltr'>eum,in</span> 
     </span>
    </p>
   </div>
   <div class='ocr_carea' id='block_1_68' title="bbox 540 3960 2127 4047">
    <p class='ocr_par' dir='ltr' id='par_1_68' title="bbox 540 3960 2123 4037">
     <span class='ocr_line' id='line_1_69' title="bbox 540 3960 2123 4037; baseline -0.009 -9"><span class='ocrx_word' id='word_1_668' title='bbox 540 3973 752 4028; x_wconf 89' lang='lat' dir='ltr'>dendos</span> <span class='ocrx_word' id='word_1_669' title='bbox 777 3971 823 4004; x_wconf 76' lang='lat'><strong>‘5</strong></span> <span class='ocrx_word' id='word_1_670' title='bbox 851 3985 945 4021; x_wconf 86' lang='lat' dir='ltr'>vos</span> <span class='ocrx_word' id='word_1_671' title='bbox 978 3987 999 4018; x_wconf 76' lang='grc' dir='ltr'>ι</span> <span class='ocrx_word' id='word_1_672' title='bbox 1030 3968 1268 4037; x_wconf 79' lang='lat' dir='ltr'>(Jerem.,</span> <span class='ocrx_word' id='word_1_673' title='bbox 1291 3981 1413 4032; x_wconf 80' lang='lat' dir='ltr'>xxv,</span> <span class='ocrx_word' id='word_1_674' title='bbox 1437 3964 1509 4032; x_wconf 85' lang='lat'>6).</span> <span class='ocrx_word' id='word_1_675' title='bbox 1539 3965 1680 4016; x_wconf 90' lang='lat' dir='ltr'>Item</span> <span class='ocrx_word' id='word_1_676' title='bbox 1701 3963 1758 4015; x_wconf 89' lang='lat' dir='ltr'>in</span> <span class='ocrx_word' id='word_1_677' title='bbox 1787 3960 2123 4032; x_wconf 84' lang='lat' dir='ltr'>Apocalypsi</span> 
     </span>
    </p>
   </div>
   <div class='ocr_carea' id='block_1_69' title="bbox 2234 3960 3858 4047">
    <p class='ocr_par' dir='ltr' id='par_1_69' title="bbox 2266 3960 3858 4047">
     <span class='ocr_line' id='line_1_70' title="bbox 2266 3960 3858 4047; baseline -0.011 -20"><span class='ocrx_word' id='word_1_678' title='bbox 2266 3975 2464 4047; x_wconf 85' lang='lat' dir='ltr'>primis</span> <span class='ocrx_word' id='word_1_679' title='bbox 2494 3972 2817 4028; x_wconf 81' lang='lat' dir='ltr'>interﬁcere</span> <span class='ocrx_word' id='word_1_680' title='bbox 2841 3986 2998 4034; x_wconf 88' lang='lat' dir='ltr'>eum,</span> <span class='ocrx_word' id='word_1_681' title='bbox 3027 3974 3082 4024; x_wconf 91' lang='lat' dir='ltr'>et</span> <span class='ocrx_word' id='word_1_682' title='bbox 3112 3983 3309 4022; x_wconf 88' lang='lat' dir='ltr'>manus</span> <span class='ocrx_word' id='word_1_683' title='bbox 3347 3965 3536 4019; x_wconf 90' lang='lat' dir='ltr'>omnis</span> <span class='ocrx_word' id='word_1_684' title='bbox 3569 3960 3754 4034; x_wconf 85' lang='lat' dir='ltr'>pepuli</span> <span class='ocrx_word' id='word_1_685' title='bbox 3774 3973 3858 4028; x_wconf 86' lang='lat' dir='ltr'>po-</span> 
     </span>
    </p>
   </div>
   <div class='ocr_carea' id='block_1_70' title="bbox 543 4052 3858 4136">
    <p class='ocr_par' dir='ltr' id='par_1_70' title="bbox 543 4052 3858 4136">
     <span class='ocr_line' id='line_1_71' title="bbox 543 4052 3858 4136; baseline -0.011 3"><span class='ocrx_word' id='word_1_686' title='bbox 543 4091 569 4118; x_wconf 80' lang='lat'>“</span> <span class='ocrx_word' id='word_1_687' title='bbox 614 4069 670 4122; x_wconf 68' lang='lat' dir='ltr'>Si</span> <span class='ocrx_word' id='word_1_688' title='bbox 711 4064 837 4136; x_wconf 67' lang='grc' dir='ltr'>(ἰυίε</span> <span class='ocrx_word' id='word_1_689' title='bbox 877 4062 1141 4116; x_wconf 54' lang='lat' dir='ltr'>adorat“</span> <span class='ocrx_word' id='word_1_690' title='bbox 1185 4058 1425 4112; x_wconf 63' lang='lat' dir='ltr'>beStiam</span> <span class='ocrx_word' id='word_1_691' title='bbox 1465 4061 1522 4110; x_wconf 63' lang='lat' dir='ltr'>et</span> <span class='ocrx_word' id='word_1_692' title='bbox 1568 4055 1884 4126; x_wconf 69' lang='lat' dir='ltr'>imaginem</span> <span class='ocrx_word' id='word_1_693' title='bbox 1933 4054 2077 4124; x_wconf 65' lang='lat' dir='ltr'>eius:</span> <span class='ocrx_word' id='word_1_694' title='bbox 2111 4058 2168 4107; x_wconf 59' lang='grc' dir='ltr'>εἴ</span> <span class='ocrx_word' id='word_1_695' title='bbox 2267 4075 2509 4133; x_wconf 91' lang='lat' dir='ltr'>stremo;</span> <span class='ocrx_word' id='word_1_696' title='bbox 2559 4072 2616 4120; x_wconf 91' lang='lat' dir='ltr'>et</span> <span class='ocrx_word' id='word_1_697' title='bbox 2658 4064 3011 4136; x_wconf 74' lang='lat' dir='ltr'>lapidabunt:</span> <span class='ocrx_word' id='word_1_698' title='bbox 3037 4078 3169 4116; x_wconf 87' lang='lat' dir='ltr'>eum</span> <span class='ocrx_word' id='word_1_699' title='bbox 3202 4064 3260 4114; x_wconf 91' lang='lat' dir='ltr'>et</span> <span class='ocrx_word' id='word_1_700' title='bbox 3291 4060 3593 4124; x_wconf 88' lang='lat' dir='ltr'>morietur,</span> <span class='ocrx_word' id='word_1_701' title='bbox 3620 4052 3858 4126; x_wconf 86' lang='lat' dir='ltr'>quoniam</span> 
     </span>
    </p>
   </div>
   <div class='ocr_carea' id='block_1_71' title="bbox 543 4148 3859 4233">
    <p class='ocr_par' dir='ltr' id='par_1_71' title="bbox 543 4148 3859 4233">
     <span class='ocr_line' id='line_1_72' title="bbox 543 4148 3859 4233; baseline -0.008 0"><span class='ocrx_word' id='word_1_702' title='bbox 543 4159 810 4232; x_wconf 59' lang='lat' dir='ltr'>aCCil‘iL“</span> <span class='ocrx_word' id='word_1_703' title='bbox 845 4161 1035 4211; x_wconf 64' lang='lat' dir='ltr'>&quot;om&quot;</span> <span class='ocrx_word' id='word_1_704' title='bbox 1083 4150 1276 4225; x_wconf 82' lang='grc'>658</span> <span class='ocrx_word' id='word_1_705' title='bbox 1306 4152 1364 4204; x_wconf 72' lang='lat' dir='ltr'>in</span> <span class='ocrx_word' id='word_1_706' title='bbox 1413 4151 1603 4204; x_wconf 65' lang='grc' dir='ltr'>Ῑτοηίθ</span> <span class='ocrx_word' id='word_1_707' title='bbox 1635 4166 1738 4204; x_wconf 67' lang='lat' dir='ltr'>sua</span> <span class='ocrx_word' id='word_1_708' title='bbox 1763 4153 1861 4203; x_wconf 68' lang='grc' dir='ltr'><strong>θυι</strong></span> <span class='ocrx_word' id='word_1_709' title='bbox 1887 4149 1944 4202; x_wconf 74' lang='lat' dir='ltr'>in</span> <span class='ocrx_word' id='word_1_710' title='bbox 1974 4163 2165 4214; x_wconf 60' lang='lat' dir='ltr'>manu:</span> <span class='ocrx_word' id='word_1_711' title='bbox 2269 4161 2525 4233; x_wconf 67' lang='lat' dir='ltr'>quaesivit</span> <span class='ocrx_word' id='word_1_712' title='bbox 2569 4164 2824 4214; x_wconf 84' lang='lat' dir='ltr'>avertere</span> <span class='ocrx_word' id='word_1_713' title='bbox 2870 4161 2926 4211; x_wconf 92' lang='lat' dir='ltr'>te</span> <span class='ocrx_word' id='word_1_714' title='bbox 2971 4174 3001 4210; x_wconf 88' lang='lat' dir='ltr'>a</span> <span class='ocrx_word' id='word_1_715' title='bbox 3052 4155 3292 4211; x_wconf 89' lang='lat' dir='ltr'>Domino</span> <span class='ocrx_word' id='word_1_716' title='bbox 3333 4155 3449 4208; x_wconf 91' lang='lat' dir='ltr'>Deo</span> <span class='ocrx_word' id='word_1_717' title='bbox 3499 4159 3593 4205; x_wconf 91' lang='lat' dir='ltr'>tuo</span> <span class='ocrx_word' id='word_1_718' title='bbox 3633 4171 3657 4198; x_wconf 74' lang='grc' dir='ltr'><strong>η</strong></span> <span class='ocrx_word' id='word_1_719' title='bbox 3689 4148 3859 4218; x_wconf 61' lang='lat' dir='ltr'>(Deut,</span> 
     </span>
    </p>
   </div>
   <div class='ocr_carea' id='block_1_72' title="bbox 543 4237 3863 4322">
    <p class='ocr_par' dir='ltr' id='par_1_72' title="bbox 543 4237 3863 4322">
     <span class='ocr_line' id='line_1_73' title="bbox 543 4237 3863 4322; baseline -0.009 -10"><span class='ocrx_word' id='word_1_720' title='bbox 543 4257 700 4312; x_wconf 88' lang='lat' dir='ltr'>bibet</span> <span class='ocrx_word' id='word_1_721' title='bbox 729 4258 784 4308; x_wconf 91' lang='lat' dir='ltr'>ct</span> <span class='ocrx_word' id='word_1_722' title='bbox 830 4252 948 4322; x_wconf 91' lang='lat' dir='ltr'>ipse</span> <span class='ocrx_word' id='word_1_723' title='bbox 975 4250 1043 4304; x_wconf 92' lang='lat' dir='ltr'>de</span> <span class='ocrx_word' id='word_1_724' title='bbox 1072 4248 1202 4302; x_wconf 88' lang='lat' dir='ltr'>vino</span> <span class='ocrx_word' id='word_1_725' title='bbox 1248 4247 1348 4299; x_wconf 68' lang='lat' dir='ltr'>iraa</span> <span class='ocrx_word' id='word_1_726' title='bbox 1375 4244 1470 4298; x_wconf 90' lang='lat' dir='ltr'>Dei</span> <span class='ocrx_word' id='word_1_727' title='bbox 1517 4244 1694 4298; x_wconf 83' lang='lat' dir='ltr'>mixto</span> <span class='ocrx_word' id='word_1_728' title='bbox 1736 4244 1794 4297; x_wconf 89' lang='lat' dir='ltr'>in</span> <span class='ocrx_word' id='word_1_729' title='bbox 1824 4245 2029 4314; x_wconf 90' lang='lat' dir='ltr'>poculo</span> <span class='ocrx_word' id='word_1_730' title='bbox 2072 4244 2170 4297; x_wconf 72' lang='lat' dir='ltr'>irre</span> <span class='ocrx_word' id='word_1_731' title='bbox 2273 4267 2393 4318; x_wconf 75' lang='grc' dir='ltr'>χιιι,</span> <span class='ocrx_word' id='word_1_732' title='bbox 2425 4249 2499 4320; x_wconf 87' lang='lat'>6).</span> <span class='ocrx_word' id='word_1_733' title='bbox 2552 4250 2620 4302; x_wconf 88' lang='lat' dir='ltr'>Et</span> <span class='ocrx_word' id='word_1_734' title='bbox 2661 4248 2868 4302; x_wconf 86' lang='lat' dir='ltr'>iterum</span> <span class='ocrx_word' id='word_1_735' title='bbox 2916 4245 3167 4316; x_wconf 87' lang='lat' dir='ltr'>loquitur</span> <span class='ocrx_word' id='word_1_736' title='bbox 3224 4243 3504 4298; x_wconf 88' lang='lat' dir='ltr'>Dominus</span> <span class='ocrx_word' id='word_1_737' title='bbox 3552 4244 3607 4294; x_wconf 85' lang='lat' dir='ltr'>et</span> <span class='ocrx_word' id='word_1_738' title='bbox 3635 4237 3863 4292; x_wconf 87' lang='lat' dir='ltr'>dicitnec</span> 
     </span>
    </p>
   </div>
   <div class='ocr_carea' id='block_1_73' title="bbox 549 4325 2127 4420">
    <p class='ocr_par' dir='ltr' id='par_1_73' title="bbox 549 4338 2127 4420">
     <span class='ocr_line' id='line_1_74' title="bbox 549 4338 2127 4420; baseline -0.008 -17"><span class='ocrx_word' id='word_1_739' title='bbox 549 4352 688 4420; x_wconf 86' lang='lat' dir='ltr'>ejus,</span> <span class='ocrx_word' id='word_1_740' title='bbox 739 4352 794 4400; x_wconf 91' lang='lat' dir='ltr'>et</span> <span class='ocrx_word' id='word_1_741' title='bbox 832 4343 1101 4416; x_wconf 88' lang='lat' dir='ltr'>punietur</span> <span class='ocrx_word' id='word_1_742' title='bbox 1127 4341 1260 4412; x_wconf 87' lang='lat' dir='ltr'>igne</span> <span class='ocrx_word' id='word_1_743' title='bbox 1288 4343 1344 4394; x_wconf 91' lang='lat' dir='ltr'>et</span> <span class='ocrx_word' id='word_1_744' title='bbox 1375 4338 1645 4409; x_wconf 91' lang='lat' dir='ltr'>sulphure</span> <span class='ocrx_word' id='word_1_745' title='bbox 1676 4338 1778 4391; x_wconf 90' lang='lat' dir='ltr'>sub</span> <span class='ocrx_word' id='word_1_746' title='bbox 1805 4338 1982 4392; x_wconf 90' lang='lat' dir='ltr'>oculis</span> <span class='ocrx_word' id='word_1_747' title='bbox 2007 4354 2127 4391; x_wconf 73' lang='lat' dir='ltr'>sanr</span> 
     </span>
    </p>
   </div>
   <div class='ocr_carea' id='block_1_74' title="bbox 2234 4325 3864 4420">
    <p class='ocr_par' dir='ltr' id='par_1_74' title="bbox 2273 4325 3864 4413">
     <span class='ocr_line' id='line_1_75' title="bbox 2273 4325 3864 4413; baseline -0.013 -15"><span class='ocrx_word' id='word_1_748' title='bbox 2273 4343 2479 4398; x_wconf 85' lang='lat' dir='ltr'>civitati</span> <span class='ocrx_word' id='word_1_749' title='bbox 2535 4341 2908 4413; x_wconf 89' lang='lat' dir='ltr'>parcendum,</span> <span class='ocrx_word' id='word_1_750' title='bbox 2961 4337 3183 4393; x_wconf 87' lang='lat' dir='ltr'>etiamsi</span> <span class='ocrx_word' id='word_1_751' title='bbox 3233 4336 3495 4390; x_wconf 81' lang='lat' dir='ltr'>universa</span> <span class='ocrx_word' id='word_1_752' title='bbox 3555 4325 3864 4387; x_wconf 88' lang='lat' dir='ltr'>consenserit</span> 
     </span>
    </p>
   </div>
   <div class='ocr_carea' id='block_1_75' title="bbox 548 4422 3864 4509">
    <p class='ocr_par' dir='ltr' id='par_1_75' title="bbox 548 4422 3864 4509">
     <span class='ocr_line' id='line_1_76' title="bbox 548 4422 3864 4509; baseline -0.008 -11"><span class='ocrx_word' id='word_1_753' title='bbox 548 4449 739 4498; x_wconf 89' lang='lat' dir='ltr'>torum</span> <span class='ocrx_word' id='word_1_754' title='bbox 773 4438 1108 4509; x_wconf 68' lang='lat' dir='ltr'>angelorun&#39;i</span> <span class='ocrx_word' id='word_1_755' title='bbox 1158 4441 1214 4489; x_wconf 86' lang='lat' dir='ltr'>et</span> <span class='ocrx_word' id='word_1_756' title='bbox 1240 4433 1342 4488; x_wconf 86' lang='lat' dir='ltr'>sub</span> <span class='ocrx_word' id='word_1_757' title='bbox 1374 4431 1548 4487; x_wconf 83' lang='lat' dir='ltr'>oculis</span> <span class='ocrx_word' id='word_1_758' title='bbox 1585 4432 1852 4502; x_wconf 70' lang='lat' dir='ltr'>Agniget</span> <span class='ocrx_word' id='word_1_759' title='bbox 1890 4432 2078 4486; x_wconf 83' lang='lat' dir='ltr'>fumus</span> <span class='ocrx_word' id='word_1_760' title='bbox 2105 4432 2172 4486; x_wconf 89' lang='lat' dir='ltr'>de</span> <span class='ocrx_word' id='word_1_761' title='bbox 2273 4439 2340 4491; x_wconf 76' lang='lat' dir='ltr'>ad</span> <span class='ocrx_word' id='word_1_762' title='bbox 2381 4436 2758 4490; x_wconf 81' lang='lat' dir='ltr'>idololatriam</span> <span class='ocrx_word' id='word_1_763' title='bbox 2791 4452 2803 4488; x_wconf 72' lang='grc' dir='ltr'>ε</span> <span class='ocrx_word' id='word_1_764' title='bbox 2836 4455 2864 4483; x_wconf 80' lang='grc'>‹‹</span> <span class='ocrx_word' id='word_1_765' title='bbox 2909 4437 3016 4486; x_wconf 78' lang='lat' dir='ltr'>Aut</span> <span class='ocrx_word' id='word_1_766' title='bbox 3064 4431 3108 4485; x_wconf 82' lang='lat' dir='ltr'>si</span> <span class='ocrx_word' id='word_1_767' title='bbox 3141 4430 3391 4484; x_wconf 75' lang='lat' dir='ltr'>audieris</span> <span class='ocrx_word' id='word_1_768' title='bbox 3442 4430 3500 4484; x_wconf 79' lang='lat' dir='ltr'>in</span> <span class='ocrx_word' id='word_1_769' title='bbox 3547 4443 3652 4481; x_wconf 82' lang='lat' dir='ltr'>una</span> <span class='ocrx_word' id='word_1_770' title='bbox 3681 4422 3775 4493; x_wconf 83' lang='lat'>(1-2)</span> <span class='ocrx_word' id='word_1_771' title='bbox 3814 4434 3864 4473; x_wconf 82' lang='lat' dir='ltr'>ex</span> 
     </span>
    </p>
   </div>
   <div class='ocr_carea' id='block_1_76' title="bbox 550 4515 3862 4600">
    <p class='ocr_par' dir='ltr' id='par_1_76' title="bbox 550 4515 3862 4600">
     <span class='ocr_line' id='line_1_77' title="bbox 550 4515 3862 4600; baseline -0.012 4"><span class='ocrx_word' id='word_1_772' title='bbox 550 4533 852 4593; x_wconf 67' lang='lat' dir='ltr'>tormentis</span> <span class='ocrx_word' id='word_1_773' title='bbox 893 4547 1090 4586; x_wconf 72' lang='lat' dir='ltr'>00mm</span> <span class='ocrx_word' id='word_1_774' title='bbox 1137 4529 1195 4583; x_wconf 79' lang='grc' dir='ltr'>ίη</span> <span class='ocrx_word' id='word_1_775' title='bbox 1243 4528 1442 4582; x_wconf 63' lang='grc' dir='ltr'>δωειιιᾶ</span> <span class='ocrx_word' id='word_1_776' title='bbox 1490 4525 1826 4579; x_wconf 59' lang='lat' dir='ltr'>“malorum</span> <span class='ocrx_word' id='word_1_777' title='bbox 1861 4525 2593 4600; x_wconf 74' lang='lat' dir='ltr'>ascendet;ncivitatibus</span> <span class='ocrx_word' id='word_1_778' title='bbox 2636 4547 2773 4600; x_wconf 85' lang='lat' dir='ltr'>quas</span> <span class='ocrx_word' id='word_1_779' title='bbox 2823 4527 3090 4582; x_wconf 90' lang='lat' dir='ltr'>Dominus</span> <span class='ocrx_word' id='word_1_780' title='bbox 3123 4526 3269 4579; x_wconf 90' lang='lat' dir='ltr'>Deus</span> <span class='ocrx_word' id='word_1_781' title='bbox 3305 4528 3437 4577; x_wconf 89' lang='lat' dir='ltr'>tuus</span> <span class='ocrx_word' id='word_1_782' title='bbox 3487 4521 3640 4576; x_wconf 91' lang='lat' dir='ltr'>dabit</span> <span class='ocrx_word' id='word_1_783' title='bbox 3685 4516 3772 4571; x_wconf 89' lang='lat' dir='ltr'>tibi</span> <span class='ocrx_word' id='word_1_784' title='bbox 3797 4515 3862 4566; x_wconf 89' lang='lat' dir='ltr'>in-</span> 
     </span>
    </p>
   </div>
   <div class='ocr_carea' id='block_1_77' title="bbox 553 4613 3866 4695">
    <p class='ocr_par' dir='ltr' id='par_1_77' title="bbox 553 4613 3866 4695">
     <span class='ocr_line' id='line_1_78' title="bbox 553 4613 3866 4695; baseline -0.012 2"><span class='ocrx_word' id='word_1_785' title='bbox 553 4647 656 4687; x_wconf 74' lang='lat' dir='ltr'>nec</span> <span class='ocrx_word' id='word_1_786' title='bbox 703 4627 988 4682; x_wconf 63' lang='lat' dir='ltr'>habebunt</span> <span class='ocrx_word' id='word_1_787' title='bbox 1045 4624 1300 4695; x_wconf 75' lang='lat' dir='ltr'>requiem</span> <span class='ocrx_word' id='word_1_788' title='bbox 1355 4621 1443 4674; x_wconf 72' lang='lat' dir='ltr'>die</span> <span class='ocrx_word' id='word_1_789' title='bbox 1493 4637 1555 4672; x_wconf 75' lang='lat' dir='ltr'>ac</span> <span class='ocrx_word' id='word_1_790' title='bbox 1612 4624 1773 4672; x_wconf 66' lang='grc' dir='ltr'>Ποοὶθ</span> <span class='ocrx_word' id='word_1_791' title='bbox 1831 4613 2246 4690; x_wconf 68' lang='lat' dir='ltr'>quicumque&quot;</span> <span class='ocrx_word' id='word_1_792' title='bbox 2279 4625 2534 4679; x_wconf 86' lang='lat' dir='ltr'>habitare</span> <span class='ocrx_word' id='word_1_793' title='bbox 2586 4631 2636 4677; x_wconf 90' lang='lat' dir='ltr'>te</span> <span class='ocrx_word' id='word_1_794' title='bbox 2685 4623 2817 4688; x_wconf 89' lang='lat' dir='ltr'>illic,</span> <span class='ocrx_word' id='word_1_795' title='bbox 2871 4622 3122 4676; x_wconf 79' lang='lat' dir='ltr'>dicentes</span> <span class='ocrx_word' id='word_1_796' title='bbox 3171 4636 3183 4672; x_wconf 90' lang='lat'>:</span> <span class='ocrx_word' id='word_1_797' title='bbox 3239 4619 3444 4671; x_wconf 85' lang='lat' dir='ltr'>Eamus</span> <span class='ocrx_word' id='word_1_798' title='bbox 3501 4621 3557 4669; x_wconf 90' lang='lat' dir='ltr'>et</span> <span class='ocrx_word' id='word_1_799' title='bbox 3599 4613 3866 4667; x_wconf 84' lang='lat' dir='ltr'>serviamus</span> 
     </span>
    </p>
   </div>
   <div class='ocr_carea' id='block_1_78' title="bbox 552 4701 3866 4788">
    <p class='ocr_par' dir='ltr' id='par_1_78' title="bbox 552 4701 3866 4788">
     <span class='ocr_line' id='line_1_79' title="bbox 552 4701 3866 4788; baseline -0.012 2"><span class='ocrx_word' id='word_1_800' title='bbox 552 4727 791 4781; x_wconf 61' lang='lat' dir='ltr'>adorant</span> <span class='ocrx_word' id='word_1_801' title='bbox 840 4721 1080 4775; x_wconf 54' lang='lat' dir='ltr'>bestiam</span> <span class='ocrx_word' id='word_1_802' title='bbox 1131 4721 1188 4771; x_wconf 69' lang='grc' dir='ltr'>ει</span> <span class='ocrx_word' id='word_1_803' title='bbox 1231 4715 1546 4785; x_wconf 76' lang='lat' dir='ltr'>imaginem</span> <span class='ocrx_word' id='word_1_804' title='bbox 1598 4713 1720 4783; x_wconf 64' lang='lat' dir='ltr'>eius</span> <span class='ocrx_word' id='word_1_805' title='bbox 1752 4735 1779 4762; x_wconf 70' lang='grc' dir='ltr'>η</span> <span class='ocrx_word' id='word_1_806' title='bbox 1836 4713 2052 4783; x_wconf 74' lang='grc' dir='ltr'>(ΑΡοσι,</span> <span class='ocrx_word' id='word_1_807' title='bbox 2085 4729 2175 4783; x_wconf 83' lang='lat' dir='ltr'>XV,</span> <span class='ocrx_word' id='word_1_808' title='bbox 2280 4718 2386 4772; x_wconf 89' lang='lat' dir='ltr'>diis</span> <span class='ocrx_word' id='word_1_809' title='bbox 2429 4719 2574 4784; x_wconf 89' lang='lat' dir='ltr'>aliis,</span> <span class='ocrx_word' id='word_1_810' title='bbox 2627 4733 2771 4788; x_wconf 91' lang='lat' dir='ltr'>quos</span> <span class='ocrx_word' id='word_1_811' title='bbox 2817 4732 2929 4769; x_wconf 92' lang='lat' dir='ltr'>non</span> <span class='ocrx_word' id='word_1_812' title='bbox 2983 4713 3133 4768; x_wconf 89' lang='lat' dir='ltr'>nosti</span> <span class='ocrx_word' id='word_1_813' title='bbox 3160 4713 3228 4778; x_wconf 65' lang='lat'>52,</span> <span class='ocrx_word' id='word_1_814' title='bbox 3281 4709 3629 4764; x_wconf 80' lang='lat' dir='ltr'>interficiens</span> <span class='ocrx_word' id='word_1_815' title='bbox 3675 4701 3866 4759; x_wconf 87' lang='lat' dir='ltr'>necabis</span> 
     </span>
    </p>
   </div>
   <div class='ocr_carea' id='block_1_79' title="bbox 555 4795 3865 4886">
    <p class='ocr_par' dir='ltr' id='par_1_79' title="bbox 555 4795 3865 4886">
     <span class='ocr_line' id='line_1_80' title="bbox 555 4795 3865 4886; baseline -0.012 2"><span class='ocrx_word' id='word_1_816' title='bbox 555 4820 726 4886; x_wconf 76' lang='lat'>9&#39;“)-</span> <span class='ocrx_word' id='word_1_817' title='bbox 2281 4828 2477 4865; x_wconf 89' lang='lat' dir='ltr'>omnes</span> <span class='ocrx_word' id='word_1_818' title='bbox 2502 4811 2598 4882; x_wconf 91' lang='lat' dir='ltr'>qui</span> <span class='ocrx_word' id='word_1_819' title='bbox 2626 4816 2758 4864; x_wconf 89' lang='lat' dir='ltr'>sunt</span> <span class='ocrx_word' id='word_1_820' title='bbox 2786 4810 2844 4863; x_wconf 89' lang='lat' dir='ltr'>in</span> <span class='ocrx_word' id='word_1_821' title='bbox 2877 4807 3104 4862; x_wconf 89' lang='lat' dir='ltr'>civitate</span> <span class='ocrx_word' id='word_1_822' title='bbox 3132 4805 3289 4860; x_wconf 86' lang='lat' dir='ltr'>caede</span> <span class='ocrx_word' id='word_1_823' title='bbox 3323 4803 3522 4874; x_wconf 86' lang='lat' dir='ltr'>gladii,</span> <span class='ocrx_word' id='word_1_824' title='bbox 3556 4808 3610 4857; x_wconf 88' lang='lat' dir='ltr'>et</span> <span class='ocrx_word' id='word_1_825' title='bbox 3636 4795 3865 4855; x_wconf 88' lang='lat' dir='ltr'>incende-</span> 
     </span>
    </p>
   </div>
   <div class='ocr_carea' id='block_1_80' title="bbox 1948 4921 2536 4988">
    <p class='ocr_par' dir='ltr' id='par_1_80' title="bbox 1948 4921 2536 4988">
     <span class='ocr_line' id='line_1_81' title="bbox 1948 4921 2536 4988; baseline 0.003 -5"><span class='ocrx_word' id='word_1_826' title='bbox 1948 4921 2156 4985; x_wconf 61' lang='lat' dir='ltr'>Varim</span> <span class='ocrx_word' id='word_1_827' title='bbox 2199 4923 2536 4988; x_wconf 79' lang='lat' dir='ltr'>lectiones.</span> 
     </span>
    </p>
   </div>
   <div class='ocr_carea' id='block_1_81' title="bbox 616 5029 3866 5118">
    <p class='ocr_par' dir='ltr' id='par_1_81' title="bbox 616 5029 3866 5118">
     <span class='ocr_line' id='line_1_82' title="bbox 616 5029 3866 5118; baseline -0.006 -20"><span class='ocrx_word' id='word_1_828' title='bbox 616 5049 657 5082; x_wconf 77' lang='grc'>³⁸</span> <span class='ocrx_word' id='word_1_829' title='bbox 691 5049 825 5118; x_wconf 85' lang='lat' dir='ltr'>Item</span> <span class='ocrx_word' id='word_1_830' title='bbox 857 5045 911 5118; x_wconf 78' lang='lat' dir='ltr'>in</span> <span class='ocrx_word' id='word_1_831' title='bbox 944 5039 1379 5118; x_wconf 55' lang='lat' dir='ltr'>Deutgroqgrgio</span> <span class='ocrx_word' id='word_1_832' title='bbox 1416 5039 1583 5118; x_wconf 32' lang='lat'>0170’};</span> <span class='ocrx_word' id='word_1_833' title='bbox 1619 5039 1750 5118; x_wconf 52' lang='lat' dir='ltr'>Vasi-</span> <span class='ocrx_word' id='word_1_834' title='bbox 1786 5039 1924 5118; x_wconf 61' lang='grc' dir='ltr'>Ιταιζι.</span> <span class='ocrx_word' id='word_1_835' title='bbox 1951 5042 2061 5118; x_wconf 61' lang='grc' dir='ltr'>[ληζ</span> <span class='ocrx_word' id='word_1_836' title='bbox 2091 5043 2202 5093; x_wconf 84' lang='lat' dir='ltr'>N0.</span> <span class='ocrx_word' id='word_1_837' title='bbox 2230 5045 2273 5118; x_wconf 71' lang='grc'>1.</span> <span class='ocrx_word' id='word_1_838' title='bbox 2314 5043 2437 5093; x_wconf 87' lang='lat' dir='ltr'>Bod.</span> <span class='ocrx_word' id='word_1_839' title='bbox 2472 5046 2516 5094; x_wconf 90' lang='grc'>1.</span> <span class='ocrx_word' id='word_1_840' title='bbox 2554 5043 2603 5103; x_wconf 70' lang='grc'>2,</span> <span class='ocrx_word' id='word_1_841' title='bbox 2634 5045 2680 5103; x_wconf 90' lang='grc'>3,</span> <span class='ocrx_word' id='word_1_842' title='bbox 2723 5047 2764 5091; x_wconf 75' lang='grc'>4.</span> <span class='ocrx_word' id='word_1_843' title='bbox 2808 5043 3019 5106; x_wconf 82' lang='lat' dir='ltr'>Optime.</span> <span class='ocrx_word' id='word_1_844' title='bbox 3091 5039 3130 5072; x_wconf 78' lang='grc'>³⁷</span> <span class='ocrx_word' id='word_1_845' title='bbox 3161 5039 3278 5101; x_wconf 83' lang='lat' dir='ltr'>Ego</span> <span class='ocrx_word' id='word_1_846' title='bbox 3302 5051 3428 5087; x_wconf 89' lang='lat' dir='ltr'>sum</span> <span class='ocrx_word' id='word_1_847' title='bbox 3473 5035 3732 5086; x_wconf 86' lang='lat' dir='ltr'>Dominus</span> <span class='ocrx_word' id='word_1_848' title='bbox 3756 5029 3866 5077; x_wconf 65' lang='lat' dir='ltr'>Lam.</span> 
     </span>
    </p>
   </div>
   <div class='ocr_carea' id='block_1_82' title="bbox 554 5104 2127 5201">
    <p class='ocr_par' dir='ltr' id='par_1_82' title="bbox 554 5108 2080 5201">
     <span class='ocr_line' id='line_1_83' title="bbox 554 5108 2080 5201; baseline 0.009 -55"><span class='ocrx_word' id='word_1_849' title='bbox 554 5121 706 5201; x_wconf 35' lang='lat' dir='ltr'>Eho.“</span> <span class='ocrx_word' id='word_1_850' title='bbox 739 5115 919 5201; x_wconf 57' lang='lat' dir='ltr'>Nan},</span> <span class='ocrx_word' id='word_1_851' title='bbox 1099 5110 1144 5158; x_wconf 72' lang='lat'>9..</span> <span class='ocrx_word' id='word_1_852' title='bbox 1179 5108 1681 5201; x_wconf 53' lang='lat' dir='ltr'>“isoEgopccidam</span> <span class='ocrx_word' id='word_1_853' title='bbox 1713 5109 1833 5201; x_wconf 49' lang='lat' dir='ltr'>133d.</span> <span class='ocrx_word' id='word_1_854' title='bbox 1872 5113 1914 5169; x_wconf 89' lang='grc'>1,</span> <span class='ocrx_word' id='word_1_855' title='bbox 1949 5110 1996 5172; x_wconf 91' lang='lat'>3,</span> <span class='ocrx_word' id='word_1_856' title='bbox 2033 5113 2080 5160; x_wconf 73' lang='grc'>4.</span> 
     </span>
    </p>
   </div>
   <div class='ocr_carea' id='block_1_83' title="bbox 2234 5104 3869 5201">
    <p class='ocr_par' dir='ltr' id='par_1_83' title="bbox 2234 5104 3869 5201">
     <span class='ocr_line' id='line_1_84' title="bbox 2234 5104 3869 5201; baseline -0.008 -39"><span class='ocrx_word' id='word_1_857' title='bbox 2234 5113 2329 5175; x_wconf 66' lang='lat' dir='ltr'>Qui</span> <span class='ocrx_word' id='word_1_858' title='bbox 2353 5117 2524 5176; x_wconf 86' lang='lat' dir='ltr'>possit</span> <span class='ocrx_word' id='word_1_859' title='bbox 2553 5127 2746 5164; x_wconf 88' lang='lat' dir='ltr'>eruere</span> <span class='ocrx_word' id='word_1_860' title='bbox 2776 5104 2856 5162; x_wconf 15' lang='lat' dir='ltr'>dei</span> <span class='ocrx_word' id='word_1_861' title='bbox 2883 5124 3050 5160; x_wconf 83' lang='lat' dir='ltr'>manu</span> <span class='ocrx_word' id='word_1_862' title='bbox 3079 5123 3202 5158; x_wconf 91' lang='lat' dir='ltr'>mea</span> <span class='ocrx_word' id='word_1_863' title='bbox 3237 5109 3369 5156; x_wconf 80' lang='lat' dir='ltr'>Voss.</span> <span class='ocrx_word' id='word_1_864' title='bbox 3402 5109 3448 5167; x_wconf 90' lang='grc'>1,</span> <span class='ocrx_word' id='word_1_865' title='bbox 3474 5106 3521 5154; x_wconf 89' lang='grc'>3.</span> <span class='ocrx_word' id='word_1_866' title='bbox 3590 5104 3686 5152; x_wconf 86' lang='lat' dir='ltr'>Per</span> <span class='ocrx_word' id='word_1_867' title='bbox 3707 5105 3869 5201; x_wconf 50' lang='grc' dir='ltr'>οὸιὲρῗε</span> 
     </span>
     <span class='ocr_line' id='line_1_85' title="bbox 2266 5173 3866 5201; baseline 0 0"><span class='ocrx_word' id='word_1_868' title='bbox 2266 5185 2364 5201; x_wconf 60' lang='lat' dir='ltr'>n,J</span> <span class='ocrx_word' id='word_1_869' title='bbox 2415 5189 2436 5201; x_wconf 59' lang='grc' dir='ltr'><strong>Α</strong></span> <span class='ocrx_word' id='word_1_870' title='bbox 2498 5186 2612 5201; x_wconf 36' lang='grc' dir='ltr'>η..-</span> <span class='ocrx_word' id='word_1_871' title='bbox 2671 5187 2693 5201; x_wconf 65' lang='grc' dir='ltr'><strong>Α</strong></span> <span class='ocrx_word' id='word_1_872' title='bbox 2783 5185 2823 5201; x_wconf 78' lang='grc' dir='ltr'>η</span> <span class='ocrx_word' id='word_1_873' title='bbox 2859 5182 3172 5201; x_wconf 67' lang='grc' dir='ltr'>Π..---;-,.....ν.</span> <span class='ocrx_word' id='word_1_874' title='bbox 3212 5176 3305 5201; x_wconf 61' lang='lat' dir='ltr'>Hk:</span> <span class='ocrx_word' id='word_1_875' title='bbox 3372 5177 3484 5201; x_wconf 66' lang='grc' dir='ltr'>1η...</span> <span class='ocrx_word' id='word_1_876' title='bbox 3558 5173 3678 5201; x_wconf 62' lang='grc' dir='ltr'>ΕΔΑ..</span> <span class='ocrx_word' id='word_1_877' title='bbox 3723 5195 3728 5201; x_wconf 92' lang='grc'>.</span> <span class='ocrx_word' id='word_1_878' title='bbox 3787 5199 3792 5201; x_wconf 68' lang='grc'><strong>,</strong></span> <span class='ocrx_word' id='word_1_879' title='bbox 3858 5197 3866 5201; x_wconf 85' lang='grc'>-</span> 
     </span>
    </p>
   </div>
   <div class='ocr_carea' id='block_1_84' title="bbox 555 5163 3866 5242">
    <p class='ocr_par' dir='ltr' id='par_1_84' title="bbox 555 5163 3866 5242">
     <span class='ocr_line' id='line_1_86' title="bbox 555 5163 3866 5242; baseline -0.01 0"><span class='ocrx_word' id='word_1_880' title='bbox 555 5163 812 5242; x_wconf 45' lang='lat' dir='ltr'>antiades</span> <span class='ocrx_word' id='word_1_881' title='bbox 843 5187 958 5234; x_wconf 82' lang='lat' dir='ltr'>Ben.</span> <span class='ocrx_word' id='word_1_882' title='bbox 1001 5184 1110 5230; x_wconf 84' lang='lat' dir='ltr'>Ver.</span> <span class='ocrx_word' id='word_1_883' title='bbox 1178 5182 1220 5212; x_wconf 63' lang='lat' dir='ltr'>u</span> <span class='ocrx_word' id='word_1_884' title='bbox 1258 5163 1470 5228; x_wconf 66' lang='lat' dir='ltr'>Servite</span> <span class='ocrx_word' id='word_1_885' title='bbox 1513 5179 1693 5242; x_wconf 87' lang='lat' dir='ltr'>potius</span> <span class='ocrx_word' id='word_1_886' title='bbox 1730 5163 2141 5231; x_wconf 49' lang='lat' dir='ltr'>Domino&#39;Voss.</span> <span class='ocrx_word' id='word_1_887' title='bbox 2177 5163 2381 5234; x_wconf 65' lang='lat' dir='ltr'>L&#39;Bod‘.</span> <span class='ocrx_word' id='word_1_888' title='bbox 2415 5189 2458 5233; x_wconf 82' lang='lat'>3.</span> <span class='ocrx_word' id='word_1_889' title='bbox 2498 5163 2633 5233; x_wconf 82' lang='lat' dir='ltr'>Voss.</span> <span class='ocrx_word' id='word_1_890' title='bbox 2671 5187 2713 5231; x_wconf 73' lang='grc' dir='ltr'>ε.</span> <span class='ocrx_word' id='word_1_891' title='bbox 2781 5185 2824 5214; x_wconf 72' lang='grc' dir='ltr'>η</span> <span class='ocrx_word' id='word_1_892' title='bbox 2859 5182 3177 5231; x_wconf 85' lang='lat' dir='ltr'>Proximum</span> <span class='ocrx_word' id='word_1_893' title='bbox 3212 5176 3308 5227; x_wconf 86' lang='lat' dir='ltr'>tibi</span> <span class='ocrx_word' id='word_1_894' title='bbox 3367 5163 3510 5226; x_wconf 69' lang='lat' dir='ltr'>La&#39;m.</span> <span class='ocrx_word' id='word_1_895' title='bbox 3550 5173 3692 5222; x_wconf 80' lang='lat' dir='ltr'>Ebor.</span> <span class='ocrx_word' id='word_1_896' title='bbox 3716 5163 3866 5242; x_wconf 66' lang='lat' dir='ltr'>Nai.</span> 
     </span>
    </p>
   </div>
   <div class='ocr_carea' id='block_1_85' title="bbox 556 5234 2127 5333">
    <p class='ocr_par' dir='ltr' id='par_1_85' title="bbox 556 5234 2127 5333">
     <span class='ocr_line' id='line_1_87' title="bbox 556 5234 2127 5333; baseline -0.004 -24"><span class='ocrx_word' id='word_1_897' title='bbox 556 5234 858 5333; x_wconf 43' lang='lat' dir='ltr'>fierine.</span> <span class='ocrx_word' id='word_1_898' title='bbox 893 5255 1089 5333; x_wconf 74' lang='lat' dir='ltr'>i._e._3,</span> <span class='ocrx_word' id='word_1_899' title='bbox 1121 5253 1300 5333; x_wconf 35' lang='lat' dir='ltr'>li.“A&#39;r.</span> <span class='ocrx_word' id='word_1_900' title='bbox 1331 5251 1472 5299; x_wconf 77' lang='lat' dir='ltr'>Lam.</span> <span class='ocrx_word' id='word_1_901' title='bbox 1507 5234 1654 5333; x_wconf 61' lang='lat' dir='ltr'>igbor.</span> <span class='ocrx_word' id='word_1_902' title='bbox 1685 5251 1791 5300; x_wconf 83' lang='lat' dir='ltr'>Lin.</span> <span class='ocrx_word' id='word_1_903' title='bbox 1824 5252 2051 5314; x_wconf 86' lang='lat' dir='ltr'>Legitur</span> <span class='ocrx_word' id='word_1_904' title='bbox 2074 5255 2127 5302; x_wconf 90' lang='lat' dir='ltr'>in</span> 
     </span>
    </p>
   </div>
   <div class='ocr_carea' id='block_1_86' title="bbox 2234 5234 3870 5333">
    <p class='ocr_par' dir='ltr' id='par_1_86' title="bbox 2234 5234 3870 5333">
     <span class='ocr_line' id='line_1_88' title="bbox 2234 5234 3870 5333; baseline -0.012 -29"><span class='ocrx_word' id='word_1_905' title='bbox 2234 5271 2287 5333; x_wconf 66' lang='grc' dir='ltr'>ρ.</span> <span class='ocrx_word' id='word_1_906' title='bbox 2313 5259 2483 5333; x_wconf 75' lang='lat' dir='ltr'>_I-&#39;oss_.</span> <span class='ocrx_word' id='word_1_907' title='bbox 2621 5257 2670 5333; x_wconf 73' lang='lat'>_“</span> <span class='ocrx_word' id='word_1_908' title='bbox 2699 5253 2919 5333; x_wconf 68' lang='lat' dir='ltr'>Laxabo</span> <span class='ocrx_word' id='word_1_909' title='bbox 2962 5253 3086 5333; x_wconf 61' lang='lat' dir='ltr'>illis,</span> <span class='ocrx_word' id='word_1_910' title='bbox 3116 5251 3248 5333; x_wconf 71' lang='lat' dir='ltr'>dicit</span> <span class='ocrx_word' id='word_1_911' title='bbox 3279 5249 3550 5333; x_wconf 53' lang='lat' dir='ltr'>Do-minus</span> <span class='ocrx_word' id='word_1_912' title='bbox 3580 5246 3678 5333; x_wconf 79' lang='grc' dir='ltr'>Αν.⁸</span> <span class='ocrx_word' id='word_1_913' title='bbox 3701 5234 3870 5333; x_wconf 60' lang='lat' dir='ltr'>NOMI-</span> 
     </span>
    </p>
   </div>
   <div class='ocr_carea' id='block_1_87' title="bbox 562 5315 3868 5401">
    <p class='ocr_par' dir='ltr' id='par_1_87' title="bbox 562 5315 3868 5401">
     <span class='ocr_line' id='line_1_89' title="bbox 562 5315 3868 5401; baseline -0.011 -6"><span class='ocrx_word' id='word_1_914' title='bbox 562 5336 702 5384; x_wconf 74' lang='lat' dir='ltr'>L’&quot;&quot;-</span> <span class='ocrx_word' id='word_1_915' title='bbox 739 5329 886 5401; x_wconf 62' lang='grc' dir='ltr'>Εδοζο</span> <span class='ocrx_word' id='word_1_916' title='bbox 1110 5321 1605 5401; x_wconf 55' lang='grc' dir='ltr'>ξΡίειῖεπεθηςιοε</span> <span class='ocrx_word' id='word_1_917' title='bbox 1632 5336 1730 5401; x_wconf 54' lang='lat'>988-</span> <span class='ocrx_word' id='word_1_918' title='bbox 1756 5323 1801 5371; x_wconf 84' lang='lat'>3-</span> <span class='ocrx_word' id='word_1_919' title='bbox 1870 5315 2270 5401; x_wconf 34' lang='lat' dir='ltr'>fsﬁdoraverit</span> <span class='ocrx_word' id='word_1_920' title='bbox 2305 5327 2424 5375; x_wconf 78' lang='lat' dir='ltr'>Borl.</span> <span class='ocrx_word' id='word_1_921' title='bbox 2456 5329 2502 5386; x_wconf 87' lang='lat' dir='ltr'>I,</span> <span class='ocrx_word' id='word_1_922' title='bbox 2528 5327 2581 5383; x_wconf 81' lang='lat'>3,</span> <span class='ocrx_word' id='word_1_923' title='bbox 2615 5331 2656 5374; x_wconf 70' lang='grc'>4.</span> <span class='ocrx_word' id='word_1_924' title='bbox 2727 5325 2770 5358; x_wconf 70' lang='grc'><strong>⁴⁷</strong></span> <span class='ocrx_word' id='word_1_925' title='bbox 2800 5326 3032 5386; x_wconf 85' lang='lat' dir='ltr'>Accepit</span> <span class='ocrx_word' id='word_1_926' title='bbox 3058 5321 3182 5373; x_wconf 81' lang='lat' dir='ltr'>Bod.</span> <span class='ocrx_word' id='word_1_927' title='bbox 3216 5323 3259 5369; x_wconf 84' lang='lat' dir='ltr'>I.</span> <span class='ocrx_word' id='word_1_928' title='bbox 3330 5319 3373 5354; x_wconf 79' lang='grc'>⁴⁸</span> <span class='ocrx_word' id='word_1_929' title='bbox 3403 5321 3614 5368; x_wconf 88' lang='lat' dir='ltr'>Aureos</span> <span class='ocrx_word' id='word_1_930' title='bbox 3634 5315 3681 5362; x_wconf 86' lang='lat' dir='ltr'>et</span> <span class='ocrx_word' id='word_1_931' title='bbox 3699 5316 3868 5401; x_wconf 44' lang='grc' dir='ltr'>ἓξὲξξέ-</span> 
     </span>
    </p>
   </div>
   <div class='ocr_carea' id='block_1_88' title="bbox 559 5379 2127 5462">
    <p class='ocr_par' dir='ltr' id='par_1_88' title="bbox 559 5379 2125 5456">
     <span class='ocr_line' id='line_1_90' title="bbox 559 5379 2125 5456; baseline -0.003 -4"><span class='ocrx_word' id='word_1_932' title='bbox 559 5379 678 5453; x_wconf 60' lang='grc' dir='ltr'>ὧοε</span> <span class='ocrx_word' id='word_1_933' title='bbox 711 5401 801 5450; x_wconf 74' lang='lat' dir='ltr'>Ar.</span> <span class='ocrx_word' id='word_1_934' title='bbox 839 5397 956 5445; x_wconf 88' lang='lat' dir='ltr'>Bod.</span> <span class='ocrx_word' id='word_1_935' title='bbox 988 5396 1033 5442; x_wconf 73' lang='grc'>2.</span> <span class='ocrx_word' id='word_1_936' title='bbox 1104 5390 1146 5425; x_wconf 80' lang='grc'>⁴⁹</span> <span class='ocrx_word' id='word_1_937' title='bbox 1175 5379 1472 5441; x_wconf 62' lang='lat' dir='ltr'>Dominum</span> <span class='ocrx_word' id='word_1_938' title='bbox 1501 5391 1884 5456; x_wconf 86' lang='lat' dir='ltr'>derelinquant</span> <span class='ocrx_word' id='word_1_939' title='bbox 1919 5397 2050 5446; x_wconf 78' lang='lat' dir='ltr'>Voss.</span> <span class='ocrx_word' id='word_1_940' title='bbox 2079 5399 2125 5447; x_wconf 90' lang='lat'>3.</span> 
     </span>
    </p>
   </div>
   <div class='ocr_carea' id='block_1_89' title="bbox 2234 5379 3872 5462">
    <p class='ocr_par' dir='ltr' id='par_1_89' title="bbox 2234 5379 3872 5462">
     <span class='ocr_line' id='line_1_91' title="bbox 2234 5379 3872 5462; baseline -0.012 -15"><span class='ocrx_word' id='word_1_941' title='bbox 2234 5399 2419 5447; x_wconf 84' lang='lat' dir='ltr'>&#39;Panis</span> <span class='ocrx_word' id='word_1_942' title='bbox 2447 5379 2722 5462; x_wconf 26' lang='lat' dir='ltr'>ej&#39;us&#39;Bod.</span> <span class='ocrx_word' id='word_1_943' title='bbox 2757 5403 2801 5445; x_wconf 87' lang='lat'>5.</span> <span class='ocrx_word' id='word_1_944' title='bbox 2871 5400 2910 5428; x_wconf 75' lang='lat'>5‘</span> <span class='ocrx_word' id='word_1_945' title='bbox 2943 5379 3154 5446; x_wconf 57' lang='lat' dir='ltr'>Alienis</span> <span class='ocrx_word' id='word_1_946' title='bbox 3188 5397 3278 5443; x_wconf 82' lang='lat' dir='ltr'>Ar.</span> <span class='ocrx_word' id='word_1_947' title='bbox 3303 5394 3442 5440; x_wconf 84' lang='lat' dir='ltr'>Lam.</span> <span class='ocrx_word' id='word_1_948' title='bbox 3473 5390 3618 5438; x_wconf 79' lang='lat' dir='ltr'>Ebor.</span> <span class='ocrx_word' id='word_1_949' title='bbox 3683 5379 3719 5415; x_wconf 78' lang='grc'>⁵³</span> <span class='ocrx_word' id='word_1_950' title='bbox 3745 5379 3872 5428; x_wconf 66' lang='lat' dir='ltr'>Oxon.</span> 
     </span>
    </p>
   </div>
   <div class='ocr_carea' id='block_1_90' title="bbox 559 5463 2592 5533">
    <p class='ocr_par' dir='ltr' id='par_1_90' title="bbox 559 5463 2592 5533">
     <span class='ocr_line' id='line_1_92' title="bbox 559 5463 2592 5533; baseline -0.003 -11"><span class='ocrx_word' id='word_1_951' title='bbox 559 5475 714 5522; x_wconf 80' lang='lat' dir='ltr'>addit</span> <span class='ocrx_word' id='word_1_952' title='bbox 739 5487 755 5518; x_wconf 86' lang='lat'><em>:</em></span> <span class='ocrx_word' id='word_1_953' title='bbox 787 5469 1016 5530; x_wconf 70' lang='lat' dir='ltr'>Quseres</span> <span class='ocrx_word' id='word_1_954' title='bbox 1045 5464 1302 5524; x_wconf 89' lang='lat' dir='ltr'>sollicite,</span> <span class='ocrx_word' id='word_1_955' title='bbox 1335 5466 1387 5513; x_wconf 88' lang='lat' dir='ltr'>et</span> <span class='ocrx_word' id='word_1_956' title='bbox 1415 5463 1461 5511; x_wconf 86' lang='lat' dir='ltr'>si</span> <span class='ocrx_word' id='word_1_957' title='bbox 1495 5463 1775 5515; x_wconf 86' lang='lat' dir='ltr'>inveneris</span> <span class='ocrx_word' id='word_1_958' title='bbox 1804 5471 2015 5516; x_wconf 88' lang='lat' dir='ltr'>certum</span> <span class='ocrx_word' id='word_1_959' title='bbox 2042 5482 2163 5519; x_wconf 90' lang='lat' dir='ltr'>esse</span> <span class='ocrx_word' id='word_1_960' title='bbox 2189 5469 2339 5533; x_wconf 88' lang='lat' dir='ltr'>quod</span> <span class='ocrx_word' id='word_1_961' title='bbox 2372 5470 2592 5520; x_wconf 88' lang='lat' dir='ltr'>dicitur.</span> 
     </span>
    </p>
   </div>
   <div class='ocr_carea' id='block_1_91' title="bbox 1890 5576 2620 5659">
    <p class='ocr_par' dir='ltr' id='par_1_91' title="bbox 1890 5576 2620 5659">
     <span class='ocr_line' id='line_1_93' title="bbox 1890 5576 2620 5659; baseline 0.003 -19"><span class='ocrx_word' id='word_1_962' title='bbox 1890 5576 2113 5659; x_wconf 90' lang='lat' dir='ltr'>Steph.</span> <span class='ocrx_word' id='word_1_963' title='bbox 2150 5578 2394 5642; x_wconf 89' lang='lat' dir='ltr'>Baluzii</span> <span class='ocrx_word' id='word_1_964' title='bbox 2424 5586 2620 5642; x_wconf 51' lang='lat' dir='ltr'>notae.</span> 
     </span>
    </p>
   </div>
   <div class='ocr_carea' id='block_1_92' title="bbox 625 5673 3871 5761">
    <p class='ocr_par' dir='ltr' id='par_1_92' title="bbox 625 5673 3871 5761">
     <span class='ocr_line' id='line_1_94' title="bbox 625 5673 3871 5761; baseline -0.009 -15"><span class='ocrx_word' id='word_1_965' title='bbox 625 5697 720 5759; x_wconf 80' lang='lat' dir='ltr'>(l0)</span> <span class='ocrx_word' id='word_1_966' title='bbox 760 5694 969 5744; x_wconf 75' lang='lat' dir='ltr'>Meluito</span> <span class='ocrx_word' id='word_1_967' title='bbox 1014 5691 1205 5756; x_wconf 78' lang='lat' dir='ltr'>potius.</span> <span class='ocrx_word' id='word_1_968' title='bbox 1256 5690 1332 5740; x_wconf 88' lang='lat' dir='ltr'>Ita</span> <span class='ocrx_word' id='word_1_969' title='bbox 1372 5691 1542 5742; x_wconf 88' lang='lat' dir='ltr'>editio</span> <span class='ocrx_word' id='word_1_970' title='bbox 1587 5692 1881 5756; x_wconf 88' lang='lat' dir='ltr'>Spirensis.</span> <span class='ocrx_word' id='word_1_971' title='bbox 1942 5695 2198 5761; x_wconf 88' lang='lat' dir='ltr'>Plerique</span> <span class='ocrx_word' id='word_1_972' title='bbox 2353 5699 2451 5760; x_wconf 88' lang='grc'>(10)</span> <span class='ocrx_word' id='word_1_973' title='bbox 2499 5699 2633 5747; x_wconf 83' lang='lat' dir='ltr'>Deos</span> <span class='ocrx_word' id='word_1_974' title='bbox 2691 5709 2897 5746; x_wconf 78' lang='lat' dir='ltr'>aureos.</span> <span class='ocrx_word' id='word_1_975' title='bbox 2976 5694 3242 5758; x_wconf 88' lang='lat' dir='ltr'>Quinque</span> <span class='ocrx_word' id='word_1_976' title='bbox 3286 5690 3410 5741; x_wconf 89' lang='lat' dir='ltr'>libri</span> <span class='ocrx_word' id='word_1_977' title='bbox 3452 5687 3660 5736; x_wconf 87' lang='lat' dir='ltr'>veteres</span> <span class='ocrx_word' id='word_1_978' title='bbox 3695 5673 3871 5727; x_wconf 85' lang='lat' dir='ltr'>addunt</span> 
     </span>
    </p>
   </div>
   <div class='ocr_carea' id='block_1_93' title="bbox 560 5756 3630 5849">
    <p class='ocr_par' dir='ltr' id='par_1_93' title="bbox 560 5756 3630 5849">
     <span class='ocr_line' id='line_1_95' title="bbox 560 5756 3630 5849; baseline -0.005 -30"><span class='ocrx_word' id='word_1_979' title='bbox 560 5756 787 5849; x_wconf 73' lang='lat' dir='ltr'>codices</span> <span class='ocrx_word' id='word_1_980' title='bbox 828 5764 1034 5849; x_wconf 61' lang='lat' dir='ltr'>habent</span> <span class='ocrx_word' id='word_1_981' title='bbox 1097 5766 1286 5844; x_wconf 66' lang='lat' dir='ltr'>timete.</span> <span class='ocrx_word' id='word_1_982' title='bbox 1305 5764 1438 5849; x_wconf 47' lang='lat' dir='ltr'>&#39;In“</span> <span class='ocrx_word' id='word_1_983' title='bbox 1458 5767 2003 5849; x_wconf 43' lang='lat' dir='ltr'>quatuor-scriptum</span> <span class='ocrx_word' id='word_1_984' title='bbox 2067 5756 2150 5817; x_wconf 75' lang='lat' dir='ltr'>est</span> <span class='ocrx_word' id='word_1_985' title='bbox 2184 5784 2196 5816; x_wconf 92' lang='lat'><strong>:</strong></span> <span class='ocrx_word' id='word_1_986' title='bbox 2291 5775 2338 5817; x_wconf 79' lang='grc' dir='ltr'>σι</span> <span class='ocrx_word' id='word_1_987' title='bbox 2364 5756 2662 5849; x_wconf 46' lang='lat' dir='ltr'>argenteos.</span> <span class='ocrx_word' id='word_1_988' title='bbox 2689 5766 2830 5817; x_wconf 88' lang='lat' dir='ltr'>Vide</span> <span class='ocrx_word' id='word_1_989' title='bbox 2851 5769 3008 5817; x_wconf 81' lang='lat' dir='ltr'>notas</span> <span class='ocrx_word' id='word_1_990' title='bbox 3039 5766 3107 5816; x_wconf 84' lang='lat' dir='ltr'>ad</span> <span class='ocrx_word' id='word_1_991' title='bbox 3129 5756 3331 5815; x_wconf 84' lang='lat' dir='ltr'>librum</span> <span class='ocrx_word' id='word_1_992' title='bbox 3356 5761 3419 5810; x_wconf 80' lang='lat' dir='ltr'>de</span> <span class='ocrx_word' id='word_1_993' title='bbox 3437 5756 3630 5820; x_wconf 81' lang='lat' dir='ltr'>Lapsis.</span> 
     </span>
    </p>
   </div>
   <div class='ocr_carea' id='block_1_94' title="bbox 563 5822 3868 5904">
    <p class='ocr_par' dir='ltr' id='par_1_94' title="bbox 563 5822 3868 5904">
     <span class='ocr_line' id='line_1_96' title="bbox 563 5822 3868 5904; baseline -0.008 -10"><span class='ocrx_word' id='word_1_994' title='bbox 563 5841 750 5894; x_wconf 76' lang='lat' dir='ltr'>Audite</span> <span class='ocrx_word' id='word_1_995' title='bbox 778 5838 952 5904; x_wconf 82' lang='lat' dir='ltr'>potius</span> <span class='ocrx_word' id='word_1_996' title='bbox 977 5835 1276 5886; x_wconf 83' lang='lat' dir='ltr'>Dominum.</span> <span class='ocrx_word' id='word_1_997' title='bbox 1305 5835 1367 5884; x_wconf 94' lang='lat' dir='ltr'>In</span> <span class='ocrx_word' id='word_1_998' title='bbox 1399 5822 1660 5886; x_wconf 77' lang='lat' dir='ltr'>Be&#39;ccensi</span> <span class='ocrx_word' id='word_1_999' title='bbox 1692 5822 1877 5886; x_wconf 67' lang='lat' dir='ltr'>Videte.</span> <span class='ocrx_word' id='word_1_1000' title='bbox 2358 5822 2458 5904; x_wconf 65' lang='lat' dir='ltr'>(is)</span> <span class='ocrx_word' id='word_1_1001' title='bbox 2509 5840 2566 5888; x_wconf 68' lang='grc' dir='ltr'>εί</span> <span class='ocrx_word' id='word_1_1002' title='bbox 2629 5840 2868 5889; x_wconf 54' lang='lat' dir='ltr'>audiam</span> <span class='ocrx_word' id='word_1_1003' title='bbox 2920 5840 2975 5887; x_wconf 66' lang='grc' dir='ltr'>ιη</span> <span class='ocrx_word' id='word_1_1004' title='bbox 3037 5850 3162 5887; x_wconf 63' lang='lat' dir='ltr'>una,</span> <span class='ocrx_word' id='word_1_1005' title='bbox 3225 5835 3331 5886; x_wconf 77' lang='grc' dir='ltr'>Ηιο</span> <span class='ocrx_word' id='word_1_1006' title='bbox 3377 5833 3534 5883; x_wconf 71' lang='lat' dir='ltr'>locus</span> <span class='ocrx_word' id='word_1_1007' title='bbox 3598 5822 3805 5876; x_wconf 81' lang='lat' dir='ltr'>refertur</span> <span class='ocrx_word' id='word_1_1008' title='bbox 3844 5826 3868 5860; x_wconf 74' lang='grc' dir='ltr'><em>ε</em></span> 
     </span>
    </p>
   </div>
  </div>
