3998 6194
183 284 267 336 685
1254 275 1344 329 AD
1382 271 1834 330 FORTUNATUM
1877 270 1959 324 DE
1995 269 2360 324 MARTYRIO.
3396 266 3498 318 686

168 409 409 466 civitatem
437 405 577 476 igni,
609 410 667 460 et
704 405 817 460 erit
845 404 966 459 sine
992 403 1319 458 habitaculo
1364 404 1424 458 in
1456 409 1754 458 alternum.
1783 412 1840 483 Α
1860 397 2047 469 diligit
2071 402 2296 468 patrem
2328 401 2424 449 aut
2473 400 2713 449 matrem
2741 411 2911 464 super
2934 409 3022 448 me
3046 393 3101 460 ⁵⁸,
3133 408 3246 446 non
3276 397 3360 446 est
3401 407 3493 444 me

165 505 263 559 Non
299 498 721 554 reiediﬁcabitur
747 499 919 553 etiam
955 514 1127 565 nunc,
1160 501 1220 550 ut
1243 501 1528 551 avertatur
1559 495 1748 550 Domi-
1861 492 2086 561 dignus.
2118 492 2185 544 Et
2225 490 2320 560 qui
2373 489 2559 559 diligit
2596 489 2779 543 ﬁlium
2801 493 2898 542 aut
2947 489 3123 541 ﬁliam
3155 503 3324 556 super
3375 501 3491 550 me,

164 613 248 651 nus
271 595 333 649 ab
352 593 740 664 indignatione
784 593 882 647 ira:
929 609 1066 646 suie.
1110 593 1173 646 Et
1201 591 1358 645 dabit
1399 591 1496 645 tibi
1528 589 1748 644 miseri-
1852 603 1963 640 non
1991 592 2073 640 est
2105 600 2194 638 me
2222 585 2429 653 dignus
2457 584 2520 637 .59
2562 585 2625 638 Et
2662 583 2758 652 qui
2787 599 2902 636 non
2949 582 3147 652 accipit
3191 596 3418 634 crucem
3450 577 3496 613 ‘3"

162 688 374 746 cordiam
407 693 460 742 et
506 686 865 742 miserebitur
909 685 1010 753 tui,
1061 689 1117 740 et
1156 684 1556 756 multiplicahit
1591 688 1665 749 te,
1706 682 1752 736 si
1851 696 2013 734 suam
2045 684 2100 733 et
2149 677 2408 748 sequitur
2456 694 2568 744 me,
2610 694 2724 729 non
2766 682 2848 729 est
2899 692 2988 728 me
3041 675 3247 744 dignus
3277 676 3320 708 ⁶¹
3382 673 3489 743 (14)

159 782 438 839 exaudiaris
467 798 662 836 vocem
694 779 924 835 Domini
970 780 1069 836 Dei
1114 780 1218 846 tui,
1271 783 1325 833 et
1371 776 1750 833 observaveris
1852 774 2090 843 (Matth,
2133 788 2184 839 x,
2227 772 2335 842 37).
2381 771 2470 826 Sic
2515 776 2570 824 et
2619 771 2676 824 in
2723 769 3168 823 Deuteronomio
3219 768 3493 838 scriptum

154 882 402 950 praecepta
433 875 553 946 ejus
603 877 806 945 (Deut.,
860 891 976 940 χιιι,
1011 873 1119 942 12),
1171 874 1342 944 Cujus
1386 871 1654 943 praecepti
1695 876 1749 925 et
1852 871 1936 921 est
1962 868 2008 900 ιθ
2040 885 2052 920 :
2090 866 2248 929 «Qui
2283 865 2478 919 dicunt
2515 863 2661 934 patri
2693 869 2747 917 et
2779 862 2966 916 matri.
3000 863 3038 914 N
3060 878 3130 914 on
3159 862 3302 930 luovi
3332 864 3405 925 te,
3437 865 3495 913 et

154 970 328 1041 vigoris
371 986 588 1024 memor
631 968 949 1023 Mattathias
1007 967 1294 1022 interfecit
1345 983 1474 1021 eum
1533 966 1628 1037 qui
1680 965 1751 1019 ad
1852 960 1996 1015 ﬁlios
2032 977 2162 1014 suos
2201 976 2316 1013 non
2366 961 2744 1028 agnoverunt,
2804 956 2861 1009 hi
2907 955 3298 1008 custodierunt
3348 970 3490 1023 prie-

1853 1058 2013 1124 cepta
2053 1058 2168 1121 tua,
2223 1059 2278 1107 et
2310 1057 2712 1107 testamentum
2764 1051 2812 1085 ⁵³
2857 1054 3019 1102 tuum
3072 1051 3482 1102 servaverunt»

1853 1149 2052 1218 (Dent,
2100 1164 2262 1214 xxxu,
2314 1149 2390 1215 8).
2448 1150 2585 1200 Item
2645 1145 2926 1215 apostolus
2983 1143 3185 1196 Paulus
3226 1159 3238 1194 ε
3289 1163 3316 1188 ‹‹
3359 1140 3491 1204 Quis

1853 1255 1980 1305 nos,
2012 1238 2217 1307 inquit,
2251 1236 2543 1307 separabit
2569 1252 2602 1290 a
2632 1236 2903 1288 charitate
2945 1232 3197 1290 Christi?
3230 1247 3494 1302 pressura

1855 1349 1926 1385 an
1955 1332 2239 1401 angustia,
2283 1348 2355 1384 an
2391 1330 2733 1401 persecutio,
2775 1345 2845 1382 an
2885 1329 3085 1393 fames,
3129 1343 3200 1381 an
3241 1325 3487 1392 nudltas,

155 1081 286 1123 aram
341 1063 749 1118 sacriﬁcaturus
787 1065 1104 1117 accesserat
1126 1063 1172 1096 ⁵³
1208 1062 1256 1130 (Ι
1302 1063 1587 1128 Mach.,ll,
1638 1058 1751 1126 54),

154 1158 286 1223 Quod
315 1159 358 1212 si
382 1162 510 1212 ante
550 1158 854 1212 adventum
897 1155 1103 1213 Christi
1150 1156 1296 1209 circa
1339 1156 1518 1208 Deum
1560 1154 1747 1207 colen-

152 1255 261 1307 dum
298 1259 349 1306 et
384 1251 537 1306 idola
586 1250 913 1323 spernenda
937 1250 978 1289 5‘
1026 1251 1170 1320 (haec
1213 1254 1496 1320 prmcepta
1533 1253 1752 1302 servata

151 1349 277 1414 sunt,
309 1349 518 1416 quanto
550 1345 732 1417 magis
759 1350 885 1417 post
905 1344 1218 1398 adventum
1250 1343 1455 1397 Christi
1484 1341 1754 1395 servanda

154 1447 290 1506 sunt;
322 1440 546 1510 quando
597 1440 691 1493 ille
735 1440 965 1493 veniens
991 1455 1104 1492 non
1146 1437 1332 1491 verbis
1386 1441 1608 1491 tantum
1650 1452 1754 1490 nos

152 1535 376 1589 hortatus
413 1533 505 1600 sit,
548 1534 642 1588 sed
689 1537 744 1587 et
795 1532 974 1601 factis,
1022 1535 1149 1604 post
1189 1547 1388 1585 omnes
1429 1529 1666 1600 injurias
1697 1532 1756 1583 et

152 1627 496 1682 contumelias
543 1644 739 1698 passus
783 1642 1014 1698 quoque
1071 1628 1128 1680 et
1175 1623 1498 1693 cruxiﬁxus,
1551 1629 1613 1677 ut
1651 1639 1754 1677 nos

149 1721 241 1792 pati
272 1725 325 1775 et
354 1721 500 1775 mori
529 1721 790 1792 exemplo
819 1736 919 1774 suo
959 1719 1209 1788 doceret,
1247 1721 1313 1773 ut
1353 1717 1505 1772 nulla
1538 1717 1609 1770 sit
1646 1717 1752 1770 ho-

1856 1443 1927 1480 an
1979 1425 2326 1496 periculum,
2383 1441 2454 1477 an
2503 1423 2761 1494 gladius?
2812 1423 2964 1477 Sicut
3018 1420 3290 1492 scriptum
3339 1424 3425 1473 est
3475 1439 3487 1475 :

1856 1519 1997 1583 Quia
2052 1525 2285 1589 propter
2311 1522 2364 1573 te
2412 1518 2728 1571 occidimur
2761 1518 2870 1587 (15)
2925 1519 3042 1570 tota
3079 1515 3190 1582 die,
3221 1515 3488 1568 restimati

1855 1630 2051 1668 sumus
2075 1618 2140 1668 ut
2164 1629 2293 1668 oves
2324 1611 2572 1666 victimas
2608 1613 2676 1679 6‘,
2715 1612 2809 1666 sed
2843 1611 2899 1664 in
2929 1610 3014 1665 his
3043 1609 3304 1664 omnibus
3330 1625 3492 1679 supc-

1857 1723 2049 1761 ramus
2077 1708 2124 1742 ⁶⁵
2160 1709 2263 1778 (26)
2301 1712 2534 1777 propter
2565 1721 2694 1760 eum
2723 1705 2820 1776 qui
2867 1705 3063 1759 dilexit
3101 1721 3205 1758 nos
3231 1725 3258 1753 »
3290 1703 3485 1773 (Rom,

150 1816 267 1869 mini
289 1814 570 1870 excusatio
597 1831 702 1886 pro
730 1831 790 1868 se
831 1830 949 1868 non
993 1813 1256 1885 patienti,
1286 1829 1416 1867 cum
1453 1828 1644 1882 passus
1685 1783 1832 1864 sitB
1857 1819 1969 1870 Vl",
2029 1802 2140 1870 35)-
2213 1802 2279 1854 Et
2310 1801 2515 1854 iterum
2548 1816 2559 1852 ε
2623 1820 2651 1848 α
2708 1801 2814 1852 Νοδ
2865 1799 2997 1852 estis
3040 1798 3252 1852 vestri:
3308 1799 3485 1868 empti

149 1911 223 1964 ille
272 1926 366 1980 pro
419 1910 615 1976 nobis;
655 1914 712 1963 et
761 1925 890 1963 cum
940 1909 1030 1963 ille
1064 1924 1261 1979 passus
1315 1906 1386 1960 sit
1407 1923 1508 1977 pro
1556 1905 1754 1960 alienis

147 1999 378 2070 peccatis,
403 1999 585 2053 multo
611 1999 797 2069 magis
823 2015 927 2069 pro
955 1997 1201 2070 peccatis
1245 1996 1360 2051 suis
1380 1997 1496 2066 pati
1539 2012 1751 2049 unum—

146 2109 400 2165 quemque
432 2093 642 2148 debere
664 2094 774 2148 ?Et
799 2091 929 2148 ideo
947 2093 1007 2147 ill
1035 2090 1343 2162 Evangelio
1370 2090 1756 2145 comminatur

148 2192 193 2240 et
232 2186 393 2241 dicit:
429 2208 459 2236 ‹‹
497 2187 830 2258 Quicunque
879 2187 1167 2241 confessus
1215 2185 1384 2239 fuerit
1430 2200 1522 2238 me
1565 2200 1756 2238 coram

145 2280 471 2346 hominibus,
518 2287 573 2335 et
616 2297 724 2352 ego
763 2281 1081 2336 confitebor
1108 2296 1238 2334 eum
1274 2279 1316 2312 ⁵⁵
1347 2295 1540 2332 coram
1589 2280 1752 2331 Patre

1855 1896 2010 1950 enim
2041 1895 2174 1950 estis
2195 1895 2376 1964 pretio
2413 1909 2624 1963 magno
2659 1894 2729 1961 59,
2765 1893 3080 1963 gloriﬁcate
3109 1893 3154 1927 ⁵⁷
3185 1894 3243 1945 et
3265 1894 3485 1962 portate

1855 1991 2035 2044 Deum
2093 1989 2150 2042 in
2199 2004 2434 2058 corpore
2461 1991 2648 2042 vestro
2701 2008 2727 2036 »
2762 1989 2809 2054 (Ι
2859 1990 3101 2054 Cor.,VI,
3141 1985 3251 2055 20).
3277 1976 3357 2055 Et
3387 1986 3488 2041 itc-

1854 2101 1983 2138 rum
2020 2101 2032 2137 :
2082 2104 2107 2131 η
2140 2083 2247 2136 Pro
2295 2083 2564 2136 omnibus
2615 2084 2872 2136 mortuus
2919 2085 3002 2135 est
3031 2081 3305 2148 Christus,
3341 2085 3402 2134 ut
3432 2088 3486 2134 et

1856 2179 1954 2249 qui
1981 2178 2195 2245 vivunt,
2250 2177 2370 2246 jam
2418 2193 2532 2230 non
2584 2176 2688 2230 sibi
2734 2176 2942 2242 vivant,
2992 2175 3088 2229 sed
3143 2175 3192 2228 ei
3240 2175 3338 2244 qui
3382 2190 3485 2244 pro

1852 2271 1988 2343 ipsis
2013 2275 2268 2326 mortuus
2295 2276 2379 2325 est
2405 2275 2461 2324 et
2489 2270 2803 2324 resurrexit
2837 2292 2862 2318 ››
2899 2271 2967 2338 (Il
3001 2270 3144 2334 Cor.,
3178 2285 3230 2336 v,
3264 2269 3372 2336 15).

1923 2385 2053 2439 CAP.
2106 2383 2211 2437 VII.
2263 2412 2331 2421 —
2379 2385 2601 2450 Ereptos
2644 2382 2708 2435 de
2756 2382 3011 2448 faucibus
3055 2382 3282 2441 diaboli,
3332 2385 3381 2434 et
3426 2381 3490 2434 de

1997 2465 2202 2532 laqueis
2229 2464 2412 2516 sazculi
2442 2463 2716 2526 liberatos,
2750 2479 2852 2514 non
2886 2462 3074 2515 debere
3102 2462 3274 2514 denuo
3305 2461 3380 2514 ad
3395 2477 3487 2515 sac-

2010 2544 2191 2597 culum
2225 2545 2441 2603 reuerti,
2475 2558 2539 2595 ne
2564 2543 2800 2610 perdant
2831 2543 2973 2610 quod
3003 2544 3293 2595 evaserint.

147 2391 271 2441 meo,
318 2375 413 2445 qui
469 2375 528 2429 in
573 2375 727 2429 caelis
773 2379 885 2443 est;
938 2375 1035 2445 qui
1081 2380 1272 2428 autem
1323 2371 1614 2444 negaverit
1663 2388 1754 2425 me

145 2485 310 2522 coram
336 2469 694 2536 hominibus,
725 2473 781 2523 et
811 2484 916 2538 ego
947 2467 1171 2538 negabo
1201 2483 1336 2521 eum
1368 2482 1564 2520 coram
1591 2467 1753 2519 Patre

143 2578 269 2630 meo,
296 2565 388 2634 qui
418 2563 481 2617 in
525 2563 677 2617 ccelis
707 2568 790 2617 est
833 2585 858 2611 ››
907 2563 1148 2632 (Matth,
1190 2578 1244 2630 x,
1293 2560 1404 2628 3|).
1447 2562 1588 2615 ltem
1615 2576 1751 2630 apo-

144 2658 291 2711 stolus
328 2657 536 2711 Paulus
577 2675 588 2710 :
626 2678 653 2706 ‹‹
695 2657 753 2711 Si
781 2656 935 2710 enim
976 2655 1403 2717 commorimur,
1461 2653 1661 2724 inquit,
1697 2656 1754 2706 et
1925 2648 1987 2700 In
2036 2646 2244 2712 Exodo,
2290 2644 2553 2698 Judaicus
2594 2645 2859 2715 populus,
2909 2645 2978 2697 ad
3019 2645 3276 2698 umbram
3308 2647 3488 2698 nostri

143 2747 485 2800 convivemus
518 2763 530 2800 :
566 2745 611 2800 si
659 2745 993 2811 toleramus,
1034 2748 1092 2797 et
1133 2743 1610 2813 conregnabimus
1651 2759 1664 2795 :
1706 2743 1751 2794 si
1854 2743 1908 2794 et
1940 2740 2249 2810 imaginem
2277 2740 2691 2810 przeﬁguratus,
2724 2757 2752 2792 c
2774 2756 2891 2805 um,
2919 2740 3032 2792 Deo
3061 2743 3250 2792 tutore
3282 2744 3338 2792 et
3369 2739 3486 2793 vin-

144 2839 476 2909 uegabimus,
523 2845 578 2894 et
613 2839 732 2910 ipse
777 2837 1014 2908 negabit
1061 2854 1162 2891 nos
1193 2858 1215 2886 ι)
1251 2837 1300 2908 (Ι
1349 2839 1506 2904 Tim.,
1552 2853 1609 2904 ιι,
1646 2836 1749 2901 12).
1855 2834 1998 2902 dice,
2024 2835 2286 2888 evasisset
2343 2833 2648 2888 Pharaonis
2676 2839 2846 2904 atque
2882 2834 3128 2903 Egypti,
3157 2833 3214 2886 id
3247 2836 3331 2886 est
3381 2833 3493 2886 dia-

139 2933 255 2987 ltem
294 2934 588 2989 Joannes?
624 2932 782 2998 «Qui
831 2938 1000 3002 negat
1043 2931 1272 2998 Filium,
1299 2931 1498 3002 |neque
1529 2933 1751 2984 Patrem
1852 2928 1962 2982 boli
2004 2932 2057 2981 et
2087 2929 2297 2995 saeculi,
2332 2928 2700 2982 durissimam
2734 2928 3088 2994 servitutem,
3123 2927 3271 2982 circa
3311 2929 3488 2982 Deum

140 3025 326 3082 habet:
360 3028 465 3098 qui
505 3027 802 3082 conﬁtetur
850 3025 1071 3092 Filium,
1100 3031 1155 3079 et
1185 3025 1389 3079 Filium
1428 3027 1485 3078 et
1528 3025 1750 3078 Patrem
1853 3023 2100 3092 perﬁdus
2153 3028 2207 3076 et
2261 3023 2534 3093 ingratus,
2588 3022 2860 3076 adversus
2912 3022 3135 3092 Moysen
3197 3022 3482 3091 mussitat,

141 3120 288 3176 habet
313 3144 338 3171 η
376 3122 423 3191 (1
456 3125 635 3190 Joan.,
664 3137 721 3190 ιι,
764 3123 872 3190 23).
912 3120 1068 3174 Unde
1119 3136 1218 3173 nos
1257 3119 1329 3174 ad
1364 3123 1823 3191 contemptumn
1854 3116 2159 3186 respiciens
2186 3117 2503 3172 solitudinis
2544 3133 2607 3170 ac
2635 3115 3242 3184 laborisincommoda,
3284 3120 3340 3170 et
3375 3133 3488 3170 non

139 3217 311 3269 mortis
360 3216 626 3270 hortatur
681 3215 955 3269 Dominus
1007 3219 1063 3268 et
1111 3214 1443 3268 corroborat
1494 3213 1685 3266 dicens
1734 3209 2171 3280 :“intelligens
2197 3209 2470 3265 libertatis
2497 3227 2560 3263 ac
2611 3210 2806 3264 salutis
2848 3210 3122 3264 beneﬁcia
3147 3210 3357 3276 divina,
3399 3228 3490 3265 re-

142 3329 163 3355 ‹‹
197 3308 364 3364 Nolite
394 3310 602 3364 timere
632 3325 743 3378 eos,
778 3309 873 3380 qui
917 3308 1182 3362 occidunt
1217 3325 1442 3378 corpus,
1493 3306 1748 3360 animam
1851 3305 1995 3358 verti
2030 3306 2238 3375 quierit
2269 3305 2340 3358 ad
2372 3303 2682 3374 zEgypti“,
2726 3303 2832 3357 hoc
2858 3308 2942 3357 est
2968 3304 3036 3357 ad
3079 3305 3291 3372 saeculi,
3321 3306 3494 3359 servi—

141 3399 308 3475 660
335 3410 530 3458 autem
563 3404 609 3437 ⁵⁶
637 3419 751 3456 non
780 3408 1018 3473 possunt
1043 3401 1321 3456 occidere.
1357 3400 1530 3471 Magis
1559 3405 1748 3453 autem
1850 3401 2032 3453 tutem
2073 3399 2220 3452 unde
2247 3399 2434 3452 fuerat
2478 3404 2681 3452 exutus
2700 3394 2768 3464 ⁸ο,
2799 3414 2927 3452 cum
2956 3397 3142 3469 magis
3180 3398 3357 3452 ﬁdere
3391 3399 3489 3453 de~

139 3498 349 3552 metuite
389 3514 529 3553 eum
581 3497 678 3568 qui
718 3499 904 3567 potest
944 3496 1194 3550 animam
1247 3497 1305 3548 et
1357 3509 1562 3565 corpus
1604 3494 1746 3548 occi-
1850 3491 2012 3547 heret
2041 3493 2098 3546 in
2129 3493 2304 3546 Deum
2337 3493 2386 3528 ⁷ο
2409 3496 2466 3546 et
2493 3493 2747 3559 credere,
2777 3493 3051 3564 quoniam
3084 3493 3235 3564 quia
3265 3493 3493 3565 diabolo

139 3589 248 3644 dere
275 3593 318 3624 ⁵⁷
362 3591 421 3646 in
468 3591 796 3662 gehennam
830 3610 857 3638 ››
908 3589 1127 3660 (Matth,
1156 3605 1210 3654 x,
1247 3589 1355 3658 28).
1390 3589 1456 3642 Et
1497 3588 1698 3642 iterum
1733 3605 1746 3642 :
1851 3590 1908 3639 et
1963 3587 2167 3640 saeculo
2219 3585 2401 3659 661
2457 3586 2659 3642 liberat
2707 3587 2980 3658 populum
3021 3603 3209 3642 suum.
3245 3589 3495 3659 protegit

139 3699 160 3725 «
191 3681 283 3743 Qui
312 3681 738 3736 amatanimam
767 3697 946 3745 suam,
975 3678 1175 3750 perdet
1204 3693 1330 3731 eam
1365 3695 1378 3731 :
1414 3681 1472 3732 et
1501 3677 1598 3748 qui
1630 3677 1752 3731 odit
1850 3678 2159 3734 liberatum
2195 3699 2205 3734 :
2240 3701 2267 3729 ‹‹
2297 3681 2444 3744 Quid
2487 3682 2591 3735 hoc
2638 3681 2821 3747 nobis,
2873 3681 3163 3751 inquiunt,
3203 3682 3379 3736 fecisti
3430 3683 3487 3735 in

136 3775 358 3828 animam
392 3791 557 3829 suam
593 3775 651 3829 in
701 3774 808 3828 isto
859 3773 1086 3838 saeculo,
1146 3772 1204 3825 in
1260 3771 1432 3825 vitam
1475 3773 1750 3825 mternam
1852 3774 2141 3843 ejiciendo
2173 3777 2281 3845 (17)
2344 3792 2448 3830 nos
2489 3776 2556 3829 de
2597 3776 2883 3846 ΑἰξὶνρῖοῩ
2909 3775 3115 3829 melius
3148 3778 3296 3830 est“
3331 3776 3494 3830 nobis

133 3869 467 3923 conservabit
503 3869 656 3922 illam
690 3889 717 3918 »
749 3869 855 3938 (l3)
887 3868 1088 3937 (Joan.,
1113 3881 1207 3932 χιι,
1237 3868 1345 3932 25).
1850 3868 2057 3922 servire
2093 3869 2369 3939 x’Egyptiis
2419 3886 2589 3940 quam
2643 3869 2791 3922 mori
2815 3869 2862 3902 ⁷³
2917 3869 2974 3922 in
3021 3869 3334 3924 solitudine
3359 3871 3484 3936 hac,

135 3970 242 4026 CAP.
307 3974 395 4027 Vl.
481 4003 548 4012 ι-
615 3973 766 4038 Quod
821 3971 1084 4040 redempti
1141 3976 1192 4024 et
1251 3971 1514 4037 vivificati
1551 3969 1752 4024 Christi
1852 3963 1918 4016 Et
1944 3961 2083 4015 dixit
2127 3963 2344 4033 Moyses
2387 3964 2453 4016 ad
2515 3964 2790 4033 populum
2851 3979 2863 4016 :
2921 3962 3100 4017 Fidite
3154 3969 3210 4016 et
3266 3965 3487 4017 state73

237 4056 522 4120 sanguine,
569 4053 704 4106 nihil
745 4053 956 4109 Christo
985 4065 1296 4120 prmponere
1326 4049 1626 4103 debemnus.
1853 4059 1910 4109 et
1935 4055 2153 4109 cernite
2203 4057 2445 4110 salutem
2472 4073 2599 4126 quae
2626 4074 2658 4110 a
2687 4057 2926 4112 Domino
2977 4063 3082 4123 est,
3125 4073 3295 4127 quam
3335 4059 3492 4111 vobis

194 4150 247 4204 lu
290 4150 596 4222 Evangelio
647 4150 917 4204 Dominus
978 4147 1226 4218 loquitur
1281 4152 1335 4202 et
1391 4145 1565 4200 dicit:
1596 4169 1623 4196 ››
1646 4147 1752 4211 Qui
1852 4149 2020 4203 faciet
2044 4149 2219 4204 hodie
2252 4168 2262 4204 :
2301 4151 2583 4206 Dominus
2631 4152 2750 4222 ipse
2781 4151 3054 4222 pugnabit
3092 4168 3196 4222 pro
3229 4151 3406 4221 vobis,
3435 4157 3493 4206 et

1497 4276 1707 4341 Variae
1763 4277 2102 4343 lectiones.

181 4408 216 4440 ⁵³
240 4407 580 4457 Ascenderat
603 4406 728 4458 Bod.
758 4409 800 4456 1.
871 4409 910 4440 ⁵⁴
945 4406 1096 4456 ldola
1136 4405 1436 4456 sternenda
1464 4405 1588 4454 Bod.
1631 4407 1670 4454 1.
1743 4410 1781 4440 ⁵⁵
1813 4407 2134 4458 Conﬂtebor
2160 4410 2214 4459 in
2255 4412 2373 4474 ipso
2409 4415 2498 4460 Ar.
2539 4413 2671 4460 Voss.
2725 4413 2766 4460 1.
2838 4412 2880 4445 ⁵⁸
2899 4413 2970 4461 Et
2991 4415 3229 4463 animam
3281 4415 3405 4464 Bod.
3438 4416 3484 4467 2.

130 4474 386 4540 “Corpus
420 4478 652 4541 perdere
688 4481 775 4526 Ar.
804 4479 942 4527 Lam.
975 4477 1098 4526 Berl.
1122 4483 1167 4524 2.
1241 4476 1282 4510 ⁵⁸
1316 4476 1541 4524 Matrem
1581 4475 1705 4537 plus
1730 4490 1897 4539 quam
1934 4491 2022 4527 me
2049 4479 2159 4526 Lin.
2206 4478 2354 4525 Ebor.
2388 4478 2494 4526 ΝΟ.
2537 4479 2577 4526 1.
2684 4477 2724 4510 ⁵9
2746 4477 2813 4527 Et
2847 4481 2942 4542 qui
2982 4479 3158 4540 diligit
3193 4480 3369 4530 filium
3395 4486 3491 4529 aut

129 4545 277 4596 tiliam
310 4562 479 4611 super
505 4561 594 4596 me
619 4562 729 4596 non
754 4552 835 4596 est
861 4561 949 4596 me
980 4547 1180 4607 dignus
1203 4548 1337 4594 Lam.
1369 4544 1514 4591 Ebur.
1541 4545 1666 4593 Bod.
1696 4549 1737 4606 t,
1759 4547 1806 4608 2,
1839 4549 1887 4607 3,
1915 4550 1964 4597 4.
2007 4551 2193 4598 Desunt
2221 4551 2271 4596 in
2298 4551 2451 4610 lmpr.
2519 4546 2561 4579 ⁸ο
2583 4549 2751 4597 Tollit
2777 4562 3000 4599 crucem
3027 4551 3149 4598 Bod.
3181 4555 3224 4598 4.
3292 4550 3330 4583 ⁸¹
3365 4552 3485 4599 Non

127 4622 363 4668 estmeus
394 4618 706 4682 discipulus
740 4620 831 4668 Ar.
897 4616 942 4650 “
971 4617 1408 4666 Deuteronomio
1437 4617 1680 4678 positum
1711 4621 1796 4666 est
1833 4618 1959 4667 Bod.
1985 4620 2035 4668 3.
2100 4621 2142 4652 ⁸³
2170 4620 2236 4668 Et
2269 4618 2589 4668 mandatum
2624 4621 2766 4668 Lam.
2810 4621 2959 4669 Ebor.
2999 4621 3126 4670 Bod.
3153 4621 3198 4669 2.
3266 4621 3309 4654 ⁶⁴
3341 4622 3484 4672 Oves

127 4689 406 4740 occisionis
427 4694 515 4739 Ar.
541 4690 648 4738 ΝΟ.
674 4690 722 4738 2.
757 4689 882 4739 Bod.
918 4690 966 4740 2.
1033 4689 1076 4722 ⁸⁵
1106 4689 1167 4738 In
1200 4689 1287 4738 his
1313 4689 1572 4738 omnibus
1597 4690 2044 4752 supervincimus
2083 4694 2194 4741 Ver.
2220 4690 2323 4738 Pro
2353 4703 2419 4739 eo
2467 4690 2608 4738 Lam.
2643 4691 2792 4739 Ebor.
2829 4691 2954 4739 Bod.
2992 4691 3036 4748 1,
3058 4691 3104 4740 2.
3126 4691 3174 4739 4.
3241 4690 3284 4724 ⁸⁸
3304 4693 3486 4753 Empti

126 4758 242 4807 estis
266 4772 470 4822 magno
522 4761 630 4808 Ver.
665 4761 804 4808 Lam.
841 4759 990 4808 Ebor.
1030 4760 1137 4810 ΝΟ.
1171 4763 1216 4809 1.
1249 4761 1371 4810 Bod.
1405 4766 1446 4809 3.
1514 4760 1556 4794 ⁸⁷
1587 4760 1899 4812 Clariﬁcate
1934 4763 2043 4812 Ver.
2110 4760 2152 4795 ⁸⁸
2189 4761 2486 4823 ngyptum
2525 4761 2632 4808 Lin.
2668 4761 2807 4822 Spir.
2833 4760 2960 4809 Bod.
2992 4763 3040 4816 1,
3073 4761 3188 4821 2,4.
3257 4759 3299 4794 ⁸⁸
3328 4762 3484 4813 Unde

124 4827 284 4878 fuerat
307 4835 568 4880 exemtus
599 4829 725 4878 Bod.
753 4834 798 4890 3,
827 4830 1135 4881 abstractus
1167 4832 1306 4892 Spir.
1345 4831 1524 4880 Morel.
1593 4829 1636 4864 το
1657 4831 1851 4882 Fidem
1883 4833 1940 4882 in
1962 4834 2081 4884 Deo
2115 4832 2321 4883 habere
2349 4833 2455 4880 Lin.
2525 4830 2564 4862 ⁷·
2611 4831 2806 4880 Melius
2831 4835 2948 4881 erat
2967 4832 3092 4881 Bod.
3116 4834 3161 4883 3.
3232 4831 3272 4864 ⁷¹
3303 4832 3482 4895 Quam

125 4896 261 4948 obire
279 4901 372 4950 Ar.
401 4899 525 4952 Bod.
553 4901 601 4950 2.
667 4898 712 4932 ⁷³
735 4899 908 4951 Silete
943 4903 999 4951 et
1026 4904 1165 4950 state
1189 4900 1314 4950 Bod.
1348 4903 1392 4950 1.
1419 4901 1571 4952 State
1591 4902 1828 4954 ﬁdentes
1855 4908 1909 4954 et
1943 4904 2126 4954 videte
2160 4904 2302 4966 Spir.

1414 5019 1638 5102 Steph.
1689 5019 1934 5084 Baluzii
1980 5028 2180 5084 notas.

402 5132 790 5218 Exl‘lll,_-q;7§
819 5147 841 5218 7:
897 5133 952 5182 Si
969 5133 1249 5218 Iaudieris.
1451 5135 1630 5218 gloss‘a
1677 5134 1750 5182 ait
1772 5147 1831 5218 D
1853 5133 2101 5218 culpabit,
2128 5134 2272 5218 alius
2302 5130 2552 5218 servabit.
2588 5131 2737 5218 alius
2760 5130 3002 5218 denique
3032 5133 3284 5213 inueniat.

123 5194 457 5260 Cyprianum
483 5202 657 5252 fuisse
686 5203 1082 5268 interrogatum
1115 5219 1183 5254 an
1224 5205 1353 5254 mali
1389 5194 1510 5268 post
1539 5206 1749 5254 adven-
1772 5194 1830 5218 υ
1917 5208 2010 5267 (14)
2042 5208 2161 5256 Non
2204 5205 2270 5255 sit
2317 5219 2396 5253 me
2434 5204 2648 5269 dignus.
2697 5203 2888 5255 Codex
2913 5194 3346 5266 ’Seguierianus,
3385 5219 3490 5255 non

123 5269 482 5347 tum_Domini
508 5274 564 5322 in
592 5273 746 5347 hunc
770 5275 1044 5324 mundum
1087 5281 1265 5327 morte
1309 5278 1422 5326 sint
1460 5275 1746 5340 puniendi,
1849 5283 1919 5328 est
1943 5291 2085 5327 meus
2113 5276 2420 5340 discipulus.

121 5342 167 5385 et
194 5339 353 5413 illum
400 5344 755 5407 respondisse
799 5347 946 5410 quod
993 5348 1090 5408 sic,
1119 5349 1247 5410 quia
1283 5349 1329 5397 si
1368 5339 1496 5398 ante
1539 5347 1746 5396 adven-
1911 5351 2011 5413 (15)
2057 5339 2372 5398 Occidimur.
2412 5347 2595 5398 Editio
2639 5348 2957 5398 Morelliana
3002 5351 3055 5396 et
3091 5345 3320 5411 qui-73m
3361 5350 3484 5410 ilhr,

120 5413 225 5494 tum
273 5411 497 5494 Christi
519 5414 626 5465 hoc
669 5415 782 5494 ﬁat,
826 5422 894 5494 ut
934 5419 1198 5494 probatur
1246 5420 1574 5494 auctoritate
1609 5422 1748 5469 Deu-
1848 5411 2492 5494 veteresAmortiﬁcamuI,
2521 5423 2575 5494 et
2603 5433 2732 5468 mox
2760 5419 3052 5468 occisionis.

121 5482 402 5554 teronomii
456 5491 506 5534 et
551 5489 806 5551 exemplo
845 5489 1150 5551 Malachise,
1193 5491 1369 5541 multo
1405 5493 1590 5554 potius
1625 5494 1749 5554 post
1910 5490 2012 5552 (16)
2044 5490 2384 5553 Superamus.
2421 5489 2613 5539 Codex
2660 5489 3018 5551 Veronensis,
3049 5491 3484 5552 supervincimus.

121 5548 408 5624 {dventum
455 5555 660 5607 Christi
705 5548 813 5608 hoc
852 5558 972 5609 ﬁeri
1013 5548 1196 5612 debet.
1229 5548 1474 5612 Joannes
1509 5548 1643 5612 vero
1679 5560 1746 5611 de
1849 5548 2177 5612 Vide'notas
2207 5561 2275 5611 ad
2306 5559 2616 5624 Epistolam
2643 5561 2724 5622 26,
2755 5560 2851 5610 ubi
2903 5548 3013 5610 vox
3051 5548 3243 5612 eadem
3281 5566 3488 5624 reperi-

120 5619 541 5703 Turrecremata‘
577 5628 720 5703 hinc
781 5630 1002 5694 collegit
1058 5645 1169 5681 non
1224 5645 1343 5683 esse
1405 5631 1746 5697 parcendum
1847 5636 1952 5683 tur.

120 5693 267 5780 {Italia
299 5699 400 5760 qui
431 5699 848 5780 multitudinem
889 5693 1271 5780 corrumpunt.
1308 5693 1517 5780 Auctor
1545 5705 1746 5780 glossm
1914 5707 2010 5768 (17)
2040 5705 2103 5754 1η
2129 5703 2401 5780 ejiciendo.
2433 5702 2625 5780 codex
2657 5702 2929 5780 Furensis
2957 5704 3246 5780 educendo,
3277 5709 3330 5754 et
3357 5716 3486 5751 mox

119 5770 491 5842 nolani-equm“
517 5769 974 5842 adACyprianum,
1007 5779 1062 5826 et
1090 5775 1216 5826 ideo
1250 5778 1449 5827 erravit
1490 5778 1547 5827 in
1577 5778 1737 5828 facto.
1845 5791 2016 5829 eremo
2040 5790 2140 5842 pro
2163 5775 2466 5826 solitudine.
2495 5775 2654 5826 Hanc
2699 5775 2952 5825 ultimam
2992 5775 3320 5834 lectionem,
3346 5784 3488 5833 pri!)-

173 5836 264 5900 (13)
322 5838 664 5894 Conservam
701 5841 867 5894 illam.
911 5845 1036 5897 Duo
1089 5846 1216 5898 libri
1269 5851 1480 5901 veteres
1531 5850 1742 5901 habent
1843 5836 2164 5903 lemnt'lres
2195 5848 2287 5900 alii
2321 5847 2450 5899 libri
2484 5852 2712 5899 veteres.
