3998 6194
462 304 575 357 687

1396 289 1449 346 S.
1494 242 1807 344 CTPRIANI
1846 282 2120 340 OPERUM
2161 281 2332 336 PARS
2372 274 2440 334 ll.
2468 309 2537 317 —
2565 274 2939 333 OPUSCULA.

3699 269 3789 326 688

461 444 557 482 vos
584 424 835 480 tacebitis
862 443 890 472 »
923 420 1144 488 (Exod,
1178 434 1290 485 Xiv,
1324 417 1429 488 11).
1462 415 1623 479 Quod
1655 431 1755 468 nos
1776 412 2089 465 admonens
2111 419 2169 491 Α
2190 406 2403 461 tibilem
2465 419 2737 458 coronam
2794 399 3093 470 accipiant,
3130 411 3224 455 vas
3279 398 3463 449 autem
3512 394 3784 466 incorrup-

462 524 522 576 in
552 518 858 588 Evangelio
888 533 987 569 suo
1022 514 1312 576 Dominus,
1359 515 1417 565 et
1442 511 1649 564 docens
1695 524 1765 561 ne
1794 506 1864 560 ad
1899 505 2089 558 diabo-

462 617 581 670 lum
624 628 819 667 rursus
859 616 919 665 et
955 608 1024 662 ad
1066 609 1358 672 saeculum,
1402 604 1607 677 quibus
1641 598 2093 657 renuntiavimus

464 714 521 764 et
551 707 698 763 unde
730 704 1031 769 evasimus,
1062 704 1437 766 revertamur,
1470 698 1607 752 dicit
1637 714 1650 750 :
1696 696 1914 749 «Nemo
1942 693 2092 745 retro

465 801 768 858 attendens
821 801 878 852 et
949 810 1343 867 superponens
1407 808 1641 848 manum
1711 804 1870 843 suam
1925 800 2095 855 super

465 900 745 962 aratrum,
791 894 956 963 aptus
1001 893 1087 945 est
1128 906 1309 960 regno
1349 887 1449 943 Dei
1485 908 1513 936 »
1539 887 1716 955 (Luc.,
1756 899 1831 950 ιι,
1872 879 1984 948 62).
2028 880 2096 933 Et

464 992 680 1045 iterum
709 1006 770 1041 zu
789 989 853 1041 Et
878 985 975 1057 qui
1002 985 1061 1038 in
1088 999 1227 1054 agro
1243 988 1478 1050 est,non
1496 980 1854 1034 convertatur
1868 978 2023 1028 retro
2046 974 2092 1007 7‘

467 1085 745 1139 Memores
785 1083 962 1134 estote
991 1078 1185 1132 uxoris
1230 1077 1371 1130 Loth
1413 1096 1440 1125 ››
1474 1074 1648 1145 (Luc,,
1682 1087 1811 1137 xxu,
1854 1068 1965 1135 3i).
1999 1072 2094 1132 Ac,

466 1194 539 1231 ne
568 1177 693 1246 quis
730 1174 915 1245 aliqua
956 1173 1043 1226 vel
1093 1170 1402 1241 cupiditate
1453 1184 1665 1221 rerum.
1722 1164 1813 1218 vel
1862 1177 2096 1217 suorum

468 1270 771 1325 dulcedine
799 1267 1121 1323 retardetur
1142 1263 1449 1336 quominus
1476 1260 1763 1315 Christum
1805 1262 2095 1329 sequatur,

470 1364 623 1419 addit
663 1368 720 1418 et
762 1362 898 1416 dicit
928 1379 940 1415 :
974 1380 1002 1411 (ί
1030 1358 1135 1424 Qui
1172 1375 1289 1413 non
1332 1354 1626 1411 renuntiat
1668 1352 1935 1408 omnibus
1970 1367 2098 1422 quae

471 1460 605 1513 sunt
654 1457 850 1526 ejus75
895 1469 1008 1509 non
1061 1436 1269 1523 potest
1313 1466 1473 1505 meus
1539 1463 1658 1503 esse
1708 1445 2020 1517 discipulus
2068 1466 2097 1495 »

474 1552 645 1621 (Luc.,
674 1566 781 1616 xw,
798 1547 907 1617 33).

473 1670 600 1724 CAP.
653 1667 789 1722 VIII.
852 1694 921 1705 —-
969 1664 1329 1719 lnsistendum
1382 1676 1487 1716 esse
1543 1664 1593 1714 et
1646 1658 2099 1729 perseverandum

545 1751 606 1801 in
641 1748 746 1815 ﬁde
778 1749 830 1799 et
871 1746 1092 1805 virtute,
1141 1748 1191 1798 et
1235 1744 1461 1797 caelestis
1507 1756 1569 1795 ac
1598 1740 1870 1809 spiritalis
1907 1740 2104 1806 gratia?

549 1827 1031 1886 consummatione,
1064 1830 1125 1878 ut
1162 1824 1235 1878 ad
1258 1824 1501 1894 palmam
1552 1827 1602 1876 et
1644 1836 1894 1874 coronam
1938 1820 2106 1888 possit

545 1908 840 1978 perveniri.

548 2021 611 2073 In
668 2016 1195 2088 Paralipomenon:
1259 2036 1285 2063 ‹‹
1340 2013 1615 2068 Dominus
1659 2011 1950 2066 vobiscum
2003 2016 2106 2077 est,

480 2111 754 2185 quamdiu
798 2114 857 2165 et
890 2127 988 2164 vos
1008 2108 1053 2143 ⁷⁸
1084 2109 1215 2163 estis
1245 2124 1374 2163 cum
1403 2108 1545 2177 ipso.
1588 2106 1642 2162 Si
1672 2108 1867 2161 autem
1899 2104 2106 2158 dereli-

481 2206 719 2279 queritis
760 2221 910 2271 eum,
967 2203 1329 2273 derelinquet
1375 2217 1469 2254 vos
1508 2223 1533 2249 ››
1588 2203 1667 2271 (ΙΙ
1703 2202 1855 2260 Ραν..
1898 2215 1987 2265 xv,
2032 2197 2109 2265 2).

483 2302 619 2354 Item
662 2298 813 2369 apud
855 2296 1250 2351 Ezechielem:
1296 2315 1323 2343 ‹‹
1362 2293 1591 2349 Iustitia
1631 2291 1775 2362 justi
1818 2308 1931 2345 non
1976 2290 2112 2345 libe-

480 2393 630 2447 rabit
699 2407 853 2457 eum,
917 2391 975 2443 in
1042 2404 1404 2459 quacumque
1487 2387 1576 2440 die
1643 2386 2058 2439 exerraverit"
2097 2426 2110 2451 ,

484 2487 716 2557 (Ezech.,
770 2501 959 2551 xxxxu,
1022 2468 1128 2553 12).
1193 2485 1335 2537 Item
1382 2482 1439 2534 in
1481 2480 1788 2550 Evangelio
1841 2478 2114 2532 Dominus

482 2580 741 2649 loquitur
769 2584 825 2631 et
863 2577 1037 2631 dicit:
1093 2597 1120 2624 ‹‹
1171 2575 1275 2639 Qui
1326 2574 1771 2645 perseveraverit
1822 2588 2003 2643 usque
2054 2570 2115 2624 in

484 2673 661 2727 tinem
712 2673 782 2741 ⁷⁸,
834 2671 927 2725 hic
977 2670 1159 2724 salvus
1211 2669 1318 2723 erit
1361 2670 1430 2735 79,
1480 2668 1726 2738 (Matth.,
1772 2667 1959 2736 v,22).
1992 2687 2019 2716 »
2051 2665 2118 2718 Et

484 2767 735 2822 iterum:
784 2787 810 2817 «
865 2765 921 2819 Si
976 2761 1402 2835 permanseritis
1455 2762 1516 2815 in
1561 2760 1733 2814 verbo
1782 2776 1934 2827 meo,
1988 2774 2116 2813 vere

460 2859 751 2931 discipuli
796 2859 909 2914 mei
979 2859 1131 2919 estis,
1185 2861 1242 2911 et
1289 2855 1648 2926 cognoscetis
1690 2855 2007 2920 veritatem,
2063 2856 2120 2906 et

488 2954 695 3009 veritas
721 2953 982 3007 liberabit
1008 2968 1106 3006 vos
1136 2972 1162 3000 η
1191 2954 1396 3021 (Joan.,
1426 2966 1544 3016 Vill,
1593 2948 1705 3017 31).
1752 2949 2118 3002 Praemonens

491 3065 714 3120 quoque
745 3065 844 3101 nos
874 3052 1103 3117 paratos
1143 3061 1371 3115 semper
1423 3061 1547 3097 esse
1594 3043 1828 3110 debere,
1859 3048 1911 3095 et
1954 3058 2116 3110 expe-

488 3143 634 3196 ditos
663 3143 720 3195 in
765 3141 1062 3211 provinctu
1104 3139 1348 3193 firmiter
1399 3144 1567 3204 stare,
1612 3136 1771 3189 addit
1820 3138 1878 3189 et
1925 3134 2059 3188 dicit
2104 3152 2198 3227 :C

493 3259 521 3287 ‹‹
608 3236 733 3290 Sint
799 3233 977 3288 lumbi
1042 3232 1215 3287 vestri
1290 3230 1580 3303 praecincti
1608 3231 1676 3298 ⁸ο,
1757 3234 1814 3282 et
1879 3229 2124 3282 lucernas

492 3330 875 3394 ardentes;et
903 3343 1001 3381 vos
1036 3326 1244 3380 similes
1292 3324 1617 3379 hominibus
1667 3322 2122 3393 exspectantibus

492 3423 793 3477 dominum
846 3437 1034 3488 suum,
1095 3419 1322 3491 quando
1371 3418 1757 3473 revertatur“
1821 3433 1854 3469 a
1912 3416 2125 3486 nuptiis

494 3520 577 3581 ut,
612 3529 742 3566 cum
789 3511 1005 3565 venerit
1050 3516 1107 3563 et
1157 3509 1483 3580 pulsaverit,
1529 3507 1722 3578 opiant
1782 3506 1851 3561 ei.
1889 3506 2047 3560 Beati
2077 3505 2124 3539 ⁵³

498 3606 644 3661 servi
692 3606 802 3676 (18)
852 3604 954 3674 illi,
999 3621 1140 3676 quos
1180 3603 1485 3658 adveniens
1536 3601 1802 3655 dominus
1848 3598 2129 3654 invenerit

494 3701 799 3772 vigilantes
828 3700 1001 3770 (Luc.,
1027 3714 1124 3765 xu,
1155 3697 1262 3768 35).
1296 3718 1323 3747 »
1357 3697 1501 3750 Item
1531 3695 1735 3750 beatus
1763 3692 1956 3767 662
1987 3709 2125 3765 apo-

492 3795 671 3849 stolus
705 3793 921 3859 Paulus,
956 3796 1019 3846 ut
1045 3792 1181 3846 fides
1227 3793 1416 3845 nostra
1446 3788 1699 3860 proﬁciat
1730 3790 1787 3842 et
1827 3792 2037 3841 crescat
2072 3789 2130 3842 et

497 3886 569 3942 ad
617 3902 842 3940 summa
888 3884 1197 3956 perveniat,
1242 3884 1503 3938 hortatur
1550 3882 1788 3936 dicens:
1830 3901 1857 3930 «
1898 3878 2130 3934 Nescitis

500 3981 771 4051 quoniam
816 3979 913 4050 qui
955 3979 1015 4033 in
1057 3977 1241 4032 stadio
1283 3981 1522 4031 currunt
1550 3976 1619 4043 ⁸³,
1660 3989 1860 4030 omnes
1896 3973 2130 4045 quidem

496 4081 753 4140 currunt,
783 4090 929 4128 unus
968 4076 1161 4127 tamen
1195 4071 1241 4106 ⁸⁴
1303 4069 1506 4141 accipit
1544 4069 1839 4140 palmam?
1876 4068 1963 4124 Sic
2002 4084 2131 4123 cur-

496 4169 627 4236 rite,
672 4174 730 4222 ut
774 4166 1061 4238 occupetis
1087 4166 1132 4199 ⁸⁵
1167 4164 1301 4236 (19).
1325 4166 1392 4220 Et
1420 4162 1500 4218 illi
1532 4162 1769 4235 quidem
1811 4165 1872 4216 ut
1899 4178 2132 4232 corrup-

2190 498 2309 549 tam
2338 516 2365 544 »
2399 496 2458 565 (Ι
2486 494 2634 556 Cor.,
2670 507 2742 557 ιχ,
2772 490 2884 558 24).
2927 488 2996 541 Et
3023 486 3226 541 iterum
3262 500 3274 536 :
3308 484 3530 536 «Nemo
3569 482 3799 537 militans

2193 590 2304 643 Deo
2337 587 2555 658 obligat
2585 602 2643 639 se
2667 582 2940 639 molestiis
2983 578 3375 643 saecularibus,
3418 582 3475 630 ut
3501 576 3665 646 possit
3690 577 3795 645 pla-

2194 672 2319 736 cere
2349 682 2398 735 ci
2452 679 2542 734 cui
2590 696 2648 733 se
2693 676 2977 749 probavit.
3015 674 3127 730 Sed
3167 677 3224 727 et
3262 670 3310 725 si
3338 669 3627 725 certaverit
3662 669 3795 739 quis,

2192 788 2306 826 non
2326 769 2712 835 coronabitur,
2737 765 2847 819 nisi
2868 763 3125 835 legitime
3172 758 3512 833 pugnaverit
3535 780 3562 807 ››
3586 760 3659 829 (ΙΙ
3685 760 3802 813 Tim.

2193 880 2254 932 ιι,
2308 862 2382 935 4).
2442 865 2506 917 Et
2551 862 2856 916 iterum:«
2898 859 3008 914 Oro
3060 859 3256 911 autem
3304 870 3418 919 vos,
3465 852 3675 919 fratres,
3714 867 3803 921 per

2195 956 2649 1012 misericordiam
2680 954 2794 1022 Dei,
2828 955 2893 1007 ut
2953 949 3309 1006 constituatis
3362 961 3598 1017 corpora
3639 947 3809 999 vestra

2195 1050 2441 1107 hostiam
2481 1049 2786 1116 viventem,
2841 1048 3114 1110 sanctam,
3170 1043 3491 1113 placentem
3540 1040 3684 1107 Deo;
3724 1054 3809 1092 nec

2198 1142 2642 1215 conﬁguremini
2673 1143 2719 1177 ⁸⁵
2783 1139 2989 1195 smculo
3034 1137 3185 1205 huic,
3217 1136 3313 1190 sed
3354 1131 3815 1188 transformamini

2199 1240 2257 1293 in
2308 1238 2685 1292 renovatione
2735 1235 2970 1306 spiritus
3016 1234 3085 1299 ⁸⁷,
3118 1231 3191 1284 ad
3222 1228 3576 1301 probandum
3613 1243 3727 1297 qua:
3754 1227 3817 1280 sit

2198 1334 2454 1388 voluntas
2502 1331 2597 1387 Dei
2644 1332 2797 1385 bona
2822 1329 3051 1399 placens
3089 1330 3145 1380 et
3188 1324 3442 1395 perfecta
3473 1343 3499 1371 η
3529 1320 3711 1392 (Rom,
3751 1336 3817 1406 δι’

2203 1428 2275 1497 1).
2308 1428 2376 1481 Et
2404 1427 2613 1481 iterum
2646 1442 2660 1478 :
2702 1447 2729 1475 ιι
2776 1424 2989 1479 Sumus
3013 1420 3117 1474 ﬁlii
3173 1418 3308 1487 Dei;
3340 1417 3387 1470 si
3427 1417 3612 1469 autem
3634 1415 3678 1449 ⁸⁸
3713 1413 3818 1481 11111,

2201 1527 2257 1576 et
2285 1520 2564 1587 haeredes,
2601 1518 2860 1573 haeredes
2880 1515 3114 1587 quidem
3151 1511 3282 1581 Dei,
3310 1507 3634 1564 coheredes
3656 1509 3822 1562 autem

2201 1613 2441 1681 Christi;
2468 1614 2510 1666 si
2545 1611 2779 1684 quidem
2819 1607 3260 1679 compatiamur,
3295 1607 3446 1658 utet
3500 1601 3818 1671 commagni-

2206 1710 2445 1762 ﬁcemur
2502 1730 2527 1757 »
2595 1708 2640 1741 ⁸9
2706 1707 2898 1776 (Rom,
2950 1719 3064 1769 vui,
3123 1700 3229 1769 l7).
3273 1700 3340 1753 Et
3397 1697 3456 1751 in
3509 1694 3822 1767 Apocalypsi

2126 1788 2184 1859 B
2209 1803 2408 1857 eadem
2424 1801 2672 1871 loquitur
2690 1798 2893 1853 divinas
2913 1792 3328 1868 praedicationis
3344 1789 3610 1855 hortatio,
3629 1787 3819 1855 dicens;

2210 1918 2236 1945 ‹‹
2268 1897 2421 1949 Tene
2447 1895 2496 1929 9°
2544 1894 2692 1965 quod
2746 1892 2940 1957 habes,
2988 1906 3058 1944 ne
3107 1887 3251 1943 alius
3290 1884 3529 1957 accipiat
3576 1896 3822 1936 coronam

2210 1990 2367 2040 tuam
2419 2007 2444 2035 »
2489 1968 2701 2067 (Apoc.,
2729 1999 2813 2048 us,
2859 1984 2964 2050 11).
3017 1978 3179 2043 Quod
3215 1974 3547 2046 exemplum
3592 1988 3824 2044 persevc-

2210 2078 2374 2134 randi
2421 2083 2477 2133 et
2525 2064 2901 2147 permanendi
2958 2072 3288 2143 designatur
3338 2069 3399 2123 in
3453 2067 3678 2133 Exodo,
3742 2064 3825 2118 ubi

2211 2169 2443 2239 Moyses,
2475 2166 2547 2220 ad
2574 2164 2963 2236 superandum
2990 2160 3284 2229 Amalech,
3314 2158 3416 2229 qui
3446 2156 3687 2228 ﬁguram
3711 2169 3823 2225 por-

2216 2262 2375 2316 tabat
2407 2259 2636 2329 diaboli,
2670 2259 2726 2313 in
2761 2258 2923 2328 signo
2952 2261 3009 2311 et
3036 2258 3399 2309 sacramento
3430 2250 3609 2305 crucis
3637 2249 3677 2283 ⁹¹
3712 2247 3825 2301 alle-

2214 2356 2382 2410 vabat
2440 2354 2672 2425 supinas
2732 2369 2956 2406 manus.
3022 2353 3135 2406 Nec
3190 2348 3424 2402 vincere
3480 2340 3830 2399 adversarium

2216 2450 2419 2521 potuit,
2471 2448 2582 2501 nisi
2630 2451 2935 2518 postquam
2993 2443 3209 2497 stabilis
3269 2442 3327 2494 in
3381 2439 3549 2510 signo
3603 2435 3827 2492 allevatis

2208 2544 2432 2614 jugiter
2458 2542 2722 2596 manibus
2762 2536 3166 2611 perseveravit.
3200 2557 3226 2583 ‹‹
3259 2537 3326 2591 Et
3373 2535 3586 2587 factum
3629 2533 3723 2596 est,
3764 2529 3832 2582 in-

2214 2637 2359 2708 quit,
2390 2653 2523 2691 cum
2550 2635 2773 2689 levabat
2794 2636 3011 2704 Moyses
3040 2646 3266 2696 manus,
3288 2626 3639 2699 praevalebat
3663 2622 3827 2687 Israel;

2216 2731 2316 2785 ubi
2341 2736 2531 2785 autem
2552 2729 2891 2783 submiserat
2909 2741 3136 2792 manus,
3165 2721 3548 2777 invalescebat
3564 2716 3829 2781 Amalech,

2221 2828 2287 2880 Et
2317 2828 2551 2895 accepto
2581 2824 2629 2858 ⁹²
2679 2822 2867 2893 lapide
2910 2822 3335 2892 supposuerunt
3359 2815 3467 2870 sub
3502 2830 3591 2880 eo,
3622 2816 3674 2867 et
3696 2809 3831 2864 sede-

2220 2919 2315 2973 bat
2372 2934 2544 2988 super
2589 2933 2739 2971 enm.
2793 2918 2859 2971 Et
2916 2919 3099 2968 Aaron
3157 2917 3212 2967 et
3259 2912 3335 2966 Ur
3384 2905 3770 2963 sustentabant
3792 2902 3830 2937 ⁸³

2220 2991 2435 3066 manus‘
2474 3012 2597 3082 ejus
2651 3010 2785 3064 hinc
2828 3015 2886 3064 et
2917 3007 3077 3074 inde;
3135 3011 3193 3060 et
3249 3005 3417 3059 factae
3473 3004 3605 3055 sunt
3646 3012 3830 3053 manus

2221 3106 2396 3177 Moysi
2445 3103 2677 3160 stabiles
2721 3108 2899 3174 utque
2930 3102 2989 3155 in
3042 3117 3303 3156 occasum
3346 3096 3503 3151 solis.
3534 3097 3598 3151 Et
3638 3091 3831 3163 fugavit

2221 3203 2380 3255 Jesus
2408 3199 2514 3267 (20)
2547 3197 2838 3263 Amalech,
2871 3201 2926 3251 et
2964 3211 3198 3251 omnem
3228 3192 3515 3265 populum
3548 3189 3665 3259 ejus
3686 3187 3747 3239 ⁸⁸.
3782 3185 3837 3237 Et

2226 3293 2368 3348 dixit
2432 3293 2705 3347 Dominus
2776 3290 2850 3345 ad
2889 3292 3115 3361 Moysen
3171 3305 3184 3342 :
3242 3308 3270 3336 ‹‹
3299 3285 3495 3342 Scribe
3536 3283 3643 3338 hoc
3672 3284 3730 3334 ut
3774 3278 3833 3332 sit

2226 3386 2500 3443 memoria
2520 3386 2566 3420 ’5
2600 3386 2658 3439 in
2685 3384 2850 3449 libro,
2879 3386 2936 3438 et
2962 3382 3033 3436 da
3058 3384 3117 3436 in
3163 3397 3337 3435 aures
3379 3381 3545 3446 Jesu;
3590 3372 3836 3447 quoniam

2226 3479 2506 3536 deletione
2561 3479 2784 3534 deleam
2814 3478 2862 3512 9⁸
2916 3476 3261 3531 memoriam
3309 3470 3586 3527 Amalech
3638 3467 3702 3523 de
3752 3462 3837 3519 sub

2228 3574 2365 3629 caelo
2390 3572 2613 3645 (Emod.,
2644 3588 2773 3634 xvu,
2808 3572 2914 3640 11).

2229 3688 2423 3764 663
2454 3692 2580 3745 CAP.
2610 3690 2691 3743 IX.
2720 3718 2791 3728 —-
2834 3687 2926 3743 Ad
2955 3687 3051 3741 hoc
3076 3700 3361 3756 pressurus
3390 3691 3444 3741 et
3478 3686 3840 3756 persecutiones

2760 3769 2898 3837 ﬁeri,
2926 3771 2989 3821 ut
3024 3766 3337 3835 probemur.

2302 3883 2365 3935 In
2408 3880 2853 3935 Deuteronomio
2897 3896 2967 3931 ;‹‹
3010 3878 3211 3931 Tentat
3254 3892 3353 3931 vos
3404 3877 3671 3932 Dominus
3718 3879 3839 3932 Deus

2232 3981 2418 4030 vester
2443 3979 2503 4028 ut
2546 3973 2683 4028 sciat
2708 3972 2756 4027 si
2794 3970 3028 4043 diligitis
3061 3970 3365 4025 Dominum
3411 3972 3593 4027 Deum
3621 3973 3837 4025 vestrum

2235 4086 2299 4125 ex
2342 4073 2461 4123 toto
2494 4067 2662 4122 corde
2700 4068 2909 4132 vestro,
2957 4069 3013 4121 et
3064 4081 3133 4119 ex
3176 4069 3295 4119 tota
3332 4066 3528 4119 anima
3566 4070 3758 4131 vestra,
3798 4066 3842 4116 et

2237 4180 2307 4219 ex
2336 4166 2451 4217 tota
2477 4161 2683 4216 virtute
2719 4162 2902 4215 vestra
2933 4180 2959 4210 «
2989 4159 3194 4230 (Deut.,
3236 4174 3353 4225 nu,
3416 4158 3495 4227 3).
3550 4159 3613 4214 Et
3658 4158 3841 4213 iterum

1876 4323 2085 4388 Variae
2140 4325 2476 4388 lectiones.

558 4455 601 4489 ⁷⁴
627 4454 843 4505 Tollere
873 4453 1261 4503 vestimentum
1285 4463 1450 4501 suum
1470 4451 1561 4501 Ar.
1587 4451 1724 4499 Lam.
1745 4448 1895 4499 Ebor.
1924 4450 2052 4501 Bod.
2074 4456 2121 4500 2.
2150 4450 2259 4501 ΝΟ.
2286 4452 2335 4507 1,
2356 4450 2402 4499 2.
2430 4450 2545 4497 Ben.
2610 4447 2653 4481 ⁷⁵
2676 4446 2954 4498 Omnibus
2984 4457 3110 4509 qua:
3158 4444 3405 4508 possidet
3425 4445 3518 4495 Ar.
3583 4445 3625 4479 π
3644 4444 3833 4508 Quam—

502 4526 600 4576 diu
630 4538 729 4573 vos
753 4524 871 4573 Bod.
900 4527 942 4584 1,
966 4524 1014 4581 2,
1037 4524 1085 4583 3,
1106 4525 1152 4573 4.
1218 4522 1261 4556 ⁷⁷
1291 4521 1360 4570 Et
1396 4521 1662 4584 iniquitas
1688 4520 1864 4584 iniqui
1897 4533 2008 4570 non
2037 4519 2241 4585 afﬂiget
2268 4532 2416 4578 eum,
2438 4530 2796 4582 quacumque
2844 4515 2935 4565 die
2973 4527 3230 4565 reversus
3260 4515 3428 4565 fuerit
3452 4515 3524 4564 ab
3554 4515 3838 4579 iniquitati-

496 4597 600 4647 bus
652 4596 768 4644 suis
810 4592 960 4643 addit
1007 4595 1139 4643 Voss.
1184 4594 1228 4642 1.
1295 4590 1548 4655 “Usque
1598 4589 1669 4641 ad
1716 4590 1885 4639 ﬁnem
1928 4591 2037 4638 ιιή.
2076 4584 2506 4641 πεδινθδίιιιιτ
2554 4589 2659 4636 ﬂod
2716 4590 2760 4637 4.
2826 4586 2870 4621 ⁸ο
2899 4585 3097 4636 Lumbi
3145 4586 3309 4635 vestri
3357 4588 3597 4636 accincti
3666 4584 3841 4634 VossJ.

496 4669 538 4703 δ’
572 4666 805 4729 Quando
836 4666 1020 4716 veniat
1059 4666 1193 4713 Lam.
1233 4663 1383 4713 Ebor.
1412 4654 1518 4712 ΝΟ.
1563 4664 1609 4712 4.
1639 4662 1763 4713 Bod.
1792 4664 1835 4721 l,
1873 4662 1920 4722 2,
1943 4663 1992 4722 3,
2015 4663 2061 4711 4.
2129 4664 2133 4694 ³

2213 4663 2423 4713 Felices
2455 4663 2549 4711 Ar.
2591 4660 2718 4709 Bod.
2751 4661 2796 4719 1,
2819 4660 2866 4719 2,
2908 4661 2945 4708 4.
3013 4656 3055 4690 ⁸³
3083 4656 3364 4719 Quoniam
3386 4657 3445 4705 hi
3476 4659 3650 4721 quiin
3690 4654 3844 4706 stadio

504 4748 735 4793 currunt
760 4742 880 4791 Bod.
907 4743 947 4790 1.
1015 4738 1058 4772 ³⁴
1078 4738 1188 4791 Sed
1221 4750 1370 4789 unus
1394 4737 1520 4788 Bod.
1548 4740 1593 4794 1,
1616 4742 1661 4786 3.
1728 4737 1769 4771 33
1798 4738 1864 4787 Ut
1884 4736 2370 4800 comprehendatis
2398 4737 2521 4788 Bod.
2551 4737 2707 4786 Oxon.
2733 4750 2749 4783 :
2779 4734 2935 4784 addit
2965 4748 2982 4781 :
3005 4732 3202 4783 Omnis
3236 4733 3385 4782 enim
3419 4733 3517 4795 qui
3544 4733 3779 4796 agonizat
3801 4730 3845 4777 in

503 4815 764 4865 omnibus
785 4813 1079 4864 continens
1128 4813 1227 4861 est.
1296 4810 1338 4844 ⁸⁵
1382 4810 1637 4859 Hostiam
1690 4810 1872 4859 vivam
1918 4808 2043 4858 Bod.
2086 4811 2136 4870 1,
2165 4813 2213 4871 2,
2235 4810 2281 4860 3.
2311 4811 2356 4858 4.
2386 4806 2739 4858 Rationabile
2794 4805 3165 4855 ministerium
3212 4806 3464 4853 vestrum
3494 4805 3607 4853 Li'n.
3661 4805 3782 4852 Voss.
3810 4801 3845 4871 l.

501 4886 855 4938 Rationubile
875 4884 1207 4947 obsequium
1228 4885 1510 4940 vestrum;
1542 4886 1593 4930 et
1624 4882 1795 4931 nolite
1829 4880 2163 4943 conﬁgurari
2191 4880 2312 4928 Bod.
2341 4882 2387 4930 4.
2455 4879 2497 4913 ⁸⁷
2527 4879 2905 4930 Renovatione
2940 4890 3137 4926 sensus
3168 4874 3293 4924 Bod.
3406 4873 3482 4947 _33
3511 4874 3710 4924 Sumus
3746 4870 3847 4927 ﬁlii,

503 4961 550 5006 si
578 4961 763 5007 autem
790 4954 915 5004 Bod.
943 4956 985 5002 1.
1031 4943 1095 4986 ’⁸9
1121 4952 1301 5002 Simul
1331 4951 1707 5012 gloriﬁcemur
1731 4951 1856 5000 Bod.
1881 4952 1910 5000 3
1971 4948 2014 4983 9°
2039 4950 2211 5012 Tene,
2238 4951 2421 5013 inquit
2444 4948 2572 4999 Bod.
2604 4951 2644 5007 l,
2666 4951 2712 4999 4.
2777 4947 2817 4982 ⁹¹
2843 4948 2902 4997 In
2924 4948 3083 5011 signo
3102 4947 3286 4996 crucis
3310 4943 3435 4994 Bod.
3467 4948 3507 4996 1.
3573 4945 3613 4978 ⁹¹
3638 4943 3847 4995 Iuvales-

504 5030 663 5079 cebat
691 5025 974 5075 Amalech.
1006 5023 1115 5073 Sed
1136 5034 1336 5071 manus
1357 5023 1531 5084 Moysi
1552 5033 1748 5085 graves
1763 5026 1940 5080 erant,
1971 5026 2028 5071 et
2056 5024 2287 5085 accepto
2320 5024 2431 5071 Ver.
2464 5024 2511 5070 et
2542 5021 2790 5070 similiter
2820 5019 2850 5069 ι.
2886 5020 2930 5069 2.
2958 5019 3029 5068 ad
3060 5019 3202 5080 Quir.
3243 5033 3285 5066 c.
3315 5016 3393 5066 21.
3459 5014 3503 5051 ⁸³
3533 5017 3607 5068 Ur
3645 5025 3847 5085 suppor-

504 5100 697 5149 tabant
731 5098 860 5146 Voss.
892 5096 981 5147 ΝΟ
1022 5094 1069 5143 2.
1137 5092 1180 5126 9"
1207 5081 1482 5156 Populum
1502 5081 1619 5155 ejus
1647 5092 1703 5140 in
1728 5104 1822 5142 ore
1858 5091 2026 5154 gladii
2064 5081 2213 5143 Vern—
2242 5088 2283 5125 ⁸⁵
2313 5091 2631 5142 Memoriale
2653 5098 2741 5142 Ar.
2778 5091 2905 5143 Bod.
2930 5092 2978 5141 3.
3043 5088 3086 5123 ⁰⁶
3116 5088 3326 5139 Delebo
3353 5087 3479 5137 Bod.
3512 5089 3561 5137 4.
3594 5088 3652 5137 In
3678 5081 3849 5145 sempi-

519 5176 742 5222 ternum
771 5171 919 5219 Lam.
942 5165 1093 5216 Ebor.
1121 5165 1229 5215 ΝΟ.
1260 5165 1303 5214 1.
1329 5163 1453 5213 Bod.
1478 5163 1524 5212 2.

1812 5276 2038 5359 Steph.
2072 5275 2322 5340 Baluzii
2354 5280 2550 5340 notze.

578 5422 673 5481 (l8)
694 5418 899 5500 felices
941 5414 1097 5500 simi.
1127 5414 1205 5463 Ita
1237 5425 1429 5462 omnes
1471 5416 1686 5463 veteres
1720 5411 1993 5464 editiones
2023 5418 2150 5464 ante
2172 5427 2230 5500 D
2253 5412 2613 5474 editionibus,
2642 5415 2695 5462 et
2738 5412 2795 5461 in
2837 5409 3099 5461 omnibus
3140 5408 3296 5458 libris
3337 5399 3849 5500 veteribushduo‘l‘ms

1336 5498 1427 5500 ,,,_
1476 5484 1629 5500 __-j_
1764 5486 1772 5500 ς
1822 5490 1832 5500 .
1982 5498 1991 5500 _
2037 5490 2047 5500 .
2095 5486 2104 5496 -
2262 5484 2496 5500 __.-,,.2_
2575 5484 2811 5500 _,J.Is.-__--
2873 5497 2889 5500 _
2939 5482 3176 5500 ‘.____n-
3252 5482 3508 5500 -...:-_--_..
3561 5490 3585 5500 ι.
3671 5485 3752 5500 nm
3792 5471 3833 5500 in

518 5471 918 5542 Pamelianam.
958 5486 1166 5537 Eodem
1209 5498 1434 5549 quoque
1475 5484 1641 5534 modo
1669 5486 1937 5548 scriptum
1970 5490 2055 5536 est
2092 5471 2519 5549 inuexceptis,
2570 5471 2819 5533 additum
2865 5497 2895 5534 e
2938 5482 3201 5542 Manutio,
3247 5482 3511 5531 omissum
3559 5490 3588 5524 a
3619 5471 3847 5549 Moreilift

520 5564 676 5613 libris
708 5561 915 5610 nostris
937 5563 991 5608 et
1020 5560 1075 5607 in
1102 5537 1446 5620 Anglicanis.
1784 5537 1798 5548 ’
2254 5537 2456 5605 deinde
2503 5537 2805 5619 repositum
2855 5569 2884 5603 a
2937 5537 3198 5613 Pamelio,
3243 5565 3348 5609 nos
3394 5549 3705 5600 delevimus.
3738 5537 3850 5590 Vide

579 5636 676 5696 (19)
728 5634 790 5681 Ut
821 5634 1099 5694 occupetis.
1133 5629 1327 5678 Postea
1364 5628 1491 5678 istic
1521 5627 1773 5690 sequitur
1813 5628 1868 5676 in
1910 5627 2154 5677 editione
2254 5631 2415 5675 notas
2440 5626 2510 5676 ad
2538 5625 2845 5689 Epistulam
2866 5626 2944 5675 81.

522 5678 961 5757 Manutianapet‘
1024 5678 1081 5750 in
1143 5699 1466 5750 Corneliana
1531 5678 1881 5763 segmentum
1936 5697 2086 5748 istud
2139 5712 2151 5745 :
2321 5699 2414 5761 (20)
2462 5678 2693 5761 Fugaci:
2744 5698 2911 5749 Iesus.
2969 5694 3159 5749 Codex
3216 5693 3620 5759 Seguierianus,
3666 5678 3849 5749 fugavit

521 5796 549 5823 α
581 5777 776 5828 Omnis
810 5774 957 5824 enim
994 5772 1089 5837 qui
1116 5774 1389 5835 agonizat,
1424 5772 1719 5821 continens
1754 5775 1853 5821 est.
1886 5786 1914 5818 ν
1946 5770 2156 5820 Verum
2257 5771 2477 5833 Moyses.

511 5863 651 5902 sum
702 5847 843 5899 illud
886 5846 1027 5899 desit
1072 5844 1130 5896 in
1173 5843 1363 5897 codice
1404 5842 1785 5909 Seguieriano,
1815 5844 1869 5893 in
1913 5842 2158 5907 antiquis
