3998 6194
187 256 266 309 689
1217 249 1229 316 ἷ
1232 249 1321 304 AD
1353 246 1766 305 FORNUNATU}

1921 248 1932 303 ι
1970 246 2337 307 MAa'muo‘.
2814 218 2821 233 ’
3398 263 3500 317 690

183 380 302 453 apud
324 377 673 435 Salomonem
702 393 715 431 :
756 377 946 431 «Vasa
995 375 1155 447 ﬁguli
1185 375 1389 447 probat
1442 377 1662 444 fornax,
1705 381 1762 430 et
1782 388 1841 460 Α
1862 374 2040 445 magis
2067 375 2214 430 bello
2248 376 2441 450 604
2473 394 2629 450 spem
2666 387 2913 439 nostram
2943 385 3347 456 consistere,ct
3375 405 3503 444 con-

182 473 399 531 homines
417 473 601 543 justos
632 472 871 526 teutatio
899 469 1284 525 tribulationis
1309 493 1335 519 »
1357 469 1569 541 (Eccli.,
1596 470 1759 539 x1,5).
1865 468 2161 537 greSSiQne
2189 469 2287 525 illa
2311 471 2420 542 (23)
2445 472 2633 543 justos
2656 475 2725 529 ad
2759 476 2963 532 divinae
3006 480 3156 534 sedis
3208 484 3265 534 et
3306 483 3504 538 salutis

177 568 345 623 Paulus
381 581 604 637 quoque
644 566 804 636 paria
841 568 1087 619 testatur
1129 580 1193 618 ac
1233 564 1487 635 loquitur
1528 564 1759 620 dicens:
1864 567 2090 619 aeternae
2120 564 2428 635 praemium
2452 568 2775 638 pervenire,
2810 571 2868 624 in
2896 573 3120 627 Psalmo
3168 591 3292 630 xxv1
3340 580 3507 647 ponit

179 684 197 711 ι‹
235 660 529 717 Gloriamur
560 659 618 712 in
670 675 769 730 spe
812 658 1082 713 claritatis
1112 658 1239 724 Dei;
1280 674 1397 712 non
1436 658 1621 712 solum
1657 673 1760 712 au-
1865 660 1921 709 et
1948 656 2080 711 dicit
2114 674 2126 711 :
2160 679 2187 707 «
2220 658 2279 712 Si
2307 658 2520 713 directa
2569 660 2778 717 fuerint
2804 663 2863 717 in
2912 681 3002 719 me
3032 671 3234 736 castra,
3281 687 3397 725 non
3432 673 3504 726 ti-

171 762 282 823 tem,
330 753 421 807 sed
475 758 530 808 et
575 752 893 824 gloriamur
934 753 993 806 in
1022 751 1319 824 pressuris,
1357 752 1597 807 scientes
1628 768 1761 824 quo-
1864 750 2043 805 mebit
2089 766 2188 805 cor
2258 768 2491 823 meum;
2557 757 2615 807 ct
2668 756 2711 809 si
2771 761 3126 814 exurrexerit
3179 779 3350 833 super
3411 783 3502 821 me

170 850 299 904 niam
363 863 624 919 pressura
686 846 1049 902 tolerantiam
1104 850 1395 918 operatur,
1460 847 1762 901 tolerantia
1860 843 2094 912 bellum,
2148 846 2205 899 in
2265 845 2403 901 illud
2463 863 2570 917 ego
2634 849 2873 919 sperabo
2895 852 2937 906 ⁵.
2999 853 3224 908 Unam6
3276 858 3417 927 petii
3471 877 3503 913 a

167 947 322 997 autem
360 940 777 1013 probationem,
818 940 1080 1013 probatio
1135 943 1329 994 autem
1379 955 1570 1011 spem;
1630 956 1759 1011 spes
1863 938 2176 1006 Domino)’,
2228 940 2374 994 hanc
2414 943 2726 1013 requiram,
2754 946 2823 997 ut
2875 945 3188 1002 inhabitem
3230 950 3289 1002 in
3332 952 3503 1007 domo

168 1040 330 1091 autem
371 1052 484 1090 non
526 1035 848 1102 confundit,
900 1036 1034 1107 quia
1078 1034 1304 1089 dilectio
1348 1034 1447 1089 Dei
1497 1034 1685 1088 infusa
1713 1035 1759 1068 97
1863 1031 2090 1086 Domini
2116 1049 2221 1102 per
2252 1050 2449 1089 omnes
2479 1036 2601 1090 dies
2628 1037 2757 1092 vitae
2788 1054 2929 1092 mea?
2956 1059 3012 1092 ».
3048 1041 3183 1095 Item
3214 1042 3271 1096 in
3304 1045 3499 1099 Exodo

162 1130 205 1184 in
226 1128 472 1184 cordibus
498 1129 703 1183 nostris
730 1146 831 1200 per
874 1129 1147 1200 Spiritum
1181 1133 1439 1183 sanctum
1472 1128 1567 1199 qui
1596 1128 1762 1182 datus
1862 1125 2113 1181 declarat
2141 1126 2435 1199 Scriptura
2462 1129 2648 1184 divina
2678 1132 2956 1201 pressuris
2994 1134 3359 1206 multiplicari
3397 1154 3500 1191 nos

161 1230 226 1277 est
249 1223 395 1277 nobis
425 1244 451 1271 »
488 1225 683 1295 (Rom.,
713 1239 768 1292 v,
812 1225 884 1292 5).
926 1224 994 1277 Et
1027 1224 1225 1276 Petrus
1265 1222 1322 1275 in
1362 1222 1608 1293 Epistola
1660 1238 1759 1276 sua
1861 1219 2049 1289 potius
2080 1225 2135 1275 et
2181 1222 2400 1292 augeri,
2450 1222 2680 1277 dicens:
2726 1245 2753 1273 (ι
2798 1226 3133 1298 Qnantoque
3173 1246 3267 1282 eos
3309 1230 3499 1301 depri-

157 1316 290 1388 ponit
315 1320 369 1371 et
393 1316 533 1371 dicit
567 1335 579 1369 :
614 1337 641 1368 α
676 1315 1025 1385 Charissimi,
1057 1316 1230 1371 nolite
1259 1315 1454 1370 mirari
1487 1315 1759 1370 ardorem
1861 1313 2114 1382 niebant,
2181 1318 2340 1370 tanto
2396 1316 2584 1387 plures
2647 1317 2893 1387 fiebant,
2965 1323 3023 1374 et
3077 1321 3499 1379 invalescebant

156 1410 471 1465 accidentem
521 1410 680 1465 vobis
732 1410 830 1482 qui
870 1411 938 1465 ad
975 1409 1350 1465 tentationem
1382 1414 1631 1465 vestram
1657 1409 1755 1479 fit;
1863 1407 2043 1478 magis
2084 1429 2110 1456 »
2144 1410 2358 1478 (Exod,
2394 1425 2431 1477 ι,
2486 1410 2594 1479 12).
2627 1413 2694 1467 Et
2744 1411 2801 1466 in
2846 1415 3177 1486 Apocalypsi
3220 1420 3497 1487 proiectio

152 1520 233 1558 ncc
274 1504 552 1571 excidatis,
585 1507 856 1575 tanquam
908 1520 1119 1558 novum
1164 1503 1375 1574 aliquid
1421 1503 1579 1558 vobis
1623 1519 1753 1557 con-
1862 1499 2052 1555 divina
2102 1502 2453 1572 promittitur
2508 1504 2863 1573 passionihus
2917 1508 3126 1561 nostris
3174 1526 3186 1561 :
3243 1531 3271 1559 ‹‹
3320 1512 3493 1580 Nihil,

156 1598 321 1667 tingat.
374 1597 482 1652 Sed
533 1598 997 1669 quotiescumque
1052 1598 1486 1651 communicatis
1549 1598 1756 1652 Christi
1859 1594 2062 1665 inquit,
2106 1612 2307 1650 eorum
2357 1598 2555 1651 timeas
2605 1615 2733 1669 qua:
2780 1615 3049 1670 passurus
3094 1618 3153 1656 es
3194 1623 3222 1652 υ
3275 1605 3491 1675 (Apoc.,

153 1690 489 1761 passionibus,
540 1709 645 1763 per
686 1692 879 1745 omnia
906 1691 1187 1762 gaudete;
1222 1696 1284 1745 ut
1331 1694 1387 1745 et
1440 1691 1495 1745 in
1539 1692 1824 1765 revela-__
1862 1689 1967 1759 10).
2019 1690 2129 1743 Nec
2178 1690 2321 1743 alius
2373 1690 2738 1745 securitatem
2781 1693 2941 1747 nobis
2972 1698 3029 1748 et
3074 1698 3490 1765 protectionem

154 1757 273 1838 tione
300 1786 437 1838 facta
466 1757 737 1839 claritatis
766 1757 1239 1856 ejusgaudentes
1290 1785 1557 1839 exultetis
1595 1786 1664 1839 9".
1702 1785 1757 1838 Si
1779 1757 1835 1828 Β
1866 1757 2185 1851 pollicetur,
2220 1800 2391 1854 quam
2421 1784 2518 1854 qui
2552 1790 2607 1837 et
2636 1800 2738 1855 per
2779 1787 2979 1841 Isaiam
3028 1757 3368 1859 prophetam
3406 1792 3491 1847 Io-

150 1877 535 1949 improperatur
555 1879 709 1934 vobis
736 1880 791 1933 in
822 1879 1277 1935 nomineChristi
1301 1880 1369 1947 59,
1402 1879 1551 1933 beati
1580 1879 1714 1933 estis
1747 1900 1761 1926 υ
1867 1875 2061 1945 quitur
2104 1876 2295 1931 dicens
2327 1894 2340 1932 :
2379 1897 2405 1925 ‹‹
2435 1877 2556 1931 Noli
2587 1877 2810 1947 timere,
2859 1880 2992 1954 quia
3046 1887 3099 1936 te
3145 1884 3381 1952 redemi,
3437 1893 3495 1939 et

149 1972 257 2042 quia
279 1972 581 2044 majestatis
616 1978 672 2028 et
702 1973 923 2027 virtutis
965 1973 1189 2027 Domini
1239 1989 1448 2026 nomen
1491 1973 1551 2026 in
1604 1974 1763 2027 vobis
1862 1969 2051 2023 vocavi
2094 1972 2145 2024 te
2191 1971 2419 2025 nomine
2451 1974 2581 2041 tuo;
2617 1988 2773 2027 meus
2830 1990 2890 2026 es
2917 1980 2999 2028 tu.
3032 1977 3096 2030 Et
3121 1976 3168 2030 si
3198 1979 3490 2033 transieris

147 2065 408 2137 requiescit
442 2083 456 2120 :
492 2067 646 2137 quod
669 2067 904 2138 quidem
931 2066 1253 2121 secundum
1286 2067 1445 2120 illos'
1480 2066 1757 2136 blasphe-
1861 2078 1965 2133 per
1992 2079 2223 2134 aquam,
2251 2068 2435 2118 tecum
2466 2081 2611 2131 sum,
2655 2069 2711 2120 et
2771 2068 3017 2123 llumina
3065 2074 3119 2123 te
3159 2088 3273 2125 non
3319 2074 3490 2126 iuun-

144 2163 299 2213 matur
323 2161 634 2215 secundum
662 2177 765 2215 nos
794 2165 984 2215 autem
1016 2161 1335 2215 honoratur
1365 2182 1390 2209 ››
1412 2161 1453 2231 (I
1478 2162 1647 2228 δρινκ,
1680 2178 1753 2231 ιν,
1858 2156 2095 2224 dabunt,
2125 2162 2180 2211 et
2210 2158 2253 2210 si
2278 2158 2561 2211 transieris
2587 2176 2689 2229 per
2718 2160 2908 2231 ignem
2937 2162 2978 2230 ⁸,
3010 2165 3492 2220 noncombureris

148 2254 227 2321 η),
1856 2254 1909 2304 et
1936 2248 2173 2303 flamma
2207 2254 2261 2303 te
2293 2267 2404 2304 non
2432 2251 2747 2319 comburat,
2781 2256 3054 2325 quoniam
3084 2273 3190 2327 ego
3216 2259 3491 2314 Dominus

141 2365 239 2421 CAP.
300 2368 356 2422 Χ.
413 2399 487 2407 _
542 2369 832 2423 Timendas
894 2384 999 2422 non
1067 2383 1174 2421 esse
1227 2368 1338 2439 (21)
1399 2367 1637 2435 injurias
1701 2382 1753 2429 et
1853 2345 1996 2398 Deus
2051 2347 2200 2413 tuus,
2250 2350 2474 2399 sanctus
2533 2348 2723 2415 Israel,
2761 2348 2859 2418 qui
2905 2354 2960 2403 te
3005 2350 3215 2404 salvum
3267 2352 3409 2407 facio
3460 2374 3487 2404 υ

191 2463 356 2515 ponus
389 2451 847 2518 persecutionum,
884 2452 1015 2518 quia
1056 2438 1331 2516 majores!
1358 2449 1615 2501 Dominus
1641 2448 1750 2523 (22)
1854 2438 2009 2508 (1311.,
2062 2454 2206 2505 Lxm,
2265 2439 2372 2508 tl).
2432 2439 2537 2502 Qui
2587 2444 2644 2493 et
2691 2441 2748 2494 in
2806 2438 3157 2514 Evangelio9
3208 2447 3490 2516 promittit

193 2527 254 2580 ad
274 2529 675 2597 protegendum,
707 2544 871 2598 quam
901 2529 1150 2583 diabolus
1182 2530 1257 2583 ad
1282 2528 1745 2597 impugnandum.
1851 2532 2125 2585 auxilium
2154 2530 2404 2585 divinum
2438 2532 2538 2587 Dei
2565 2534 2740 2587 servis
2767 2534 2824 2588 in
2855 2537 3339 2605 persecutionibus
3370 2557 3488 2595 non

193 2629 411 2684 Joannes
439 2630 497 2684 in
532 2630 785 2701 Epistola
814 2646 916 2684 sua
957 2630 1159 2701 probat
1198 2628 1432 2684 dicens”
1465 2646 1477 2682 :
1515 2649 1541 2676 ‹‹
1574 2628 1746 2698 Major
1849 2623 2178 2679 defuturum
2220 2625 2414 2679 dicens
2452 2644 2463 2679 :
2496 2648 2521 2673 ‹‹
2560 2628 2701 2682 Cum
2750 2634 2943 2683 autem
2989 2647 3086 2684 vos
3126 2632 3483 2702 tradiderint,

140 2726 203 2775 est
238 2725 326 2795 qui
377 2725 435 2779 in
483 2724 646 2779 vobis
694 2727 798 2791 est,
852 2741 1022 2795 quam
1069 2723 1167 2794 qui
1207 2724 1264 2777 in
1314 2724 1421 2777 isto
1467 2721 1682 2776 mundo
1714 2745 1741 2770 ››
1846 2718 2021 2772 nolite
2053 2718 2305 2787 cogitare
2346 2735 2460 2789 quo
2489 2720 2659 2775 modo
2691 2726 2791 2775 aut
2825 2722 2961 2793 quid
2990 2724 3305 2795 loquamini
3336 2744 3353 2795 ;
3382 2728 3483 2781 da-

143 2818 175 2879 (t
205 2819 366 2884 Joan.,
404 2835 483 2887 1v,
514 2819 594 2887 4).
627 2820 770 2874 Item
807 2818 862 2872 in
907 2818 1123 2872 Psalmo
1175 2833 1316 2872 cxvu
1349 2833 1361 2871 :
1395 2838 1421 2865 ‹‹
1468 2816 1587 2870 Νοη
1627 2832 1742 2869 me-
1842 2811 1998 2866 bitur
2024 2813 2176 2865 enim
2200 2812 2353 2866 vobis
2396 2814 2453 2866 iu
2484 2813 2574 2867 illa
2603 2814 2741 2868 hora
2784 2816 2921 2886 quid
2944 2818 3277 2888 [loquamini
3306 2837 3317 2873 :
3367 2837 3481 2875 non

139 2915 261 2965 luam
284 2912 416 2982 quid
446 2912 598 2966 mihi
626 2912 795 2967 faciat
846 2913 1042 2981 homo,
1085 2911 1358 2965 Dominus
1406 2909 1548 2964 mihi
1578 2910 1737 2963 auxi-
1842 2906 1993 2959 enim
2025 2923 2124 2960 vos
2155 2906 2285 2959 estis
2312 2907 2407 2977 qui
2433 2907 2750 2977 loquimini,
2780 2908 2880 2963 sed
2908 2911 3136 2980 spiritus
3173 2913 3349 2967 Patris
3378 2915 3479 2985 qui

140 3003 269 3057 liator
289 3009 420 3059 est»
454 3008 617 3078 (vers.
657 3006 825 3077 6),Et
874 3006 1122 3061 iterum:
1178 3025 1205 3056 «
1242 3004 1335 3058 Isti
1384 3004 1441 3058 in
1481 3003 1739 3057 curribus
1838 2999 2088 3070 loquitur
2139 3000 2197 3053 in
2244 3000 2401 3053 vobis
2442 3022 2470 3050 ››
2527 3002 2768 3072 (Matth.,
2826 3020 2879 3071 x,
2934 3004 3044 3075 10.)
3086 3006 3154 3059 Et
3198 3007 3406 3061 iterum
3457 3026 3469 3062 :

136 3101 178 3149 et
199 3098 277 3153 isti
304 3100 360 3154 in
391 3100 580 3171 equis,
611 3116 715 3155 nos
751 3104 941 3155 autem
994 3101 1053 3153 in
1094 3099 1325 3153 nomine
1370 3097 1593 3152 Domini
1640 3095 1734 3150 Dei
1758 3124 1812 3197 Ο
1841 3114 1869 3141 ‹‹
1900 3094 2096 3147 Ponite
2132 3094 2193 3147 in
2242 3094 2500 3148 cordibus
2528 3096 2725 3149 vestris
2751 3112 2865 3150 non
2896 3099 3289 3167 praemeditari
3313 3117 3473 3156 cxcu-
3520 3094 3527 3100 ’

136 3192 278 3246 nostri
302 3193 799 3265 magniﬁcabimus
821 3195 864 3249 ³.
900 3194 1013 3264 Ipsi
1040 3192 1284 3263 :obligali
1315 3197 1443 3246 sunt
1472 3193 1492 3225 ‘
1532 3190 1643 3261 (23)
1680 3194 1738 3243 et
1770 3187 1811 3197 “”
1838 3202 1981 3255 sare;
2003 3202 2109 3257 ego
2139 3187 2292 3241 enim
2316 3187 2459 3243 dabo
2483 3188 2710 3243 vobisos
2727 3195 2783 3243 et
2804 3190 3143 3261 sapientiam
3168 3194 3214 3226 ¹⁰
3235 3194 3327 3247 cui
3357 3212 3469 3250 non

134 3285 419 3341 ceciderunt
450 3305 464 3341 :
496 3288 620 3359 [nos
663 3292 857 3341 autem
903 3288 1248 3341 surreximus
1303 3288 1361 3340 et
1410 3285 1582 3338 erecti
1642 3300 1734 3337 su-
1839 3285 2108 3350 poterunt
2134 3282 2395 3337 resistere
2422 3282 2727 3337 adversarii
2761 3285 2927 3338 vestri
2959 3307 2986 3334 »
3018 3287 3189 3355 (Luc.,
3220 3304 3315 3357 xu,
3355 3290 3465 3358 11).

133 3393 280 3430 nius»
325 3382 496 3449 (Psal.
550 3397 655 3448 XIX,
695 3383 771 3449 8).
824 3382 892 3434 Et
938 3380 1125 3435 adhuc
1176 3380 1378 3434 fortius
1432 3378 1639 3432 docens
1678 3380 1737 3431 et
1837 3373 1993 3428 Sicut
2058 3374 2115 3427 in
2183 3376 2369 3429 Exodo
2426 3377 2493 3430 ad
2561 3379 2787 3447 Moysen
2848 3383 3207 3434 cunctantem
3283 3386 3337 3436 et
3398 3383 3470 3436 ad

130 3474 390 3529 ostendens
431 3474 682 3546 Spiritus
720 3480 944 3529 sanctus
995 3480 1172 3528 castra
1220 3473 1429 3527 diaboli
1488 3489 1601 3525 non
1662 3470 1729 3524 ti-
1835 3468 2110 3538 populum
2163 3469 2245 3523 ire
2306 3470 2688 3539 trepidantem
2735 3474 2876 3525 Deus
2925 3473 3178 3543 loquitur
3233 3474 3463 3530 dicens:

129 3567 319 3634 menda,
346 3571 402 3623 et
426 3570 470 3623 si
501 3568 717 3623 bellum
744 3569 905 3623 nobis
949 3568 1122 3623 hostis
1180 3567 1469 3636 indixerit,
1506 3567 1564 3619 in
1610 3565 1731 3636 ipso
1836 3582 1863 3609 ‹‹
1885 3562 2183 3625 Quisdedit
2206 3580 2267 3617 os
2300 3564 2624 3618 homini?et
2651 3564 2775 3636 quis
2806 3565 2937 3619 fecit
2963 3568 3296 3639 mogilalum
3326 3566 3467 3640 (23}?

1466 3737 1677 3801 Variae
1720 3736 2055 3798 lectiones.

167 3879 237 3927 Sic
254 3879 443 3928 Manut.
476 3881 623 3930 Pam.
654 3881 762 3941 Rig.
800 3878 928 3927 Voss.
958 3878 1004 3933 1,
1027 3878 1073 3927 2.
1104 3878 1215 3927 Li'n.
1256 3878 1305 3924 at
1346 3875 1384 3923 Ι.
1418 3878 1460 3921 3.
1486 3871 1571 3921 ad.
1605 3872 1746 3933 Quir.
1780 3884 1823 3918 c.
1852 3873 1896 3916 6.
1926 3867 2139 3941 DilIusa
2164 3871 2310 3941 Lam.
2338 3867 2516 3941 ξόοιξ.⁸
2540 3868 2647 3941 NC.
2679 3869 2725 3919 2.
2754 3871 2897 3941 Spir.
2950 3870 3065 3941 Vel.
3087 3872 3270 3920 :‘nnom.
3306 3874 3440 3923 Era:

122 3948 271 3998 Morel.
295 3952 444 3999 Grav.
512 3949 557 3983 ³⁸
582 3938 884 4002 Gaudeatis
902 3953 956 4000 et
978 3947 1269 3998 exsultetis
1289 3944 1458 3996 Badio.
1526 3942 1567 3977 θ’
1596 3941 1830 3991 Nomine
1854 3940 1988 3991 Jesu
2021 3938 2141 3988 Bod.
2174 3940 2223 3988 4.
2296 3939 2311 3967 ¹
2338 3938 2439 3986 Per
2462 3938 2588 3988 illos
2620 3940 2758 4001 Spir.
2826 3941 2845 3969 ³
2868 3940 3028 3989 Ponit
3049 3946 3104 3989 et
3141 3941 3276 3991 dicit
3294 3945 3431 4005 Spir.

124 4020 532 4073 'Invocabimus
570 4028 655 4075 Ar.
695 4024 819 4074 Bod.
859 4026 906 4083 1,
930 4023 978 4081 2,
1007 4024 1053 4073 4.
1086 4023 1204 4071 Ben.
1240 4024 1352 4071 Ver.
1377 4016 1859 4080 magnificabimur
1881 4015 2020 4076 Spir.
2088 4013 2238 4062 ‘lllis
2266 4013 2510 4074 copulati
2538 4017 2671 4062 sunt
2698 4013 2866 4077 pedes
2899 4016 2988 4063 Ar.
3031 4015 3137 4064 ΝΟ.
3174 4017 3285 4075 1,2.
3310 4020 3458 4066 Lam.

121 4090 241 4140 Ebor.
274 4096 403 4143 Voss.
438 4097 483 4144 1.
516 4096 626 4145 Lin.
659 4096 783 4146 Bod.
814 4098 862 4151 1,
890 4096 939 4143 2.
966 4095 1083 4142 Ben.
1134 4095 1245 4142 Ver.
1274 4092 1430 4141 Oxon.
1459 4090 1567 4152 Ipsi
1589 4085 1820 4150 obligati
1843 4088 1972 4134 sunt
1993 4088 2047 4133 et
2071 4084 2225 4147 lmpr.
2296 4086 2312 4114 ⁵
2340 4084 2401 4132 In
2434 4083 2528 4133 illo
2553 4097 2655 4148 ego
2677 4085 2908 4149 sperabo
2945 4088 3077 4135 Voss.
3105 4087 3148 4135 1.
3216 4086 3236 4118 ⁸
3267 4087 3452 4137 Unum

125 4164 247 4223 petii,
274 4168 419 4215 Lam.
455 4166 589 4216 Ebor
624 4168 733 4216 Li'n.
768 4167 892 4217 Bod.
928 4168 976 4225 I,
1019 4169 1062 4213 t.
1130 4164 1293 4214 7Hoc
1330 4163 1626 4225 exquiram
1652 4158 1778 4209 Bod.
1809 4159 1857 4213 -l,
1894 4160 1937 4205 Io.
1982 4158 2125 4205 Lam.
2166 4154 2312 4201 Ebor.
2352 4152 2402 4225 -θ
2428 4155 2512 4204 Sic
2547 4157 2663 4203 Ver.
2700 4157 2811 4204 Vat.
2854 4156 3000 4206 Lam.
3028 4158 3140 4207 Lin.
3186 4158 3292 4208 ΝΟ.
3320 4161 3362 4208 1.
3397 4160 3447 4208 3.

134 4233 241 4281 l’ou.
264 4238 304 4285 1.
334 4236 457 4285 Bod.
482 4238 529 4285 1.
555 4237 603 4299 2,
629 4241 672 4285 3.
706 4238 909 4300 ignem,
933 4223 1155 4285 flamma
1175 4236 1334 4298 Impr.
1400 4223 1597 4293 Il_Quin
1629 4228 2003 4291 etEvangelio
2029 4228 2199 4275 Prior.
2272 4224 2310 4257 ¹⁰
2336 4223 2409 4275 Os
2428 4226 2709 4290 sapientiae
2738 4226 2868 4277 Bod.
2902 4229 2948 4277 4.

1389 4375 1611 4456 Steph.
1662 4371 1906 4436 Baluzii
1950 4374 2147 4432 notae.

163 4522 248 4581 ﬁt)
300 4525 577 4575 Timandas
613 4537 721 4575 non
757 4538 878 4574 esse.
931 4524 1297 4575 Restituimus
1342 4524 1395 4573 in
1436 4522 1543 4571 hoc
1585 4509 1786 4581 locoD
1812 4516 1979 4579 paulo
2009 4515 2147 4563 intra
2184 4528 2194 4561 :
2230 4514 2564 4577 Copulantur
2590 4528 2687 4576 pro
2719 4516 3062 4579 conjungunt.

114 4588 204 4641 duo
245 4596 489 4647 membra
530 4597 691 4645 istius
734 4595 945 4658 periodi
1001 4609 1127 4660 quia
1178 4595 1494 4645 Manutiana
1548 4591 1716 4642 editio
1855 4587 1988 4660 _(:24)
2017 4586 2391 4660 congressione
2421 4584 2533 4634 illa.
2562 4585 2752 4635 Codex
2785 4585 3181 4650 Seguierianus
3206 4599 3451 4649 congres—

112 4666 355 4729 omiserat,
419 4668 517 4719 sed
583 4655 866 4718 Morellius
927 4655 1265 4731 reposuerat.
1333 4667 1474 4717 Cum
1529 4670 1714 4715 autem
1818 4655 2197 4731 dominium?!
2217 4658 2499 4731 Ῑυεῑονξληι-

112 4740 300 4786 exsteut
330 4725 385 4788 in
425 4740 691 4789 omnibus
717 4739 961 4803 antiquis
989 4725 1360 4798 'editionibus,
1399 4737 1691 4799 putavimu.

1881 4728 1979 4803 (Ξὸ)
2022 4727 2469 4803 Μορξὲιαζωηηῐω
2520 4725 2814 4803 legendum
2858 4740 2979 4777 esse
3024 4727 3276 4803 indicant
3326 4744 3448 4803 om-

110 4817 207 4855 esse
233 4812 581 4873 reponenda;
610 4824 738 4859 nam
770 4797 985 4860 veteres
1021 4810 1149 4859 libri
1180 4823 1290 4860 non
1317 4797 1646 4871 repugnant.
1813 4811 1914 4847 1168
1956 4798 2069 4873 Ῑένθ
2118 4797 2240 4873 libri
2285 4801 2521 4873 vclel‘f?
2547 4798 2750 4873 ᾳυί-ὶξιιε
2798 4811 2932 4873 Pstis
2979 4811 3123 4873 εαξη»
3157 4800 3214 4873 ig
3257 4801 3449 4873 Primis

158 4878 247 4937 (ξε)
287 4868 443 4941 ’φιλία
502 4883 682 4943 major
746 4887 825 4930 εει
890 4883 1159 4930 Dominus,
1233 4868 1477 4931 ῃιιθιῇυέ
1537 4880 1630 4929 ιη),
1697 4894 1712 4930 ι
1814 4883 1948 4943 vero
1979 4868 2390 4943 Seguierianus.
2421 4868 2605 4943 Editio
2637 4868 2865 4943 Manutii
2896 4874 2949 4918 et
2971 4869 3447 4943 codexFuxensis

110 4945 217 4997 Hist.
262 4938 378 5001 ecct.
436 4938 669 5016 capilli
715 4967 725 4999 :
777 4971 806 5001 α
859 4946 1043 5014 Longe
1097 4955 1270 5015 major
1321 4956 1403 5000 est
1464 4951 1558 5014 qui
1611 4965 1712 5001 nos
1812 4941 2111 5016 Ρΐωίίφτυηξ
2162 4938 2476 5016 ηξοιζθςίξιπιο
2526 4941 2596 5016 έδῐ
2627 4940 2946 5016 ἠρίφθιιαιυνη
2991 4942 3045 4989 in
3089 4942 3206 5016 suis
3249 4954 3442 4992 exem-

108 5017 338 5085 defendit,
370 5010 540 5088 quam
568 5026 660 5088 qui
698 5010 1063 5087 persequitur.
1096 5040 1124 5069 »
1158 5010 1307 5071 Idem
1349 5025 1400 5071 in
1437 5010 1519 5071 Ps.
1554 5037 1667 5073 Lxu

1874 5011 2059 5059 aribus
2097 5010 2229 5073 legit
2272 5011 2509 5088 Latinus.
2543 5011 2808 5072 Latinius,
2840 5013 2937 5075 qui
2978 5015 3134 5088 putat
3163 5026 3284 5077 eam
3324 5028 3446 5088 esse

108 5108 127 5129 α
162 5083 332 5145 Fortis
371 5083 620 5146 armatus
663 5083 919 5145 diabolus
969 5098 1069 5154 est,
1099 5096 1191 5158 qui
1242 5094 1392 5144 hunc
1437 5095 1687 5143 mundun

1843 5096 1998 5132 eram
2050 5083 2385 5143 lectionem;
2442 5083 2606 5131 aliam
2656 5096 2806 5144 vero,
2848 5097 2974 5146 quae
3015 5083 3179 5132 habet
3217 5087 3422 5132 mutum

107 5166 407 5222 possidebat.
456 5168 566 5219 Sed
613 5168 870 5219 Christus
914 5180 979 5216 eo
1023 5152 1212 5216 fortior
1254 5166 1482 5216 veniens
1526 5166 1706 5230 ipsum
1810 5152 2151 5230 suppositam
2192 5165 2313 5230 9559
2371 5166 2468 5216 Im
2503 5155 2877 5230 ,ίθῐιξθτίίξιῑθῐη
2931 5154 3300 5230 librariorum:
3346 5157 3444 5230 (μιί

106 5232 349 5286 devicit,»
1546 5224 1565 5230 ’
1808 5224 1985 5273 multa
2033 5228 2319 5273 mutarunt
2374 5224 2519 5288 apud
2584 5225 2961 5288 Cyprianum,
3026 5228 3331 5288 praesertim
3386 5228 3442 5276 in

155 5304 244 5369 (23)
287 5310 389 5371 Ipsi
427 5307 650 5372 obligati
690 5314 825 5358 sunt.
857 5309 993 5358 Haec
1031 5311 1115 5357 est
1151 5309 1421 5372 scriptura
1458 5312 1706 5359 veterum

1862 5308 1981 5344 icras
2026 5294 2325 5357 Scripturae
2372 5296 2508 5346 locis
2549 5297 2750 5357 citatis,
2799 5298 2853 5345 in
2905 5296 3113 5361 quibus
3165 5297 3348 5347 audax
3389 5303 3441 5348 et

105 5365 401 5428 editiOnum.
438 5365 565 5440 Quo
593 5380 757 5430 etiam
790 5378 955 5429 modo
996 5380 1212 5442 legebat
1251 5365 1443 5430 auctor
1486 5380 1611 5429 libri
1645 5380 1707 5429 de
1808 5365 2929 5442 imperitusuuit‘zqgelibrariushputavit
2973 5369 3081 5442 Sibi
3123 5369 3351 5442 ίωρυζὶθ
3378 5371 3443 5419 1i-

107 5437 520 5516 Promissi'onibus
569 5454 617 5500 et
680 5437 1111 5512 praedictionibus
1173 5452 1270 5500 Dei
1333 5451 1477 5501 inter
1527 5452 1686 5516 Oper:

1858 5449 1933 5516 ire
1972 5437 2157 5516 omnia
2198 5438 2265 5516 ad
2300 5438 2593 5501 Vulgatam
2624 5438 2924 5516 editionem
2952 5439 3237 5516 redigere.
3274 5440 3437 5516 Quod

107 5514 343 5589 Prosperi.
377 5521 545 5583 Angli
586 5507 953 5584 praetermissa
991 5522 1226 5573 lectione
1258 5522 1369 5583 illa,
1399 5507 1736 5589 posuerunt
1805 5507 1972 5589 θρίθιῖι
2012 5508 2456 5589 θξιίωξάνθΐδιξξη
2498 5513 2581 5589 e_S_t
2623 5509 2826 5589 alicubi
2875 5524 2906 5559 ει
2934 5511 3247 5589 “Francisco
3290 5512 3439 5589 Tur-

105 5580 638 5655 Illis—copuliiti'suitt
691 5594 860 5655 pedes.
920 5593 1101 5655 Quam
1150 5580 1446 5645 lectionem
1495 5594 1676 5643 haben

1854 5592 1976 5655 ano.
2014 5580 2117 5655 _In_
2154 5580 2459 5655 Evangelia
2516 5581 2705 5655 Marci,
2754 5595 2873 5645 cap.
2905 5584 2980 5655 _9,
3045 5583 3247 5655 legitur
3300 5582 3430 5655 μόγι-

105 5649 381 5733 Duodecim
427 5649 766 5727 exemplaria
804 5649 1010 5725 nostra,
1050 5665 1216 5715 etiam
1258 5664 1678 5729 Seguierianum

1850 5649 1964 5697 ιλον.
2014 5649 2550 5733 Vide_Glossarium
2590 5652 2848 5703 Graecum
2896 5651 3093 5721 Cangii
3139 5665 3266 5716 pag.
3311 5653 3429 5709 941,

105 5731 146 5799 et
169 5722 320 5781 editio
345 5722 743 5794 Morelliihum
788 5735 953 5784 etiam
993 5722 1056 5784 ea
1101 5749 1225 5799 qua
1262 5722 1465 5787 dicitur
1493 5722 1697 5787 Gravii;
1802 5722 1859 5770 in
1892 5734 2029 5773 V006
2057 5722 2267 5777 Μόλλος-

107 5797 289 5853 Nonius
348 5806 691 5857 Marcellus:
752 5806 1085 5872 Copulantur
1118 5797 1244 5872 _pro
1304 5807 1577 5874 copulant.
1631 5810 1699 5861 Et
