3998 6194
456 246 547 299 691

3566 32 3593 51 ν,
3676 34 3773 63 ζιζ-

1370 236 1424 294 S.
1469 236 1788 294 CYPRIANI
1825 235 2105 293 OPERUM
2140 234 2313 293 PARS
2348 234 2416 289 II.
2456 260 2528 275 --
2563 232 2932 293 OPUSCULA.
3673 248 3757 306 692
3818 312 3823 319 _

440 372 515 425 .et
568 366 695 439 quis
747 367 982 422 surdum
1012 364 1187 419 “‘tet
1214 363 1340 436 quis
1394 362 1681 419 videntem
1723 367 1781 417 et
1828 359 2084 417 caecum?
2107 370 2311 444 Arem
2354 357 2629 424 habeatis,
2670 357 2733 411 in
2762 355 2968 411 saeculo
3012 358 3210 413 autem
3239 363 3600 428 pressuram“
3625 367 3758 437 (27);

456 463 657 518 Nonne
687 477 793 532 ego
830 459 1102 515 Dominus
1142 460 1331 515 Deus?
1374 459 1442 514 Et
1471 473 1623 512 nunc
1666 472 1863 528 perge,
1898 461 1953 511 et
1979 470 2087 526 ego

454 556 706 627 aperiam
761 571 821 609 os
873 557 1059 623 tuum,
1100 558 1156 609 et
1197 553 1478 621 instruam
1520 555 1576 607 te
1614 550 1751 622 quid
1781 548 2085 622 loquaris»

456 649 671 717 (Εωοαη
716 664 792 716 ιν,
854 648 963 719 11),
1013 650 1125 704 Nec
1177 646 1409 703 difﬁcile
1461 651 1546 701 est
1597 646 1713 700 Deo
1763 644 1986 716 aperire
2026 659 2090 698 os

451 742 702 798 hominis
758 742 944 798 devoti
992 741 1119 812 sibi,
1172 746 1229 797 et
1281 739 1593 797 confessori
1654 755 1756 793 suo
1806 737 2088 809 inspirare

453 836 831 892 constantiam
856 842 910 892 et
936 835 1203 891 fiduciam
1240 834 1533 907 loquendi,
1582 833 1682 905 qui
1720 832 1779 886 in
1837 830 2089 886 numeris

451 930 722 985 adversus
771 931 995 984 Balaam
1040 930 1372 1000 prophetam
1419 927 1589 983 etiam
1633 926 1857 980 asinam
1889 924 2091 979 fecerit

452 1023 607 1093 loqui
637 1024 842 1093 (Num,
873 1039 1003 1092 xxn,
1035 1024 1142 1093 30).
1175 1024 1361 1086 Quare
1411 1021 1471 1075 in
1509 1018 1699 1092 665
1748 1016 2091 1089 persecutio-

454 1115 621 1171 nibus
649 1131 817 1170 nemo
855 1115 1066 1186 cogitet
1116 1116 1265 1186 quod
1318 1114 1635 1186 periculum
1682 1111 1942 1166 diabolus
1982 1110 2087 1164 im-

452 1212 664 1281 portet,
687 1211 787 1264 sed
839 1210 1016 1264 immo
1062 1210 1382 1264 consideret
1427 1207 1577 1279 quod
1619 1205 1897 1260 auxilium
1942 1205 2089 1259 Deus

452 1304 725 1373 praestet:
778 1316 880 1355 nec
925 1303 1178 1355 mentem
1227 1299 1531 1354 labefactet
1574 1298 1833 1351 humana
1863 1295 2091 1350 infesta-

453 1395 553 1463 tio,
594 1395 692 1450 sed
713 1394 1045 1449 corroboret
1080 1393 1253 1447 fidem
1282 1393 1473 1447 divina
1502 1391 1778 1463 protectio
1811 1407 1823 1445 ε
1861 1389 2090 1461 quando

449 1488 864 1560 unusquisque,
917 1487 1226 1542 secundum
1272 1486 1566 1541 Dominica
1631 1484 1981 1556 promissa”
2037 1488 2093 1539 et

450 1583 584 1637 ﬁdei
663 1598 778 1635 suae
845 1581 1064 1649 merita,
1134 1584 1359 1634 tantam
1411 1579 1652 1650 accipiat
1705 1579 1774 1633 de
1840 1577 1933 1631 Dei
1986 1594 2092 1648 ope

450 1680 733 1748 quantum
759 1692 818 1729 se
870 1676 1061 1730 credat
1102 1675 1397 1744 accipere:
1441 1690 1544 1729 nec
1572 1674 1643 1726 sit
1687 1672 1843 1743 quod
1893 1671 2089 1725 Omni-

2189 452 2287 507 sed
2310 450 2489 519 ﬁdite,
2524 451 2797 523 quoniam
2825 467 2934 522 ego
2961 450 3065 505 vici
3098 449 3366 506 saeculum
3393 472 3419 502 ››
3464 455 3627 526 (Ibid,
3668 462 3759 532 38).

2189 547 2258 602 Et
2295 562 2425 601 cum
2456 562 2489 599 a
2544 545 2839 617 discipulis
2887 544 3002 599 suis
3055 544 3493 615 interrogaretur
3528 550 3589 605 de
3628 552 3761 624 signo

2191 640 2466 696 adventus
2492 640 2580 694 sui
2609 644 2668 695 et
2711 638 3217 695 consummationis
3263 639 3452 694 mundi
3483 642 3523 679 ¹⁴
3565 659 3762 717 r85pon-

2192 738 2277 793 dit
2315 742 2373 793 et
2417 737 2605 794 dixit:
2636 758 2666 787 «
2718 739 2925 794 Cavete
2980 752 3052 792 ne
3100 735 3231 807 quis
3286 752 3379 790 vos
3417 737 3588 807 fallat;
3632 746 3767 801 multi

2190 833 2344 889 enim
2369 832 2597 888 venient
2644 832 2703 887 in
2737 831 2972 887 nomine
3017 847 3148 886 meo
3193 829 3478 887 dicentes:
3518 834 3619 905 Ego
3664 853 3766 893 sum

2189 927 2477 995 Christus;
2507 930 2565 980 et
2585 924 2777 1000 666
2817 926 3029 981 multos
3054 925 3253 980 fallent
3289 923 3512 997 (Matth,
3538 944 3668 999 xxiv,
3703 931 3765 1001 4).

2191 1021 2482 1093 lncipietis
2503 1024 2693 1076 autem
2725 1020 2922 1075 audire
2964 1020 3113 1075 bella
3140 1024 3198 1074 et
3244 1018 3464 1073 auditus
3500 1022 3595 1092 (28)
3623 1022 3765 1078 bello-

2189 1116 2388 1171 rum21
2443 1114 2692 1182 :videte,
2743 1114 2918 1169 nolite
2970 1112 3353 1169 tumultuari:
3410 1117 3614 1184 oportet
3639 1116 3765 1172 enim

2191 1211 2311 1266 haec
2362 1210 2505 1279 ﬁeri,
2560 1209 2659 1265 sed
2703 1209 2960 1263 nondum
3005 1212 3088 1264 est
3134 1207 3283 1262 ﬁnis.
3342 1208 3597 1279 Exsurget
3644 1210 3770 1265 enim

2192 1322 2334 1376 gens
2366 1320 2539 1375 super
2581 1308 2832 1375 gentem,
2858 1305 2915 1358 et
2954 1318 3199 1373 regnum
3249 1317 3417 1371 super
3458 1316 3674 1371 regnum
3702 1304 3767 1372 ¹⁸;

2193 1405 2249 1455 et
2280 1403 2448 1454 erunt
2475 1399 2653 1453 fames
2696 1402 2753 1452 et
2794 1400 2960 1452 terrae
3002 1402 3195 1451 motus
3241 1399 3299 1450 et
3341 1395 3651 1466 pestilentiae
3690 1412 3773 1465 per

2193 1492 2414 1565 singula
2450 1494 2604 1562 loca;
2652 1492 2848 1546 omnia
2894 1497 3084 1546 autem
3146 1488 3251 1544 ista
3285 1487 3444 1543 initia
3488 1488 3771 1560 parturitio-

2192 1604 2330 1642 num
2352 1591 2502 1642 sunt.
2532 1588 2687 1642 Tunc
2715 1586 2946 1641 tradent
2990 1602 3088 1640 vos
3139 1584 3197 1638 in
3248 1598 3577 1654 pressuram,
3623 1586 3672 1636 et
3701 1582 3771 1636 in-

2191 1681 2476 1737 terﬁcient
2514 1698 2640 1748 vos;
2682 1686 2737 1735 et
2791 1679 2947 1734 eritis
2997 1677 3237 1733 odibiles
3265 1674 3522 1731 omnibus
3551 1675 3774 1746 gentibus

448 1746 651 1843 potens
681 1774 951 1842 praestare
983 1785 1099 1823 non
1125 1768 1322 1840 possit,
1350 1767 1460 1821 nisi
1503 1768 1550 1822 si
1577 1766 1904 1838 accipientis
1950 1764 2088 1819 fides
2112 1746 2168 1817 B
2194 1780 2426 1847 propter
2471 1746 2688 1831 ηοωέη
2733 1790 2948 1830 meum,
3006 1773 3074 1826 Et
3115 1775 3251 1826 tunc
3303 1768 3780 1825 scandalizabumur

452 1864 666 1919 caduca
696 1865 739 1898 η
768 1863 1059 1918 defecerit.

450 1998 578 2054 CAP.
611 1999 698 2053 XI.
724 2028 792 2038 -—
817 1999 958 2053 Ante
1002 1996 1325 2066 praedictum
1375 2009 1481 2050 esse
1521 1994 1664 2064 quod
1714 2009 1810 2048 nos
1854 1994 2090 2047 mundus

519 2078 641 2132 odio
675 2078 960 2136 habiturus
989 2081 1141 2144 esset,
1186 2082 1236 2130 et
1277 2075 1422 2145 quod
1460 2076 1851 2143 persecutiones
1890 2073 2086 2127 adver-

520 2173 639 2213 sum
666 2172 760 2213 nos
788 2161 1070 2223 emcitarct,
1112 2162 1162 2210 et
1188 2155 1332 2225 quod
1382 2154 1520 2208 nihil
1571 2168 1765 2207 novum
1819 2153 2085 2210 Christia-

521 2241 607 2293 m’s
653 2238 883 2299 accidat,
933 2237 1152 2307 quando
1207 2237 1276 2290 ab
1331 2236 1493 2289 initio
1539 2233 1731 2287 mundi
1784 2233 1910 2287 boni
1944 2232 2088 2286 tubo-

515 2320 784 2384 raverint,
834 2322 884 2373 et
935 2318 1174 2388 oppressi
1243 2320 1404 2385 atque
1454 2315 1615 2369 occisi
1668 2315 1776 2367 sint
1819 2312 1961 2393 justi
2019 2312 2086 2365 ab

520 2398 741 2467 injustis

520 2512 796 2570 Dominus
837 2513 897 2566 in
936 2510 1313 2582 Evangelio“
1354 2513 1672 2581 praemonet
1714 2514 1772 2564 et
1820 2525 2090 2580 praenun—

448 2607 579 2681 tiat,
622 2607 859 2661 dicens:
911 2628 937 2654 ‹‹
984 2606 1043 2659 Si
1090 2604 1338 2658 mundus
1386 2620 1484 2658 vos
1527 2603 1665 2671 odit,
1711 2604 1903 2658 scitote
1952 2618 2090 2673 quo-

448 2702 601 2758 niam
635 2716 725 2755 me
752 2701 936 2771 primo
970 2698 1115 2752 odiit
1150 2698 1353 2768 (Joan.,
1381 2714 1470 2766 xv,
1506 2698 1613 2767 18).
1662 2697 1719 2751 Si
1753 2697 1823 2750 de
1870 2695 2087 2750 mundo

450 2796 665 2864 essetis,
718 2793 966 2848 mundus
1009 2791 1161 2863 quod
1216 2807 1382 2845 suum
1435 2796 1581 2845 esset
1630 2796 1848 2844 amaret
1896 2806 1909 2843 :
1969 2790 2086 2857 sed,

448 2889 580 2961 quia
632 2888 703 2942 de
750 2886 968 2941 mundo
1021 2903 1133 2940 non
1190 2885 1342 2953 estis,
1403 2888 1461 2938 et
1503 2901 1611 2954 ego
1668 2883 1814 2953 elegi
1869 2898 1961 2936 vos
2018 2882 2087 2936 de

446 2982 682 3052 mundo,
736 2984 1038 3052 propterea
1091 2979 1209 3033 odit
1269 2995 1371 3033 vos
1426 2977 1693 3032 mundus.
1749 2978 2087 3032 Mementote

451 3076 728 3132 sermonis
766 3091 936 3145 quem
968 3073 1085 3128 dixi
1129 3071 1286 3127 vobis
1321 3091 1333 3125 ε
1368 3074 1487 3127 Non
1529 3074 1613 3124 est
1660 3087 1853 3125 servus
1905 3070 2091 3140 major

446 3171 676 3226 domino
704 3186 805 3222 suo
836 3210 849 3235 ,
885 3168 931 3221 si
971 3184 1062 3221 me
1120 3165 1401 3237 persecuti
1449 3168 1600 3232 sunt,
1633 3170 1688 3219 et
1739 3180 1838 3218 vos
1892 3180 2085 3234 perse—

447 3267 713 3336 quentur.
744 3286 771 3311 n
806 3264 873 3316 Et
898 3260 1107 3314 iterum
1142 3281 1151 3312 :
1186 3280 1213 3307 ‹‹
1251 3259 1449 3312 Veniet
1484 3259 1624 3311 hora
1676 3262 1737 3311 ut
1777 3257 1962 3312 omnis
1989 3257 2085 3328 qui

444 3374 543 3411 vos
602 3355 889 3423 occiderit,
943 3358 1107 3425 putet
1158 3369 1217 3406 se
1264 3351 1518 3406 officium
1561 3353 1674 3406 Deo
1715 3351 1948 3405 facere:
1989 3350 2087 3404 sed

446 3452 555 3506 hoc
609 3448 832 3513 facient,
887 3447 1158 3518 quoniam
1223 3462 1337 3500 non
1405 3450 1797 3516 cognoverunt
1863 3447 2085 3500 Patrem

444 3559 633 3615 neque
659 3559 773 3598 me.
807 3543 932 3596 Haec
957 3546 1145 3595 autem
1172 3541 1389 3594 locutus
1425 3555 1552 3593 sum
1596 3539 1776 3608 vobis,
1823 3542 1907 3607 ut,
1954 3556 2085 3594 cum

443 3637 663 3694 venerit
701 3637 865 3702 hora,
895 3650 1095 3689 eorum
1142 3648 1422 3689 memores
1452 3633 1576 3687 sitis
1627 3633 1758 3703 (26),
1807 3632 1938 3705 quia
1979 3649 2084 3703 ego

448 3731 565 3786 dixi
610 3729 768 3785 vobis
818 3749 844 3779 ››
882 3728 1082 3799 (Joan.,
1137 3744 1226 3782 xv1
1280 3726 1357 3794 4).
1410 3728 1478 3781 Et
1527 3726 1785 3781 iterum:
1825 3748 1852 3776 «
1901 3730 2082 3782 Amen

448 3841 618 3881 amen
646 3824 770 3878 dico
807 3823 984 3891 vobis,
1028 3822 1301 3892 quoniam
1344 3837 1441 3875 vos
1485 3820 1778 3891 plorabitis
1820 3824 1878 3876 et
1916 3821 2082 3893 plan-

448 3918 614 3991 getis,
657 3918 923 3973 szeculum
951 3920 1144 3971 autem
1189 3914 1468 3986 gaudebit
1500 3937 1510 3968 :
1545 3931 1643 3969 vos
1675 3915 1861 3969 tristes
1907 3917 2080 3984 eritis,

451 4008 550 4065 sed
580 4007 806 4063 tristitia
831 4010 1020 4061 vestra
1046 4006 1104 4060 in
1132 4006 1387 4061 laetitiam
1431 4004 1673 4061 veniet»
1725 4007 1915 4076 (Ibid.,
1967 4008 2080 4077 25).

449 4103 516 4158 Et
545 4102 757 4156 iterum
790 4117 803 4156 :
836 4121 863 4150 «
895 4101 1021 4154 Haec
1050 4099 1271 4155 locutus
1297 4114 1425 4154 sum
1452 4099 1624 4168 vobis,
1657 4102 1718 4152 ut
1747 4098 1808 4153 in
1856 4116 1946 4154 me
1987 4118 2083 4172 pa-

2188 1868 2375 1939 multi,
2423 1871 2479 1923 et
2522 1866 2770 1924 invicem
2817 1866 3048 1921 tradent
3093 1867 3153 1919 et
3218 1863 3415 1919 odient
3463 1861 3700 1917 invicem.
3725 1862 3780 1915 Et

2187 1963 2353 2018 multi
2391 1960 2911 2033 pseudoprophetm
2955 1959 3236 2029 exurgent
3273 1959 3333 2011 et
3373 1954 3629 2010 seduceut
3664 1952 3784 2008 mul-

2188 2063 2275 2112 tos
2304 2058 2401 2111 :et
2452 2070 2519 2110 eo
2564 2053 2719 2126 quod
2762 2053 2984 2108 facinus
3015 2050 3283 2115 abundet,
3333 2049 3643 2120 refrigescet
3670 2046 3778 2100 cha-

2189 2151 2328 2206 ritas
2349 2149 2682 2204 multorum.
2731 2146 2838 2212 Qui
2875 2152 3069 2200 autem
3113 2143 3444 2200 toleraverit
3485 2156 3647 2213 usque
3667 2139 3716 2194 in
3745 2139 3781 2173 ¹³

2192 2244 2388 2311 ﬁnem,
2416 2242 2508 2297 hic
2534 2242 2717 2296 salvus
2748 2241 2877 2295 erit.
2907 2241 2973 2295 Et
3011 2236 3416 2310 prmdicabitur
3459 2232 3782 2305 Evangelium

2187 2337 2340 2393 istud
2366 2335 2529 2407 regni
2552 2351 2652 2407 per
2677 2336 2863 2391 totum
2895 2333 3093 2389 orbem
3119 2331 3190 2399 ³ο,
3228 2337 3421 2397 terrea,
3464 2329 3523 2384 in
3563 2326 3783 2382 testimo-

2190 2437 2352 2499 nium
2405 2433 2670 2490 omnibus
2716 2431 2985 2503 gentibus
3030 2432 3101 2499 9‘,
3156 2434 3213 2485 et
3253 2433 3393 2484 tunc
3438 2425 3617 2481 veniet
3660 2424 3781 2478 ﬁnis.

2190 2535 2333 2590 Cum
2371 2548 2510 2603 ergo
2547 2531 2801 2585 videritis
2864 2528 3359 2585 abominatiouem
3402 2523 3710 2581 vastationis
3740 2522 3776 2556 ”

2193 2634 2326 2704 (29),
2351 2648 2481 2703 quae
2515 2629 2666 2683 dicta
2705 2633 2792 2684 est
2820 2645 2927 2699 per
2972 2627 3267 2682 Dauielem
3302 2626 3629 2698 prephetam
3658 2626 3784 2675 stan-

2190 2734 2308 2785 tem
2338 2730 2396 2783 in
2438 2729 2563 2783 loco
2612 2731 2810 2782 sancto
2845 2727 2965 2798 (qui
2991 2725 3136 2797 legit
3180 2724 3505 2795 intelligat).
3548 2725 3671 2776 tunc
3706 2717 3787 2790 qui

2188 2828 2248 2882 in
2268 2827 2463 2882 Judasa
2488 2830 2641 2894 sunt,
2670 2827 2899 2898 fugiant
2939 2827 3000 2880 in
3031 2827 3292 2880 montes:
3346 2828 3403 2877 et
3441 2821 3537 2893 qui
3572 2820 3625 2873 in
3664 2820 3787 2871 tecto

2190 2932 2294 2994 est,
2318 2941 2436 2981 non
2464 2923 2779 2981 descendat
2814 2924 3014 2979 tollere
3058 2923 3377 2995 quidquam
3423 2919 3494 2974 de
3528 2917 3719 2985 domo;
3746 2918 3791 2968 et

2190 3024 2287 3095 qui
2313 3023 2374 3078 in
2401 3041 2541 3095 agro
2570 3028 2673 3092 est,
2714 3040 2829 3078 non
2867 3026 3229 3078 convertatur
3273 3026 3425 3076 retro
3463 3017 3673 3073 auferre
3696 3028 3790 3067 ves-

2110 3113 2500 3186 Ctimentum
2577 3139 2764 3178 suum.
2848 3124 2942 3177 Vas
3008 3125 3202 3177 autem
3272 3114 3693 3192 praegnantibus
3745 3116 3792 3167 et

2187 3221 2579 3277 nutrientibus
2622 3219 2670 3256 ³³
2692 3220 2804 3293 (80)
2835 3221 2895 3275 in
2922 3221 3034 3276 illis
3060 3219 3300 3276 diebus?
3331 3218 3498 3274 Orate
3528 3216 3702 3269 autem
3734 3225 3788 3263 ne

2185 3319 2286 3375 ﬁat
2324 3320 2461 3391 fuga
2499 3322 2681 3375 vestra
2722 3319 2911 3375 hieme
2954 3335 3143 3391 neque
3191 3318 3468 3375 Sabbato.
3512 3314 3626 3371 Erit
3660 3309 3790 3366 enim

2186 3424 2321 3473 tunc
2351 3434 2614 3490 pressura
2650 3434 2880 3491 magna,
2919 3418 3107 3490 qualis
3150 3435 3266 3473 non
3309 3418 3420 3473 fuit
3461 3418 3508 3453 3‘
3540 3414 3605 3469 ab
3652 3408 3788 3465 initio

2187 3515 2389 3571 mundi
2413 3533 2595 3588 usque
2624 3533 2796 3585 nunc,
2844 3516 2941 3571 sed
2970 3532 3159 3589 neque
3184 3517 3289 3572 ﬁet
3318 3535 3331 3585 ;
3361 3520 3419 3572 et
3448 3513 3553 3570 nisi
3589 3504 3793 3566 breviati

2185 3620 2374 3670 essent
2401 3615 2521 3670 dies
2567 3615 2671 3683 illi,
2700 3632 2818 3670 non
2855 3622 3002 3671 esset
3038 3616 3187 3670 salva
3219 3615 3413 3670 omnis
3438 3614 3487 3649 ³³
3531 3625 3657 3666 caro
3701 3601 3789 3675 (3')

2183 3719 2419 3785 propter
2444 3715 2651 3769 electos
2690 3717 2884 3769 autem
2914 3714 3327 3769 breviabuntur
3355 3712 3437 3768 illi
3470 3711 3607 3766 dies.
3658 3705 3790 3759 Tunc

2183 3812 2227 3866 si
2257 3812 2385 3884 quis
2416 3812 2622 3868 dixerit
2646 3812 2835 3868 vobis:
2889 3814 3029 3869 Ecce
3077 3813 3171 3867 hic
3225 3816 3316 3867 est
3374 3810 3623 3867 Christus
3671 3796 3790 3877 (32).

2181 3915 2280 3963 aut
2306 3925 2435 3965 ecce
2473 3910 2609 3980 illic,
2645 3910 2821 3966 nolite
2859 3912 3107 3966 credere.
3150 3912 3407 3983 Surgent
3430 3910 3585 3966 enim
3609 3905 3792 3979 pseudo

2185 4006 2397 4063 Christi
2433 4011 2489 4063 et
2522 4008 3042 4080 pseudoprophetis
3075 4026 3088 4064 :
3152 4012 3209 4064 et
3259 4010 3487 4064 dabunt
3522 4008 3673 4078 signa
3698 4018 3792 4058 ma-

2183 4120 2295 4174 gna
2323 4106 2371 4140 ³⁸
2414 4112 2472 4160 et
2502 4106 2767 4178 prodigia
2799 4108 2930 4179 (33),
2963 4108 3033 4163 ad
3086 4124 3349 4165 errorem
3379 4110 3429 4145 ⁵⁸
3477 4104 3791 4166 faciendum,

1847 4214 2058 4280 Variae
2102 4217 2439 4284 lectiones.

518 4356 555 4386 ¹¹
579 4354 661 4405 Sic
697 4354 808 4404 Ver.
842 4355 1136 4424 Benev._Ar.
1168 4355 1314 4424 Lam.
1339 4352 1491 4403 Ebor.
1516 4352 1625 4402 ΝΟ.
1656 4354 1703 4409 1,
1733 4352 1779 4402 2.
1806 4354 1950 4403 Lam.
1982 4354 2112 4404 Bod.
2138 4357 2184 4413 1,
2210 4359 2254 4406 ι.
2281 4357 2501 4408 Mutum
2533 4360 2665 4421 Imp.
2703 4359 2924 4410 Mutum
2967 4364 3022 4410 et
3053 4360 3406 4424 loquentem,
3429 4357 3729 4409 audientem
3752 4353 3795 4400 et

459 4424 694 4475 surdum
740 4424 871 4475 Bod.
904 4428 949 4472 3.
1022 4422 1062 4456 ¹²
1095 4423 1391 4473 Dominica
1419 4426 1696 4486 praecepta
1749 4426 1803 4472 et
1837 4424 2109 4484 promissa
2153 4426 2243 4475 Ar.
2287 4427 2409 4475 Bod.
2450 4432 2493 4477 Io.
2567 4432 2604 4463 ¹³
2630 4430 2795 4479 Fides
2834 4422 3241 4480 catholica'Ar.
3317 4432 3359 4463 ¹⁴
3385 4425 3679 4490 Evangelio
3710 4433 3793 4472 suo

456 4496 600 4544 Lam.
625 4494 750 4543 Bod.
776 4494 823 4544 2.
899 4494 937 4527 '5
1001 4493 1293 4544 Habebitis
1334 4492 1489 4542 addit
1539 4494 1693 4543 Oxon.
1766 4492 1804 4525 ¹⁶
1848 4492 2361 4548 Consummationis
2405 4500 2603 4550 saeculi
2636 4500 2760 4550 Bod.
2789 4503 2833 4549 t.
2907 4499 2945 4532 ¹⁷
2975 4501 3281 4563 Opiniones
3326 4500 3605 4551 bellorum
3639 4492 3736 4547 Bod
3755 4496 3792 4538 3.

456 4564 498 4597 ’⁸
522 4564 776 4627 Regnum
820 4567 1009 4614 contra
1042 4577 1273 4627 regnum
1296 4564 1422 4615 Bod.
1451 4565 1496 4613 1.
1567 4563 1606 4597 ιθ
1635 4565 2071 4616 Perseveraverit
2112 4581 2292 4631 usque
2310 4569 2380 4619 ad
2410 4569 2519 4621 Bod
2549 4570 2594 4619 1.
2661 4568 2705 4601 ὀ
2734 4570 2873 4620 Toto
2915 4570 3047 4620 orbe
3085 4570 3193 4620 ΝΟ.
3216 4570 3266 4619 2.
3337 4572 3380 4603 ﬂ
3422 4564 3791 4619 Testimonium

449 4635 699 4685 omnium
719 4636 969 4699 gentium
993 4635 1099 4686 ΝΟ.
1136 4635 1186 4684 2.
1256 4637 1297 4666 ²¹
1334 4635 1707 4687 Desolationis
1732 4635 1852 4686 Bod.
1900 4640 1943 4685 lt.
2013 4639 2053 4670 ³³
2084 4638 2507 4703 Prasgnautibus
2540 4644 2595 4690 et
2633 4638 2970 4690 lactantibus
3012 4642 3149 4691 Voss.
3187 4641 3229 4690 1.
3301 4642 3347 4673 *4
3376 4638 3573 4701 Qualis
3592 4648 3694 4686 non
3732 4634 3795 4682 est

451 4706 599 4758 facta
623 4709 765 4757 Lam.
792 4706 943 4756 Ebor.
973 4705 1082 4755 ΝΟ.
1110 4706 1157 4755 2.
1185 4704 1310 4777 Bod.
1331 4705 1379 4766 2,
1410 4706 1521 4761 ΞΛ.
1593 4705 1635 4740 ³⁵
1660 4707 1781 4777 Non
1808 4707 2077 4760 liberatur
2097 4724 2187 4761 om
2202 4711 2292 4761 nis
2316 4714 2408 4762 Ar.
2429 4714 2572 4763 Lam.
2606 4710 2757 4761 Ebor.
2786 4711 2909 4761 Bod.
2957 4712 3001 4762 1.
3027 4712 3074 4762 2.
3114 4712 3223 4761 Ver.
3295 4711 3341 4747 ’δ
3366 4711 3538 4777 Signa
3554 4718 3735 4773 magna
3751 4709 3795 4752 6t

450 4779 701 4841 portenta
722 4780 865 4829 Lam.
897 4777 1024 4829 Bod.
1063 4779 1107 4827 1.
1138 4777 1187 4838 2,
1205 4776 1253 4837 3,
1281 4779 1327 4827 4.
1353 4777 1470 4827 Ben.
1513 4780 1627 4829 Ver.
1694 4776 1738 4812 ³⁷
1767 4778 2057 4830 Terrorem
2079 4780 2206 4832 Bod.
2242 4784 2288 4844 1,
2315 4784 2364 4833 2.

1755 4879 1982 4961 Steph.
2032 4880 2277 4945 Baluzii
2317 4887 2510 4946 notae.

452 5060 605 5108 mini.

514 5130 612 5191 (27)
658 5132 719 5179 In
766 5130 954 5181 seculo
1002 5136 1176 5181 autem
1220 5145 1548 5196 pressuram.
1589 5134 1726 5184 Haec
1765 5137 1987 5184 tantum
2036 5136 2093 5185 in

454 5200 742 5251 codicibus
825 5203 1250 5265 manuscriptis,
1326 5203 1492 5253 etiam
1569 5204 1626 5253 in
1709 5203 2089 5269 Seguieriano.

452 5271 733 5321 Pamelius
782 5273 983 5335 adjecit
1034 5273 1283 5324 habebitis
1326 5288 1394 5324 ex
1442 5274 1636 5325 codice
1684 5275 2091 5339 Afﬂigemensi,

453 5345 509 5393 et
547 5343 683 5405 quia
729 5345 803 5393 ita
849 5345 1016 5394 etiam
1055 5345 1259 5408 legitur
1312 5346 1367 5394 in
1414 5345 1558 5395 libro
1600 5345 1663 5396 de
1700 5347 1989 5407 Patientia,
2038 5350 2091 5396 et

451 5417 565 5463 tam
599 5424 784 5465 Graece
814 5429 983 5478 quam
1017 5416 1208 5467 Latine
1236 5416 1385 5479 apud
1417 5416 1710 5467 Joannem.
1746 5417 1953 5467 Verum
1978 5432 2089 5468 vox

450 5483 709 5535 habebitis
746 5485 902 5536 deest
941 5487 998 5537 in
1036 5487 1178 5538 libro
1222 5487 1286 5538 de
1330 5488 1597 5537 Patientia
1641 5489 1698 5537 in
1751 5487 2087 5553 quibusdam

446 5555 607 5606 libris
648 5558 949 5619 veteribus,
992 5559 1159 5609 etiam
1205 5559 1262 5609 in
1307 5559 1685 5625 Seguieriano.
1717 5560 1857 5610 Eam
1901 5563 2087 5610 tamen

447 5626 659 5677 habent
699 5632 913 5680 veteres
962 5630 1253 5682 editiones.
1304 5632 1469 5695 Quod
1524 5633 1693 5682 miror
1743 5630 2086 5682 animadver-

445 5713 572 5749 sum
598 5713 709 5749 non
736 5714 858 5752 esse
885 5716 916 5751 a
948 5701 1207 5752 Pamelio.

508 5772 607 5835 (28)
656 5772 805 5824 Bella
854 5779 901 5823 et
945 5775 1178 5825 auditus.
1218 5775 1343 5825 Duo
1398 5775 1521 5825 libri
1568 5778 1799 5837 veteres,
1848 5774 1986 5825 bella
2038 5781 2085 5826 et

441 5843 715 5911 Opiniones
778 5843 1053 5898 bellorum.
1106 5847 1185 5897 Ita
1237 5849 1399 5898 etiam
1463 5847 1519 5897 in
1586 5861 1696 5898 uno
1757 5846 2079 5899 Bodleiano.

667 4989 922 5038 Memores
976 4989 1107 5039 sitis.
1168 4989 1361 5041 Codex
1430 4990 1713 5041 Fuxensis
1773 4991 2331 5079 reminisca-Dxide
2381 4993 2597 5044 Erasmi
2655 4991 3059 5043 Adnotationes
3113 4994 3169 5042 in
3225 4993 3381 5043 hunc
3437 4993 3621 5043 locum
3676 4984 3773 5037 Mat

2195 5064 2350 5199 mall)
2414 5135 2742 5185 Vastationis.
2794 5134 3046 5196 Quatuor
3086 5135 3213 5186 libri
3260 5140 3317 5185 et
3372 5147 3520 5185 unus
3570 5128 3794 5182 Bodleia—

2193 5220 2299 5256 nus
2348 5206 2556 5256 habent
2607 5206 2968 5258 desolationts.
3028 5206 3123 5257 Sic
3182 5208 3354 5258 etiam
3406 5207 3467 5256 in
3518 5203 3689 5268 capite
3744 5208 3794 5249 ix

2190 5278 2438 5329 Danielis
2484 5280 2539 5327 et
2598 5278 2657 5327 in
2729 5278 2908 5341 capite
2974 5290 3077 5328 xm
3122 5277 3450 5342 .Evaagelii
3511 5271 3794 5326 secundum

2187 5350 2791 5483 Ιοῗζῦᾝςῃὶῖἶυῑνίσηείὸυε.
2859 5418 3051 5470 Codex
3123 5419 3450 5472 Pithceanus
3514 5410 3798 5467 nutricati-

2188 5491 2345 5625 ἔῗιῖἓί)
2395 5561 2555 5613 Salva
2600 5562 2771 5612 omnis
2820 5573 2963 5611 caro.
3010 5561 3318 5612 Duodecim
3367 5560 3495 5611 libri
3543 5557 3709 5610 nostri
3749 5554 3795 5604 et

2184 5647 2281 5686 sex
2312 5633 2607 5697 Anglicani
2637 5631 2846 5682 habent
2872 5632 3197 5682 liberaretur
3218 5632 3389 5683 omnis
3414 5644 3557 5682 caro.

2247 5704 2341 5765 (32)
2372 5705 2468 5754 Hic
2495 5707 2572 5754 est
2608 5703 2865 5754 Christus.
2895 5703 3037 5756 Vide
3068 5704 3284 5755 Erasmi
3332 5703 3710 5755 adnotatioues
3744 5698 3792 5745 in

2183 5775 2335 5826 hunc
2361 5776 2549 5825 locum
2579 5775 2843 5826 Matthaai.

2246 5846 2341 5914 (33)
2381 5847 2656 5913 Prodigia.
2688 5848 2889 5902 Nescio
2925 5860 2997 5900 an
3035 5862 3101 5903 ea
3144 5849 3309 5904 lectio
3354 5843 3691 5916 prater-ends
3731 5838 3792 5890 sit
