3998 6194
149 230 238 285 693
1255 231 1342 286 ΛΒ
1383 231 1840 286 FORI‘UNATUM
1884 230 1968 285 DE
2025 229 2393 286 MARTYRIO.

3406 237 3508 292 69-i-

147 355 185 408 si
232 352 354 408 ﬁeri
406 357 604 423 potest,
660 353 838 408 etiam
891 354 1101 408 electis.
1151 355 1256 408 Vos
1310 359 1499 408 autem
1555 357 2010 443 cavete,Atens
2053 369 2152 406 nos
2191 352 2413 422 eripere
2455 354 2524 407 de
2565 353 2784 408 camino
2830 355 2978 427 ignis
3028 358 3300 428 ardentis,
3345 365 3402 412 et
3440 362 3509 413 de

147 463 265 501 ecce
307 447 540 516 praedixi
578 448 734 501 vobis
771 448 980 502 omnia.
1025 447 1081 503 Si
1113 463 1249 518 ergo
1265 447 1531 503 'dixerint
1559 446 1718 502 vobis
1749 463 1761 502 :

144 542 270 596 Ecce
301 540 356 594 in
384 540 688 595 solitudine
712 548 796 596 est
836 542 905 610 ’3,
949 542 1130 596 nolite
1174 542 1364 610 exire;
1395 558 1523 597 ecce
1565 541 1625 595 in
1666 557 1762 595 cu-

142 633 332 687 biculis
376 635 452 700 ’9,
498 635 675 689 nolite
728 635 983 690 credere.
1037 636 1193 691 Sicut
1246 635 1399 688 enim
1449 634 1763 690 coruscatio

140 727 247 783 exit
277 728 327 761 ³ο
349 728 420 781 ab
452 726 689 796 oriente,
731 731 787 782 et
814 733 1050 800 apparet
1084 745 1259 800 usque
1300 746 1363 784 ac
1392 729 1763 797 occidentem,

138 821 207 874 ita
231 821 339 875 erit
375 827 432 876 et
460 823 736 878 adventus
775 823 896 877 Filii
937 824 1206 878 hominis.
1251 823 1353 877 Ubi
1392 823 1569 878 fuerit
1604 823 1766 878 cada-

138 931 226 969 ver
253 916 296 949 ³¹
333 916 467 985 (34),
497 915 628 969 illuc
668 917 1011 986 colligantur
1038 918 1084 951 ³³
1118 916 1306 989 667
1347 916 1574 987 aquilas.
1616 918 1760 972 Con~

135 1010 286 1064 tiuuo
337 1015 526 1064 autem
579 1015 710 1081 post
761 1027 1084 1082 pressuram
1134 1011 1356 1066 dierum
1408 1011 1634 1065 illorum
1682 1013 1763 1065 sol

138 1102 506 1156 tenebricabit
531 1104 578 1137 ³³
611 1105 743 1173 (35),
768 1107 824 1157 et
853 1105 990 1158 luna
1017 1121 1133 1158 non
1162 1105 1322 1158 dabit
1350 1105 1544 1158 lumen
1574 1120 1762 1171 suum,

135 1200 188 1249 et
213 1195 398 1249 stellas
424 1196 626 1250 cadent
663 1199 730 1252 de
767 1199 930 1266 caelo,
968 1202 1023 1253 et
1052 1198 1287 1253 virtutes
1327 1198 1596 1253 cmlorum
1641 1214 1762 1252 mo-

134 1289 437 1344 vebuntur.
484 1293 549 1346 Et
578 1296 708 1344 tunc
747 1292 1042 1362 apparebit
1077 1293 1308 1362 signum
1349 1292 1473 1346 Filii
1516 1292 1764 1346 hominis

133 1384 185 1436 in
224 1383 392 1452 coelo,
426 1387 484 1438 et
523 1385 994 1440 lamentabuntur
1025 1402 1229 1439 omnes
1258 1385 1442 1438 tribus
1473 1391 1637 1440 terras
1666 1402 1678 1439 :
1708 1388 1764 1440 et

134 1476 406 1531 videbunt
434 1478 634 1532 Filium
663 1479 912 1534 hominis
935 1480 1258 1535 venientem
1281 1480 1339 1533 in
1369 1479 1613 1533 nubibus
1638 1479 1762 1534 αωΙί

133 1588 252 1625 cum
293 1571 506 1625 virtute
547 1589 759 1642 magna
797 1579 853 1626 et
887 1575 1161 1629 claritate.
1198 1576 1265 1629 Et
1305 1574 1497 1628 mittet
1525 1574 1762 1644 angelos

132 1681 258 1718 suos
290 1681 426 1718 cum
458 1665 590 1719 tuba
615 1682 823 1736 magna
851 1665 980 1737 (36).
1015 1669 1080 1720 Et
1105 1668 1374 1738 colligent
1405 1668 1612 1722 electos
1641 1668 1762 1736 ejus

1881 445 2146 500 manibus
2174 446 2307 513 tuis,
2345 462 2464 511 rex,
2506 446 2770 502 liberabit
2801 466 2922 503 nos.
2953 451 3020 504 Et
3065 451 3108 506 si
3142 468 3274 520 non,
3309 459 3508 507 notum

1867 539 1940 593 sit
1978 539 2080 593 tibi
2125 540 2258 610 quia
2295 539 2401 593 diis
2443 540 2555 594 tuis
2596 557 2714 594 non
2769 543 3068 610 servimus,
3107 550 3164 599 et
3194 544 3509 616 imaginem

1869 633 1914 668 ³9
1964 634 2071 703 (37)
2115 649 2343 688 auream
2395 649 2570 704 quam
2623 635 2892 704 statuisti,
2943 653 3056 691 non
3103 638 3425 693 adoramus.
3476 662 3502 690 »

1866 729 1935 783 Et
1976 727 2193 794 Daniel,
2238 728 2353 781 Deo
2400 726 2640 781 devotus
2677 731 2735 781 et
2777 735 2968 784 sancto
3015 731 3230 801 Spiritu
3275 733 3498 803 plenus,

1866 821 2140 875 exclamat
2179 823 2235 875 et
2265 820 2443 875 dicit:
2477 841 2504 870 ‹‹
2546 820 2694 874 Nihil
2737 821 2858 875 colo
2898 838 3006 892 ego
3047 823 3154 876 nisi
3195 825 3503 880 Dominum

1867 914 2046 968 Deum
2067 929 2279 981 meum,
2305 913 2403 983 qui
2425 912 2681 968 condidit
2707 915 2911 969 cmlum
2937 922 2991 968 et
3019 913 3210 988 668
3238 923 3448 972 terram
3475 939 3500 971 »

1868 1009 2050 1073 (Dan.,
2081 1022 2190 1076 xw,
2223 1009 2294 1078 4).
2326 1007 2526 1062 Tobias
2555 1023 2805 1078 quoque,
2837 1007 2940 1062 sub
2972 1011 3150 1080 regali
3177 1011 3310 1065 licet
3335 1028 3399 1066 ac
3425 1020 3504 1084 ty-

1864 1101 2100 1155 rannica
2131 1100 2423 1170 servitute,
2441 1117 2612 1155 sensu
2640 1106 2828 1156 tamen
2853 1119 2918 1156 ac
2947 1102 3150 1172 spiritu
3179 1104 3342 1172 liber,
3365 1122 3500 1159 con-

1863 1194 2175 1248 fessionem
2218 1211 2380 1247 suam
2422 1196 2536 1248 Deo
2580 1198 2780 1260 servat,
2815 1201 2876 1249 et
2917 1195 3188 1250 virtutem
3235 1197 3502 1267 majesta-

1865 1290 2100 1358 temque
2132 1287 2382 1342 divinam
2405 1286 2722 1341 sublimiter
2749 1289 3038 1358 praedicat,
3062 1289 3255 1344 dicens
3287 1308 3299 1344 :
3327 1313 3355 1340 «
3388 1293 3505 1361 Ego

1864 1385 1922 1438 in
1961 1389 2112 1439 terra
2158 1384 2498 1456 captivitatis
2543 1401 2686 1438 mete
2723 1386 2997 1439 confiteor
3038 1387 3138 1452 illi,
3180 1394 3236 1442 et
3266 1390 3503 1444 ostendo

1863 1479 2131 1533 virtutem
2163 1479 2285 1549 ejus
2317 1479 2374 1531 in
2402 1478 2631 1532 natione
2665 1479 2975 1549 peccatrice
3010 1500 3036 1530 ι)
3070 1481 3244 1548 (Tob.,
3279 1499 3391 1552 xm,
3426 1484 3500 1552 6).

1863 1571 2006 1636 Quid
2051 1589 2185 1627 vero
2231 1573 2287 1625 in
2336 1572 2697 1639 Machabaeis,
2743 1577 2962 1644 septem
3000 1574 3204 1629 fratres
3245 1579 3301 1630 et
3341 1582 3502 1632 nata-

1864 1667 2003 1719 lium
2035 1665 2249 1735 pariter
2280 1673 2336 1719 et
2368 1665 2641 1719 virtutum
2679 1671 2828 1720 sorte
2862 1668 3200 1736 consimiles,
3231 1673 3499 1740 septena-

133 1776 162 1812 a
197 1764 450 1828 quatuor
493 1760 672 1812 ventis
713 1761 779 1827 3‘,
820 1778 852 1812 a
887 1761 1128 1814 summis
1167 1763 1434 1816 caelorum
1481 1777 1654 1830 usque
1693 1744 1839 1814 adB
1865 1759 2012 1812 rium
2064 1775 2370 1813 numerum
2418 1765 2777 1814 sacramento
2829 1761 3092 1830 perfectae
3141 1779 3499 1818 consumma-

131 1852 488 1906 summitates
512 1869 708 1907 eorum
738 1875 763 1902 n
811 1856 1050 1925 (Matth.,
1090 1871 1248 1921 xxxv;
1292 1856 1444 1922 Luc.,
1478 1855 1610 1921 xxx).
1645 1855 1757 1906 Nec

131 1962 262 1998 nova
306 1953 412 2000 aut
454 1946 753 2017 repentina
794 1947 914 2001 haec
953 1951 1088 2001 sunt
1123 1965 1252 2018 quas
1295 1964 1447 2001 nunc
1493 1947 1758 2000 accidunt

128 2039 476 2108 Christianis,
514 2057 642 2094 cum
682 2041 820 2095 boni
857 2058 1086 2112 semper
1125 2047 1181 2096 et
1211 2043 1369 2112 justi,
1409 2045 1466 2096 et
1506 2043 1620 2096 Deo
1665 2041 1754 2094 in-

130 2133 401 2188 nocentia:
429 2134 558 2203 lege
582 2152 645 2188 ac
676 2151 822 2189 verte
852 2136 1146 2206 religionis
1173 2136 1375 2190 timore
1415 2135 1620 2202 devoti,
1654 2152 1758 2206 per

127 2243 416 2296 presseras
457 2234 513 2282 et
546 2227 779 2295 iniurias
813 2230 880 2295 ³⁵,
924 2235 979 2284 et
1023 2246 1220 2300 graves
1268 2247 1331 2284 ac
1378 2230 1755 2284 multiformes

128 2320 558 2375 infestationum
598 2339 791 2393 pmnas
820 2324 867 2356 ³⁸
902 2323 1127 2394 angusti
1165 2323 1385 2377 itineris
1423 2324 1753 2377 difficultate

129 2415 481 2483 gradiantur.
503 2417 589 2472 Sic
615 2417 672 2470 in
701 2418 923 2488 origine
952 2418 1146 2472 statim
1180 2417 1384 2471 mundi
1406 2417 1543 2471 Abel
1565 2417 1755 2486 justus

128 2525 154 2561 a
181 2509 354 2563 fratre
386 2509 608 2581 primus
637 2511 914 2566 occiditur
945 2528 958 2565 :
990 2515 1046 2565 et
1074 2512 1239 2565 Jacob
1268 2511 1522 2581 fugatur,
1565 2513 1623 2564 et
1659 2512 1753 2564 Jo-

128 2603 253 2672 seph
293 2603 684 2670 venundatur,
717 2609 771 2660 et
801 2605 974 2659 David
1017 2605 1442 2659 misericordem
1487 2606 1614 2659 Saul
1655 2621 1752 2658 rex

127 2698 504 2769 persequitur,
538 2701 595 2752 et
633 2699 846 2753 Heliam
886 2684 1241 2769 majestatem
1283 2699 1383 2752 Dei
1429 2701 1755 2752 constanter

125 2808 177 2845 ac
202 2792 432 2846 fortiter
462 2798 811 2847 asserentem
849 2809 947 2848 rex
983 2793 1177 2846 Achab
1213 2792 1539 2863 opprimere
1575 2808 1751 2846 cona-

127 2892 236 2954 tur;
270 2887 575 2940 Zacharias
614 2886 874 2940 sacerdos
911 2887 1250 2940 interﬁcitur
1296 2887 1354 2940 in
1394 2886 1579 2941 medio
1609 2890 1750 2940 tem-

129 2979 197 3049 pli
224 2985 276 3034 et
318 2979 544 3045 altaris,
579 2982 640 3033 ut
668 2979 779 3034 illic
817 2980 999 3034 hostia
1038 2980 1156 3049 ipse
1195 2980 1296 3032 liat
1330 2979 1426 3032 ubi
1467 2981 1582 3034 Deo
1622 2981 1750 3034 hos-

131 3074 222 3127 tias
275 3073 638 3128 immolabat.
686 3073 790 3127 Tot
839 3074 1086 3144 denique
1142 3073 1419 3144 martyria
1469 3074 1749 3143 justorum

129 3184 260 3237 saepe
294 3167 610 3234 celebrata,
640 3171 720 3221 tot
757 3167 909 3222 edita
947 3167 1002 3221 in
1045 3172 1334 3238 posterum
1373 3167 1503 3222 fidei
1541 3170 1596 3221 et
1637 3167 1750 3219 vir-

129 3261 248 3315 tutis
282 3263 568 3331 exempla.
603 3263 738 3316 Tres
776 3263 959 3333 pueri,
1002 3263 1268 3328 Ananias,
1303 3262 1547 3322 Azarias.
1593 3261 1750 3315 Misa-

127 3354 226 3422 hel,
267 3359 446 3408 aetate
483 3371 801 3426 compares,
848 3356 1152 3410 dilectione
1190 3356 1235 3388 ³⁷
1276 3355 1603 3419 concordes,
1642 3353 1751 3407 ﬁde

125 3448 359 3516 stabiles,
404 3449 614 3504 virtute
654 3453 1000 3517 constantes,
1042 3449 1292 3502 ﬂammis
1332 3464 1395 3502 ac
1441 3448 1620 3518 pinnis
1659 3464 1749 3500 ur-

127 3544 384 3611 gentibus
414 3543 702 3610 fortiores,
728 3545 832 3598 soli
860 3560 916 3596 se
946 3545 1061 3597 Deo
1089 3543 1316 3608 servire,
1345 3543 1530 3596 solum
1565 3557 1750 3608 nosse,

125 3638 292 3690 solum
333 3638 532 3692 colere
571 3637 926 3708 proclamant
953 3638 1020 3703 ³⁸,
1056 3637 1304 3691 dicentes
1339 3653 1350 3690 :
1387 3657 1414 3686 ‹‹
1449 3635 1748 3689 Nabucho-

125 3730 362 3786 donosor
403 3748 532 3800 rex,
560 3747 676 3786 non
709 3748 850 3801 opus
886 3737 968 3786 est
1013 3731 1172 3784 nobis
1202 3730 1270 3785 de
1299 3730 1406 3784 hoc
1437 3729 1604 3783 verbo
1629 3745 1747 3783 res-

125 3826 364 3894 pondere
397 3825 524 3880 tibi.
561 3827 654 3880 Est
677 3825 828 3880 enim
865 3826 1031 3894 Deus,
1064 3825 1152 3879 cui
1194 3841 1293 3878 nos
1321 3824 1616 3888 servimus,
1647 3839 1747 3892 po-

1860 1852 2033 1906 tionis
2087 1852 2432 1922 implentes?
2475 1853 2554 1906 sic
2605 1856 2823 1924 septem
2874 1854 3076 1909 fratres
3122 1856 3179 1910 in
3229 1859 3502 1928 martyrio

1858 1946 2228 2013 cohaerentes,
2260 1949 2322 1999 ut
2351 1945 2520 2016 primi
2549 1947 2609 2000 in
2651 1947 3024 2016 dispositione
3059 1949 3250 2004 divina
3280 1959 3500 2021 septem

1859 2039 1980 2092 dies
2007 2055 2294 2093 annorum
2322 2040 2374 2074 ‘0
2402 2043 2620 2109 septem
2654 2040 2830 2093 millia
2861 2042 3240 2111 continentes,
3274 2050 3333 2097 ut
3365 2062 3496 2116 sep-

1855 2138 1970 2187 tem
2021 2133 2264 2202 Spiritus
2309 2137 2364 2186 et
2411 2135 2455 2168 ⁴¹
2509 2133 2694 2203 angeli
2741 2137 2962 2205 septem
2999 2135 3096 2206 qui
3136 2137 3405 2192 assistunt
3445 2143 3501 2193 et

1856 2235 2268 2284 conversantur
2313 2235 2446 2285 ante
2489 2231 2693 2286 faciem
2745 2234 2875 2301 Dei,
2933 2237 2990 2288 et
3030 2235 3275 2290 lucernae
3326 2238 3497 2308 septi-

1855 2323 2069 2378 formes
2120 2324 2180 2377 iu
2221 2324 2590 2378 tabernaculo
2634 2326 2911 2396 martyrii,
2951 2333 3005 2381 et
3047 2328 3104 2381 in
3148 2331 3496 2400 Apocalypsi

1855 2421 2073 2488 septem
2114 2417 2457 2471 candelabra
2495 2434 2688 2480 aurea,
2720 2423 2776 2473 et
2811 2420 2960 2490 apud
2997 2421 3362 2478 Salomonem
3396 2441 3493 2479 co-

1855 2511 2067 2564 lumnae
2121 2517 2376 2581 septem,
2425 2528 2597 2582 super
2641 2528 2779 2582 quas
2829 2513 3132 2569 mditicavit
3172 2516 3218 2554 ⁴²
3261 2517 3497 2572 domum

1856 2603 2146 2674 Sapientia
2195 2607 2398 2674 (Prov.,
2445 2621 2520 2670 ix,
2569 2609 2612 2675 l)
2664 2622 2676 2658 :
2731 2606 2809 2660 ita
2855 2613 2909 2661 et
2957 2608 3079 2662 istic
3119 2621 3337 2680 septem
3376 2611 3492 2666 fra-

1855 2701 2008 2752 trum
2036 2713 2333 2766 numerus,
2367 2699 2642 2753 Ecclesias
2673 2703 2894 2769 septem
2934 2702 3160 2756 numeri
3194 2704 3278 2756 sui
3307 2720 3492 2774 quan-

1853 2791 2017 2846 titate
2046 2791 2394 2862 complexus,
2429 2793 2740 2846 secundum
2771 2795 2922 2864 quod
2949 2795 3007 2848 in
3043 2795 3226 2865 primo
3264 2799 3488 2868 Regno-

1856 2901 1982 2939 rum
2016 2886 2160 2939 libro
2188 2885 2450 2955 legimus,
2485 2886 2976 2956 sterilemseptem
3000 2888 3288 2959 peperisse
3308 2891 3386 2958 (tt,
3413 2893 3490 2960 5).

1854 2979 1921 3032 Et
1949 2978 2102 3048 apud
2137 2977 2359 3044 Isaiam,
2401 2981 2620 3048 septem
2666 2981 2934 3034 mulieres
2972 2997 3150 3035 unum
3191 2983 3489 3039 hominem

1853 3072 2311 3142 apprehendunt,
2343 3073 2502 3142 cujus
2539 3072 2790 3126 invocari
2831 3090 3005 3143 super
3044 3091 3101 3128 se
3137 3092 3351 3131 nomen
3391 3096 3486 3133 ex-

1854 3171 2096 3234 poscunt
2135 3167 2282 3234 (Isa.,
2326 3182 2398 3230 1v,
2457 3167 2528 3233 t).
2559 3168 2624 3221 Et
2666 3167 2952 3236 apostolus
2992 3169 3216 3237 Paulus,
3247 3172 3345 3241 qui
3381 3173 3484 3226 hu-

1847 3259 1941 3328 jus
1983 3259 2227 3328 legitimi
2272 3259 2500 3312 numeri
2544 3265 2600 3314 et
2643 3260 2783 3313 certi
2824 3261 3110 3327 meminit,
3154 3263 3225 3316 ad
3265 3271 3486 3334 septem

1853 3353 2123 3407 Ecclesias
2167 3352 2382 3406 scribit.
2424 3354 2492 3406 Et
2529 3353 2584 3406 in
2622 3354 2953 3424 Apocalypsi
2992 3356 3049 3425 (I,
3095 3357 3270 3425 19-21)
3305 3359 3488 3413 Domi-

1853 3463 1958 3500 nus
2007 3447 2277 3500 maudata
2320 3463 2419 3499 sua
2463 3446 2657 3500 divina
2693 3452 2748 3500 et
2793 3453 3070 3519 prascepta
3119 3451 3372 3506 coelestia
3410 3454 3482 3506 ad

1853 3542 2070 3610 septem
2100 3539 2371 3594 Ecclesias
2400 3545 2456 3594 et
2484 3557 2680 3593 earum
2707 3542 2940 3610 angelos
2967 3541 3184 3612 dirigit,
3207 3544 3304 3614 qui
3333 3563 3484 3600 nunc

1852 3634 1975 3687 istic
2019 3634 2075 3687 in
2116 3634 2384 3688 fratribus
2428 3650 2701 3688 numerus
2746 3633 3066 3702 invenitur,
3112 3638 3177 3690 ut
3215 3653 3480 3693 consum-

1851 3728 2028 3781 matio
2065 3728 2317 3799 legitima
2353 3728 2708 3798 compleatur
2739 3729 2804 3781 ‘3.
2844 3728 2984 3782 Cum
3027 3733 3246 3799 septem
3294 3730 3482 3787 liberis

1853 3821 1909 3892 ι]
1929 3838 2016 3876 me
2052 3822 2348 3892 copulatur
2381 3825 2437 3876 et
2475 3824 2657 3876 mater
2697 3821 2858 3892 origo
2897 3825 2950 3877 et
2981 3823 3170 3891 radix;
3215 3841 3341 3895 qum
3381 3827 3479 3881 Ec-

1498 3980 1708 4044 Varia:
1765 3979 2101 4043 lectiones.

180 4109 218 4141 ³⁸
240 4110 428 4168 Exite,
462 4111 517 4158 in
549 4110 850 4160 solitudine
875 4115 960 4160 est.
997 4109 1122 4160 Bod.
1151 4115 1197 4158 3.
1266 4109 1308 4144 ’θ
1336 4110 1396 4158 In
1425 4107 1707 4157 cubilibus
1742 4110 1873 4156 Voss.
1899 4108 1942 4156 1.
2014 4106 2054 4138 ³ο
2084 4106 2222 4168 Quae
2256 4108 2368 4158 exit
2395 4107 2504 4158 ΝΟ.
2531 4109 2575 4169 1,
2604 4109 2652 4158 2.
2684 4107 2813 4158 Bod.
2841 4109 2887 4168 1,
2911 4109 2960 4158 2.
2995 4114 3041 4170 3,
3079 4112 3122 4156 4.
3156 4109 3481 4162 Coruscatio

125 4181 425 4240 procedens
451 4181 562 4229 Lin.
634 4182 670 4213 ³³
703 4182 786 4231 Sic
821 4183 909 4230 Ar.
956 4181 1079 4231 Bod.
1125 4182 1169 4239 l,
1191 4181 1240 4239 2,

1287 4184 1334 4235 3,
1371 4181 1401 4228 4
1445 4183 1620 4229 Benev.
1660 4179 1767 4226 Ver.
1837 4176 2052 4240 Corpus
2090 4177 2246 4238 lmpr.

122 4253 247 4300 "Sic
271 4254 419 4301 Lam.
457 4250 606 4299 Ebor.
639 4251 744 4301 ΝΟ.
777 4253 818 4300 1.
852 4251 971 4299 Berl.
1007 4251 1128 4306 1.2,
1154 4255 1198 4304 3,
1239 4252 1297 4300 ιη
1322 4254 1495 4300 Benev.
1540 4250 1646 4296 Ver.
1675 4248 2023 4298 tenebrescet
2069 4251 2230 4311 lmpr.

2318 4182 2354 4210 ³²
2409 4177 2915 4243 Congregabuntur
2946 4179 3071 4229 Bod.
3114 4181 3228 4242 2,3.
3267 4183 3478 4234 Tertull.

2333 4250 2371 4283 ³⁸
2396 4251 2589 4300 Ventis
2633 4251 2758 4300 coeli
2805 4253 2918 4299 Ver.
3011 4251 3056 4285 ³⁵
3090 4251 3379 4302 Pressuras
3423 4259 3482 4306 et

126 4325 402 4384 angustias
434 4321 560 4371 Bod.
594 4324 636 4371 1.
706 4321 744 4354 ³⁸
768 4323 1156 4372 lnfestantium
1200 4335 1393 4384 pcenes
1428 4323 1571 4370 Lam.
1607 4317 1758 4367 Ebor.
1803 4322 1924 4368 Ben.
1954 4319 2081 4369 Bod.
2124 4321 2168 4379 1,
2197 4320 2245 4374 2.
2271 4321 2320 4382 3,
2351 4322 2395 4371 4.
2465 4321 2507 4354 ⁴⁷
2525 4321 2833 4370 Dilectione
2865 4322 2966 4370 Dei
3005 4321 3128 4371 Bod.
3176 4324 3216 4372 1.
3287 4323 3326 4358 ³⁸
3348 4325 3479 4376 Pro-

126 4392 395 4441 clamabat
423 4392 547 4442 Bod.
571 4393 620 4451 2,
645 4393 692 4442 4,
762 4391 800 4426 ³³
825 4394 912 4442 Sic
957 4397 1098 4444 Lam.
1144 4392 1294 4442 Ebor.
1323 4393 1429 4442 ΝΟ.
1473 4396 1514 4442 1.
1543 4393 1666 4443 Bod.
1726 4395 1767 4442 1.
1791 4394 1840 4453 2,
1863 4398 1909 4450 3,
1939 4397 1984 4443 4.
2011 4395 2186 4444 Benev.
2243 4395 2351 4444 Ver.
2387 4397 2542 4446 Oxon.
2577 4395 2826 4445 Statuam
2875 4397 3034 4458 lmpr.
3100 4398 3142 4429 ⁴¹
3191 4399 3478 4451 Annorum

125 4469 325 4518 ratione
373 4469 512 4515 Lam.
544 4467 692 4514 Ebor.
728 4467 831 4517 ΝΟ.
870 4470 911 4516 1.
941 4468 1132 4516 Bod.2.
1202 4467 1244 4498 ⁴¹
1270 4467 1508 4531 Spiritus
1561 4473 1654 4517 aut
1699 4473 1877 4518 Benev.
1931 4471 2044 4518 Ver.
2113 4467 2155 4496 ⁴²
2209 4465 2466 4518 Ediﬁcat
2491 4469 2632 4516 Lam.
2665 4466 2789 4516 Berl.
2816 4466 2932 4526 1,2,
2958 4467 3004 4528 3,
3027 4468 3073 4516 4.
3139 4465 3182 4500 ⁸³
3216 4469 3484 4532 Legitime

127 4539 462 4603 compleatur
495 4540 636 4588 Lam.
673 4539 819 4588 Ebor.
850 4540 956 4590 ΝΟ.
995 4541 1036 4588 t.
1074 4539 1196 4589 Bod.
1243 4539 1288 4588 2.

1417 4675 1639 4756 Steph.
1700 4675 1943 4740 Baluzii
1989 4683 2182 4740 notae.

127 4798 170 4845 ei
222 4811 389 4861 quam
448 4797 729 4859 proferunt
782 4796 1102 4860 quindecim
1153 4799 1486 4861 exemplaria
1543 4790 2158 4861 vetera,Dtiochenum.

126 4868 176 4914 in
207 4869 410 4931 quibus
441 4870 709 4931 scriptum
741 4873 827 4918 est
865 4874 1127 4932 portenta.
1160 4870 1205 4917 ll
1250 4869 1441 4917 Esdrw
1481 4883 1602 4932 cap.
1639 4884 1697 4919 1x
1736 4886 1745 4917 :

127 4939 185 4985 Et
208 4939 395 4988 dedisti
421 4943 574 5001 signa
597 4946 755 5003 atque
780 4946 1022 5003 portenta
1058 4943 1112 4989 in
1145 4941 1435 4988 Pharaone.
1471 4942 1751 5002 Anonymi

127 5007 258 5058 liber
288 5010 352 5059 de
387 5012 766 5074 Rebaptz‘smate
792 5027 841 5073 p.
873 5011 966 5060 37:2
997 5026 1006 5058 :
1042 5010 1254 5060 Dabunt
1291 5011 1439 5072 signa
1479 5025 1674 5074 magna
1706 5017 1751 5060 et

125 5087 383 5138 portenta.

185 5153 281 5213 t3l)
336 5153 587 5201 Cadaver.
649 5153 916 5215 Quamvis
959 5154 1290 5204 vocabulum
1339 5168 1549 5217 corpus,
1601 5154 1750 5217 quod

129 5221 331 5273 habent
371 5229 599 5283 veteres,
645 5227 849 5288 optime
897 5231 1169 5287 congruat
1201 5225 1334 5276 huic
1375 5226 1524 5288 loco,
1555 5227 1752 5277 cedere

127 5299 304 5345 tamen
347 5310 510 5361 cogor
567 5298 881 5347 auctoritati
935 5297 1242 5348 octodecim
1291 5297 1557 5347 librorum
1613 5314 1752 5350 nos—

130 5371 374 5427 trorum,
429 5371 482 5418 et
545 5369 794 5432 quinque
863 5369 1300 5431 Anglicanorum
1336 5407 1348 5426 ,
1413 5371 1469 5419 in
1544 5371 1752 5434 quibus

130 5443 390 5502 scriptum
417 5444 496 5490 est
535 5440 775 5489 cadaver.
811 5440 879 5490 Et
917 5441 1103 5490 statim
1140 5441 1324 5504 plures
1365 5440 1493 5490 libri
1537 5447 1753 5492 veteres

133 5509 333 5560 habent
370 5512 827 5575 congregabantur
876 5527 974 5575 pro
1018 5512 1357 5576 colligentur.
1393 5512 1535 5562 Vide
1579 5513 1751 5563 Eras-

131 5595 276 5630 mum
301 5583 358 5631 in
388 5583 534 5632 hunc
563 5584 748 5633 locum
770 5585 1040 5636 Mattheei.

189 5653 290 5714 (35)
373 5654 713 5705 Tenebrescet.
775 5657 982 5706 Decem
1059 5654 1184 5703 libri
1261 5657 1477 5705 veteres
1544 5654 1754 5704 habent

134 5723 455 5776 tenebricabit
501 5727 589 5776 vel
630 5727 1046 5776 tenebricabitur.
1076 5726 1216 5777 Vide
1253 5730 1410 5777 notas
1458 5726 1752 5777 Frontonis

135 5795 321 5848 Ducaai
363 5797 415 5849 in
455 5798 754 5852 Homiliam
793 5798 1176 5864 Chrysostomi
1222 5798 1293 5851 ad
1332 5797 1590 5864 populum
1640 5799 1752 5851 Δη-

1913 4871 2013 4931 (36)
2076 4870 2197 4918 Cum
2255 4867 2377 4915 tuba
2428 4879 2647 4927 magna.
2697 4865 2952 4915 Sedecim
2991 4865 3119 4915 libri
3170 4870 3380 4918 veteres
3424 4872 3480 4919 et

1853 4944 2097 5005 antiquae
2142 4940 2413 4988 editiones
2461 4937 2664 4986 habent
2707 4951 2822 4986 cum
2856 4937 3042 4985 virtute
3068 4951 3252 5000 magna
3291 4945 3336 4988 et
3375 4941 3482 4989 cla-

1852 5015 2025 5063 ritate.
2075 5013 2353 5070 Erasmus,
2384 5015 2446 5058 ut
2475 5023 2624 5072 saepe
2662 5009 2780 5058 ﬁeri
2829 5007 2983 5068 solet,
3015 5009 3070 5056 in
3111 5023 3282 5058 unum
3324 5024 3480 5060 com-

1852 5087 2001 5148 pegit
2046 5083 2182 5131 duas
2234 5083 2502 5131 lectiones
2546 5084 2792 5129 veterum
2843 5079 3129 5138 librorum,
3168 5084 3221 5129 et
3271 5083 3477 5143 posuit,

1852 5169 1964 5204 cum
1997 5156 2190 5202 virtute
2222 5165 2417 5215 magna
2459 5157 2505 5200 et
2545 5151 2814 5207 claritate,
2850 5154 2894 5198 et
2938 5163 3052 5198 cuni
3100 5150 3222 5200 tuba
3261 5165 3478 5216 magna.

1855 5227 1945 5278 Sic
1973 5227 2140 5276 etiam
2168 5224 2465 5274 Morellius.
2511 5224 2671 5286 Angli
2702 5226 3009 5287 posuerunt
3047 5236 3233 5272 veram
3274 5224 3478 5276 lectio-

1852 5312 2000 5359 nem,
2032 5298 2128 5347 sed
2157 5297 2298 5346 nihil
2329 5297 2633 5346 attulerunt
2663 5309 2730 5345 ex
2766 5296 3176 5358 manuscriptis.

1915 5371 2012 5431 (37)
2067 5371 2372 5433 Imaginem.
2433 5373 2609 5420 Antea
2659 5369 2945 5432 legebatur
2987 5372 3227 5417 statuam.
3276 5369 3480 5433 Angli-

1854 5456 1992 5492 cana
2040 5441 2206 5491 editio
2256 5442 2441 5504 posuit
2468 5441 2765 5503 imaginem.
2795 5440 2874 5490 Ea
2914 5440 3079 5490 lectio
3114 5439 3277 5489 nobis
3312 5455 3476 5506 prOp-

1853 5517 1999 5563 terea
2073 5513 2249 5574 magis
2319 5512 2563 5575 placuit,
2635 5511 2766 5575 quia
2831 5511 2985 5560 illam
3041 5512 3358 5562 invenimus
3422 5514 3479 5561 in

1851 5584 2047 5647 viginti
2089 5583 2244 5632 libris
2290 5584 2494 5632 nostris
2530 5587 2580 5631 et
2622 5583 2677 5631 in
2717 5586 2926 5645 septem
2977 5583 3320 5646 Anglicanis,
3361 5587 3478 5631 tum

1853 5657 2018 5704 etiam
2059 5655 2188 5718 quia
2231 5654 2465 5704 habetur
2500 5654 2594 5703 lib.
2636 5667 2692 5703 Ill
2744 5655 3189 5712 Testimoniorum,
3241 5668 3359 5716 cap.
3401 5653 3485 5710 10,

1855 5725 2106 5778 Similem
2128 5726 2413 5776 historiam
2444 5726 2610 5776 refert
2639 5725 3023 5790 Philostratus,
3055 5725 3147 5776 lib.
3182 5735 3224 5785 ι,
3249 5736 3368 5785 cap.
3401 5721 3486 5784 l9,

1853 5798 1916 5850 de
1947 5797 2065 5853 Vita
2097 5796 2371 5865 Apollonii
2398 5797 2627 5863 Tyanaz’.
