3998 6194
485 244 585 299 695

1384 242 1437 327 ξ.
1479 241 1792 298 CYPRIANI
1832 241 2103 301 OPERUM
2145 244 2317 300 PARS
2355 244 2428 300 II.
2467 272 2536 286 --
2573 245 2939 303 OPUSCULA.

3698 259 3786 313 696

491 368 690 423 etesias
731 370 951 439 septem
989 364 1359 438 postmodum
1392 367 1632 437 peperit,
1682 365 1799 436 ipsa
1840 366 2026 437 prima
2066 371 2123 422 et
2143 384 2433 456 Agenere
2494 370 2603 423 isto
2673 369 2955 441 supplicii,
3015 369 3106 425 cui
3164 371 3395 443 contigit
3452 376 3681 432 extensis
3733 381 3797 437 ad

494 479 605 517 una
660 478 833 532 super
884 463 1119 515 Petrum
1158 461 1203 494 ⁸⁵
1244 460 1353 529 (38)
1403 459 1629 514 Domini
1678 476 1811 515 voce
1859 461 2119 516 fundata.

490 558 601 611 Nec
641 558 798 609 vacat
831 554 988 625 quod
1026 554 1084 608 in
1122 553 1480 625 passionibus
1517 554 1636 608 sola
1678 556 1724 588 ἐδ
1757 570 1887 609 eum
1929 553 2123 609 liberis

494 652 677 704 mater
701 653 784 703 est
816 664 830 700 :
862 653 1145 719 martyres
1172 647 1350 715 enim,
1383 648 1482 719 qui
1506 663 1564 702 se
1596 647 1696 701 Dei
1732 648 1875 702 ﬁlios
1901 648 1961 703 in
1989 664 2120 720 pas-

492 742 650 797 sione
698 745 1010 809 testantur,
1048 742 1170 812 jam
1220 758 1337 795 non
1378 740 1487 795 nisi
1526 742 1641 795 Deo
1685 747 1845 812 patre
1882 757 2120 797 censen-

490 841 614 901 tur;
654 836 795 890 sicut
839 836 898 889 in
928 834 1238 906 Evangelio
1274 835 1550 889 Dominus
1579 835 1760 900 docet,
1801 835 1995 889 dicens
2024 836 2071 869 ⁴⁶
2106 852 2119 889 :

495 929 687 1003 669
715 950 742 980 ‹‹
775 931 853 984 Ne
890 929 1226 984 vocaveritis
1261 929 1417 983 vobis
1456 933 1678 999 patrem
1717 930 1762 962 ‘7
1803 944 1973 999 super
2010 935 2120 983 ter-

493 1041 647 1093 ram,
698 1040 848 1078 unus
904 1027 991 1078 est
1049 1024 1204 1077 enim
1254 1025 1416 1077 Pater
1473 1027 1660 1076 vester
1714 1022 1809 1093 qui
1860 1022 1918 1075 in
1971 1022 2125 1076 caelis

492 1121 579 1172 est
619 1136 646 1169 »
703 1119 935 1187 (Matth,
979 1133 1130 1185 xxnl,
1174 1119 1245 1187 9).
1292 1118 1428 1180 Quae
1470 1132 1603 1170 vero
1645 1115 1951 1172 ediderunt
1990 1131 2121 1171 con-

491 1211 800 1267 fessionum
842 1212 1144 1283 praeconia,
1173 1226 1349 1281 quam
1385 1210 1675 1280 przeclara,
1704 1225 1879 1281 quam
1908 1226 2125 1281 magna

494 1308 837 1362 documenta
882 1305 1012 1361 ﬁdei
1060 1304 1455 1376 praebuerunt!
1511 1304 1630 1357 Rex
1683 1304 1992 1358 Antiochus
2030 1304 2122 1358 in-

491 1401 697 1468 festus,
755 1401 867 1454 imo
925 1400 982 1453 in
1043 1398 1320 1453 Antiocho
1373 1396 1741 1452 antichristus
1800 1414 2122 1468 expressus,

492 1512 592 1551 ora
636 1497 958 1564 martyrum
1004 1493 1247 1563 gloriosa
1288 1497 1343 1546 et
1382 1492 1586 1562 spiritu
1630 1492 1998 1546 confessionis
2033 1492 2123 1545 in-

488 1590 655 1656 victa,
688 1587 958 1657 contagio
972 1587 1022 1621 ‘3
1052 1586 1232 1640 suillae
1274 1586 1457 1640 carnis
1496 1586 1784 1639 maculare
1813 1584 2121 1656 quaerebat,

492 1687 549 1737 et
578 1698 710 1738 cum
739 1681 983 1752 ﬂagellis
1023 1681 1269 1751 graviter
1304 1679 1674 1745 verberasset,
1712 1695 1775 1732 ac
1809 1679 1951 1732 nihil
1990 1695 2119 1749 pro-

2222 478 2451 534 poenam
2503 462 2766 519 manibus
2820 464 3094 534 passionis
3149 464 3444 521 Dominicee
3481 467 3647 523 instar
3692 472 3800 527 imi-

2222 557 2348 611 tari.
2402 557 2512 611 Nec
2560 573 2678 611 non
2723 562 2779 612 et
2827 563 3085 629 quartus,
3134 560 3259 629 pari
3304 557 3502 616 virtute
3550 567 3802 622 tormenta

2224 656 2620 721 contemnens,
2642 658 2699 705 et
2716 651 2788 706 ad
2810 652 3238 708 retundendam
3260 670 3453 725 regem
3470 656 3666 712 ccelesti
3686 675 3801 715 voce

2224 745 2595 816 respondens,
2635 747 2970 801 exclamavit
3009 750 3067 801 et
3108 747 3252 801 dixit
3293 764 3306 801 :
3357 770 3383 797 ‹‹
3425 750 3602 804 Potius
3636 759 3711 808 est
3744 754 3802 809 ab

2225 839 2553 895 hominibus
2584 839 2753 895 morti
2790 840 2947 896 datos
2981 850 3307 912 exspectare
3338 858 3491 913 spem
3525 860 3556 897 a
3588 846 3691 900 Deo
3722 847 3806 902 ite-

2224 948 2370 998 rum,
2420 932 2489 987 ab
2532 949 2607 988 eo.
2634 934 2979 988 suscitandos
3017 935 3075 988 in
3113 935 3291 989 vitam
3316 936 3364 969 ⁵³
3395 940 3652 993 aeternam
3680 956 3693 993 :
3721 941 3807 995 tibi

2226 1026 2382 1081 enim
2432 1028 2769 1083 resurrectio
2813 1028 2883 1081 ad
2927 1028 3103 1083 vitam
3152 1045 3268 1083 non
3306 1029 3469 1084 erit»
3502 1031 3672 1101 (Ibid,
3716 1035 3805 1105 14).

2227 1120 2489 1187 Quintus,
2529 1126 2738 1192 praeter
2776 1122 2932 1192 quod
2974 1122 3365 1179 carniﬁcinam
3404 1125 3551 1194 regis
3578 1130 3629 1180 et
3665 1126 3808 1183 duros

2223 1214 2521 1286 variosque
2571 1214 2853 1270 cruciatus
2907 1216 3039 1271 ﬁdei
3095 1216 3288 1287 vigore
3341 1219 3387 1252 ⁵⁸
3445 1218 3704 1287 caleabat,
3749 1222 3808 1276 ad

2225 1309 2639 1380 praescientiam
2686 1326 2913 1381 quoque
2959 1314 3017 1364 et
3052 1310 3320 1366 notitiam
3367 1312 3678 1367 futurorum
3713 1314 3807 1386 spi-

2224 1403 2338 1458 ritu
2366 1403 2671 1459 divinitatis
2701 1404 3011 1472 animatus,
3043 1405 3413 1477 prophetavit
3434 1406 3555 1476 regi
3580 1407 3809 1479 indigna-

2225 1496 2440 1551 tionem
2469 1497 2568 1551 Dei
2590 1501 2648 1551 et
2673 1495 2947 1552 ultionem
2973 1499 3245 1554 velociter
3273 1502 3627 1554 secuturam:
3649 1499 3810 1574 9'70

2231 1610 2260 1639 ‹‹
2288 1591 2651 1657 Potestatem,
2674 1590 2883 1662 inquit,
2908 1592 3058 1647 inter
3078 1593 3345 1647 homines
3365 1593 3594 1663 habens,
3615 1610 3729 1648 eum
3749 1596 3811 1648 sis

2226 1683 2625 1755 corruptibilis,
2680 1685 2818 1738 facis
2873 1686 3026 1756 quod
3077 1687 3180 1741 vis.
3228 1687 3354 1742 Noli
3407 1693 3595 1742 autem
3640 1691 3814 1759 putare

487 1792 719 1831 movere
760 1774 1053 1847 potuisset,
1098 1773 1409 1844 sartagines
1438 1773 1607 1843 jussit
1648 1771 1818 1843 igniti
1859 1789 1872 1825 ε
1915 1762 2198 1842 quibusB
2225 1792 2401 1849 genus
2450 1781 2709 1832 nostrum
2737 1795 2769 1832 a
2796 1780 2906 1833 Deo
2952 1779 3289 1835 derelictum
3335 1797 3476 1837 esse.
3522 1781 3728 1836 Sustine
3768 1788 3815 1836 et

486 1871 683 1942 ignitis
720 1875 777 1924 et
825 1867 1094 1935 accensis,
1134 1884 1267 1921 eum
1315 1866 1413 1937 qui
1462 1866 1681 1936 primus
1728 1866 1951 1920 locutus
1989 1865 2114 1919 fue-

486 1968 594 2031 rat,
636 1968 693 2017 et
734 1962 916 2033 magis
960 1978 1155 2031 regem
1190 1962 1236 1995 ‘9
1264 1960 1485 2014 virtutis
1532 1964 1590 2013 et
1628 1959 1760 2014 ﬁdei
1798 1959 2120 2013 constantia

486 2060 922 2129 provocaverat,
982 2054 1276 2110 admoveri
1328 2054 1599 2125 praecepit
1654 2058 1710 2107 et
1760 2052 1926 2123 frigi,
1982 2069 2116 2123 pro-

485 2154 653 2208 ducta
722 2155 781 2205 et
844 2154 1070 2205 exsecta
1143 2149 1299 2220 prius
1361 2148 1592 2218 lingua,
1660 2163 1788 2217 quae
1863 2146 2120 2200 confessa

485 2248 665 2302 Deum
716 2245 933 2313 fuerat;
981 2243 1130 2315 quod
1179 2242 1415 2312 martyri
1467 2239 1769 2310 gloriosius
1816 2238 2058 2309 contigit
2101 2256 2113 2292 :

484 2342 684 2412 lingua
720 2339 874 2395 enim
917 2338 1170 2393 confessa
1206 2351 1421 2390 nomen
1466 2334 1585 2401 Dei,
1627 2333 1784 2405 prior
1829 2333 1899 2387 ad
1940 2334 2116 2387 Deum

486 2435 683 2490 debuit
731 2434 850 2505 ipsa
903 2431 1198 2503 proﬁcisci.
1252 2431 1380 2484 Post
1437 2429 1497 2483 in
1547 2428 1792 2483 secundo
1844 2428 1892 2461 ⁵ο
1947 2443 2115 2481 exco-

486 2529 677 2601 gitatis
720 2526 1031 2581 acrioribus
1079 2525 1279 2595 poenis,
1328 2528 1635 2593 antequam
1680 2527 1883 2576 caetera
1931 2537 2112 2575 mem-

483 2623 588 2677 bra
627 2626 940 2691 torqueret,
970 2626 1157 2674 cutem
1194 2617 1393 2689 capitis
1424 2633 1556 2671 cum
1595 2615 1813 2686 capillis
1846 2614 2113 2681 detraxit,

487 2718 619 2772 odio
664 2715 877 2770 scilicet
923 2719 1100 2768 certo.
1144 2715 1286 2767 Nam
1328 2727 1462 2765 cum
1504 2714 1675 2781 caput
1713 2709 1821 2763 viri
1862 2709 2115 2765 Christus

486 2811 579 2879 sit,
623 2813 680 2865 et
722 2812 892 2880 caput
934 2807 1139 2862 Christi
1183 2808 1357 2873 Deus;
1403 2804 1503 2875 qui
1548 2807 1719 2875 caput
1760 2803 2012 2857 laniabat
2057 2803 2115 2856 in

484 2909 756 2975 martyre,
799 2904 975 2957 Deum
1013 2907 1069 2956 et
1106 2900 1394 2957 Christum
1433 2897 1881 2969 persequebatur
1919 2898 1978 2951 in
2017 2913 2109 2951 ca-

481 2998 622 3070 pite.
670 3000 741 3051 At
782 2996 877 3051 ille
915 2998 976 3050 in
1012 2993 1285 3065 martyrio
1321 3010 1422 3046 suo
1462 2992 1646 3046 ﬁdens
1690 2992 1735 3025 δι
1760 3033 1772 3057 ,
1822 2996 1882 3044 et
1924 3008 2114 3045 resur-

483 3090 751 3147 rectionis
818 3091 921 3144 sibi
984 3089 1288 3160 praemium
1352 3087 1421 3141 de
1480 3085 1581 3139 Dei
1646 3085 2113 3140 remuneratione

484 3186 848 3259 promittens,
902 3183 1234 3238 exclamavit
1285 3184 1341 3235 et
1392 3180 1530 3234 dixit
1585 3196 1598 3234 :
1656 3200 1685 3227 «
1740 3181 1820 3232 Tu
1882 3178 2115 3250 quidem

483 3281 774 3351 impotens
815 3278 860 3311 5'3
902 3278 1009 3347 (39)
1043 3293 1107 3330 ex
1150 3275 1256 3330 hac
1298 3274 1566 3346 praesenti
1602 3274 1715 3328 vita
1750 3290 1856 3327 nos
1894 3272 2111 3344 perdis;

483 3375 579 3428 sed
625 3372 827 3427 mundi
876 3388 968 3425 rex
1015 3370 1311 3424 defunctos
1342 3386 1442 3423 nos
1485 3385 1587 3438 pro
1628 3368 1746 3421 suis
1790 3367 2016 3437 legibus
2056 3367 2115 3420 in

487 3472 762 3523 aeternam
806 3464 934 3519 vitae
973 3464 1451 3519 resurrectionem
1486 3462 1777 3515 suscitabit
1816 3485 1843 3511 ››
1889 3463 1954 3532 (ll
1996 3463 2114 3516 Ma-

487 3563 660 3624 chab.,
730 3578 821 3628 v11,
891 3562 964 3628 9).
1030 3558 1250 3612 Tertius
1310 3557 1561 3627 linguam
1627 3556 1948 3626 postulatus
2008 3554 2116 3610 cito

488 3656 725 3730 protulit
764 3673 777 3709 :
826 3671 958 3708 nam
998 3669 1229 3724 poenam
1274 3652 1485 3721 linguae
1525 3650 1853 3703 exsecandas
1881 3650 2001 3719 jam
2029 3650 2114 3702 di-

489 3752 706 3806 dicerat
752 3768 785 3804 a
814 3750 989 3804 fratre
1034 3752 1433 3811 contemnere;
1479 3760 1679 3797 manus
1724 3760 1951 3814 quoque
1993 3759 2113 3796 am-

486 3844 768 3917 putandas
842 3844 1169 3898 constanter
1242 3837 1521 3905 extendit,
1600 3836 1846 3892 multum
1920 3836 2118 3890 beatus

2135 3132 2189 3208 C

2218 1870 2345 1925 vide
2396 1886 2670 1942 magnam
2714 1875 3055 1942 potestatem
3094 1874 3141 1908 ⁵⁵
3183 1875 3330 1946 ejus,
3395 1875 3631 1947 qualiter
3677 1880 3727 1929 te
3771 1880 3816 1930 et

2219 1980 2415 2019 semen
2447 1965 2738 2037 torquebit
2763 1988 2792 2016 »
2823 1968 3011 2038 (Ibid.,
3044 1968 3154 2038 16).
3191 1968 3373 2032 Quale
3402 1968 3535 2023 illud
3559 1970 3811 2023 levamen-

2218 2061 2343 2112 tum
2375 2058 2484 2112 fuit
2516 2060 2752 2131 martyri
2776 2061 2844 2129 ⁵⁸,
2874 2077 3045 2131 quam
3077 2063 3289 2133 grande
3327 2062 3439 2132 (4-0)
3475 2062 3740 2132 solatium,
3766 2062 3815 2116 iu

2218 2151 2558 2207 cruciatibus
2615 2154 2728 2208 suis
2781 2171 2897 2209 non
2952 2158 3240 2210 tormenta
3288 2156 3522 2227 propria
3570 2156 3814 2228 cogitare,

2219 2246 2313 2300 sed
2376 2246 2612 2302 tortoris
2673 2248 2759 2302 sui
2824 2248 3098 2320 supplicia
3164 2248 3510 2321 praedicare!
3574 2251 3631 2304 lu
3685 2254 3816 2304 sexto

2217 2355 2348 2394 vero
2378 2356 2493 2394 non
2522 2340 2698 2395 virtus
2741 2342 2883 2409 sola,
2926 2343 3022 2398 sed
3064 2346 3122 2397 et
3160 2343 3457 2400 humilitas
3492 2342 3817 2416 praedicanda

2217 2438 2329 2501 est;
2362 2434 2504 2488 nihil
2547 2434 2653 2489 sibi
2693 2439 3007 2507 martyrem
3044 2436 3377 2501 vindicasse,
3419 2454 3523 2492 nec
3559 2436 3815 2492 confessio~

2218 2527 2305 2580 nis
2350 2544 2467 2581 suae
2508 2528 2790 2584 honorem
2830 2530 3086 2600 superbis
3110 2531 3342 2586 vocibus
3381 2532 3814 2603 ventilasse,pec-

2216 2620 2352 2675 catis
2418 2622 2609 2692 potius
2665 2623 2781 2677 suis
2844 2623 3226 2695 adscripsisse,
3279 2626 3440 2698 quod
3501 2625 3813 2697 persecutio-

2214 2730 2347 2769 nem
2398 2732 2430 2768 a
2482 2732 2621 2787 rege
2686 2719 3007 2786 pateretur;
3066 2721 3175 2774 Deo
3238 2736 3373 2774 vero
3437 2720 3645 2775 dedisse
3689 2720 3815 2790 quod

2214 2809 2583 2880 postmodum
2650 2811 3048 2866 vindicaretur.
3110 2813 3310 2867 Docuit
3379 2831 3501 2869 esse
3574 2815 3815 2883 martyres

2213 2903 2591 2973 verecundos,
2624 2904 2694 2958 de
2730 2906 2952 2960 ultione
2991 2906 3188 2974 ﬁdere,
3217 2913 3273 2962 et
3310 2909 3455 2962 nihil
3490 2909 3548 2962 in
3586 2906 3814 2979 passione

2208 2997 2421 3067 jactare
2459 3012 2471 3051 :
2517 2998 2721 3066 «Noli,
2768 2999 2977 3070 inquit,
3022 3000 3234 3055 frustra
3279 3018 3514 3057 errare:
3550 3019 3643 3055 nos
3688 3000 3817 3055 enim

2213 3090 2453 3157 propter
2499 3088 2882 3158 nosmetipsos
2935 3090 3058 3144 haec
3105 3090 3394 3161 patimur,
3451 3094 3731 3162 peccantes
3770 3089 3817 3141 in

2216 3180 2397 3234 Deum
2430 3185 2709 3236 nostrum.
2742 3183 2824 3236 Tu
2851 3186 3064 3251 autem,
3099 3200 3169 3237 ne
3209 3189 3265 3238 te
3297 3184 3587 3239 existimes
3610 3185 3816 3254 impune

2215 3272 2324 3344 (41)
2345 3274 2603 3328 futurum
2626 3276 2695 3343 ⁵⁷,
2720 3292 3022 3347 aggressus
3044 3294 3299 3349 pugnare
3327 3295 3460 3333 cum
3484 3279 3590 3333 Deo
3610 3300 3637 3329 »
3658 3277 3813 3347 (Ibid,

2220 3368 2328 3435 18).
2382 3367 2742 3422 Admirabilis
2792 3387 3023 3441 quoque
3079 3374 3282 3439 mater,
3337 3389 3466 3444 quae
3528 3388 3627 3426 nec
3679 3386 3815 3424 sexus

2216 3460 2555 3516 inﬁrmitate
2583 3464 2783 3531 fracta,
2806 3480 2912 3518 nec
2944 3465 3241 3537 multiplici
3270 3466 3514 3522 orbitate
3541 3471 3815 3530 commota,

2218 3555 2527 3609 morientes
2580 3556 2787 3612 liberos
2838 3560 3110 3629 spectavit
3164 3559 3445 3629 libenter,
3496 3577 3595 3615 nec
3648 3574 3813 3629 poenas

2215 3649 2345 3702 illas
2374 3650 2707 3720 pignorum,
2727 3652 2820 3706 sed
2852 3652 3058 3723 glorias
3090 3655 3462 3724 computavit,
3488 3660 3601 3708 tam
3631 3651 3816 3723 grande

2217 3744 2556 3814 martyrium
2589 3746 2699 3798 Deo
2728 3746 2992 3816 praebens
3026 3746 3236 3802 virtute
3271 3750 3567 3803 oculorum
3596 3761 3815 3811 suorum,

2217 3852 2391 3907 quam
2442 3838 2802 3909 praebuerant
2846 3838 2945 3894 ﬁlii
2993 3841 3115 3911 ejus
3145 3842 3453 3898 tormentis
3496 3846 3553 3897 et
3590 3839 3816 3913 passione

1877 3982 2084 4047 Variae
2127 3981 2464 4046 lectiones.

546 4130 588 4161 “
623 4127 709 4176 Sic
742 4128 888 4176 Lam.
922 4127 1040 4174 Voss
1081 4124 1126 4171 1.
1151 4122 1261 4173 Li'n.
1285 4121 1417 4182 Nup.
1450 4119 1575 4182 Imp.
1600 4117 1779 4182 Super
1799 4118 2009 4181 petram
2033 4117 2172 4177 Spir.
2196 4116 2387 4163 lanam.
2422 4117 2584 4165 Remb.
2621 4118 2818 4166 Erasm.
2848 4118 3028 4167 Morel.
3059 4120 3213 4170 Grav.
3236 4121 3363 4169 Fax.
3431 4120 3473 4153 ⁸⁵
3499 4115 3819 4169 Passionibus

478 4199 744 4249 solatium
778 4194 901 4244 Bod.
928 4195 974 4245 4.
1041 4191 1086 4225 ιθ
1133 4191 1406 4241 Dominus
1438 4190 1685 4252 loquitur
1717 4186 1908 4237 dicens
1934 4188 2072 4236 Lam.
2120 4186 2269 4234 Ebur.
2308 4187 2429 4235 Bod.
2457 4187 2503 4236 2.
2571 4187 2614 4223 1⁷
2634 4189 2713 4239 Νθ
2744 4188 3071 4240 vocaveritis
3096 4195 3312 4253 patrem
3366 4189 3518 4240 Ebor.
3584 4188 3627 4222 ⁴⁶
3647 4187 3820 4238 Conta-

490 4270 654 4333 gione
683 4268 795 4317 Lin.
868 4264 889 4295 ⁴
924 4263 1115 4326 ’Magis
1140 4262 1277 4311 iram
1306 4260 1450 4323 regis
1488 4259 1623 4333 Bod.
1645 4259 1692 4309 3.
1760 4257 1889 4333 {In
1921 4257 2463 4333 seepn-dum__Voss.‘1
2531 4259 2573 4333 ‘f
2597 4261 2658 4333 In
2687 4262 2955 4325 martyrio
2981 4275 3084 4311 suo
3114 4262 3271 4311 fortis
3318 4261 3443 4333 Bod.
3474 4263 3534 4333 1._
3585 4262 3624 4294 ⁵³
3649 4259 3819 4307 Potens

486 4328 611 4390 Ded.
633 4339 681 4387 2.
751 4340 791 4369 ⁵³
814 4337 873 4384 In
902 4336 1072 4384 vitam
1090 4336 1352 4384 mternam
1394 4333 1564 4379 omz'tt.
1597 4332 1739 4381 Lam.
1762 4329 1919 4380 Ebur.
1953 4328 2055 4380 ΝΟ.
2087 4329 2129 4377 1.
2157 4328 2206 4376 2.
2243 4329 2377 4376 Voss.
2409 4328 2456 4385 1,
2480 4333 2524 4377 3.
2552 4332 2671 4380 Bod.
2713 4334 2760 4391 1,
2780 4333 2828 4388 2,
2861 4337 2910 4392 3,
2936 4334 2976 4381 ι.
3008 4334 3132 4382 Ben.
3177 4336 3291 4383 Ver.
3368 4332 3411 4367 ⁵⁸
3439 4331 3574 4382 Fide
3592 4334 3643 4380 et
3659 4330 3819 4393 vigore

492 4410 612 4458 Red.
642 4410 687 4458 2.
758 4409 799 4441 ⁵⁵
830 4407 1027 4470 Magna
1055 4407 1300 4468 potestas
1319 4404 1461 4452 Lam.
1490 4402 1637 4450 Ebor.
1677 4400 1782 4449 ΝΟ.
1811 4401 1853 4449 1.
1892 4401 2024 4448 Voss.
2058 4401 2100 4448 1.
2128 4399 2223 4447 Lin
2272 4396 2399 4447 Bod.
2434 4400 2542 4459 1,2.
2571 4403 2741 4452 Benev.
2777 4406 2889 4455 Ver.
2959 4402 2999 4437 ⁵⁸
3022 4404 3276 4467 Martyris
3296 4407 3391 4455 Ar.
3458 4403 3500 4438 ⁵⁷
3515 4401 3819 4467 Impunitum

492 4485 764 4538 futurum.
792 4484 914 4534 Lam
930 4479 1085 4532 Ebor.
1102 4478 1211 4530 ΝΟ.
1238 4480 1284 4534 1,
1308 4477 1355 4527 2.
1382 4476 1507 4527 Bod.
1532 4476 1579 4533 1,
1605 4474 1654 4530 2,
1676 4473 1724 4534 3,
1753 4475 1799 4523 4.
1826 4474 1937 4524 Lin.
1976 4473 2110 4522 Voss.
2142 4472 2247 4531 1,2.
2276 4473 2456 4524 Benev.
2495 4474 2606 4522 Ver.

1801 4624 2023 4707 Steph.
2069 4622 2313 4687 Baluzii
2360 4629 2559 4688 notm.

554 4776 647 4841 (38)
699 4776 871 4836 Super
919 4773 1141 4822 Petrum.
1180 4767 1469 4841 rRigaltius
1512 4764 1775 4815 admonet
1822 4763 1878 4813 in
1930 4761 2122 4841 codice

492 4832 789 4898 Foxiensi'
827 4844 1094 4907 scriptum
1166 4840 1339 4889 fuisse
1411 4850 1571 4900 super
1644 4841 1884 4899 petram,
1958 4832 2125 4907 idque

491 4922 669 4970 semet
720 4905 1049 4979 inspexisse,
1104 4911 1203 4962 sed
1256 4922 1484 4960 manum
1541 4908 1929 4967 recentiorem,
1986 4905 2126 4979 anti-

492 5005 660 5055 quam
716 4971 919 5047 tamen,
972 4971 1192 5034 duobus
1238 4982 1501 5032 obeliscis
1549 4979 1937 5055 perstrinxisse
1984 4991 2018 5024 α
2055 4971 2129 5055 ‘et

490 5049 910 5125 superposuisse
952 5072 1001 5105 u.
1039 5058 1111 5106 At
1153 5068 1281 5105 cum
1328 5067 1428 5117 ego
1465 5052 1615 5102 istud
1665 5065 1776 5101 non
1820 5049 2127 5125 invenerim

492 5120 579 5185 in_
610 5120 806 5183 codice
863 5127 1145 5189 Fuxiensi,
1196 5130 1394 5189 putare
1447 5139 1613 5187 cogor
1666 5122 1968 5187 Rigaltium
2022 5120 2128 5170 alio

492 5206 771 5253 intentum
846 5199 1101 5263 posuisse
1174 5197 1453 5246 Foxiense
1523 5208 1623 5258 pro
1698 5193 1939 5257 quodam
2021 5192 2128 5241 alio

494 5273 873 5335 manuscripto
921 5272 978 5320 in
1032 5282 1144 5333 quo
1194 5268 1250 5317 id
1303 5268 1607 5316 invenerat.
1660 5266 1721 5313 In
1770 5264 2129 5327 Seguieriano

498 5346 766 5408 scriptum
800 5344 982 5405 primo
1026 5340 1128 5389 fuit
1158 5352 1318 5402 super
1355 5343 1578 5400 petram,
1605 5336 1701 5386 sed
1733 5341 1919 5399 postea
1954 5335 2130 5399 posita

495 5420 580 5467 est
623 5415 930 5478 antiquitus
968 5413 1149 5462 littera
1188 5425 1218 5457 u
1265 5423 1432 5473 super
1474 5409 1712 5459 litteram
1755 5423 1806 5463 a,
1840 5411 1898 5457 ut
1937 5411 2129 5457 osten-

495 5489 717 5537 deretur
764 5482 1064 5548 legendum
1122 5495 1242 5531 esse
1300 5482 1524 5530 Petrum.
1569 5479 1771 5530 Contra
1824 5480 1879 5527 in
1937 5478 2128 5548 codice

496 5547 837 5610 Fossatensi
871 5556 1140 5617 scriptum
1186 5554 1365 5617 primo
1405 5552 1507 5601 fuit.
1552 5565 1710 5615 super
1759 5553 1986 5608 Petrum,
2031 5547 2129 5598 sed

494 5634 685 5695 postea
735 5627 1093 5680 emendatum
1160 5630 1245 5675 est
1308 5625 1619 5688 antiquitus
1679 5636 1839 5686 super
1899 5626 2124 5695 petram.

497 5694 685 5753 Codex
739 5701 1009 5750 Thuanus
1048 5702 1101 5749 et
1148 5698 1242 5748 alii
1282 5701 1405 5747 octo
1448 5696 1661 5745 habent
1699 5706 1857 5757 super
1895 5694 2125 5742 Petrum.

493 5774 613 5837 Ego
643 5787 754 5823 non
793 5772 986 5823 dubito
1026 5772 1161 5835 quin
1205 5769 1502 5833 legendum
1543 5768 1632 5824 sit,
1664 5767 1890 5822 Petrum,
1923 5777 2127 5828 quam-

493 5848 576 5899 vis
621 5844 814 5897 decem
864 5844 988 5895 libri
1044 5846 1263 5894 veteres
1310 5843 1359 5887 et
1414 5838 1564 5888 editi.
1624 5837 1859 5886 habeant
1912 5842 2145 5900 petram,

2287 4760 2381 4823 (39)
2443 4763 2717 4823 lmpotens.
2766 4762 2927 4812 Hanc
2985 4761 3278 4811 lectionem
3339 4761 3522 4811 intulit
3570 4759 3813 4809 Erasmus.

2228 4830 2573 4882 Conﬁrmant
2597 4837 2783 4883 autem
2828 4847 2951 4884 eam
2980 4834 3167 4896 plures
3205 4833 3333 4883 libri
3373 4838 3586 4884 veteres
3622 4834 3672 4881 et
3704 4839 3817 4877 usus

2227 4903 2439 4953 Lat-inae
2486 4904 2710 4967 linguae.
2769 4905 3097 4969 Impstentia
3150 4905 3427 4968 signiﬁcat
3476 4904 3635 4952 nimis
3682 4898 3816 4948 vebe'

2228 4978 2469 5025 mentem
2501 4978 2826 5038 potentiam,
2857 4980 2911 5024 et
2937 4976 3092 5026 velut
3120 4978 3472 5038 tyrannicum
3500 4975 3643 5025 illius
3660 4982 3814 5021 nsum.

2231 5047 2471 5107 Quidam
2522 5046 2647 5096 libri
2698 5053 2911 5097 veteres
2953 5051 3007 5096 et
3051 5049 3294 5110 antiquas
3340 5048 3624 5104 editiones,
3676 5042 3817 5091 etiam

2230 5117 2569 5180 Morelliana,
2597 5118 2747 5182 quod
2795 5120 2996 5168 mirum
3035 5122 3135 5178 est,
3177 5119 3480 5182 praeferunt
3506 5117 3629 5181 quia
3667 5117 3817 5176 potens

2229 5201 2296 5236 es.
2328 5188 2467 5237 Vide
2497 5188 2826 5237 Lambinum
2854 5188 2922 5238 ad
2952 5189 3243 5238 Horatium
3271 5190 3363 5239 lib.
3399 5203 3434 5249 ι,
3466 5188 3551 5238 od.
3576 5188 3647 5237 37.

2291 5260 2390 5321 (40)
2422 5260 2587 5320 Quam
2631 5274 2899 5323 magnum.
2932 5260 3340 5311 Revocavimus
3378 5260 3499 5311 haec
3536 5258 3639 5308 duo
3680 5266 3816 5304 voca-

2230 5328 2379 5390 bula,
2410 5344 2535 5395 quas
2581 5332 2903 5382 exciderant
2933 5333 2990 5381 in
3033 5332 3274 5382 editione
3306 5332 3542 5397 Rigaltii,
3568 5333 3617 5379 et
3644 5326 3816 5397 omissa

2230 5406 2360 5452 sunt
2405 5393 2459 5452 in
2502 5405 2827 5467 Anglicana.
2861 5403 2960 5453 Illa
3008 5404 3158 5453 enim
3204 5393 3468 5454 exhibent
3496 5413 3677 5453 omnes
3713 5393 3816 5446 libri

2230 5477 2441 5525 veteres
2464 5481 2515 5525 et
2536 5476 2785 5540 antiqum
2816 5474 3101 5526 editiones.

2290 5547 2384 5609 (11)
2439 5548 2775 5609 lmpunitum.
2836 5548 2913 5596 lta
2967 5549 3181 5597 veteres
3244 5547 3510 5596 editiones
3550 5547 3599 5594 et
3645 5549 3812 5591 omnes

2228 5618 2341 5669 fere
2372 5618 2495 5667 libri
2528 5624 2740 5669 veteres
2786 5617 3052 5668 Erasmus
3084 5621 3319 5669 mutavit
3344 5622 3394 5668 et
3419 5615 3581 5667 edidit
3615 5614 3811 5675 impune-

2230 5690 2369 5752 Quse
2451 5704 2587 5741 sane
2667 5690 2832 5747 lectio
2910 5695 3091 5741 exstat
3164 5694 3221 5740 in
3301 5687 3622 5756 quibusdam
3682 5681 3811 5733 libris

2227 5760 2527 5812 veteribus.
