3998 6194
253 202 332 256 697
1338 197 1425 253 AD
1464 198 1915 257 FORTUNATUM
1953 200 2044 257 DE
2081 202 2449 261 MARTYRIO.

3467 217 3568 273 698

247 324 605 383 membrorum
636 340 650 379 :
681 337 809 379 cum
850 338 947 379 sex
964 324 1008 368 ⁵ο
1048 322 1274 395 punitis‘
1306 326 1365 378 et
1406 326 1600 380 occisis
1629 343 1832 398 super-
1858 328 2206 415 Afratribus
2251 331 2363 386 tuis
2407 337 2463 386 te
2504 334 2776 407 recipiam
2829 358 2855 387 »
2904 338 2972 409 (ll
3016 340 3285 409 Machab.,
3330 357 3425 411 vn,
3453 345 3561 413 '28).

247 425 364 477 esset
413 435 562 473 unus
615 434 685 473 ex
734 418 1025 487 fratribus,
1072 417 1162 472 cui
1210 435 1308 473 rex
1354 418 1579 475 divitias
1619 423 1678 475 et
1730 438 1833 492 po-

245 518 463 570 tentatus
505 518 561 568 et
609 513 795 568 multa
848 512 1243 584 pollicebatur,
1280 516 1342 568 ut
1366 514 1674 570 crudelitas
1713 515 1836 586 ejus

244 626 293 663 ac
334 606 518 662 feritas
566 606 652 662 vel
698 607 866 661 unius
919 606 1133 661 subacti
1183 608 1379 663 solatio
1425 608 1730 679 foveretur,
1781 613 1838 664 et

240 706 427 775 peteret
470 705 532 755 ut
575 701 647 755 ad
684 700 867 755 filium
896 701 1276 772 dejiciendum
1322 717 1516 757 secum
1564 701 1833 775 depreca-

239 799 373 852 retur
398 798 457 849 et
482 798 704 862 mater;
735 795 1038 866 deprecata
1069 800 1155 850 est
1196 795 1313 859 illa,
1367 797 1462 851 sed
1503 799 1567 851 ut
1598 796 1837 853 decebat

236 892 530 961 martyrum
582 892 849 957 matrem,
901 893 961 944 ut
1004 888 1237 945 decebat
1278 890 1420 961 legis
1470 894 1526 946 et
1569 890 1669 946 Dei
1711 907 1833 947 me-

236 998 454 1049 morem,
499 987 564 1037 ut
617 981 851 1037 decebat
903 982 1052 1037 ﬁlios
1101 999 1232 1038 suos
1280 1000 1395 1039 non
1446 983 1681 1040 delicate
1737 986 1834 1040 sed

229 1076 431 1133 fortiter
489 1076 844 1148 diligentem.
906 1077 1213 1148 Deprecata
1267 1083 1351 1133 est
1406 1078 1585 1148 enim,
1630 1078 1728 1133 sed
1775 1081 1838 1133 ut

230 1172 383 1226 Deum
429 1170 797 1226 conﬁteretur
840 1186 854 1225 :
898 1170 1200 1242 deprecata
1252 1176 1339 1227 est
1374 1187 1445 1227 ne
1495 1189 1529 1226 a
1564 1172 1835 1227 fratribus

228 1265 329 1320 suis
390 1264 574 1319 frater
642 1263 701 1319 in
760 1266 1043 1321 consortio
1112 1265 1298 1321 laudis
1360 1270 1418 1321 et
1474 1266 1673 1338 glorias
1746 1281 1831 1322 se-

228 1363 503 1431 pararetur
554 1376 568 1413 :
616 1364 750 1413 tunc
797 1375 855 1413 se
911 1366 1131 1431 septem
1199 1359 1450 1415 ﬁliorum
1500 1364 1835 1433 computans

226 1458 470 1520 matrem,
504 1453 549 1507 si
575 1451 682 1507 sibi
713 1453 1073 1525 contingeret
1121 1453 1268 1508 ﬁlios
1316 1459 1536 1525 septem
1585 1456 1702 1510 Deo
1731 1473 1828 1527 po-

224 1548 322 1601 tius
344 1546 632 1618 peperisse
654 1547 724 1616 ”,
753 1564 870 1602 non
921 1548 1149 1603 saeculo.
1196 1552 1436 1603 Armans
1475 1549 1667 1621 itaque
1696 1567 1829 1605 eum

223 1646 269 1696 et
292 1641 684 1710 corroborans,
714 1647 770 1697 et
794 1641 1043 1697 feliciore
1074 1646 1211 1697 tunc
1243 1645 1413 1714 partu
1439 1643 1621 1698 filium
1649 1660 1825 1715 gene-

1936 425 2137 494 Magna
2160 424 2283 479 laus
2313 426 2514 480 matris
2545 427 2601 481 in
2622 429 3012 486 exhortatione
3038 433 3283 504 virtutis,
3315 436 3411 492 sed
3436 453 3559 491 ma-

1930 517 2027 588 jor
2053 517 2112 571 in
2141 519 2243 573 Dei
2287 519 2493 575 timore
2520 525 2578 576 et
2602 521 2661 576 in
2695 523 2830 579 ﬁdei
2874 526 3106 582 veritate
3128 529 3197 596 ⁸³,
3241 530 3393 601 quod
3419 531 3564 585 nihil

1938 610 2063 675 sibi,
2110 618 2208 666 aut
2255 612 2391 680 ﬁlio,
2434 614 2503 668 de
2538 631 2634 670 sex
2675 621 2992 689 martyrum
3029 621 3244 676 honore
3278 624 3560 694 promisit,

1936 720 2043 759 nec
2096 706 2340 761 fratrum
2392 723 2626 779 precem
2678 710 3037 780 profuturam
3081 714 3318 770 credidit
3350 717 3423 771 ad
3463 734 3561 772 ne-

1937 799 2121 869 gantis
2163 801 2273 872 (43)
2318 802 2598 857 salutem:
2630 806 2910 874 persuasit
2953 807 3141 878 potius
3185 808 3293 881 (44)
3322 812 3555 882 partici-

1935 909 2070 964 pem
2125 894 2402 966 passionis
2451 896 2594 966 ﬁeri,
2639 901 2705 952 ut
2750 899 2811 953 in
2850 899 3050 971 judicii
3097 902 3187 957 die
3213 908 3404 974 posset
3430 921 3561 960 cum
3602 893 3610 901 ’

1934 988 2206 1044 fratribus
2247 990 2515 1046 inveniri.
2558 993 2812 1047 Posthcec
2859 994 3052 1050 liberis
3089 996 3205 1050 suis
3229 997 3277 1033 ⁸³
3304 1013 3557 1054 commo-

1934 1082 2080 1137 ritur
2101 1087 2159 1138 et
2198 1088 2414 1152 mater;
2462 1102 2651 1158 neque
2690 1087 2846 1143 enim
2890 1088 3045 1143 aliud
3082 1090 3204 1161 jam
3232 1090 3557 1163 decebat“,

1934 1193 2107 1248 quam
2152 1182 2216 1233 ut
2260 1196 2387 1251 quae
2429 1184 2707 1253 martyres
2750 1189 3051 1254 pepererat
3096 1188 3152 1240 et
3202 1185 3455 1254 fecerat,
3499 1187 3561 1242 in

1935 1272 2218 1327 consortio
2248 1273 2356 1329 illis
2384 1275 2577 1346 gloriae
2599 1276 2980 1348 jungeretur;
3024 1281 3081 1333 et
3105 1294 3245 1351 quos
3272 1280 3343 1334 ad
3378 1281 3561 1336 Deum

1933 1366 2313 1438 praemiserat,
2355 1369 2475 1441 ipsa
2516 1386 2740 1443 quoque
2790 1368 3141 1444 sequeretur.
3178 1376 3276 1441 Ac,
3310 1389 3382 1429 ne
3408 1375 3558 1447 quis,

1932 1460 2019 1516 vel
2046 1461 2221 1516 libelli
2259 1463 2341 1518 vel
2383 1464 2623 1535 alicujus
2663 1465 2744 1521 rei
2773 1466 2962 1521 oblata
2989 1466 3093 1522 sibi
3124 1468 3416 1523 occasione
3444 1486 3560 1541 qua

1931 1554 2104 1625 fallat,
2134 1558 2514 1627 amplectatur
2534 1558 2941 1631 decipientium
2964 1562 3182 1616 malum
3201 1578 3429 1631 munus,
3454 1580 3559 1619 nec

1934 1648 2231 1705 Eleazarus
2274 1652 2541 1707 tacendus
2587 1656 2691 1722 est,
2726 1655 2845 1727 qui,
2879 1672 3010 1709 cum
3054 1656 3162 1710 sibi
3203 1672 3237 1711 a
3279 1657 3555 1712 ministris

221 1751 334 1789 rans
361 1752 373 1789 :
410 1755 438 1783 «
467 1735 591 1804 Fili,
621 1735 824 1807 inquit,
860 1736 1132 1791 miserere
1165 1737 1304 1808 mei,
1333 1754 1461 1810 qua:
1491 1741 1546 1792 te
1574 1737 1631 1793 in
1663 1744 1827 1794 utero
1848 1723 1903 1794 B
1929 1743 2075 1814 regis
2100 1743 2399 1800 offerretur
2421 1746 2657 1801 facultas
2686 1750 2765 1817 ut,
2794 1753 3024 1820 accepta
3041 1765 3213 1804 carne
3236 1766 3349 1821 qua
3365 1751 3556 1806 liceret

219 1828 494 1883 mensibus
520 1830 718 1884 decem
750 1830 860 1900 (42)
883 1832 933 1866 ⁸ο
952 1831 1189 1901 portavi,
1225 1834 1282 1885 et
1308 1832 1391 1887 lac
1421 1832 1663 1886 triennis
1694 1833 1826 1887 dedi
1928 1836 2034 1891 sibi
2056 1839 2205 1893 vesci
2226 1840 2295 1908 ⁸⁵,
2320 1840 2390 1895 ad
2419 1841 2986 1897 circumveniendum
3008 1859 3227 1913 regem,
3257 1844 3555 1899 simularet

218 1926 264 1977 et
285 1923 413 1991 alui,
447 1929 506 1977 et
540 1924 599 1977 in
628 1928 854 1978 aetatem
882 1925 1049 1979 istam
1078 1926 1343 1996 perduxi.
1381 1925 1511 1994 Oro,
1541 1925 1641 1995 ﬁli,
1672 1927 1826 1999 aspi-
1926 1948 1987 1985 se
2018 1931 2113 1987 illa
2157 1933 2326 1988 edere
2358 1950 2486 2006 quae
2528 1935 2598 1989 de
2648 1936 2931 1991 sacriﬁciis
2977 1942 3146 2009 atque
3180 1936 3389 1992 illicitis
3417 1937 3555 1992 cibis

214 2017 312 2071 cias
337 2016 392 2071 in
418 2016 629 2072 ccelum
671 2017 855 2091 671
913 2024 971 2073 et
1016 2024 1269 2090 terram;
1304 2022 1362 2075 et
1389 2022 1654 2075 omnibus
1695 2038 1825 2093 quae
1925 2025 2356 2097 ingerebantur,
2390 2030 2711 2085 consentire
2751 2030 2823 2084 ad
2864 2031 3013 2085 hanc
3037 2032 3320 2086 fallaciam
3347 2032 3550 2102 noluit,

209 2112 259 2165 in
284 2112 358 2167 eis
401 2114 541 2166 sunt
576 2112 835 2184 aspectis,
868 2112 1147 2185 intelligas
1192 2115 1327 2186 quia
1357 2130 1426 2169 ex
1465 2115 1646 2171 nihilo
1689 2115 1825 2170 fecit
1923 2116 2134 2186 dicens,
2182 2134 2289 2172 nec
2336 2118 2487 2173 aetati
2528 2135 2665 2190 suae,
2728 2136 2835 2174 nec
2891 2120 3171 2175 nobilitati
3244 2121 3549 2176 convenire

210 2207 292 2262 illa
333 2207 475 2263 Deus
531 2211 585 2262 et
633 2206 933 2262 hominum
976 2224 1177 2279 genus.
1230 2211 1424 2280 itaque
1450 2252 1463 2278 ,
1519 2208 1619 2277 fili,
1647 2211 1691 2244 ⁶¹
1748 2226 1823 2264 ne
1920 2209 1976 2264 id
2004 2210 2243 2281 fingere,
2276 2228 2389 2283 quo
2434 2213 2624 2268 caeteri
2656 2215 3179 2270 scandalizarentur
3210 2218 3268 2269 et
3295 2215 3354 2269 in
3388 2232 3547 2271 erro-

208 2302 396 2357 timeas
421 2301 751 2357 carnificem
780 2301 972 2370 istum,
1005 2302 1101 2357 sed
1129 2302 1335 2374 dignus
1356 2303 1627 2359 fratribus
1656 2303 1821 2358 effec-
1919 2320 2043 2359 rem
2080 2304 2507 2375 inducerentur,
2560 2308 2954 2363 existimantes
3004 2310 3330 2364 Eleazarum
3361 2326 3545 2364 nona-

208 2398 285 2449 tus
320 2396 565 2468 excipias
609 2398 882 2463 mortem,
927 2398 992 2451 ut
1036 2395 1095 2450 in
1145 2396 1240 2451 illa
1270 2396 1634 2453 miseratione
1688 2414 1819 2453 cum
1920 2398 2081 2469 ginta
2102 2402 3548 2475 annosnatum,adalienigenarummorem,relicta

1572 2540 1782 2604 Variae
1826 2541 2165 2605 lectiones.

254 2667 290 2701 ⁵³
314 2666 455 2718 Cum
491 2666 721 2731 reliquis
745 2667 852 2717 ΝΟ.
887 2666 934 2715 2.
1004 2667 1046 2701 ⁵³
1078 2668 1195 2718 Deo
1224 2668 1524 2732 peperisse,
1551 2681 1663 2718 non
1694 2668 1799 2719 ΝΟ.
1828 2668 1877 2718 ‘2.
1911 2669 2103 2720 Potius
2127 2672 2407 2734 peperisse
2443 2686 2613 2737 quam
2650 2674 2784 2721 Voss.
2818 2675 2864 2723 1.
2929 2672 2974 2708 σο
3008 2671 3288 2722 Mensibus
3321 2682 3541 2721 novem.

203 2737 342 2788 0m.
377 2740 597 2790 decem.
654 2737 801 2797 Bod.,
838 2741 959 2797 3,1,
989 2739 1020 2788 2
1065 2741 1112 2789 4.
1165 2741 1298 2790 Voss.
1340 2742 1386 2790 1.
1428 2743 1540 2791 Ver.
1605 2740 1646 2774 ⁶¹
1689 2740 1772 2790 Ita
1818 2740 1913 2791 ﬁet
1936 2741 2079 2790 Lam.
2127 2742 2284 2792 Ebor.
2325 2743 2429 2794 ΝΟ.
2470 2745 2512 2793 1.
2557 2745 2605 2794 2.
2636 2746 2744 2794 Lz'n.
2813 2747 2926 2795 Ver.
2966 2744 3097 2792 Voss.
3134 2743 3181 2801 1,
3214 2743 3263 2803 2,
3295 2743 3339 2792 4-
3384 2742 3539 2791 Oxon.

200 2808 236 2839 ⁶¹
256 2809 384 2860 Fide
408 2808 663 2860 veritatis
696 2808 817 2859 Bod.
852 2809 893 2857 1.
961 2809 1005 2843 ⁸³
1034 2809 1177 2861 Cum
1204 2810 1394 2861 liberis
1429 2812 1543 2861 Ver.
1608 2810 1651 2844 ⁶⁴
1684 2812 1811 2861 Jam
1839 2811 2044 2863 licebat
2072 2814 2213 2864 Lam.
2251 2812 2403 2864 Ebor.
2442 2814 2563 2863 Bod.
2610 2818 2659 2877 1,
2693 2815 2744 2875 2,
2772 2814 2823 2875 3,
2851 2815 2897 2863 4.
2931 2814 3040 2865 NC.
3072 2814 3094 2863 1
3124 2813 3235 2864 Lin.
3302 2810 3343 2845 ⁸⁵
3378 2811 3544 2863 Lice-

198 2883 269 2930 ret
286 2882 431 2932 vesci
464 2882 612 2931 Lam.
640 2878 795 2929 Ebor.
836 2879 938 2929 ΝΟ.
972 2881 1017 2930 1.
1044 2880 1115 2930 Et
1140 2882 1290 2932 vesci
1311 2882 1433 2931 Bod.
1475 2883 1596 2945 1,2,
1624 2882 1672 2944 3,
1705 2884 1751 2932 4.

1474 3010 1704 3092 Steph.
1751 3012 1999 3076 Baluzii
2044 3018 2240 3079 notae.

246 3145 332 3201 με)
376 3142 657 3194 Mensibus
692 3144 880 3194 decem.
928 3144 1108 3193 Antea
1152 3143 1442 3207 legebatur
1473 3157 1671 3201 norem,
1704 3135 1890 3209 quac
1916 3146 2278 3211 Ferrandum,
2332 3151 2389 3199 in
2435 3149 2683 3213 Epistola
2744 3149 2815 3200 ad
2883 3148 3223 3207 Anatolium;
3282 3148 3539 3195 sanctum

192 3218 530 3281 antiquiores
577 3216 821 3280 Operum
866 3216 1044 3265 sancti
1075 3214 1337 3279 Cypriani
1375 3214 1615 3265 editores
1654 3220 1814 3278 puta-

190 3294 304 3337 runt
346 3290 594 3338 fortasse
630 3302 695 3339 ea
728 3302 854 3352 quae
894 3288 951 3336 in
999 3287 1109 3336 illis
1140 3287 1306 3336 citata
1354 3287 1702 3349 reperiuntur
1745 3300 1813 3337 ex

191 3357 458 3423 Scriptura
540 3374 697 3409 sacra
766 3358 969 3408 debere
1037 3358 1320 3408 emendari
1398 3359 1556 3420 juxta
1611 3357 1813 3407 editio-

187 3444 302 3481 nem
354 3433 669 3495 vulgatam.
720 3429 860 3491 Quae
922 3443 1010 3479 res
1066 3429 1204 3478 mihi
1274 3442 1532 3492 magnam
1597 3443 1814 3493 semper

187 3506 291 3551 visa
338 3508 423 3553 est
468 3503 683 3553 habere
722 3501 1129 3561 difﬁcultatem,
1173 3513 1300 3551 cum
1354 3505 1567 3550 certum
1614 3502 1705 3557 sit,
1751 3506 1814 3551 ut

184 3580 300 3625 ante
354 3590 449 3626 me
496 3576 857 3624 observatum
907 3576 988 3623 est
1033 3587 1064 3621 a
1115 3573 1245 3621 viris
1289 3572 1646 3633 doctissimis,
1704 3574 1807 3636 Cy-

183 3648 426 3708 prianum
488 3646 599 3695 alia
657 3646 910 3695 versione
970 3657 1136 3693 usum
1208 3656 1345 3694 esse.
1413 3644 1553 3693 Cum
1622 3645 1809 3709 itaque

182 3717 418 3768 viderem
481 3729 610 3767 eam
664 3714 1112 3779 discrepantiam,
1170 3715 1371 3765 scirem
1415 3719 1601 3765 autem
1653 3716 1809 3767 Jose-

177 3788 339 3851 phum
389 3790 463 3839 de
502 3787 701 3838 eadem
747 3799 807 3837 re
862 3789 1125 3838 tractasse
1181 3787 1238 3836 in
1289 3785 1430 3836 libro
1474 3786 1539 3843 de
1586 3787 1810 3849 Imperio

177 3862 414 3922 rationis,
451 3859 726 3924 putabam
766 3871 856 3908 me
896 3858 1065 3909 ﬁnem
1106 3857 1242 3909 huic
1292 3857 1605 3909 difﬁcultati
1648 3859 1809 3908 facile

176 3935 572 3998 impositurum
614 3933 940 3984 auctoritate
978 3934 1112 3995 ejus.
1154 3932 1264 3984 Sed
1312 3946 1436 3983 mea
1476 3946 1565 3983 me
1616 3933 1809 3983 fefellit

173 4008 367 4069 Opinio.
409 4006 643 4057 Etenim
684 4005 779 4055 ille
826 4008 1123 4069 postquam
1170 4005 1359 4056 retulit
1399 4003 1553 4054 hunc
1590 4018 1808 4055 sermo-

172 4092 289 4129 nem
333 4079 541 4129 matris
581 4076 648 4126 ad
698 4077 898 4135 ﬁlium,
952 4089 1012 4127 se
1059 4076 1216 4126 illum
1262 4088 1461 4126 novem
1523 4077 1807 4127 mensibus

171 4149 220 4199 in
284 4154 447 4199 utero
511 4153 789 4212 gestasse,
845 4161 975 4199 mox
1054 4149 1131 4198 ait
1190 4148 1246 4197 in
1300 4148 1503 4211 pagina
1552 4150 1805 4212 sequenti

169 4224 564 4272 sanctissimos
619 4223 890 4282 martyres
939 4219 1145 4270 dixisse
1196 4221 1385 4269 matris
1436 4224 1655 4270 uterum
1711 4234 1806 4271 eos

169 4293 355 4343 tulisse
417 4292 625 4342 decem
685 4290 989 4339 mensibus.
1048 4291 1242 4355 Itaque
1286 4303 1505 4355 semper
1558 4296 1806 4342 remanet

167 4363 352 4413 eadem
436 4361 765 4412 difﬁcultas.
846 4361 1266 4412 Recurrendum
1346 4363 1515 4425 igitur
1588 4367 1667 4412 est
1735 4362 1803 4413 ad

165 4436 560 4485 auctoritatem
621 4437 872 4484 veterum
940 4433 1359 4497 exemplarium.
1424 4433 1624 4484 Omnia
1692 4434 1805 4484 fere

1896 3218 2275 3273 Vincentium
2305 3220 2636 3283 Ferrerium,
2664 3234 2917 3272 sermone
2954 3221 3015 3269 in
3050 3217 3246 3281 Vigilia
3270 3216 3540 3267 Nativita-

1916 3290 1981 3339 tis
2026 3290 2254 3352 Christi;
2304 3292 2580 3353 Plautum,
2623 3293 2677 3341 in
2733 3291 3111 3355 Amphitryone
3156 3294 3211 3338 et
3247 3289 3303 3337 in
3351 3287 3538 3336 Cistel-

1915 3358 2089 3423 laria;
2133 3363 2448 3426 Virgilium,
2492 3363 2682 3426 Ectoga
2740 3367 2973 3426 quarta;
3034 3359 3317 3419 Ovidium,
3369 3358 3465 3408 lib.
3520 3371 3537 3406 ι

1913 3435 1968 3481 et
2001 3445 2039 3482 v
2067 3434 2365 3496 Fastorum,
2398 3439 2451 3484 et
2484 3434 2540 3483 in
2565 3434 2811 3498 Epistola
2844 3434 3076 3483 Oenones
3099 3432 3173 3481 ad
3193 3433 3537 3491 Macareum;

1914 3501 2203 3567 Senecam,
2262 3507 2319 3554 in
2378 3505 2667 3568 Thebaide;
2741 3504 3186 3567 Quintilianum,
3243 3502 3339 3551 lib.
3407 3513 3536 3561 vui,

1913 3590 2030 3641 cap.
2082 3578 2130 3637 3,
2181 3578 2613 3639 Institutionum;
2660 3578 2981 3641 Apuleium,
3029 3577 3087 3625 in
3135 3572 3429 3638 Apologia;
3467 3574 3532 3621 A.

1912 3649 2172 3710 Gellium,
2198 3649 2293 3699 lib.
2336 3662 2411 3713 ιιι,
2459 3663 2577 3714 cap.
2626 3650 2681 3700 16
2720 3653 2774 3699 et
2814 3649 2909 3698 lib.
2942 3662 3041 3709 γυ,
3071 3662 3191 3711 cap.
3228 3647 3288 3707 l;
3324 3644 3537 3695 Julium

1911 3720 2165 3781 Paulum,
2214 3720 2312 3770 lib.
2362 3734 2398 3782 ι,
2439 3721 2519 3770 tit.
2558 3722 2624 3780 9;
2675 3720 2969 3772 Octavium
3018 3719 3408 3777 Horatianum,
3439 3715 3536 3767 Ul-

1908 3792 2138 3856 pianum
2180 3792 2237 3841 in
2262 3792 2298 3840 l.
2338 3793 2585 3841 Intestato
2627 3792 2695 3841 D.
2727 3791 2798 3841 de
2822 3791 2941 3840 suis
2982 3794 3038 3840 et
3066 3789 3329 3853 legitimis
3355 3787 3536 3838 haere-

1909 3863 2113 3923 dibus;
2169 3862 2548 3926 Petrarchum,
2592 3863 2687 3912 lib.
2742 3876 2843 3913 xm
2900 3864 3017 3912 Rsr.
3060 3859 3238 3923 famil.
3284 3860 3444 3923 epist.
3488 3861 3535 3920 1,

1909 3936 1979 3985 ad
2031 3934 2345 3985 Guidonem
2398 3935 2737 3998 Episcopum
2786 3936 3161 3994 Pertaensem,
3200 3945 3328 3996 quas
3367 3945 3398 3980 a
3446 3943 3538 3981 me

1908 4007 2057 4057 edita
2083 4010 2167 4057 est
2194 4007 2339 4057 inter
2359 4006 2711 4069 probationes
2730 4006 2973 4055 historiae
2997 4003 3176 4070 gentis
3197 4002 3536 4064 Arvernicae,

1906 4078 2001 4127 ubi
2033 4079 2196 4129 etiam
2227 4076 2438 4127 editum
2473 4081 2555 4128 est
2598 4080 2991 4128 testamentum
3041 4074 3308 4126 Bernardi
3342 4074 3418 4122 III
3461 4072 3529 4123 de

1908 4148 2101 4209 Turre,
2127 4148 2185 4197 in
2221 4161 2331 4211 quo
2362 4152 2596 4199 testatur
2639 4150 2707 4200 de
2744 4152 2902 4199 utero
2937 4148 3163 4211 gravido
3201 4157 3297 4210 per
3336 4144 3531 4197 decem

1906 4232 2144 4269 menses.
2170 4218 2312 4270 Vide
2342 4221 2506 4269 etiam
2539 4218 2820 4270 Victorem
2860 4218 3167 4279 Vitensem,
3196 4217 3291 4267 lib.
3323 4230 3382 4278 v,
3408 4230 3528 4280 cap.

1903 4290 1936 4340 6
2016 4290 2258 4341 Historias
2337 4293 2713 4355 persecutionis
2801 4290 3128 4341 Vandalicw.
3217 4288 3530 4338 Fatendum

1906 4367 2093 4412 tamen
2139 4366 2224 4413 est
2260 4363 2558 4414 lectionem
2601 4376 2770 4427 quam
2802 4376 2905 4427 ego
2947 4361 3180 4425 repudio
3215 4364 3434 4411 exstare
3476 4362 3534 4411 in

1904 4439 2144 4499 quatuor
2178 4436 2424 4500 antiquis
2464 4434 2895 4499 exemplaribus,
2936 4433 3129 4483 haberi
3171 4434 3337 4483 etiam
3386 4430 3531 4495 apud

165 4518 282 4568 quae
339 4519 449 4570 ego
508 4505 646 4567 vidi,
702 4508 833 4554 sunt
878 4510 1066 4555 autem
1113 4507 1305 4567 multa,
1353 4506 1563 4557 habent
1614 4503 2310 4575 dacemDHieronymum
2357 4508 2413 4555 in
2459 4506 2691 4569 epistola
2730 4505 2798 4555 ad
2839 4504 3210 4575 Eustochium
3247 4503 3309 4553 ds
3357 4503 3529 4565 Virgi-

162 4576 250 4627 Sic
302 4579 479 4628 etiam
542 4576 636 4625 illa
680 4576 887 4640 quibus
936 4578 1024 4627 usi
1068 4581 1201 4627 sunt
1251 4577 1434 4641 Angli.
1495 4579 1800 4641 Pamelius,

161 4652 361 4709 tamen,
396 4649 509 4698 etsi
544 4649 819 4711 putaverit
844 4660 966 4697 eam
998 4647 1294 4699 lectionem
1334 4662 1457 4699 esse
1496 4649 1799 4713 meliorem,

159 4718 209 4767 in
256 4733 442 4785 eaque
490 4720 770 4769 sententia
823 4719 987 4768 fuerit
1033 4720 1201 4769 etiam
1250 4719 1539 4785 Rigaltius,
1584 4722 1803 4772 malue-

157 4796 277 4840 runt
341 4793 526 4842 aliam
594 4791 833 4840 retinere
901 4791 958 4840 in
1032 4795 1311 4843 contextu.
1373 4790 1545 4841 Aﬁert
1615 4795 1801 4843 autem

157 4862 438 4913 Pamelius
487 4863 679 4926 plures
727 4863 1086 4913 auctoritates
1132 4868 1195 4913 ut
1247 4863 1443 4927 probet
1488 4863 1639 4913 illam
1680 4878 1801 4915 esse

154 4935 447 4988 meliorem
515 4949 642 4999 quas
699 4935 868 4985 habet
932 4935 1117 4984 decem.
1180 4936 1296 5000 Ego
1368 4936 1544 4985 multo
1614 4938 1801 5001 plures

152 5007 345 5058 afferre
391 5019 645 5071 possem.
679 5005 791 5056 Sed
824 5007 954 5056 nolo
984 5020 1077 5057 eas
1102 5006 1312 5067 afferre,
1344 5020 1415 5057 ne
1458 5022 1647 5057 earum
1692 5003 1802 5061 lec-

154 5078 224 5124 tio
282 5078 594 5127 fastidium
668 5079 819 5126 creet
878 5076 1194 5126 lectoribus.
1260 5078 1452 5140 Itaque
1523 5077 1799 5129 adnotabo

151 5152 364 5199 tantum
413 5149 552 5198 loca
600 5151 848 5198 veterum
895 5148 992 5211 qui
1042 5148 1284 5198 infantes
1336 5147 1555 5199 decimo
1606 5164 1799 5201 mense

147 5224 294 5271 nasci
335 5223 531 5271 aiunt.
572 5220 765 5269 Lector
807 5232 869 5268 ea
918 5221 1119 5282 poterit
1164 5220 1461 5284 requirere,
1512 5223 1557 5272 si
1609 5223 1798 5274 libue-

148 5292 227 5341 rit.
310 5293 533 5342 Videat
609 5290 1015 5340 Tertullianum
1090 5292 1145 5340 in
1224 5291 1364 5341 libro
1432 5293 1496 5342 de
1571 5295 1799 5357 Anima;

144 5365 490 5421 Arnobium,
550 5362 645 5412 lib.
692 5376 707 5411 ι
760 5362 1023 5412 Adversus
1066 5367 1276 5426 gentes;
1321 5362 1692 5427 Lactantium,
1740 5367 1796 5414 in

143 5433 279 5485 libro
334 5437 401 5484 de
462 5433 686 5497 Opiﬁcio
742 5434 860 5496 Dei,
917 5433 1235 5484 Luciferum
1287 5433 1684 5498 Calaritanum,
1739 5438 1794 5486 in

142 5504 278 5557 libro
308 5508 388 5557 De
405 5518 525 5556 non
554 5504 816 5567 parcendo
843 5504 1266 5569 delinquentibus
1292 5506 1347 5555 in
1370 5507 1534 5556 Deum
1557 5520 1575 5568 ;
1598 5509 1795 5559 Hiero-

141 5592 377 5641 nymum
404 5580 467 5627 in
496 5576 751 5639 Epistola
779 5575 848 5625 ad
876 5576 1160 5639 Ruﬁnum,
1181 5577 1244 5626 de
1262 5577 1469 5628 Iudicio
1495 5578 1796 5631 Salomonis

140 5653 193 5699 et
216 5650 272 5698 in
314 5647 575 5713 epistola
611 5648 673 5697 de
715 5648 944 5697 Vitanda
985 5652 1225 5712 suspecto
1268 5649 1794 5714 contubernio;Au-

140 5723 455 5793 gustinum,
494 5718 595 5793 lib.
626 5733 697 5781 1v,
729 5733 830 5783 cap
883 5722 932 5782 5,
973 5721 1036 5770 de
1077 5721 1366 5781 Trinitate;
1407 5722 1793 5783 Prudentium,

141 5790 491 5846 ln'carmine
544 5790 607 5841 ds
640 5796 821 5845 sancto
854 5793 1085 5845 Romano
1122 5797 1396 5858 martyre;
1439 5793 1795 5860 Fulgentium

1903 4578 2070 4627 nitate
2111 4577 2399 4639 servanda,
2427 4582 2479 4627 et
2529 4578 2586 4626 in
2635 4577 2862 4640 epistola
2903 4576 2974 4625 ad
3017 4574 3330 4624 Helvidium.
3360 4574 3431 4622 At
3471 4585 3537 4623 ea

1904 4662 2073 4712 quam
2121 4649 2325 4699 retinui
2367 4651 2546 4698 exstat
2592 4649 2648 4697 in
2696 4645 3078 4697 novemdecim
3127 4643 3282 4693 libris
3329 4643 3531 4693 nostris

1903 4723 1957 4769 et
2010 4720 2066 4769 in
2119 4724 2355 4784 quatuor
2406 4719 2743 4783 Anglicanis.
2802 4717 2941 4768 Vide
2995 4714 3532 4766 Pentecontarchum

1903 4789 2184 4840 Laurentii
2211 4790 2461 4841 Ramirez
2486 4790 2553 4840 de
2580 4789 2808 4851 Parado,
2835 4803 2953 4852 cap.
2985 4789 3033 4839 3.

1969 4864 2066 4926 (43)
2114 4864 2448 4925 Adnegantis.
2493 4860 2682 4912 Codex
2738 4860 3304 4923 GratianOpolitanus,
3367 4857 3528 4908 abna-

1900 4936 2063 4998 ganti.

1962 5008 2056 5067 (44)
2097 5006 2360 5056 Persuasit
2404 5007 2596 5071 potius.
2642 5004 2889 5068 Epistola
2931 5003 3003 5053 De
3050 5000 3375 5052 honorandis
3421 5014 3528 5066 pa-

1898 5077 2133 5128 rentibus
2162 5078 2307 5128 edita
2346 5078 2492 5127 inter
2526 5076 2703 5140 Opera
2743 5075 3133 5139 Hireronymi:
3171 5090 3198 5121 α
3231 5073 3529 5123 imitamini

1898 5148 2077 5199 ﬁlium
2144 5148 2563 5211 Machabaeum,
2619 5149 2715 5211 qui
2767 5148 2927 5197 matri
2979 5150 3215 5197 mortem
3267 5145 3529 5196 suadenti

1898 5220 2143 5283 servivit,
2203 5225 2257 5270 et
2318 5220 2521 5270 durum
2572 5220 2864 5284 imperium
2914 5222 3194 5282 gratanter
3235 5230 3529 5281 aggressus

1898 5295 1999 5352 est,
2049 5305 2120 5342 ne
2174 5290 2479 5342 offenderet
2529 5291 2869 5355 genitricem.
2918 5290 3114 5340 Maluit
3160 5290 3391 5339 fratrum
3431 5303 3529 5339 so-

1897 5364 2032 5413 ciari
2073 5362 2384 5422 funeribus,
2426 5375 2593 5426 quam
2631 5361 2902 5411 voluntati
2949 5362 3141 5410 matris
3179 5360 3465 5410 obsistere.
3499 5377 3525 5403 υ

1898 5435 2084 5485 Potest
2136 5436 2269 5484 huic
2326 5437 2515 5484 matris
2576 5435 2902 5483 constantiae
2965 5433 3271 5497 comparari
3338 5431 3526 5496 aliquo

1896 5507 2063 5557 modo
2118 5507 2225 5557 alia
2272 5510 2469 5567 mater,
2517 5519 2643 5571 quae
2689 5519 2978 5569 nunquam
3028 5505 3203 5555 voluit
3247 5504 3526 5554 declarare

1895 5578 1992 5629 ubi
2039 5579 2238 5641 ﬁlium,
2277 5580 2374 5644 qui
2415 5578 2785 5643 quaerebatur,
2826 5577 3141 5639 occulisset,
3173 5595 3200 5621 ‹‹
3245 5590 3351 5628 nec
3397 5575 3527 5623 ullis

1895 5650 2098 5701 deinde
2129 5649 2432 5701 terroribus
2461 5654 2558 5700 aut
2581 5653 2758 5699 morte
2788 5650 3161 5701 constantiam
3190 5650 3347 5698 vocis
3376 5657 3529 5708 egre-

1894 5724 1999 5785 giae
2043 5723 2298 5784 mutavit,
2346 5737 2376 5770 »
2413 5721 2560 5787 apud
2609 5720 2866 5773 Tacitum
2913 5720 2969 5769 in
3006 5721 3146 5773 libro
3184 5732 3222 5768 ιι
3268 5714 3534 5771 Historia-

1890 5811 2030 5849 rum.
