3998 6194
429 239 530 295 699

1335 238 1391 295 S.
1431 241 1744 298 CYPRIANI
1783 241 2057 297 OPERUM
2097 237 2268 294 PARS
2303 238 2369 293 II.
2400 264 2469 278 —
2505 237 2872 295 OPUSCULA.

3628 254 3710 307 700

429 371 486 419 et
517 365 737 436 prodita
766 365 863 418 Dei
883 364 1034 434 lege,
1063 365 1330 420 transisse
1365 382 1511 420 :nec
1541 367 1681 420 tanti
1702 383 1818 421 esse
1849 365 2051 420 lucrari
2076 376 2129 449 Α
2156 364 2284 418 CAP.
2336 363 2448 416 XII.
2489 392 2554 402 -
2599 364 2728 429 Quae
2770 377 2889 449 spes
2930 367 3216 449 et‘merces
3260 375 3462 449 maneat
3497 371 3652 437 justas
3679 382 3718 430 et

427 458 618 512 brevia
652 457 842 530 6'72
866 457 994 512 vitae
1023 462 1344 527 momenta,
1375 465 1434 512 ut
1469 460 1687 514 offenso
1718 461 1829 514 Deo
1861 461 2050 514 incur-

427 558 580 605 reret
628 555 840 604 zeterna
895 552 1197 622 supplicia.
1251 556 1318 608 At
1375 553 1466 607 ille
1523 553 1876 607 excruciatus
1934 553 2052 620 diu,

426 648 482 699 et
510 644 567 699 in
596 648 852 699 extremo
876 645 998 715 jam
1028 647 1386 717 constitutus,
1413 664 1543 701 cum
1567 647 1714 702 inter
1740 647 1973 701 verbera
2001 654 2055 700 et

423 742 710 793 tormenta
754 743 1095 807 moreretur,
1142 740 1526 811 ingemiscens
1565 741 1685 795 ait:
1734 762 1761 788 ‹‹
1798 741 2054 808 Domine,

425 831 522 902 qui
591 835 846 886 sanctam
918 834 1093 888 habes
1149 835 1468 903 scientiam,
1539 835 1908 890 manifestum
1974 841 2058 888 est

425 925 576 996 quia,
629 941 759 979 cum
809 943 1035 997 possem
1085 945 1115 980 a
1177 931 1363 982 morte
1414 928 1661 994 liberari,
1721 928 2056 984 durissimos

427 1020 648 1074 dolores
692 1020 943 1091 corporis
988 1022 1164 1076 tolero
1218 1022 1464 1093 ﬂagellis
1508 1022 1809 1094 vapulans;
1863 1024 2054 1078 animo

425 1117 618 1168 autem
667 1119 898 1185 propter
956 1115 1039 1168 tui
1096 1114 1270 1185 ipsius
1339 1120 1558 1169 metum
1626 1117 1868 1170 libenter
1935 1117 2057 1171 haec

431 1207 664 1278 patior»
705 1210 770 1279 (ll
801 1209 1002 1276 Mach.,
1037 1225 1111 1277 Vl,
1141 1210 1352 1279 22-30).
1395 1210 1617 1264 Sincera
1659 1227 1889 1281 prorsus
1915 1211 2056 1264 ﬁdes

431 1304 489 1354 et
534 1302 688 1356 virus
735 1303 961 1372 integra
990 1318 1053 1356 ac
1096 1303 1228 1356 satis
1277 1320 1442 1373 pura,
1487 1320 1596 1356 non
1631 1320 1824 1374 regem
1855 1305 2049 1358 Antio-

428 1395 599 1449 chum
652 1396 950 1466 cogitasse,
1003 1397 1100 1450 sed
1148 1399 1323 1451 Deum
1368 1397 1726 1466 judicem“;
1785 1404 1840 1452 et
1890 1399 2055 1452 scisse

426 1488 697 1559 proiicere
742 1489 849 1543 sibi
893 1489 966 1544 ad
1007 1492 1245 1544 salutem
1294 1508 1408 1544 nou
1439 1508 1619 1562 posse,
1676 1492 1720 1545 si
1762 1492 2054 1546 hominem

427 1582 711 1638 derideret
753 1600 818 1638 ac
860 1583 1103 1649 falleret,
1153 1586 1380 1655 quando
1427 1587 1590 1652 Deus,
1637 1586 1731 1658 qui
1766 1587 2052 1640 conscien-

426 1675 520 1729 tiae
565 1683 777 1730 nostra:
810 1677 990 1749 judex
1036 1681 1119 1731 est
1169 1684 1226 1732 et
1279 1679 1428 1733 solus
1473 1680 1757 1734 timendus
1804 1684 1908 1747 est,
1953 1697 2054 1734 nec

2228 449 2494 509 martyres
2543 448 2664 512 post
2725 444 3147 509 conﬂictationes
3195 444 3349 513 hujus
3415 452 3636 520 temporis
3680 460 3721 508 et

2225 537 2525 592 passzones.

2230 645 2332 698 Per
2385 644 2750 698 Salomonem
2826 643 3068 714 Spiritus
3137 650 3356 698 sanctus
3420 651 3638 704 ostendit
3680 659 3724 707 et

2156 738 2486 809 praecinit73
2513 738 2708 792 dicens
2740 754 2753 791 :
2793 740 2914 793 «Et
2955 738 3002 791 si
3047 753 3243 792 coram
3283 739 3583 796 hominibus
3627 751 3722 798 tor-

2160 835 2353 886 menta
2381 831 2528 902 passi
2576 834 2726 899 sunt,
2768 848 3130 901 speseorum
3162 832 3562 889 immortalitate
3587 838 3727 906 plena

2158 929 2259 980 est.
2292 927 2358 980 Et
2399 925 2457 980 in
2502 925 2696 996 paucis
2739 925 2943 993 vexati,
2975 926 3030 979 in
3066 926 3259 980 multis
3282 926 3426 981 bene
3465 929 3724 1000 disponen-

2156 1024 2268 1083 tur,
2314 1019 2582 1090 quoniam
2632 1021 2780 1073 Deus
2829 1019 3066 1074 tentavit
3107 1019 3251 1087 illos,
3306 1023 3360 1074 et
3402 1021 3600 1076 invenit
3626 1025 3728 1079 illos

2157 1113 2360 1184 dignos
2391 1129 2469 1168 se.
2519 1115 2843 1184 Tamquam
2891 1129 3096 1166 aurum
3142 1113 3200 1167 in
3234 1113 3479 1181 fornace,
3509 1117 3734 1186 probavit

2157 1207 2302 1273 illos,
2337 1211 2394 1262 et
2435 1207 2594 1276 quasi
2627 1207 2950 1260 holocausta
2972 1208 3018 1240 7‘
3051 1206 3254 1261 hostias
3299 1209 3508 1278 accepit
3536 1209 3660 1276 illos,
3687 1216 3734 1264 et

2159 1301 2216 1354 in
2246 1307 2504 1372 tempore
2551 1301 2656 1354 erit
2685 1304 2974 1371 respectus
3019 1301 3268 1355 illorum.
3300 1301 3598 1371 Fulgebunt
3625 1305 3733 1374 (46),

2157 1399 2212 1449 et
2257 1398 2550 1465 tamquam
2608 1395 2863 1448 scintillae
2917 1395 2976 1448 in
3041 1395 3384 1449 arundineto
3435 1395 3733 1452 discurrant.

2155 1489 2492 1544 Judicabunt
2547 1487 2808 1542 nationes
2853 1493 2908 1543 et
2953 1488 3394 1542 dominabuntur
3437 1490 3650 1560 populis,
3691 1494 3739 1542 et

2157 1582 2422 1652 regnabit
2464 1583 2738 1636 Dominus
2781 1598 2979 1636 eorum
3034 1582 3094 1635 in
3145 1586 3479 1653 perpetuum
3521 1605 3545 1633 »
3584 1585 3732 1654 (Sap.,

2157 1693 2236 1743 Ill,
2281 1677 2356 1739 4).
2396 1677 2536 1729 Item
2581 1676 2730 1746 apud
2759 1675 3032 1730 eumdem
3065 1675 3318 1730 vindicta
3346 1679 3528 1730 nostra
3553 1676 3731 1729 descri-

429 1767 679 1824 derideri
720 1744 896 1840 possit
946 1772 1177 1826 omnino
1225 1788 1325 1826 nec
1371 1773 1511 1827 falli.
1556 1773 1613 1827 Si
1660 1774 1836 1844 igitur
1877 1744 1931 1828 et
1957 1744 2332 1838 nostitur,
2385 1773 2442 1824 et
2489 1744 2962 1840 persequentium
3015 1787 3117 1823 nos
3171 1775 3341 1840 atque
3394 1769 3739 1824 infestantium

427 1863 598 1917 dicati
640 1879 704 1918 ac
748 1864 936 1919 devoti
984 1867 1095 1920 Deo
1124 1866 1382 1936 vivimus,
1425 1868 1468 1920 si
1503 1883 1676 1938 supra
1699 1868 2051 1938 6"justorum

425 1957 656 2028 antiqua
704 1964 759 2012 et
802 1964 996 2014 sancta
1040 1961 1279 2030 vestigia
1333 1961 1444 2015 iter
1491 1961 1750 2029 facimus,
1807 1977 1909 2032 per
1956 1978 2049 2015 ea-

427 2048 558 2103 dem
590 2050 935 2106 documenta
982 2070 1301 2124 pamarum,
1350 2071 1452 2125 per
1485 2055 1687 2110 eadem
1721 2056 2051 2126 passionum

428 2145 701 2215 martyria
747 2161 1056 2218 pergamus
1105 2149 1241 2217 (45);
1285 2148 1390 2204 hoc
1431 2149 1761 2220 ampliorem
1810 2148 2052 2219 gloriam

427 2237 818 2303 computantes
885 2237 1155 2308 temporis
1225 2239 1423 2306 nostri,
1482 2238 1657 2309 quod,
1710 2254 1841 2292 cum
1898 2241 2050 2292 vete-

427 2339 491 2378 ra
516 2325 564 2358 ⁸³
592 2326 852 2396 exempla
890 2333 1283 2396 numerentur,
1315 2327 1656 2383 exuberante
1688 2328 2050 2398 postmodum

424 2417 590 2486 copia
657 2419 882 2473 virtutis
942 2437 1007 2475 ac
1075 2420 1232 2489 ﬁdei,
1301 2422 1588 2476 numerari
1643 2438 1760 2476 non
1815 2423 2054 2492 possunt

425 2517 707 2582 martyres
769 2514 1112 2581 Christiani;
1171 2518 1410 2570 testante
1465 2515 1800 2586 Apocalypsi
1855 2521 1912 2569 et
1964 2515 2048 2568 di-

423 2611 583 2659 cente
618 2622 631 2659 :
670 2627 697 2655 «
735 2609 862 2666 Post
892 2608 1014 2662 haec
1044 2608 1160 2663 vidi
1188 2609 1415 2663 turbam
1467 2626 1739 2680 magnam
1765 2611 1832 2678 59,
1877 2625 2050 2680 quam

425 2698 790 2756 dinumerare
848 2718 1018 2757 nemo
1075 2707 1313 2774 poterat,
1376 2721 1448 2757 ex
1526 2704 1686 2757 omni
1752 2709 1944 2774 gente,
1998 2707 2053 2757 et

425 2808 495 2846 ex
541 2795 698 2848 omni
757 2796 907 2850 tribu
966 2801 1022 2850 et
1081 2799 1290 2868 populo
1336 2797 1408 2868 {et
1460 2798 1672 2869 lingua,
1736 2802 1947 2854 stantes
1995 2800 2052 2853 in

427 2893 729 2957 conspectu
781 2890 971 2945 throni
1021 2897 1075 2945 et
1125 2892 1268 2963 Agni
1304 2908 1316 2945 :
1348 2897 1404 2945 et
1445 2895 1606 2945 erant
1653 2893 1844 2947 amicti
1887 2893 2052 2947 stolas

423 2980 580 3035 albas
604 2983 673 3049 ⁷ο,
724 2990 779 3036 et
820 2984 1025 3054 palmae
1071 2985 1303 3040 fuerunt
1333 2985 1389 3039 in
1436 2986 1699 3039 manibus
1747 2982 1968 3052 eorum,
1999 2993 2053 3041 et

421 3090 631 3146 magno
671 3076 914 3132 clamore
953 3079 1214 3134 dicebant
1255 3097 1266 3133 :
1309 3079 1468 3135 Salus
1511 3081 1623 3133 Deo
1647 3081 1690 3113 ⁷¹
1739 3087 1930 3134 nostro
1969 3098 2051 3135 se-

421 3168 576 3222 denti
607 3187 776 3240 super
806 3172 1104 3241 thronum,
1137 3176 1194 3226 et
1240 3175 1424 3243 Agno.
1475 3175 1541 3227 Et
1583 3174 1877 3244 respondit
1902 3191 2050 3228 unus

420 3278 488 3316 ex
537 3263 858 3319 senioribus
902 3266 1092 3320 dicens
1144 3267 1283 3321 mihi
1318 3284 1330 3321 :
1364 3266 1556 3340 6'73
1609 3269 1674 3322 Hi
1718 3268 1810 3339 qui
1855 3268 2050 3322 amicti

421 3361 550 3411 sunt
580 3359 748 3412 stolas
791 3359 964 3426 albas,
1011 3360 1108 3430 qui
1137 3364 1287 3427 sunt,
1338 3367 1392 3416 et
1441 3362 1590 3415 unde
1635 3364 1958 3416 venerunt?
1984 3364 2050 3416 Et

419 3449 534 3504 dixi
566 3450 614 3504 ei
643 3468 654 3504 :
689 3453 927 3506 Domine
974 3453 1074 3520 mi,
1105 3457 1164 3507 tu
1211 3455 1337 3509 scis.
1386 3457 1449 3510 Et
1496 3455 1576 3509 ait
1605 3455 1742 3509 mihi
1781 3473 1793 3509 :
1824 3457 1890 3510 lli
1919 3461 2050 3510 sunt

419 3544 516 3615 qui
563 3550 842 3602 venerunt
889 3562 958 3602 ex
1007 3564 1221 3618 magna
1267 3547 1658 3615 tribulatione,
1704 3554 1761 3604 et
1788 3549 2048 3604 laverunt

418 3639 593 3693 stolas
640 3655 791 3706 suas,
823 3646 877 3695 et
921 3641 1190 3696 candidas
1233 3657 1326 3696 eas
1368 3644 1624 3697 fecerunt
1662 3644 1719 3697 in
1766 3644 2046 3715 sanguine

417 3732 563 3801 Agni
598 3755 607 3785 :
640 3737 873 3805 propter
919 3735 1027 3789 hoc
1073 3741 1204 3790 sunt
1251 3737 1308 3790 in
1355 3743 1654 3808 conspectu
1683 3737 1872 3791 throni
1923 3738 2044 3804 Dei,

417 3831 470 3880 et
499 3827 754 3881 serviunt
773 3828 822 3882 ei
841 3828 932 3883 die
961 3845 1025 3884 ac
1045 3836 1208 3884 nocte
1235 3831 1292 3884 in
1317 3831 1530 3902 templo
1552 3832 1674 3901 ejus
1696 3832 1741 3865 7’
1772 3854 1799 3880 ››
1831 3833 2044 3902 (Apoc.,

416 3935 514 3988 vn,
571 3922 646 3990 9).
692 3921 858 3986 Quod
919 3923 965 3976 si
1021 3927 1216 3979 tantus
1263 3924 1584 3979 ostenditur
1662 3929 1719 3979 et
1773 3925 2048 3996 probatur

417 4013 874 4071 Christianorum
927 4022 1241 4090 martyrum
1287 4020 1551 4090 populus,
1604 4036 1774 4074 nemo
1817 4019 2045 4074 difﬁcile

415 4108 500 4161 vel
545 4109 790 4164 arduum
819 4115 984 4181 putet
1023 4127 1144 4166 esse
1174 4117 1484 4183 martyrem
1511 4112 1654 4178 ﬁeri,
1685 4113 1913 4183 quando
1965 4114 2042 4167 vi-

2154 1863 2488 1934 pmnitentia
2537 1863 2882 1934 praedicatur
2924 1880 2936 1917 :
2985 1885 3013 1913 «
3059 1864 3212 1917 Tunc
3265 1862 3507 1929 stabunt,
3563 1863 3738 1934 inquit,

2147 1956 2287 2027 justi
2335 1957 2392 2010 in
2437 1973 2647 2028 magna
2679 1956 2997 2011 constantia
3027 1956 3299 2010 adversus
3347 1971 3440 2010 eos
3468 1956 3556 2027 qui
3581 1973 3632 2009 se
3658 1973 3739 2010 an-

2153 2050 2560 2121 gustiavernnt,
2603 2056 2658 2106 et
2701 2051 2795 2122 qui
2847 2049 3204 2104 abstulerunt
3250 2049 3470 2103 labores
3517 2065 3691 2103 eorum
3729 2066 3739 2102 :

2153 2143 2414 2198 videntes
2470 2143 2859 2199 turbabuntur
2905 2143 3113 2198 timore
3166 2143 3445 2209 horribili,
3491 2148 3545 2197 et
3594 2144 3739 2201 mira-

2152 2238 2368 2292 buntur
2422 2237 2479 2292 in
2542 2237 2882 2291 subitatione
2934 2237 3237 2307 insperata:
3289 2237 3484 2290 salutis
3526 2236 3742 2290 dicentes

2153 2332 2304 2386 inter
2355 2347 2434 2397 se,
2492 2331 2887 2401 pmnitentiam
2953 2331 3231 2384 habentes
3259 2331 3307 2364 ⁷⁵
3373 2330 3500 2400 (47),
3555 2334 3608 2382 et
3649 2345 3746 2399 prae

2153 2425 2419 2496 angustia
2451 2425 2499 2460 7'
2545 2425 2774 2495 spiritus
2811 2431 3107 2495 gementes
3154 2447 3163 2476 :
3214 2424 3277 2477 lli
3326 2427 3458 2477 sunt
3497 2439 3629 2494 quos
3653 2422 3743 2474 ali-

2151 2514 2380 2586 quando
2410 2515 2713 2568 habnimus
2740 2514 2797 2567 in
2833 2513 3079 2567 derisum
3111 2518 3167 2568 et
3193 2515 3249 2568 in
3279 2513 3685 2569 similitudinem
3707 2515 3744 2546 π

2152 2608 2507 2679 improperii.
2564 2609 2674 2662 Nos
2717 2608 2988 2662 insensati
3036 2608 3207 2662 vitam
3259 2609 3482 2662 illorum
3527 2608 3742 2661 mstima-

2153 2703 2356 2756 bamus
2403 2702 2682 2756 insaniam
2739 2705 2795 2756 et
2839 2701 3014 2755 tinem
3068 2701 3304 2756 illorum
3358 2703 3474 2756 sine
3534 2703 3744 2756 honore.

2151 2797 2444 2860 Quomodo
2477 2811 2614 2866 ergo
2648 2795 2960 2866 computati
2982 2796 3029 2829 ⁷⁸
3057 2798 3190 2849 sunt
3217 2796 3375 2850 inter
3407 2796 3549 2849 ﬁlios
3580 2794 3678 2859 Dei,
3703 2798 3749 2847 et

2151 2890 2301 2944 inter
2345 2893 2568 2944 sanctos
2613 2905 2733 2943 sors
2777 2890 3008 2943 illorum
3053 2890 3171 2944 est!
3223 2892 3373 2961 Ergo
3413 2889 3749 2944 erravimusa

2153 2984 2238 3037 via
2287 2983 2561 3049 veritatis,
2609 2990 2664 3037 et
2701 2983 2942 3054 justitia:
2985 2983 3179 3037 lumen
3209 2999 3322 3037 non
3357 2984 3496 3037 luxit
3522 2982 3671 3036 nobis
3689 2982 3745 3047 79,

2155 3081 2212 3132 et
2264 3079 2344 3132 sol
2420 3094 2536 3131 non
2589 3083 2672 3131 est
2740 3082 2896 3130 ortus
2966 3076 3147 3131 nobis.
3208 3077 3420 3130 Lassati
3477 3092 3657 3130 sumus
3701 3076 3748 3127 in

2153 3171 2468 3242 iniquitatis
2499 3171 2587 3224 via
2619 3175 2676 3224 et
2719 3170 3072 3241 perditionis,
3102 3173 3158 3224 et
3198 3171 3612 3225 ambulavimus
3635 3167 3746 3221 soli-

2149 3265 2374 3320 tudines
2405 3264 2680 3331 difﬁciles,
2712 3264 2862 3318 viam
2890 3269 3084 3318 autem
3109 3265 3336 3319 Domini
3366 3263 3747 3335 ignoravimus.

2148 3358 2292 3423 Quid
2323 3358 2489 3412 nobis
2533 3358 2748 3429 profuit
2786 3357 3097 3427 superbia?
3128 3361 3227 3410 aut
3258 3358 3399 3428 quid
3459 3357 3748 3411 divitiarum

2142 3453 2372 3522 jactatio
2392 3452 2438 3486 ⁸ο
2485 3452 2728 3506 contulit
2783 3451 2988 3505 nobis?
3045 3451 3398 3505 transierunt
3447 3449 3627 3505 omnia
3675 3449 3752 3502 illa

2146 3550 2418 3616 tanquam
2472 3545 2670 3599 umbra
2723 3547 2898 3616 (Sap.,
2967 3561 3046 3610 lli,
3105 3546 3178 3616 1).
3247 3547 3392 3600 Item
3440 3546 3499 3598 in
3561 3543 3750 3597 Psalmo

2149 3656 2249 3696 cxv
2284 3641 2350 3707 (υ.
2382 3639 2434 3707 3)
2477 3640 2722 3709 pretium
2757 3643 2814 3694 et
2858 3655 3074 3693 merces
3107 3640 3385 3709 passionis
3416 3637 3750 3693 ostenditur:

2149 3754 2176 3782 «
2210 3733 2460 3788 Pretiosa
2503 3737 2605 3802 est,
2655 3732 2862 3804 inquit,
2913 3733 2969 3786 in
3003 3739 3309 3803 conspectu
3365 3732 3583 3787 Domini
3622 3745 3752 3784 mors

2145 3830 2470 3882 sanctorum
2516 3827 2727 3896 ejus“.
2758 3848 2786 3875 »
2838 3829 2983 3881 Item
3013 3827 3073 3880 in
3125 3827 3350 3881 l’salmo
3400 3843 3534 3882 cxxv
3575 3826 3642 3894 (υ.
3688 3827 3753 3890 8),

2148 3922 2374 3976 tristitia
2395 3921 2830 3975 conﬁictationis
2855 3925 2911 3974 et
2941 3920 3138 3975 laetitia
3167 3920 3566 3975 retributionis
3591 3917 3752 3988 expri-

2145 4016 2346 4070 mitur:
2371 4037 2398 4064 (ε
2422 4015 2530 4080 Qui
2551 4015 2857 4084 seminant,
2881 4014 3085 4086 inquit,
3104 4014 3161 4068 in
3178 4015 3471 4086 lacrymis,
3497 4014 3552 4069 in
3569 4011 3752 4084 gaudio

2148 4112 2341 4186 6⁸74
2373 4116 2613 4168 metent.
2646 4112 3016 4167 Ambulantes
3047 4112 3425 4167 ambulabant
3455 4118 3509 4167 et
3545 4111 3754 4173 ﬁebant,

417 4201 547 4256 deat
599 4209 913 4275 martyrum
977 4205 1254 4277 populum
1310 4222 1426 4260 non
1487 4223 1654 4277 posse
1729 4206 2085 4280 numerariq
2147 4208 2436 4262 mittentes
2465 4207 2688 4261 semina
2719 4223 2863 4261 sua:
2899 4206 3192 4260 venientes
3237 4210 3437 4261 autem
3468 4205 3687 4260 venient
3708 4202 3757 4255 in

2067 4289 2086 4356 β
2146 4301 2491 4356 exultatione
2521 4306 2815 4372 portantes
2839 4301 2885 4335 8’
2917 4300 3137 4371 gremia
3159 4317 3260 4355 sua
3284 4302 3332 4335 ⁸³
3358 4301 3492 4372 (48).
3520 4322 3546 4348 ››
3577 4300 3639 4353 Et
3671 4298 3756 4351 ite-

1974 4349 2066 4373 KV

1818 4466 2023 4529 Variae
2066 4465 2405 4530 lectiones.

2778 4612 2822 4647 ⁸⁸
2851 4611 2975 4674 Quo
3006 4623 3134 4661 cum
3173 4612 3359 4660 vetera
3403 4611 3544 4658 Lam.
3579 4604 3690 4658 Bod.
3717 4606 3756 4650 ς.

1629 4611 1671 4647 ⁸⁷
1703 4613 1880 4676 Supra
1918 4613 2037 4676 ipsa
2081 4615 2170 4663 Ar.
2212 4613 2337 4663 Bod.
2380 4614 2424 4662 1.
2456 4612 2506 4671 2,
2545 4613 2595 4668 3.
2634 4615 2678 4662 4.
2778 4612 2822 4647 ⁸⁸
2851 4611 2975 4674 Quo
3006 4623 3134 4661 cum
3173 4612 3359 4660 vetera
3403 4611 3544 4658 Lam.
3579 4611 3690 4658 Bod.
3717 4611 3756 4650 ς.

1629 4722 1636 4725 .
1695 4685 1739 4725 2-
1787 4685 1833 4725 3_
1888 4685 1934 4725 Α-
2005 4685 2116 4725 Ver.
2185 4681 2226 4715 7°
2249 4683 2418 4725 Stolis
2459 4682 2604 4725 albis
2649 4683 2784 4725 Voss.
2829 4684 2873 4725 1.
2926 4682 3077 4725 Stola
3134 4679 3261 4725 alba
3328 4681 3440 4725 Ver.
3570 4676 3608 4709 7'
3636 4676 3759 4725 Laus

477 4611 519 4646 ⁸⁸
544 4613 724 4662 Deum
748 4612 994 4674 judicem
1019 4613 1287 4664 metuisse
1325 4613 1456 4661 Voss.
1487 4615 1528 4663 1.

416 4682 522 4731 NC.
575 4685 621 4731 1.
751 4681 795 4716 σο
816 4683 1064 4733 Turbam
1123 4682 1358 4732 multam
1410 4684 1533 4732 Bod.
1596 4685 1638 4743 1,
1695 4685 1741 4746 2,
1787 4685 1836 4746 3,
1888 4685 1935 4733 4.
2005 4685 2116 4732 Ver.
2185 4681 2226 4715 7°
2249 4683 2418 4733 Stolis
2459 4682 2604 4734 albis
2649 4683 2784 4731 Voss.
2829 4684 2873 4732 1.
2926 4682 3078 4732 Stola
3134 4679 3261 4730 alba
3328 4681 3440 4728 Ver.

419 4754 537 4804 Deo
588 4753 710 4804 Bod.
765 4756 811 4803 4.
915 4754 955 4784 ⁷³
979 4753 1242 4804 Serviunt
1289 4755 1344 4803 in
1398 4753 1605 4816 templo
1657 4755 1798 4803 Lam.
1850 4752 2004 4802 Ebor.
2047 4753 2155 4802 ΝΟ.
2205 4755 2250 4802 1.
2301 4753 2429 4802 Bod.
2478 4756 2524 4813 1,
2572 4754 2623 4811 2,
2671 4753 2719 4813 3,
2767 4754 2814 4802 4.
2861 4753 2978 4801 Ben.
3024 4752 3135 4800 Ver.
3236 4749 3278 4782 ⁷³
3299 4750 3492 4800 Monet
3527 4750 3614 4798 Ar.
3642 4746 3758 4816 Lam.

419 4825 575 4874 Ebor.
621 4825 728 4875 ΝΟ.
775 4825 1038 4874 Praecinit
1075 4824 1203 4874 Bod.
1254 4826 1299 4885 1,
1353 4825 1399 4873 4.
1451 4814 1606 4874 Oxon.
1679 4823 2145 4874 7*‘Holocaustum
2188 4823 2428 4872 hostiam
2476 4825 2596 4874 Bod.
2641 4828 2688 4884 1,
2739 4824 2785 4872 4.
2827 4824 3004 4872 Bene».
3059 4822 3167 4871 Ver.
3237 4821 3402 4869 κείς.
3445 4822 3582 4869 Lam.
3626 4814 3758 4890 Ebar.

433 4899 566 4946 Voss.
622 4899 664 4946 1.
713 4897 837 4946 Bod.
895 4898 942 4958 '2,
993 4899 1043 4947 4.
1142 4896 1191 4929 7‘
1215 4896 1320 4946 Per
1361 4898 1676 4960 angustiam
1720 4896 1846 4947 Bod.
1899 4899 1943 4954 1,
1987 4896 2033 4944 2.
2080 4898 2254 4944 Benev.
2312 4896 2419 4943 Ver.
2475 4894 2544 4943 ad
2595 4894 2742 4955 Quir.
2789 4893 2876 4942 lib.
2921 4893 2969 4952 3,
3013 4906 3054 4940 c.
3108 4892 3182 4942 16.
3289 4891 3330 4924 ⁷⁷
3352 4891 3418 4940 In
3463 4891 3575 4939 risu
3621 4891 3668 4935 et
3706 4895 3754 4931 in

417 4967 786 5017 similitudine
833 4969 976 5016 Lam.
1016 4966 1138 5017 Bod.
1182 4969 1226 5027 1,
1271 4968 1319 5025 2,
1361 4971 1404 5014 Ii.
1463 4967 1570 5015 Ver.
1668 4966 1710 5001 ⁷⁸
1731 4967 2024 5028 Quomodo
2069 4967 2373 5030 computati
2422 4967 2516 5016 Ad.
2565 4968 2709 5027 ρων.
2762 4965 2795 5012 l.
2853 4968 2897 5023 3,
2937 4978 2978 5012 c.
3019 4964 3091 5012 16.
3189 4961 3232 4996 79
3266 4964 3434 5013 Lnxit
3475 4966 3760 5031 super_n0_S

418 5037 525 5086 ΝΟ.
569 5039 608 5086 1.
679 5037 1015 5088 “Jactantia
1041 5039 1181 5086 Lam.
1213 5036 1367 5086 Ebor.
1432 5038 1471 5072 ⁸¹
1497 5039 1643 5088 Mors
1666 5027 1942 5102 justorum
1983 5039 2104 5088 Bod.
2146 5027 2276 5099 1,—3.
2324 5039 2498 5086 Beneu.
2545 5036 2652 5083 Ver.
2720 5033 3066 5083 t“Tollentes
3102 5033 3226 5082 Bod.
3269 5033 3316 5092 2,
3347 5033 3397 5092 3,
3435 5032 3481 5080 4.
3548 5027 3760 5077 ll’Mani-

417 5107 579 5170 pulos
604 5122 734 5159 suos
763 5109 885 5158 80d.
919 5111 960 5158 1.
997 5110 1109 5158 Li'n.

1721 5227 1940 5310 Steph.
1990 5227 2236 5291 Baluzii
2280 5231 2473 5289 notae.

479 5385 572 5447 (45)
639 5387 739 5434 Per
792 5387 974 5437 eadem
1034 5388 1339 5450 passionum
1405 5387 1674 5451 martyria
1742 5379 2125 5452 pergamus.D
2215 5389 2306 5450 (47)
2359 5387 2729 5436 Paenitentiam
2789 5383 3047 5455 habentes.
3095 5382 3175 5431 Ita
3230 5384 3443 5455 veteres
3486 5374 3762 5455 editiones,

421 5456 611 5529 Codex
644 5457 931 5518 Thuanus,
964 5475 992 5507 «
1021 5447 1092 5509 ad
1121 5461 1366 5523 martyrii
1401 5447 1634 5523 gloriam
1676 5447 1985 5522 pergamus.
2020 5447 2109 5505 »—
2153 5447 2574 5523 quatuordecim
2626 5456 2753 5529 libri
2809 5454 3004 5513 nostri,
3058 5458 3112 5505 et
3163 5453 3412 5517 quinque
3466 5447 3758 5529 .A‘nglicani;

421 5511 989 5592 Gratianopolitanus,
1021 5547 1046 5575 «
1094 5530 1163 5580 ad
1206 5511 1452 5594 martyrii
1493 5511 1809 5594 passionem
1861 5544 2052 5594 perga-
2156 5511 2297 5582 Vide
2360 5533 2518 5579 notas
2579 5528 2648 5579 ad
2727 5511 3031 5578 extremam
3100 5511 3338 5590 partem_
3388 5518 3634 5584 epistolas
3703 5511 3760 5560 nd

423 5615 566 5650 mus.
593 5621 620 5647 »
2154 5602 2595 5653 Demetrianum.

484 5674 579 5736 (46)
646 5672 958 5735 Fulgebunt.
1017 5674 1137 5724 Hoc
1206 5678 1552 5738 segmentum
1621 5673 1935 5724 addidimus
1988 5687 2058 5724 ex
2223 5674 2322 5734 (48)
2379 5672 2587 5722 Gremia
2643 5683 2762 5721 sua.
2823 5669 2932 5720 Sex
2990 5667 3117 5717 libri
3189 5671 3430 5725 veteres,
3485 5655 3763 5722 manipulos

423 5749 660 5808 quatuor
717 5745 873 5795 libris
945 5746 1239 5797 veteribus.
1301 5748 1419 5797 Non
1486 5750 1667 5797 exstat
1736 5750 1921 5798 tamen
2002 5746 2059 5794 in
2158 5758 2294 5797 suos.

426 5816 804 5884 Seguieriano.
834 5818 978 5870 Vide
1007 5823 1167 5872 notas
1195 5819 1261 5868 ad
1290 5819 1598 5884 Epistolam
1621 5819 1698 5868 81.
