3998 6194
178 255 255 307 701
1263 251 1350 306 AD
1390 250 1841 308 FORTUNATUM
1881 251 1967 307 DE
2005 249 2376 307 MARTYRIO.

3399 246 3503 306 702

174 382 334 430 terum
380 373 436 427 in
478 374 691 428 Psalmo
737 388 898 428 cxvm
931 415 944 440 ,
982 394 1009 421 «
1063 374 1219 428 Beati
1266 374 1362 445 qui
1406 374 1759 427 immaculati
1786 374 2096 458 Averitate
2133 373 2433 444 proﬁtetur
2464 392 2474 426 :
2503 393 2529 423 «
2574 375 2697 428 Non
2754 377 2906 440 sunt,
2948 371 3152 444 inquit,
3201 371 3498 442 condignm

175 474 281 523 sunt
310 468 359 521 in
395 468 500 535 via,
548 466 644 537 qui
687 468 981 521 ambulant
1025 468 1083 521 in
1132 468 1259 538 lege
1306 467 1553 524 Domini.
1604 468 1759 524 Beati

174 562 251 635 qui
284 564 696 632 perscrutantur
724 560 999 632 martyria
1028 562 1073 596 ⁸⁸
1123 562 1263 632 ejus,
1321 562 1380 616 in
1423 564 1541 617 toto
1587 562 1760 617 corde

173 657 447 727 exquirunt
474 670 621 709 eum.
654 676 681 705 »
706 657 841 710 Item
870 655 1218 710 Dominusin
1248 656 1579 727 Evangelio,
1615 657 1761 711 ultor

169 753 265 822 ipse
314 749 712 820 persecutionis
756 754 960 804 nostras
1008 755 1064 805 et
1102 754 1502 805 remunerator
1530 751 1576 785 ⁸⁵
1628 768 1757 822 pas-

170 842 316 898 sionis
353 860 365 897 :
399 863 426 890 «
469 843 640 912 Beati,
686 844 889 914 inquit,
936 844 1032 915 qui
1101 844 1557 915 persecutionem
1609 846 1759 915 passi

167 940 349 994 fuerint
374 943 605 1010 propter
624 939 930 1009 justitiam,
962 940 1095 1011 quia
1121 940 1375 1011 ipsorum
1404 946 1486 995 est
1518 957 1760 1012 regnum

166 1034 401 1088 cmlorum
430 1052 456 1083 io
487 1034 731 1102 (Matth,
755 1050 809 1097 v,
838 1036 946 1099 10).
985 1036 1049 1089 Et
1076 1033 1286 1088 iterum
1320 1058 1328 1087 :
1368 1054 1395 1085 ς(
1430 1034 1581 1089 Beati
1603 1035 1760 1089 eritis

165 1144 273 1182 cum
302 1126 429 1181 odio
478 1142 574 1180 vos
620 1126 924 1182 habuerint
953 1128 1234 1196 homines,
1285 1133 1341 1183 et
1373 1130 1761 1199 separaverint

163 1238 257 1288 vos,
289 1226 337 1275 et
368 1220 681 1291 expulerint
710 1221 756 1256 ⁸⁵
800 1224 855 1274 et
885 1221 1281 1277 maledixerint
1308 1222 1533 1277 nomini
1576 1226 1759 1277 vestro

163 1314 298 1386 quasi
327 1330 566 1385 nequam
590 1317 825 1385 propter
852 1314 1055 1369 Filium
1089 1316 1363 1370 hominis.
1410 1317 1660 1371 Gaudete
1700 1317 1759 1371 in

161 1410 241 1463 illa
294 1408 379 1462 die
440 1413 496 1463 et
550 1408 875 1462 exsultate:
923 1425 1049 1463 ecce
1103 1410 1257 1463 enim
1311 1426 1523 1464 merces
1576 1414 1760 1465 vestra

161 1504 316 1557 multa
345 1507 426 1556 est
454 1502 514 1556 in
546 1502 699 1556 caelis
722 1524 749 1552 »
779 1503 953 1573 (Luc.,
983 1520 1057 1569 v1,
1080 1503 1190 1573 22).
1227 1504 1517 1559 Etiterum
1545 1521 1557 1558 :
1594 1526 1619 1553 ‹‹
1650 1504 1758 1568 Qui

160 1595 448 1667 perdiderit
473 1597 727 1651 animam
756 1613 921 1651 suam
959 1600 1197 1668 propter
1232 1615 1347 1665 me,
1387 1598 1480 1652 hic
1522 1598 1757 1652 salvabit

156 1691 287 1745 illam
314 1712 338 1739 α
370 1692 542 1761 (Luc.,
580 1708 653 1757 IX,
698 1691 807 1759 34).
860 1692 971 1746 Nec
1022 1692 1167 1745 solos
1222 1692 1651 1747 animadversos
1699 1696 1756 1746 et

1865 467 2054 540 6'75
2076 467 2365 538 passiones
2409 467 2579 536 hujus
2604 467 2877 537 temporis
2906 467 2975 520 ad
3021 468 3498 537 superventuram

1864 562 2196 626 claritatem,
2237 577 2365 631 quae
2411 560 2755 615 revelabitur
2786 560 2843 614 in
2872 560 3033 615 nobis
3062 580 3085 611 υ
3140 563 3335 629 (Rom,
3401 576 3495 612 vm

1867 658 1974 719 l8).
2023 656 2158 719 Quis
2204 671 2339 726 ergo
2390 671 2507 708 non
2551 655 2815 708 omnibus
2864 655 3076 708 viribus
3125 654 3379 708 elaboret
3421 654 3495 707 ad

1861 752 2082 803 tantam
2110 749 2429 803 claritatem
2455 748 2773 820 pervenire,
2798 751 2860 801 ut
2887 748 3099 801 amicus
3134 748 3229 801 Dei
3273 749 3391 813 ﬁat,
3433 750 3498 801 ut

1862 859 1991 898 cum
2036 844 2256 899 Christo
2310 843 2502 897 statim
2549 842 2817 913 gaudeat,
2865 847 2925 895 ut
2962 847 3084 911 post
3117 846 3399 895 tormenta
3439 845 3497 894 et

1862 937 2139 1008 supplicia
2202 940 2463 1005 terrena,
2523 935 2759 1007 praemia
2814 935 3003 990 divina
3057 935 3389 1005 percipiat?
3442 935 3496 989 Si

1861 1030 2135 1085 militibus
2208 1030 2568 1084 saecularibus
2649 1029 2966 1099 gloriosum
3039 1034 3120 1083 est
3192 1032 3251 1081 ut
3336 1029 3497 1081 hoste

1861 1124 2080 1180 devicto
2119 1124 2354 1180 redeant
2390 1125 2451 1178 in
2493 1124 2740 1195 patriam
2787 1122 3231 1193 triumphantes,
3282 1125 3495 1192 quanto

1862 1219 2053 1290 potior
2081 1222 2138 1272 et
2163 1219 2348 1287 major
2374 1223 2460 1273 est
2498 1218 2699 1286 gloria,
2727 1217 2873 1271 victo
2903 1217 3141 1283 diabolo,
3180 1215 3251 1269 ad
3274 1215 3498 1286 paradi-

1868 1329 1992 1366 sum
2022 1312 2475 1382 triumphantem
2508 1312 2556 1346 °°
2582 1311 2790 1377 redire,
2819 1314 2875 1365 et
2912 1310 3065 1365 unde
3094 1309 3271 1364 Adam
3294 1325 3493 1380 pecca-

1858 1411 1948 1460 tor
1977 1408 2190 1477 ejectus
2221 1412 2324 1475 est,
2369 1406 2519 1472 illuc,
2547 1408 2830 1476 prostrato
2860 1422 2929 1459 eo
2960 1404 3057 1476 qui
3083 1405 3229 1473 (ante
3274 1403 3493 1473 dejece-

1858 1505 1948 1555 rat
2007 1501 2075 1553 ⁹¹.
2136 1503 2355 1571 trepzea
2419 1499 2671 1553 victricia
2733 1503 3045 1569 reportare,
3112 1497 3318 1552 offerre
3382 1499 3494 1552 Deo

1858 1593 2311 1664 acceptissimum
2338 1610 2567 1659 munus,
2596 1593 2987 1663 incorruptam
3018 1591 3193 1645 ﬁdem
3221 1594 3280 1644 et
3318 1591 3491 1644 virtu-

1860 1693 1977 1742 tem
1996 1688 2200 1741 mentis
2220 1687 2590 1753 incolumem,
2610 1687 2839 1741 laudem
2884 1686 3203 1741 devotionis
3220 1685 3499 1739 illustrem

160 1784 451 1839 interfectos
497 1784 703 1840 divina:
749 1784 1168 1855 pollicitationis
1215 1791 1452 1841 manent
1498 1786 1754 1856 praemia,
1781 1757 1834 1828 Β
1862 1781 2121 1835 comitari
2172 1797 2306 1835 eum
2349 1797 2478 1836 cum
2519 1781 2712 1835 venire
2762 1780 3015 1851 coeperit,
3067 1779 3372 1833 vindictam
3424 1778 3493 1831 de

157 1872 251 1940 sed,
302 1872 519 1927 etiamsi
572 1873 692 1943 ipsa
758 1873 943 1944 passio
1014 1873 1279 1929 ﬁdelibus
1353 1874 1535 1944 desit,
1613 1874 1759 1929 ﬁdes

157 1970 322 2020 tamen
350 1966 582 2038 integra
628 1971 797 2038 atque
854 1968 1062 2023 invicta
1106 1968 1439 2039 perstiterit,
1488 1972 1564 2037 et,
1617 1985 1755 2023 con-

156 2061 357 2130 temptis
408 2077 471 2114 ac
554 2061 766 2115 relictis
832 2063 945 2116 suis
1002 2062 1297 2130 omnibus,
1360 2063 1649 2117 Christum
1699 2080 1757 2117 se

155 2154 285 2224 sequi
310 2154 667 2209 Christianus
701 2155 1029 2223 ostenderit,
1063 2156 1184 2228 ipse
1225 2172 1501 2227 quoquee
1531 2156 1756 2211 Christo

154 2248 275 2303 inter
346 2254 625 2319 martyres
699 2250 1051 2318 honoratur,
1111 2251 1412 2320 pollicente
1511 2250 1633 2321 ipso
1702 2253 1759 2305 et

154 2342 345 2397 dicente
381 2359 449 2397 ει(
505 2345 685 2398 Nemo
739 2346 822 2398 est
870 2344 968 2415 qui
1023 2344 1315 2415 relinquat
1369 2344 1603 2398 domum
1661 2347 1760 2398 aut

155 2452 347 2506 agrum,
377 2440 478 2492 aut
500 2440 763 2507 parentes
811 2443 907 2491 aut
959 2438 1183 2508 fratres,
1232 2443 1331 2493 aut
1375 2455 1612 2493 uxorem
1662 2443 1759 2493 aut

154 2528 272 2583 ﬁlios
297 2534 537 2602 propter
563 2547 809 2602 regnum
850 2532 966 2599 Dei,
1011 2536 1066 2586 et
1104 2549 1222 2586 non
1272 2532 1514 2603 recipiat
1552 2532 1758 2603 septies

152 2628 349 2679 tantum
382 2625 441 2679 in
478 2626 592 2679 isto
617 2631 895 2696 tempore,
942 2627 1000 2679 in
1046 2627 1251 2681 seculo
1288 2630 1478 2680 autem
1522 2630 1757 2680 venturo

151 2712 295 2767 vitam
344 2718 626 2768 aeternam
661 2737 687 2763 »
716 2718 889 2783 (Lua,
929 2732 1082 2782 xvm,
1127 2716 1240 2787 29).
1286 2717 1424 2771 Item
1455 2716 1512 2771 in
1550 2718 1757 2786 Apoca-

152 2804 272 2876 lypsi
317 2808 416 2861 hoc
444 2808 604 2861 idem
631 2808 887 2879 loquitur
913 2826 925 2863 :
957 2830 984 2856 ‹‹
1013 2810 1081 2863 Et
1109 2810 1245 2877 vidi,
1277 2809 1485 2880 inquit.
1532 2809 1757 2863 animas

153 2901 432 2956 occisorum
499 2906 731 2973 propter
787 2918 998 2958 nomen
1052 2905 1179 2957 Jesu
1214 2904 1258 2937 ⁸⁷
1314 2908 1369 2958 et
1433 2918 1756 2957 sermonem

153 2994 231 3047 Dei
268 3013 334 3061 -,n
382 2999 438 3050 et
495 3012 626 3049 cum
674 2996 857 3067 primo
907 2996 963 3050 in
1023 2997 1147 3052 loco
1194 2998 1476 3068 posuisset
1526 2997 1754 3065 occisos,

153 3088 370 3158 addidit,
400 3090 603 3143 dicens
635 3107 647 3143 :
687 3112 711 3138 ‹‹
743 3091 810 3143 Et
838 3090 1185 3162 quicumque
1212 3090 1527 3161 imaginem
1557 3091 1753 3145 bestiae

151 3197 241 3233 non
269 3183 667 3251 adoraverunt,
704 3200 804 3237 nec
839 3190 1182 3255 acceperunt
1220 3185 1658 3255 inscriptionem
1696 3185 1751 3238 in

148 3276 301 3331 fronte
339 3284 434 3333 aut
486 3278 550 3331 in
591 3294 767 3332 manu
810 3295 938 3344 sua,
972 3300 998 3327 ››
1030 3295 1167 3350 quos
1210 3279 1499 3333 universos
1542 3296 1574 3333 a
1604 3295 1660 3333 se
1692 3279 1749 3333 in

152 3369 321 3424 eadem
366 3372 495 3425 loco
552 3370 718 3425 simul
771 3371 920 3426 visos
972 3372 1269 3442 conjungit
1318 3378 1374 3426 et
1418 3372 1571 3441 dicit,
1625 3394 1652 3421 ‹‹
1699 3378 1755 3427 et

147 3460 378 3514 vixerunt
401 3465 458 3514 et
480 3465 871 3531 regnaverunt
888 3478 1015 3515 cum
1038 3462 1257 3516 Christo
1285 3482 1310 3508 ››
1330 3462 1541 3531 (Apoc.,
1566 3478 1656 3528 xv,
1679 3463 1750 3531 4).

148 3551 317 3607 Vivere
350 3571 553 3608 omnes
596 3554 728 3608 dicit
778 3558 834 3609 et
880 3570 1123 3625 regnare
1169 3572 1298 3609 cum
1350 3555 1594 3623 Christo,
1639 3572 1751 3609 non

147 3649 341 3701 tantum
370 3650 469 3719 qui
501 3648 665 3702 occisi
689 3649 925 3715 fuerint,
964 3649 1061 3703 sed
1078 3655 1132 3703 et
1161 3649 1509 3720 quicumque
1544 3649 1601 3702 in
1621 3649 1751 3703 ﬁdei

148 3754 241 3793 sua
282 3742 554 3796 ﬁrmitate
602 3748 659 3796 et
690 3742 786 3796 Dei
820 3742 1022 3797 timore
1049 3746 1370 3813 perstantes
1399 3758 1415 3810 ;
1446 3742 1752 3813 imaginem

146 3830 313 3889 bestia:
338 3851 454 3890 non
504 3835 890 3904 adoraverint,
937 3853 1124 3907 neque
1169 3837 1238 3891 ad
1272 3837 1490 3890 funesta
1520 3836 1662 3906 ejus,
1696 3842 1752 3889 et

149 3929 391 3999 sacrilega
419 3929 606 3983 edicta
633 3930 1042 3986 consenserint.

146 4048 251 4103 CAP.
288 4050 423 4105 Xlll.
490 4082 558 4092 -ο
669 4053 799 4108 Plus
874 4066 969 4107 nos
1041 4053 1282 4121 accipere
1355 4052 1414 4104 in
1484 4052 1754 4121 passionis

202 4132 467 4197 mercede,
536 4149 703 4203 quam
768 4133 913 4202 quod
973 4132 1056 4187 hic
1119 4134 1441 4187 sustinemus
1505 4134 1563 4185 in
1631 4134 1753 4201 ipsa

202 4226 459 4279 passione.

206 4313 397 4368 Probat
424 4313 629 4369 beatus
663 4315 947 4385 apostolus
992 4314 1220 4382 Paulus,
1268 4314 1365 4386 qui
1418 4313 1750 4386 dignatione

145 4402 315 4461 divina
341 4425 521 4480 usque
550 4408 609 4462 in
642 4409 873 4463 tertium
901 4409 1106 4463 coelum
1129 4414 1300 4479 atque
1329 4408 1386 4462 in
1418 4408 1749 4479 paradisum

1859 1874 2106 1929 inimicis
2145 1877 2500 1945 recepturus,
2550 1874 2717 1929 lateri
2768 1874 2888 1944 ejus
2929 1874 3194 1928 assistere
3223 1888 3351 1927 cum
3405 1888 3493 1926 se-

1864 1968 2011 2023 derit
2027 1968 2409 2038 judicaturus,
2440 1968 2795 2022 cohmredem
2830 1967 3035 2023 Christi
3074 1966 3222 2033 fieri,
3277 1966 3495 2037 angelis

1858 2062 2170 2132 adaquari,
2225 2078 2354 2115 cum
2413 2061 2777 2133 patriarchis,
2836 2078 2967 2115 cum
3025 2060 3312 2131 apostolis,
3364 2076 3495 2114 cum

1858 2155 2154 2226 prophetis
2197 2155 2435 2210 caelestis
2488 2156 2653 2227 regni
2707 2155 3054 2226 possessione
3103 2153 3323 2209 lmtari?
3384 2156 3493 2207 Has

1859 2249 2235 2319 cogitationes
2263 2266 2391 2320 quae
2422 2250 2737 2321 persecutio
2780 2254 2965 2319 potest
2984 2250 3027 2283 ⁵³
3054 2248 3311 2303 vincere!
3364 2265 3493 2319 qua:

1857 2349 2096 2414 possunt
2124 2347 2412 2398 tormenta
2443 2344 2751 2414 superare?
2803 2344 2976 2397 Durat
3005 2342 3168 2397 fortis
3194 2348 3250 2396 et
3277 2342 3494 2398 stabilis

1858 2436 2137 2507 religiosis
2194 2436 2655 2492 meditationibus
2683 2438 2731 2471 9°
2779 2437 3013 2491 fundata
3064 2453 3244 2505 mens,
3295 2441 3351 2490 et
3398 2436 3493 2489 ad-

1857 2545 2053 2585 versus
2109 2547 2309 2584 omnes
2358 2530 2569 2586 diaboli
2629 2537 2876 2586 terrores
2943 2529 3138 2603 6'76
3192 2536 3249 2584 et
3307 2530 3495 2584 minas

1859 2625 2079 2691 mundi,
2115 2623 2341 2678 animus
2362 2624 2677 2680 immobilis
2698 2628 2928 2695 perstat,
2959 2642 3132 2695 quem
3164 2624 3495 2677 futurorum

1857 2717 1995 2771 ﬁdes
2028 2720 2179 2772 certa
2202 2718 2248 2753 ⁹⁴
2278 2721 2333 2771 et
2383 2718 2559 2772 solida
2608 2718 2954 2773 corroborat.
2991 2717 3345 2773 Clauduntur
3368 2718 3413 2751 8°
3434 2716 3491 2770 in

1859 2811 2348 2882 persecutionibus
2386 2816 2572 2879 terrae,
2615 2811 2715 2865 sed
2758 2815 2915 2883 patet
2960 2812 3161 2866 cmlum
3190 2827 3202 2865 :
3236 2811 3491 2865 minatur

1858 2904 2256 2971 Antichristus,
2307 2906 2404 2959 sed
2443 2906 2698 2962 Christus
2745 2910 2966 2972 tuetur;
3022 2921 3175 2959 mors
3227 2905 3491 2972 infertur,

1857 2999 1951 3053 sed
1981 2999 2378 3053 immortalitas
2404 3001 2662 3071 sequitur
2694 3017 2706 3054 :
2745 3000 2925 3055 occiso
2954 3000 3201 3054 mundus
3227 2999 3487 3069 eripitur,

1857 3092 1955 3146 sed
1984 3092 2244 3147 restituto
2291 3094 2580 3163 paradisus
2631 3094 2961 3161 exhibetur;
3005 3093 3121 3148 vita
3162 3092 3490 3163 temporalis

1856 3186 2232 3256 extinguitur,
2263 3188 2359 3241 sed
2399 3191 2614 3241 zeterna
2649 3194 2940 3259 reparatur
2968 3188 3097 3258 (49).
3137 3189 3358 3251 Quanta
3406 3189 3490 3239 est

1853 3280 2096 3351 dignitas
2116 3287 2170 3334 et
2195 3287 2406 3351 quanta
2437 3282 2705 3336 securitas
2735 3282 2889 3336 exire
2919 3282 3051 3334 hinc
3081 3282 3295 3347 laetum,
3328 3280 3485 3333 exire

1853 3374 2004 3427 inter
2050 3390 2339 3444 pressurae
2376 3377 2432 3430 et
2467 3376 2763 3445 angustias
2815 3375 3179 3445 gloriosum?
3227 3374 3493 3428 claudere

1854 3468 1912 3521 in
1942 3472 2234 3522 momento
2267 3470 2477 3536 oculos,
2519 3470 2726 3541 quibus
2763 3470 3023 3524 homines
3072 3467 3412 3522 videbantur
3438 3472 3493 3521 et

1855 3562 2128 3629 mundus,
2156 3568 2210 3617 et
2237 3562 2459 3634 aperire
2491 3564 2723 3618 eosdem
2752 3564 2942 3618 statim
2974 3568 3034 3617 ut
3063 3564 3204 3617 Deus
3233 3561 3493 3615 videatur

1856 3659 1910 3709 et
1942 3656 2233 3711 Christusl
2262 3658 2397 3711 Tam
2430 3657 2681 3713 feliciter
2709 3657 3017 3728 migrandi,
3047 3660 3261 3729 quanta
3292 3656 3489 3710 veloci-

1854 3752 1940 3803 tas
1968 3749 2064 3803 "!
2116 3750 2301 3803 Terris
2359 3757 2595 3823 repente
2636 3751 3009 3818 subtraheris,
3072 3756 3133 3805 ut
3184 3751 3243 3804 in
3297 3749 3491 3821 regnis

1854 3843 2182 3897 ccelestibus
2234 3846 2543 3915 reponaris.
2593 3846 2718 3900 Haec
2746 3850 2970 3915 oportet
3002 3847 3193 3898 mente
3244 3847 3303 3899 et
3344 3843 3493 3913 cogi-

1854 3937 2072 3992 tatione
2112 3938 2429 4008 complecti,
2469 3939 2588 3992 haec
2640 3939 2731 3993 die
2785 3956 2849 3993 ac
2896 3944 3059 3993 nocte
3106 3937 3385 3992 meditari.
3436 3937 3494 3992 Si

1854 4031 2027 4085 talem
2058 4032 2374 4102 persecutio
2402 4032 2510 4102 (50)
2531 4032 2812 4088 invenerit
2826 4033 2872 4066 9"
2918 4032 3017 4087 Dei
3049 4032 3313 4098 militem,
3344 4030 3490 4085 vinci

1852 4141 1968 4179 non
1998 4125 2211 4195 poterit
2252 4124 2431 4179 virtus
2476 4126 2547 4180 ad
2576 4127 2841 4197 praelium
2896 4129 3162 4197 prompta
3190 4127 3259 4178 9⁸.
3312 4125 3412 4177 Vel
3448 4124 3493 4177 si

1852 4219 2141 4273 accersitio
2179 4224 2312 4273 ante
2355 4222 2717 4290 przevenerit,
2788 4222 2909 4277 sine
2957 4221 3193 4292 praemio
3238 4236 3354 4273 non
3385 4219 3493 4273 erit

1852 4312 2008 4380 ﬁdes,
2066 4329 2194 4384 quas
2253 4318 2377 4367 erat
2429 4315 2502 4369 ad
2560 4315 2901 4387 martyrium
2957 4319 3300 4388 praeparata.
3358 4312 3490 4367 Sine

1855 4406 2063 4461 damno
2092 4409 2365 4479 temporis
2411 4426 2650 4478 merces,
2676 4409 2871 4480 judice
2907 4412 3041 4477 Deo,
3094 4409 3357 4464 redditur
3388 4424 3400 4462 :
3430 4408 3490 4461 in

145 4505 339 4568 raptus,
371 4504 595 4557 audisse
637 4520 695 4556 se
718 4502 1116 4558 inenarrabilia
1149 4503 1321 4557 verba
1343 4506 1620 4567 testatur;
1660 4501 2272 4573 quiDpersecutione,
2330 4503 2570 4571 militia;
2624 4504 2682 4557 in
2730 4521 2887 4575 pace,
2936 4503 3283 4558 conscientia
3326 4518 3489 4556 coro-

147 4594 345 4650 oculata
384 4596 499 4651 ﬁde
529 4597 575 4630 ⁸⁸
602 4597 791 4651 Jesum
828 4597 1130 4651 Dominum
1167 4596 1369 4652 vidisse
1398 4613 1456 4649 se
1488 4595 1766 4667 gloriatur
1866 4598 2055 4651 natur.

146 4687 227 4754 qui
258 4688 311 4743 id
342 4689 498 4761 quod
514 4694 571 4745 et
598 4690 795 4745 didicit
820 4696 870 4745 et
900 4689 1058 4759 vidit,
1089 4689 1293 4760 majori
1324 4688 1689 4745 conscientiae
1716 4689 1763 4723 ⁸9

1495 4827 1709 4891 Variae
1760 4828 2100 4894 lectiones.

196 4951 677 5038 “.Pers-crut'antur
724 4958 1005 5038 mysteria
1036 4958 1145 5007 ΝΟ.
1299 4956 1801 5038 TestimopiamLi‘a.

813 5029 854 5064 ⁸⁷
876 5030 1124 5081 Verbum
1176 5030 1311 5079 Jesu
1366 5028 1488 5077 Bod.
1537 5028 1584 5075 οὶ.
1641 5027 2045 5077 Testimonium
2098 5030 2228 5079 Jesu
2289 5032 2400 5078 Ver.

817 5101 865 5161 3,
914 5103 959 5150 4.
1060 5100 1346 5162 InMajoris
1390 5099 1747 5147 conscientias
1791 5101 1882 5147 Ar.
1927 5100 2054 5147 Bod.
2100 5102 2142 5159 1,
2194 5102 2243 5161 2,
2290 5102 2341 5159 3,
2383 5103 2426 5150 4.

140 5026 301 5074 verint
350 5029 444 5076 Ar.
497 5030 619 5078 Bod.
666 5032 713 5079 2.

143 5093 262 5142 Lam.
311 5099 400 5145 Ar.
456 5098 572 5146 Bod.
632 5102 672 5161 1,
721 5102 765 5159 2,
817 5101 865 5161 3,
914 5103 959 5150 4.

2369 4960 2491 5009 Bod.
2562 4961 2617 5019 1,
2674 4960 2722 5019 ‘2,
2773 4965 2820 5009 4.
2886 4960 2996 5008 Ver.
3126 4960 3494 5023 t“Expugna-

2504 5030 2544 5063 ⁸⁸
2569 5030 2745 5081 Oculo
2800 5030 2930 5081 ﬁdei
2988 5030 3112 5080 Bod.
3162 5035 3206 5079 3.
3266 5031 3498 5081 Occulta

2525 5102 3022 5164 smTriumphantes
3067 5102 3189 5150 Bod.
3240 5102 3287 5163 2,
3343 5102 3391 5159 3,
3444 5104 3491 5151 4-

1930 4958 1972 4991 ⁸⁵
1995 4958 2311 5009 Munerator

2289 5032 2400 5078 Ver.

144 5160 497 5237 91Deceperat
526 5158 667 5218 Lam.
694 5158 861 5218 Εὸονζ
888 5170 993 5220 NC.
1038 5172 1082 5231 1,
1131 5158 1251 5218 Boii.
1300 5170 1342 5229 1,
1385 5169 1433 5227 2,
1479 5172 1523 5225 3.
1560 5172 1605 5219 4.
1658 5170 1793 5219 Voss.
1836 5171 1879 5230 1,
1920 5170 1965 5219 2.
2034 5158 2522 5222 9’Persecutiones
2555 5158 2945 5237 possunt-80d.
2977 5175 3024 5234 2,
3075 5177 3218 5223 Lam.
3276 5158 3329 5207 ’9³
3352 5158 3495 5224 Reli-

141 5234 291 5293 giosis
315 5239 716 5289 imitationibus
754 5243 891 5289 Voss.
922 5242 964 5289 1.
1052 5241 1093 5271 9⁴
1116 5238 1278 5288 Fides
1304 5242 1455 5300 grata
1498 5242 1629 5288 Voss.
1668 5241 1708 5287 1.

1799 5239 1841 5272 9’
1864 5241 1950 5289 Sic
1978 5244 2116 5291 Lam.
2152 5243 2305 5290 Ebor.
2338 5245 2451 5295 Lt'n.
2485 5245 2594 5295 ΝΟ.
2632 5246 2649 5295 1
2691 5248 2827 5295 Voss.
2866 5247 2912 5307 1,
2944 5250 2989 5292 2.
3049 5246 3168 5294 Bod.
3202 5247 3247 5303 1,
3284 5246 3331 5305 Ξ,
3362 5248 3411 5305 3,
3446 5248 3493 5294 4.

144 5302 243 5351 Ben.
284 5310 393 5355 Ver.
426 5308 775 5360 Clauduntur
802 5310 949 5361 oculi
976 5311 1131 5374 lmpr.
1199 5310 1242 5343 ⁸⁸
1258 5310 1481 5372 Quanta
1511 5310 1748 5360 felicitas
1779 5312 1891 5359 Vat.
1958 5310 2001 5343 ⁸⁷
2023 5313 2351 5364 Persecutor
2377 5317 2651 5365 invenerit
2688 5315 2811 5365 Bod.
2850 5302 2909 5365 3.,
2968 5314 3011 5349 ³³
3032 5302 3293 5367 Ρῐξειὶυω
3319 5302 3495 5369 desti-

142 5378 251 5423 nata
278 5376 405 5427 Bod.
436 5382 480 5427 3.

1416 5471 1644 5552 Steph.
1690 5471 1937 5535 Baluzii
1982 5479 2183 5537 notae.

196 5604 279 5665 (49)
324 5606 547 5656 Λῖισνηα
587 5612 887 5671 reparatur.
926 5606 1119 5659 Codex
1167 5607 1563 5674 Seguierianus
1607 5613 1755 5657 aeter-

144 5672 269 5723 nitas
296 5683 718 5735 repraesentatur.

202 5744 291 5807 (30)
336 5748 393 5796 Si
434 5748 583 5799 talem
620 5750 926 5813 persecutio.
976 5750 1162 5802 Codex
1212 5751 1480 5801 Thuanue
1526 5756 1577 5801 et
1617 5750 1753 5801 Gra-

144 5814 559 5883 tianopolitanus
612 5826 665 5873 et
729 5822 1001 5875 editiones
1060 5823 1337 5889 Spirensis
1404 5828 1459 5875 et
1522 5824 1756 5875 Morellii

1853 5610 2062 5660 habent
2099 5628 2128 5660 ‹‹
2166 5611 2212 5661 si
2254 5612 2421 5663 talem
2473 5616 2877 5678 persecutionis
2924 5616 3041 5666 dies
3091 5614 3297 5667 Christi
3337 5615 3491 5662 inve-

1854 5682 2309 5804 :eritlrlnilitem.
2380 5704 2407 5733 »
2469 5687 2548 5737 lta
2611 5688 2778 5739 etiam
2840 5690 3013 5742 ferme
3084 5686 3262 5741 codex
3317 5684 3494 5737 sancti

1908 5768 2149 5818 rnupu.
