3998 6194
460 279 559 333 703
778 294 783 295 ⁷
1402 282 1458 336 S.
1486 281 1812 377 [CYPRIANI
1851 282 2126 340 OPERUM
2167 284 2338 340 PARS
2374 285 2441 340 ll.
2474 313 2544 325 —
2570 283 2939 341 OPUSCULA.
3680 298 3764 351 704

1352 486 1357 487 ,
1420 486 3764 501 ,i_____________________

1634 633 2563 727 TESTIMONIORUM
2615 623 2635 674 ¹

1905 844 2114 909 LIBRI
2157 844 2359 909 TRES

1426 1057 2186 1168 ADVERSUS
2281 1059 2346 1168 J
2366 1059 2874 1171 UDzEOS

523 1458 827 1558 Ci'raisnus
872 1463 1104 1527 Quirino
1136 1465 1156 1499 ²
1198 1466 1309 1521 tilio
1365 1470 1606 1523 salutem
1635 1472 1727 1540 (1).
1777 1471 2083 1543 Obtempe-
2108 1485 2167 1558 Α
2188 1474 2529 1546 compendio
2562 1476 2607 1509 ¹²
2634 1475 2691 1530 id
2716 1476 2870 1546 quod
2892 1475 3104 1546 legitur
3128 1478 3294 1530 tenax
3314 1476 3581 1531 memoria
3615 1480 3774 1531 custo-

451 1554 702 1608 randum
728 1556 853 1624 fuit,
880 1558 959 1613 ﬁli
985 1559 1318 1615 charissime
1342 1564 1383 1629 ³,
1416 1563 1697 1619 desiderio
1718 1570 1814 1620 tuo
1834 1565 2073 1635 spiritali

448 1644 872 1716 impensissima
899 1653 1173 1722 petitione
1215 1655 1405 1710 divina
1443 1658 1773 1729 magisteria
1824 1658 2077 1730 poscenti

448 1739 655 1811 quibus
687 1759 785 1796 nos
812 1746 1080 1801 Dominus
1109 1766 1209 1818 per
1236 1749 1554 1821 Scripturas
1585 1758 1811 1808 sanctas
1850 1753 2075 1807 erudire

448 1835 507 1885 et
551 1834 832 1891 instruere
860 1840 1123 1909 dignatus
1154 1846 1239 1896 est
1276 1845 1320 1911 ‘,
1351 1847 1436 1911 ut,
1471 1861 1503 1898 a
1530 1845 1780 1900 tenebris
1814 1847 2022 1901 erroris
2056 1848 2075 1879 ⁵

449 1925 677 1982 abducti
720 1933 776 1983 et
818 1931 944 1986 luce
982 1935 1103 2004 ejus
1156 1952 1294 2006 pura
1326 1938 1347 1970 ο
1398 1940 1454 1992 et
1500 1938 1744 1993 candida
1794 1940 2076 2010 luminati,

446 2018 601 2079 Viam
631 2026 758 2080 vita:
792 2043 894 2096 per
934 2029 1200 2084 salutaria
1243 2029 1433 2103 677
1483 2038 1838 2088 sacramenta
1882 2037 2074 2088 tenea-

450 2136 597 2175 mus.
649 2121 717 2174 Et
759 2120 1012 2191 quidem,
1048 2123 1193 2177 sicut
1242 2125 1448 2193 petisti,
1495 2125 1575 2180 ita
1630 2143 1661 2180 a
1691 2126 1852 2181 nobis
1887 2144 2076 2182 sermo

449 2214 797 2284 compositus
826 2219 885 2269 et
938 2216 1168 2271 libellus
1214 2219 1558 2289 compendio
1606 2220 1894 2275 breviante
1924 2220 1945 2254 ⁷
1987 2221 2073 2275 di-

448 2314 638 2377 gestus
693 2314 797 2376 est,
868 2313 929 2363 ut
987 2326 1115 2381 qua:
1185 2312 1579 2367 scribebantur
1607 2314 1649 2381 ⁸,
1716 2330 1834 2369 non
1910 2316 2077 2386 copia

443 2400 702 2455 latiore9
783 2401 1182 2472 difl'underem,
1246 2405 1363 2473 sed,
1439 2411 1717 2477 quantum
1776 2408 2077 2463 mediocris

445 2496 721 2549 memoria
748 2497 1096 2567 suggerebat
1124 2498 1192 2567 ¹⁰,
1222 2499 1475 2570 exceptis
1529 2501 1790 2571 capitulis
1810 2505 1867 2556 et
1898 2519 2072 2558 anne-

447 2589 530 2642 xis
558 2590 873 2645 necessaria
905 2607 1146 2663 quaeque
1186 2592 1516 2663 colligerem
1560 2594 1766 2665 quibus
1810 2612 1925 2650 non
1958 2602 2074 2650 tam

450 2686 718 2737 tractasse
765 2700 937 2754 quam
994 2686 1361 2741 tractantibus
1408 2688 1707 2743 materiam
1762 2689 2074 2760 praebuisse

451 2774 763 2831 videamur.
799 2777 906 2833 Sed
940 2784 994 2833 et
1021 2778 1345 2850 legentibus
1372 2781 1613 2835 brevitas
1648 2783 1924 2853 ejusmodi
1954 2785 2073 2854 plu-

2179 1569 2278 1625 dit.
2310 1569 2647 1639 Complexus
2673 1586 2800 1625 sum
2841 1586 2975 1625 vero
3008 1569 3225 1624 libellos
3262 1569 3406 1624 duos
3451 1570 3564 1641 pari
3607 1587 3771 1641 mqua-

2178 1663 2338 1718 litate
2393 1663 2787 1718 moderatos”
2816 1680 2832 1731 ;
2889 1679 3090 1726 unum,
3145 1680 3256 1736 quo
3308 1664 3596 1719 ostendere
3647 1663 3771 1718 enisi

2178 1773 2374 1812 sumus
2405 1759 2472 1825 ¹⁴,
2523 1758 2772 1826 Iudaeos,
2828 1758 3148 1813 secundum
3220 1774 3352 1828 quae
3409 1757 3623 1812 fuerant
3666 1763 3775 1813 ante

2178 1849 2469 1921 praedicta,
2523 1867 2555 1904 a
2611 1852 2728 1906 Deo
2773 1852 3091 1921 recessisse,
3140 1856 3197 1905 et
3245 1851 3651 1923 indulgentiam
3697 1854 3780 1907 Do-

2179 1944 2339 2012 mini,
2369 1960 2495 2015 quae
2525 1943 2632 1999 sibi
2672 1944 2800 2015 jam
2837 1946 3063 2018 pridem
3119 1944 3252 2000 data
3305 1948 3359 2001 et
3410 1946 3466 2001 in
3524 1952 3777 2017 posterum

2177 2038 2457 2111 prgmissa
2509 2039 2731 2104 fuerat,
2787 2039 3118 2111 perdidisse,
3181 2039 3509 2095 successisse
3559 2056 3678 2094 vero
3732 2040 3777 2094 in

2178 2132 2380 2187 efnm
2453 2132 2644 2187 locum
2695 2132 3040 2189 Christianos
3083 2133 3192 2188 fide
3249 2134 3623 2189 Dominum”
3665 2150 3776 2204 pro-

2178 2230 2472 2281 merentes
2498 2231 2553 2282 et
2587 2226 2658 2281 de
2705 2226 2971 2282 omnibus
3021 2228 3285 2298 gentibus
3316 2244 3382 2282 ac
3417 2228 3486 2281 de
3512 2230 3622 2282 toto
3662 2226 3778 2281 orbe

2186 2320 2500 2375 venientes.
2576 2322 2714 2376 Item
2783 2321 3009 2376 libellus
3084 2322 3227 2375 alius
3291 2321 3544 2376 continet
3602 2320 3780 2377 Christi

2175 2419 2616 2481 sacramentum,
2653 2416 2804 2486 quod
2838 2415 2993 2470 idem
3035 2416 3258 2470 venerit
3291 2417 3337 2450 ¹⁶
3362 2415 3461 2487 qui
3500 2414 3777 2470 secundum

2173 2507 2490 2579 Scripturas
2515 2510 2885 2563 annuntiatus
2927 2512 3032 2577 est,
3062 2514 3119 2564 et
3146 2510 3390 2580 gesserit
3411 2525 3475 2564 ac
3505 2508 3780 2580 perfecerit

2175 2600 2437 2656 universa
2465 2602 2671 2673 quibus
2696 2602 2936 2673 intelligi
2963 2606 3021 2658 et
3058 2603 3324 2675 cognosci
3351 2620 3514 2674 posse
3542 2604 3629 2674 (ζὸ)
3656 2618 3776 2672 prae-

2174 2694 2356 2749 dictus
2388 2692 2428 2730 ¹⁷
2444 2698 2544 2763 est,
2578 2712 2708 2767 qua:
2732 2695 3055 2766 legentibus
3091 2695 3164 2766 (ι)
3220 2696 3458 2751 interim
3490 2697 3535 2730 ¹⁸
3578 2695 3774 2766 prosint

2176 2788 2244 2842 ad
2273 2788 2454 2858 prima
2484 2787 2618 2842 ﬁdei
2645 2788 2993 2844 lineamenta
3029 2789 3359 2844 formanda.
3408 2790 3535 2843 Plus
3574 2787 3772 2842 roboris

444 2869 654 2924 rimum
706 2871 953 2942 prodest,
1005 2873 1141 2927 dum
1191 2890 1303 2928 non
1346 2875 1703 2931 intellectum
1742 2878 1981 2948 legentis
2022 2856 2402 2936 ethabitur
2428 2886 2485 2936 et
2512 2882 2696 2953 magis
2739 2899 2801 2936 ac
2845 2883 3028 2954 magis
3070 2883 3397 2938 intellectus
3448 2882 3625 2938 cordis
3668 2897 3777 2953 ope~

442 2979 673 3019 sensum
720 2965 866 3034 liber
901 2967 1127 3037 longior
1165 2968 1385 3039 spargit
1413 2970 1481 3037 ¹¹,
1528 2970 1623 3024 sed
1680 2970 1969 3027 subtiliore
1999 2974 2072 3043 (2)
2173 2974 2396 3029 rabitur
2413 2975 2689 3031 scrutanti
2726 2976 3041 3047 Scripturas
3087 2982 3305 3032 veteres
3345 2993 3414 3032 ac
3449 2993 3618 3032 novas
3680 2974 3781 3045 ple-

1808 3118 2017 3182 Variae
2077 3120 2413 3185 lectiones.

506 3239 627 3288 'Ad
674 3238 991 3301 Quirinum,
1043 3242 1111 3291 de
1162 3241 1523 3293 Sacramento
1573 3243 1783 3295 Christi
1830 3246 1934 3295 ΝΟ.
1988 3249 2033 3306 1,
2080 3246 2206 3296 Bod.
2256 3248 2302 3296 2.
2354 3250 2494 3298 Lam.
2542 3247 2705 3299 Liber
2747 3248 3016 3300 adversus
3053 3249 3281 3299 Judmos
3328 3250 3465 3297 Rem.
3518 3248 3607 3297 En.
3662 3247 3777 3295 Man.

439 3310 565 3357 Mor.
610 3310 860 3371 Epistola
907 3311 1171 3375 Cypriani
1212 3314 1277 3363 ad
1321 3314 1641 3377 Quirinum.
1676 3318 1791 3366 Lin.
1894 3317 2166 3378 *Quirino
2203 3331 2324 3379 suo,
2371 3318 2427 3368 S.
2462 3319 2567 3369 ΝΟ.
2609 3321 2655 3369 2.
2759 3323 2773 3351 ³
2810 3318 2955 3380 Fuit,
3003 3318 3329 3369 charissima
3370 3319 3496 3368 Bod.
3536 3320 3579 3366 1.
3673 3314 3781 3361 ‘Sic

437 3383 529 3430 Ar.
564 3383 689 3431 Bod.
720 3384 765 3444 1,
805 3384 853 3444 2,
891 3384 939 3445 3,
981 3386 1024 3434 4.
1078 3386 1178 3435 Thu
1227 3388 1401 3435 Veron.
1448 3389 1562 3435 Ben.
1614 3390 1749 3437 Voss.
1790 3387 1835 3436 3.
1874 3386 2108 3438 Erndire
2151 3392 2204 3439 et
2243 3388 2534 3440 instituere
2575 3392 2732 3440 Oxon.
2803 3390 3146 3440 5Tenebrosi
3182 3390 3387 3439 erroris
3425 3387 3651 3447 caligine
3679 3383 3781 3433 Bod.

436 3453 482 3500 1.
524 3454 656 3501 Voss.
688 3457 735 3500 3.
802 3452 909 3504 “Et
937 3468 1034 3518 per
1080 3456 1264 3506 lucem
1296 3458 1416 3519 ejus
1456 3472 1651 3520 puram
1701 3460 1755 3507 et
1796 3457 2094 3507 candidam
2135 3459 2429 3509 illuminati
2479 3462 2598 3511 Bod.
2642 3463 2685 3510 1.
2734 3462 3042 3512 Illuminari
3086 3465 3228 3511 Koss.
3261 3463 3310 3511 3.
3354 3460 3441 3510 Ad
3466 3460 3642 3510 lucem
3668 3461 3776 3515 etc.,

432 3523 547 3596 μή.
614 3522 632 3555 ⁷
661 3525 815 3596 tirevi
845 3530 971 3596 ante
1012 3529 1142 3577 Voss.
1173 3532 1217 3576 Io.
1251 3529 1421 3578 Brevi
1450 3528 1562 3592 dig.
1597 3528 1680 3577 0d.
1714 3531 1759 3590 1,
1791 3531 1835 3579 2.
1868 3530 2026 3578 Brevi
2052 3530 2119 3579 ad
2146 3534 2198 3580 te
2229 3530 2337 3593 dig.
2380 3532 2519 3595 Spir.
2553 3531 2964 3596 Compendiosa
3004 3532 3275 3583 brevitate
3317 3535 3463 3582 Voss.
3492 3532 3540 3582 3.
3611 3526 3783 3579 'Scri-

430 3591 645 3667 bantur
667 3595 775 3667 Lin.
812 3595 862 3667 νο
894 3596 1080 3667 Latior
1105 3597 1229 3648 Bod.
1258 3598 1304 3647 3.
1382 3597 1421 3631 ³ο
1448 3591 1812 3663 suggesserat
1850 3600 1954 3649 ΝΟ.
2001 3603 2047 3649 1.
2090 3603 2228 3650 Lam.
2264 3591 2389 3651 Red.
2418 3591 2466 3652 Ξ.
2537 3603 2575 3636 ¹¹
2608 3591 2902 3667 Spargeret
2948 3606 3061 3653 Ver.
3134 3604 3172 3635 ¹²
3197 3602 3430 3653 Utiliore
3460 3596 3778 3664 compendio.

446 3664 562 3739 Ver.
633 3665 822 3739 ‘ngari
850 3666 1115 3731 qualitate
1156 3670 1333 3739 Veron.
1364 3667 1682 3719 Moderatus
1724 3673 1857 3720 Voss.
1885 3674 1932 3721 4.
2003 3672 2042 3705 ¹⁴
2069 3671 2259 3724 Simus
2283 3675 2456 3723 excusi
2478 3664 2731 3739 plerique.
2757 3664 2969 3725 Sumus
2996 3675 3158 3724 Oxon.
3185 3689 3249 3723 ea:
3269 3673 3420 3722 codd.
3449 3672 3572 3723 Bod.
3607 3671 3648 3730 1,
3670 3669 3714 3727 Ξ,
3739 3667 3780 3727 3,

428 3736 473 3806 4.
502 3735 612 3783 Li'n.
645 3736 752 3785 ΝΟ.
784 3738 827 3786 1.
876 3741 1009 3788 Voss.
1036 3740 1084 3789 4.
1155 3739 1195 3772 ⁸⁵
1219 3738 1411 3789 Fidem
1446 3740 1667 3790 Domini
1703 3741 1827 3792 Bod.
1860 3744 1907 3804 1,
1932 3742 1978 3793 3.
2030 3745 2160 3793 Voss.
2186 3746 2232 3795 4.
2306 3744 2345 3779 ’⁸
2369 3735 2493 3795 Jam
2542 3735 2826 3795 advenerit
2853 3743 2958 3794 ΝΟ.
2992 3743 3039 3792 2.
3112 3741 3151 3777 ‘7
3176 3743 3425 3806 Agnosci
3464 3752 3621 3806 posse
3659 3750 3779 3802 prm-

432 3805 616 3856 dictus
647 3810 731 3857 est
754 3809 897 3859 Lam.
924 3807 1031 3859 NC.
1060 3809 1105 3870 1,
1142 3808 1187 3858 2.
1222 3809 1331 3858 Lin.
1365 3809 1576 3873 Posset,
1607 3812 1751 3862 sicut
1780 3813 2083 3876 praedictus
2112 3818 2194 3864 est
2225 3817 2362 3866 Voss.
2392 3816 2438 3865 2.
2513 3814 2552 3848 ’⁸
2583 3814 2811 3878 Legenti
2844 3812 2942 3863 tibi
2974 3813 3131 3863 Oxon.

1736 3940 1958 4022 Steph.
2007 3942 2255 4006 Baluzii
2298 3949 2495 4008 notas.

496 4082 560 4146 (1)
593 4080 650 4133 Si
690 4097 799 4147 qua
845 4086 976 4133 sunt
1013 4083 1133 4135 loca
1174 4083 1231 4133 in
1272 4084 1547 4148 Operibus
1576 4085 1756 4135 sancti
1801 4084 2063 4149 Cypriani
2088 4079 2141 4151 C
2167 4088 2386 4151 Quibus
2428 4101 2530 4150 ego
2573 4086 2735 4149 addo,
2774 4085 3132 4149 Fulgentinm
3181 4085 3512 4150 episcopum
3557 4084 3611 4133 in
3655 4082 3783 4144 frag-

431 4152 499 4203 de
555 4153 759 4217 quibus
814 4153 1159 4217 pronuntiari
1208 4168 1320 4205 non
1376 4158 1545 4219 possit
1599 4169 1661 4206 ea
1712 4161 1860 4207 certe
1914 4158 2068 4207 illius
2168 4161 2392 4217 mentis,
2441 4163 2496 4209 et
2547 4158 2763 4222 Lupum
2814 4156 3072 4207 abbatem
3122 4156 3554 4215 Ferrariensem,
3594 4155 3646 4203 in
3686 4153 3782 4215 epi«

431 4238 569 4281 esse,
601 4225 655 4273 id
682 4239 812 4276 vero
844 4226 901 4274 in
935 4227 1135 4289 primis
1168 4226 1348 4277 aﬂ'erri
1389 4230 1569 4290 potest
1598 4227 1668 4277 de
1706 4228 1862 4278 libris
1910 4230 2071 4280 Testi-
2169 4229 2310 4278 stola
2353 4229 2459 4288 128,
2501 4228 2569 4278 ad
2614 4240 2792 4291 regem
2834 4226 3107 4288 Karolum,
3150 4230 3201 4277 et
3248 4228 3305 4276 in
3354 4227 3498 4277 libro
3539 4226 3600 4276 de
3638 4223 3783 4274 tribus

430 4297 722 4345 moniorum
773 4295 847 4346 ad
891 4296 1186 4358 Quirinum.
1228 4298 1419 4347 Plures
1472 4298 1620 4347 enim
1666 4299 1891 4350 codices
1939 4300 2069 4364 plus
2172 4299 2551 4361 Ouwsu'onibus
2601 4300 2770 4350 citare
2828 4299 2938 4351 hoc
3003 4312 3145 4363 Opus
3204 4303 3472 4362 tanquam
3523 4294 3778 4360 Cypriani.

428 4365 635 4416 habent
677 4381 842 4431 quam
883 4368 1119 4431 vulgatae
1155 4367 1442 4430 editiones,
1480 4369 1574 4419 alii
1617 4370 1802 4420 minus
1854 4372 2068 4436 itaque,
2170 4369 2355 4420 Habui
2412 4374 2599 4420 autem
2651 4383 2827 4418 unum
2881 4373 2937 4419 et
2989 4369 3183 4430 viginti
3230 4368 3572 4431 exemplaria
3620 4368 3781 4415 vetera

434 4438 699 4501 quoniam
754 4439 1096 4503 impossibile
1152 4445 1237 4490 est
1283 4440 1597 4491 discernere
1646 4455 1709 4491 ea
1765 4456 1892 4505 quas
1941 4435 2067 4495 vere
2168 4441 2367 4490 horum
2420 4440 2707 4501 librorum,
2753 4454 2992 4505 quorum
3051 4445 3235 4489 tamen
3288 4440 3542 4503 quinque
3595 4435 3780 4486 habent

434 4508 697 4572 Cypriani
726 4514 856 4560 sunt
880 4511 950 4562 ab
987 4512 1055 4561 iis
1085 4525 1211 4576 qum
1238 4517 1363 4576 post
1386 4513 1547 4562 illum
1593 4526 1624 4562 a
1664 4514 1930 4564 studiosis
1970 4516 2067 4565 ad-
2168 4516 2378 4562 tantum
2409 4512 2579 4561 libros
2611 4511 2752 4561 duos
2788 4511 3014 4575 priores.
3052 4510 3320 4573 Ejusdem
3365 4522 3528 4573 porro
3561 4508 3668 4557 fere
3705 4518 3780 4554 ar-

432 4580 545 4630 dita
590 4586 741 4643 sunt,
777 4596 880 4633 nos
927 4584 1261 4634 retinnimus
1301 4598 1365 4634 ea
1409 4598 1536 4649 quae
1583 4584 1751 4647 vulgo
1806 4585 2069 4648 leguntur
2168 4584 2418 4647 gumenti
2443 4597 2573 4633 cum
2617 4583 2724 4632 isto
2755 4582 3018 4646 Cypriani
3058 4594 3222 4645 opere
3261 4585 3349 4631 est
3389 4580 3533 4631 liber
3574 4578 3633 4629 de
3672 4578 3781 4627 Pro-

431 4653 486 4701 in
523 4653 864 4704 editionibus
894 4659 944 4704 et
979 4667 1043 4704 ea
1073 4654 1388 4704 addidimus
1412 4668 1539 4719 qum
1579 4659 1791 4718 reperta
1834 4670 1864 4706 a
1907 4656 2067 4706 nobis
2167 4655 2499 4727 missionibus
2544 4658 2593 4703 ct
2636 4654 3063 4727 praedictionibus
3094 4654 3207 4712 Dei,
3236 4658 3368 4727 qui_
3384 4652 3553 4714 vulgo
3597 4649 3781 4727 tribui:-

431 4730 563 4775 sunt
616 4727 672 4775 in
727 4728 972 4790 antiquis
1018 4727 1429 4790 exemplaribus
1479 4727 1890 4790 manuscriptis,
1926 4727 2067 4776 nihil
2169 4725 2596 4798 turiPrOSpero.
2654 4724 2931 4798 Caeterum
2984 4724 3274 4785 admoneo,
3324 4724 3778 4798 Erasmpm,_qtti

431 4797 498 4848 de
524 4802 713 4848 nostro
755 4798 1036 4849 addentes.
1071 4799 1236 4848 Porro
1275 4797 1385 4848 duo
1429 4801 1645 4849 tantum
1688 4799 1898 4861 priores
1942 4798 2066 4848 libri
2168 4797 2450 4860 professus
2475 4801 2557 4847 est
2584 4809 2644 4846 se
2674 4800 2869 4859 putare
2898 4796 3005 4845 hoc
3031 4808 3170 4859 opus
3215 4808 3328 4844 non
3362 4807 3485 4844 esse
3516 4792 3776 4856 Cypriani,

430 4874 647 4920 exstant
687 4870 742 4919 in
775 4869 1017 4919 editione
1048 4870 1312 4933 Spirensi,
1344 4870 1399 4919 in
1444 4872 1614 4920 veteri
1648 4870 1878 4931 Veneta,
1915 4875 1968 4920 et
2010 4871 2066 4919 in
2167 4872 2223 4920 in
2253 4871 2411 4921 initio
2443 4874 2624 4920 tamen
2658 4870 3069 4920 Adnotah’onum
3096 4882 3321 4918 suarum
3344 4868 3401 4918 in
3436 4864 3776 4933 Evangelium

426 4954 491 4991 ea
539 4955 708 5005 quam
754 4940 1099 4990 Remboldns
1152 4941 1483 5004 procuravit.
1531 4942 1793 4991 Erasmus
1851 4942 2066 4992 tertiam

429 5012 611 5062 emisit
653 5025 721 5061 ex
764 5010 958 5061 codice
1005 5012 1213 5075 scripto
1258 5014 1577 5062 monasterii
1619 5012 2059 5063 Gemblacensis.

429 5083 540 5133 Sed
582 5083 733 5147 quod
776 5082 1119 5147 probabilius
1161 5082 1267 5132 sibi
1311 5083 1485 5133 videri
1522 5084 1595 5133 ait
1636 5083 1743 5134 hoc
1783 5098 1923 5147 Opus
1953 5099 2064 5135 non

428 5167 550 5205 esse
601 5155 891 5218 Cypriani,
942 5154 1072 5218 quia
1129 5154 1184 5202 in
1259 5154 1353 5203 illo
1414 5159 1617 5218 printer
1682 5155 2063 5218 praefationem

427 5240 737 5290 numquam
781 5230 975 5276 auctor
1015 5239 1181 5274 suum
1228 5224 1436 5289 stylum
1477 5230 1684 5287 exerat,
1716 5228 1972 5289 quamvis
2012 5227 2063 5274 id
2227 5228 2289 5289 (3)
2334 5228 2589 5290 Cognosci
2629 5232 2815 5291 posset.
2851 5226 3035 5277 Editio
3080 5240 3208 5290 quae
3255 5227 3463 5277 dicitur
3508 5222 3685 5276 Gravii
3731 5220 3777 5267 et

429 5312 622 5349 verum
678 5303 866 5358 esset,
926 5296 1077 5361 quod
1132 5301 1280 5347 certe
1330 5310 1440 5346 non
1503 5302 1619 5357 est,
1671 5302 2063 5360 argumentum
2167 5298 2483 5348 Pameliana
2528 5298 2735 5348 habent
2776 5316 2803 5344 ‹‹
2842 5301 3023 5361 potest
3060 5298 3212 5361 quod
3254 5299 3371 5361 ipse
3412 5297 3483 5345 sit
3520 5294 3611 5358 qui
3660 5301 3778 5354 prte-

427 5370 575 5419 istud
624 5370 971 5418 levissimum
1014 5372 1119 5423 est,
1168 5369 1248 5416 uti
1298 5373 1349 5417 et
1392 5368 1529 5417 illud
1582 5368 1731 5430 quod
1781 5367 1849 5417 de
1904 5367 2064 5417 tertio
2169 5368 2352 5419 dictus
2382 5374 2481 5420 est.
2514 5389 2540 5417 ››
2572 5371 2682 5420 Sed
2718 5384 2820 5434 ego
2848 5369 2992 5418 hanc
3035 5369 3329 5419 lectionem
3358 5369 3417 5417 in
3459 5366 3613 5416 nullo
3644 5364 3777 5411 vete-

430 5441 570 5491 libro
628 5441 886 5502 Opinatur
931 5439 1192 5521 Prioriuls.
1249 5440 1387 5488 Nam
1443 5442 1668 5489 sanctus
1719 5440 2146 5521 AngustinusD
2172 5453 2294 5489 rum
2335 5442 2735 5503 exemplarium
2778 5441 2955 5504 reperi
3005 5439 3212 5521 quibus
3256 5453 3394 5521 usus
3439 5443 3779 5521 sumnpeque

426 5512 597 5562 libros
643 5512 775 5559 istos
818 5515 1085 5573 tanquam
1128 5507 1389 5574 Cypriani
1441 5511 1573 5560 citat
1615 5510 1706 5559 lib.
1753 5524 1828 5569 Iv,
1880 5506 2141 5561 contra"
2173 5514 2352 5560 exstat
2381 5511 2437 5560 in
2462 5512 2806 5575 Anglicanis,
2840 5525 3023 5576 neque
3052 5512 3106 5560 in
3146 5509 3486 5561 editionibus
3523 5506 3778 5568 antiquio'

421 5584 555 5633 duas
595 5581 862 5645 Epistolas
892 5582 1331 5654 Pelagiannrum,
1372 5597 1489 5646 cap.
1532 5586 1563 5632 8
1607 5586 1662 5654 et
1705 5583 1754 5643 9,
1791 5586 1851 5631 ut
1892 5582 2067 5654 adpo-
2172 5583 2340 5632 ribus.
2375 5583 2541 5648 Angli
2568 5587 2755 5634 tamen
2781 5596 2903 5633 eam
2935 5583 3302 5633 retinuerunt.
3446 5651 3455 5654 Α
3618 5650 3626 5654 ⁵

423 5654 560 5704 tavit
608 5642 902 5711 Pamelius,
935 5642 1037 5719 qui
1081 5653 1218 5703 alias
1254 5642 1477 5717 quoque
1518 5642 1867 5717 probatiOues
1909 5652 2067 5704 affert
2234 5656 2295 5717 (4)
2344 5642 2662 5715 Legentibus.
2714 5656 2892 5704 Antea
2951 5655 3214 5717 scriptum
3275 5656 3391 5703 erat
3436 5650 3626 5722 legenti
3676 5642 3775 5722 tibi:

424 5726 659 5790 Optimaa
728 5730 789 5775 ut
857 5725 1111 5777 ostendat
1178 5738 1306 5775 vere
1362 5738 1483 5775 esse
1548 5725 1833 5789 Cypriani.
1900 5724 2066 5787 Quod
2166 5724 2604 5777 Emendavimus
2649 5738 2719 5776 ex
2765 5725 2959 5776 codice
2994 5725 3320 5786 Veronensi,
3355 5728 3411 5773 et
3451 5736 3519 5772 ex
3552 5719 3774 5790 Fuxcnsi

425 5786 593 5850 etiam
654 5797 887 5849 adstruit
933 5799 1249 5849 observatio
1305 5796 1562 5848 editionis
1596 5786 1942 5860 'Angllcanai
1996 5796 2066 5846 ad
2167 5802 2217 5847 et
2262 5798 2555 5857 Beccensi;
2602 5797 2907 5861 legitimam
2944 5801 3134 5847 autem
3176 5809 3293 5847 esse
3336 5794 3485 5844 hanc
3525 5786 3774 5844 emenda-

2164 5869 2376 5924 tionem
2404 5866 2648 5923 ostendit
2672 5868 2841 5924 etiam
2867 5868 3119 5935 praefatio
3142 5868 3270 5921 libri
3288 5866 3451 5922 tertii.

2166 4944 2396 4992 Joannis
2421 4943 2590 4994 citare
2621 4947 2788 5005 caput
2818 4942 3039 4992 tertium
3061 4946 3116 4992 et
3145 4941 3403 5005 quintum
3420 4939 3547 4990 libri
3567 4930 3778 4987 secundi

2167 5019 2431 5078 tanquam
2464 5014 2747 5085 Cypriani.
3252 5084 3257 5085 ί
3460 5081 3490 5085 _
3560 5081 3573 5085 _
3631 5078 3640 5085 ,
3743 5076 3751 5085 .

2232 5086 2295 5148 (2)
2349 5085 2660 5135 ευὸῑὶιίονε.
2714 5084 2907 5136 Codex
2956 5084 3294 5135 Veronensis
3343 5087 3398 5133 et
3450 5078 3779 5133 Corbeiensis

2167 5156 2397 5206 utiliore.

420 5868 628 5924 librum
649 5870 917 5935 primum,
941 5873 997 5925 et
1039 5869 1099 5921 in
1121 5869 1447 5938 prwfatione
1475 5868 1544 5920 ad
1579 5866 1789 5920 librum
1818 5868 2061 5923 tertium.
