3998 6194
596 54 601 61 1
1240 42 1245 49 .

182 294 261 348 705
354 290 363 297 τ
995 256 1002 262 ’
1172 286 1720 347 TESTIMONIORUM
1758 290 1914 346 ADV.
1956 282 2229 346 JUDIEOS
2268 283 2394 339 LIB.
2437 283 2478 338 ιο
3401 298 3503 355 706

175 416 292 481 nius,
338 418 390 466 et
434 428 699 467 universa
738 410 1040 469 Librorum
1079 413 1416 484 spiritalium
1463 415 1761 471 volumina
1784 416 1956 500 Aris,
1998 416 2042 470 si
2088 424 2149 483 tu
2197 443 2421 499 quoque
2479 427 2552 482 ad
2597 420 2841 480 eosdem
2876 418 3083 474 divinae
3135 420 3508 491 plenitudinis

175 505 466 580 pet-legenti.
518 507 657 561 Nam
715 523 817 561 nos
877 525 1027 562 nunc
1071 508 1141 562 de
1188 509 1391 564 divinis
1441 511 1691 565 fontibus
1720 512 1768 547 9°
1871 514 2057 571 fontes
2154 520 2451 574 nobiscum
2521 519 2736 590 pariter
2806 518 3105 587 potaturus
3181 514 3503 572 accesseris.

174 600 497 672 implevimus
554 600 838 655 modicum
886 602 1038 674 quod
1082 602 1183 657 tibi
1235 602 1464 658 interim
1516 605 1769 662 mittere—
1871 608 2015 680 Opto
2045 613 2120 679 te,
2150 611 2230 667 ﬁli
2256 613 2605 675 charissima,
2637 628 2862 683 semper
2884 610 3030 666 bene
3054 609 3267 665 valere.

176 713 293 751 mus.
348 693 537 750 Bibere
564 695 799 750 uberius
830 696 873 731 ²¹
915 701 971 752 et
994 697 1234 752 saturari
1280 698 1561 769 copiosius
1607 705 1765 771 pote-

1545 956 2102 1051 CAPITULA

172 1152 204 1204 1.
229 1149 426 1203 Judaeos
490 1151 547 1203 in
619 1150 873 1219 offensam
904 1150 950 1184 ²²
1014 1152 1111 1205 Dei
1165 1152 1406 1220 graviter
1464 1152 1775 1221 deliquisse,
1877 1155 1982 1208 XV.
2017 1156 2172 1222 Quod
2196 1157 2383 1211 domus
2410 1163 2463 1212 et
2491 1158 2749 1227 templum
2790 1159 2889 1211 Dei
2931 1156 3179 1212 Christus
3196 1153 3242 1191 ’δ
3284 1158 3510 1223 futurus

227 1244 358 1312 quod
382 1244 665 1298 Dominum
692 1244 1082 1313 dereliquerint
1102 1250 1151 1299 et
1183 1245 1333 1299 idola
1360 1248 1531 1300 secuti
1566 1247 1699 1300 sint.
1947 1253 2094 1319 esset,
2136 1257 2185 1305 et
2227 1257 2459 1307 cessaret
2497 1252 2754 1321 templum
2794 1255 2965 1317 vetus,
3025 1258 3076 1305 et
3121 1266 3317 1306 novum
3370 1253 3504 1306 inci-

172 1335 337 1409 678
386 1338 456 1391 II.
508 1339 660 1403 Item,
696 1338 842 1407 quod
879 1339 1161 1407 Prophetis
1198 1354 1307 1393 non
1353 1340 1683 1394 crediderint
1726 1346 1778 1394 et
1940 1348 2116 1412 peret.

226 1446 297 1486 eos
325 1431 716 1497 interfecerint.
1875 1436 2006 1490 XVI.
2037 1438 2192 1504 Quod
2236 1442 2560 1509 sacriﬁcium
2615 1445 2765 1495 vetus
2812 1444 3171 1497 evacuaretur
3228 1446 3279 1495 et
3316 1455 3512 1495 novum

171 1525 245 1579 Ill.
265 1526 399 1580 Ante
420 1525 746 1595 praedictum
773 1526 918 1596 quod
962 1528 1250 1581 Dominum
1284 1541 1453 1596 neque
1486 1528 1773 1597 cognituri,
1946 1531 2324 1588 celebraretur.

231 1634 384 1688 neque
410 1619 765 1687 intellecturi,
796 1636 963 1689 neque
988 1622 1261 1690 recepturi
1282 1626 1473 1675 essent.
1797 1624 2030 1707 BXVII.
2104 1625 2257 1691 Quod
2307 1628 2669 1683 sacerdotium
2726 1634 2877 1684 vetus
2943 1633 3193 1690 cessaret,
3244 1635 3294 1683 ct
3348 1644 3515 1683 novus

180 1713 248 1766 IV.
279 1713 427 1778 Quod
474 1714 782 1783 Scripturas
826 1719 1044 1770 sanctas
1084 1715 1419 1768 intellecturi
1451 1714 1627 1769 Judaei
1668 1730 1777 1769 non
1944 1720 2194 1774 sacerdos
2217 1724 2445 1784 veniret,
2467 1724 2566 1791 qui
2582 1725 2641 1776 in
2672 1728 2925 1778 aeternum
2950 1725 3177 1790 futurus
3212 1729 3362 1777 esset.

222 1810 397 1873 essent,
437 1808 681 1876 intelligi
726 1813 907 1863 autem
933 1808 1195 1862 haberent
1234 1810 1293 1862 in
1328 1810 1773 1863 nooissimistem-
1877 1812 2054 1867 XVIII.
2089 1815 2243 1880 Quod
2274 1816 2544 1885 PrOpheta
2598 1818 2743 1871 alius
2784 1819 2921 1871 sicut
2960 1820 3166 1885 Moyses
3209 1820 3512 1886 promissus

218 1902 433 1971 poribus
458 1908 647 1971 postea
675 1918 839 1971 quam
870 1903 1116 1959 Christus
1148 1904 1393 1957 venisset.
1946 1904 2036 1972 sit,
2068 1905 2273 1959 scilicet
2319 1907 2418 1973 qui
2454 1909 2831 1960 testamentum
2870 1920 3068 1960 novum
3117 1906 3296 1973 daret,
3332 1912 3383 1960 et
3412 1909 3514 1977 qui

166 1995 213 2047 V.
238 1996 384 2052 Nihil
406 2010 565 2064 posse
613 1996 828 2050 Judazos
857 1997 1160 2062 intelligere
1199 1996 1265 2050 de
1302 1998 1621 2066 Scripturis,
1666 1998 1776 2050 nisi
1946 2000 2122 2067 magis
2149 1999 2337 2053 audiri
2356 1998 2587 2053 deberet.

212 2090 361 2156 prius
387 2089 720 2142 crediderint
745 2091 803 2142 in
834 2088 1125 2144 Christum.
1875 2087 2004 2140 XIX.
2039 2087 2193 2154 Quod
2216 2088 2324 2141 duo
2348 2088 2545 2156 populi
2583 2088 2837 2156 praedicti
2864 2090 2997 2151 sint,
3037 2088 3211 2157 major
3238 2094 3287 2143 et
3314 2091 3511 2152 minor,

160 2182 225 2236 VI.
253 2182 398 2249 Quod
424 2183 721 2238 Jerusalem
746 2183 1022 2252 perdituri
1054 2187 1247 2251 essent,
1284 2190 1333 2237 et
1376 2190 1577 2238 terram
1608 2198 1773 2253 quam
1945 2180 2006 2234 id
2030 2184 2105 2236 est
2120 2185 2275 2235 vetus
2298 2182 2630 2248 Judaaorum,
2650 2185 2699 2236 et
2712 2197 2879 2236 novus
2905 2184 3004 2251 qui
3029 2186 3159 2237 esset
3184 2198 3251 2237 ea:
3278 2182 3441 2248 nobis
3460 2183 3505 2217 9"

217 2283 547 2345 acceperunt,
575 2277 843 2331 relicturi.
1942 2276 2187 2341 futurus.

162 2371 251 2424 VII.
276 2372 428 2436 Item,
464 2372 608 2439 quod
635 2376 807 2425 essent
836 2373 1099 2425 amissuri
1125 2372 1304 2426 lumen
1336 2372 1568 2426 Domini.
1877 2366 2069 2440 679
2124 2369 2234 2445 XX.
2282 2369 2438 2436 Quod
2478 2370 2739 2432 Ecclesia,
2766 2385 2882 2439 quae
2908 2372 3064 2439 prius
3090 2369 3287 2425 sterilis
3304 2373 3510 2441 fuerat,

162 2464 269 2517 VIII.
293 2465 452 2531 Quod
473 2467 801 2519 circumcisio
855 2467 1037 2534 prima
1088 2466 1325 2520 carnalis
1375 2470 1638 2520 evacuata
1676 2466 1770 2532 sit,
1939 2463 2126 2532 plures
2143 2464 2281 2532 ﬁlios
2307 2463 2564 2517 habitura
2590 2467 2722 2517 esset
2747 2479 2813 2517 ea:
2851 2464 3120 2531 gentibus,
3162 2480 3327 2533 quam
3378 2469 3511 2535 quot

215 2566 260 2611 et
280 2558 522 2612 secunda
547 2560 816 2628 spiritalis
840 2560 1161 2629 repromissa
1187 2561 1280 2613 sit.
1943 2559 2233 2625 Synagoga
2259 2562 2384 2610 ante
2414 2557 2704 2612 habuisset.

158 2650 226 2704 IX.
274 2652 422 2717 Quod
458 2653 547 2706 lea:
590 2654 762 2722 prior,
810 2669 930 2722 quae
962 2668 1061 2722 per
1102 2655 1323 2722 Moysen
1350 2653 1485 2707 data
1527 2656 1622 2715 est,
1668 2667 1771 2707 ces-
1872 2651 1996 2703 XXI.
2025 2650 2178 2717 Quod
2203 2654 2381 2719 gentes
2408 2651 2582 2717 magis
2608 2653 2664 2705 in
2695 2648 2963 2705 Christum
2993 2652 3285 2707 creditura
3317 2658 3510 2708 essent.

216 2752 399 2801 satura
426 2753 585 2801 esset,
1872 2744 2022 2798 XXII.
2068 2743 2222 2810 Quod
2246 2758 2446 2812 panem
2487 2749 2537 2798 et
2566 2744 2787 2799 calicem
2836 2743 3045 2799 Christi
3070 2749 3121 2800 et
3144 2760 3352 2800 omnem
3392 2763 3518 2814 gra-

158 2839 208 2892 X.
235 2839 381 2905 Quod
403 2842 497 2895 lea:
518 2856 659 2895 nova
690 2841 816 2895 dari
845 2842 1083 2896 haberet.
1945 2839 2078 2891 tiam
2104 2836 2216 2904 ejus
2255 2838 2514 2891 amissuri
2573 2843 2748 2893 essent
2805 2838 3001 2907 Judaei,
3033 2854 3141 2905 nos,
3164 2854 3289 2894 vero
3336 2855 3521 2911 accep-

156 2933 227 2988 XI.
255 2934 404 2999 Quod
430 2936 717 3005 dispositio
742 2937 856 2990 alia
898 2942 948 2990 et
994 2939 1371 2990 testamentum
1415 2949 1611 2989 novum
1646 2933 1773 2987 dari
1946 2932 2077 2999 turi,
2105 2936 2155 2985 et
2187 2932 2331 3001 quod
2380 2930 2817 2987 Christianorum
2877 2948 3073 2988 novum
3119 2949 3308 2989 nomen
3361 2935 3515 2990 bene-

216 3030 424 3084 haberet
449 3030 522 3082 23.
1790 3014 1845 3087 C
1940 3025 2210 3080 diceretur
2239 3027 2299 3079 in
2324 3026 2504 3079 terris.

155 3119 247 3175 XII.
292 3123 455 3189 Quod
510 3124 783 3193 baptisma
804 3124 850 3158 ³⁸
924 3129 1077 3178 vetus
1134 3128 1358 3178 cessaret
1410 3129 1461 3176 et
1512 3137 1706 3176 novum
1728 3121 1774 3155 ³⁴
1880 3116 2076 3191 680
2110 3119 2474 3186 XXIII.Quod
2494 3119 2568 3173 ad
2592 3135 2823 3189 regnum
2843 3120 3093 3176 caelorum
3135 3124 3308 3190 magis
3338 3128 3520 3190 gentes

212 3217 491 3286 inciperet.
1947 3230 2113 3283 quam
2137 3214 2317 3268 Judaei
2332 3216 2682 3283 perveniant.

154 3306 263 3363 XIII.
290 3311 451 3376 Quod
469 3310 671 3380 jugum
714 3316 863 3366 vetus
916 3316 1291 3375 evucuaretur,
1335 3317 1385 3365 et
1420 3310 1623 3379 jugum
1674 3326 1771 3366 no-
1874 3307 2044 3361 XXIV.
2076 3308 2230 3374 Quod
2248 3307 2357 3361 solo
2385 3308 2479 3361 hoc
2530 3307 2717 3362 Judaei
2766 3310 3004 3377 accipere
3055 3310 3271 3363 veniam
3307 3312 3520 3380 possint

209 3418 324 3456 sum
349 3404 606 3458 duretur.
1947 3402 2265 3456 delictorum
2321 3416 2541 3456 suorum
2567 3442 2581 3468 ,
2641 3404 2689 3455 si
2742 3404 3067 3472 sanguinem
3116 3404 3319 3461 Christi
3367 3405 3527 3460 occisi

153 3495 271 3551 VIM.
310 3497 469 3563 Quod
498 3501 746 3568 pastores
784 3504 987 3554 veteres
1011 3502 1280 3555 cessaturi
1317 3505 1513 3566 essent,
1561 3505 1611 3553 et
1644 3502 1771 3555 novi
1943 3498 2221 3566 Baptismo
2267 3495 2379 3565 ejus
2426 3496 2728 3565 abluerint,
2778 3500 2829 3550 et
2885 3498 2948 3550 in
3014 3497 3306 3553 Ecclesium
3348 3502 3524 3554 trans-

209 3593 526 3662 inciperent.
1944 3596 2148 3658 euntes,
2183 3592 2471 3660 praeceptis
2496 3589 2606 3659 ejus
2634 3589 3080 3661 obtemperarint.

1523 3711 1726 3777 Varim
1784 3713 2118 3778 lectiones.

203 3818 555 3873 "Librorum
597 3820 887 3873 volumina
917 3825 1059 3873 Lam.
1088 3824 1202 3873 Lin.
1231 3824 1338 3874 ΝΟ.
1373 3826 1417 3874 l.
1511 3824 1554 3856 ¹⁰
1578 3826 1797 3875 Divinse
1824 3823 2187 3889 plenitudinis
2222 3823 2391 3873 fonte.
2433 3822 2564 3871 Voss.
2596 3822 2643 3873 3.
2744 3821 2783 3873 ξι
2806 3823 3003 3874 Bibere
3042 3822 3275 3874 liberius
3320 3826 3442 3875 Isod.
3477 3827 3508 3877 4

149 3888 185 3920 ¹¹
206 3890 421 3943 Offensa
468 3894 608 3942 Voss.
635 3895 683 3943 4.
751 3896 791 3925 ³³
818 3893 1057 3944 Deberet
1090 3894 1222 3942 Voss.
1256 3895 1301 3944 4.
1370 3895 1413 3926 ³⁵
1446 3894 1633 3944 Novus
1672 3896 1728 3945 Vc

1793 3888 1877 3945 Α.
1944 3892 1986 3926 ³⁵
2013 3894 2306 3958 Templum
2336 3891 2591 3943 Christus
2628 3893 2762 3942 Voss.
2790 3894 2836 3942 4.
2906 3890 2948 3925 ²⁷
2977 3894 3144 3943 Novis
3173 3894 3298 3944 Bod.
3330 3897 3371 3944 ί.

1067 4304 2592 4435 TESTIMONIORUM

1534 4588 1768 4653 LIBER
1812 4587 2110 4653 PRIMUS

140 4973 254 5027 CAP.
288 4978 342 5068 .I.
402 5008 478 5016 —
518 4979 731 5076 Judwps
782 4982 839 5033 in
889 4981 1147 5049 offensam
1196 4983 1293 5035 Dei
1319 4984 1562 5076 graviter
1620 4983 1762 5076 deli-
1790 5005 1849 5076 D
1875 4981 2093 5036 minum
2127 4997 2140 5036 :
2179 5002 2204 5031 ‹‹
2234 4982 2460 5048 Precor,
2492 4978 2589 5045 ait,
2624 4977 2860 5034 Domine
2902 4978 2972 5045 ³¹,
3001 4975 3244 5049 deliquit
3276 4979 3516 5048 populus

205 5058 401 5149 quisse,
457 5059 607 5149 quod
664 5062 947 5115 Dominum
990 5063 1379 5131 dereliquerint
1424 5062 1471 5096 ³⁸
1512 5068 1564 5116 et
1622 5063 1771 5117 idola

1942 5094 1969 5129 c
2003 5075 2273 5129 delictum
2298 5073 2511 5145 grande
2553 5073 2624 5127 ³³.
2668 5073 2949 5127 Fecerunt
2995 5070 3102 5126 sibi
3132 5071 3270 5126 deos
3313 5088 3520 5127 aureos

204 5142 376 5191 πουτί
411 5142 547 5192 Sim-
1879 5175 1933 5224 et
1981 5142 2326 5240 argenteos;
2357 5170 2413 5222 et
2445 5183 2616 5237 nunc,
2646 5166 2693 5220 si
2734 5165 2975 5220 dimittis
3016 5165 3069 5219 ei
3109 5165 3400 5234 delictum,
3432 5167 3518 5221 di-

206 5254 263 5308 In
294 5257 496 5312 Exodo
522 5260 767 5330 populus
807 5262 875 5316 ad
892 5264 1077 5318 Aaron
1109 5286 1120 5316 :
1152 5284 1181 5312 «
1212 5264 1467 5335 Exsurge
1511 5269 1567 5319 et
1598 5264 1687 5318 fac
1732 5264 1779 5298 ²⁴
1882 5263 2045 5318 mitte
2072 5279 2089 5330 ;
2119 5262 2207 5316 sin
2237 5267 2454 5329 autem,
2489 5260 2612 5316 dele
2639 5276 2732 5314 me
2747 5259 2818 5314 de
2845 5259 2993 5314 libro
3022 5274 3208 5330 quem
3243 5260 3521 5331 scripsisti

140 5348 301 5402 nobis
331 5350 480 5405 deos
507 5353 604 5423 qui
624 5370 726 5407 nos
741 5356 1087 5425 praecedant,
1124 5357 1255 5428 quia
1282 5359 1517 5428 Moyses,
1567 5358 1657 5412 vir
1687 5356 1782 5411 hic
1881 5357 1950 5411 Et
1975 5355 2120 5411 dixit
2148 5355 2422 5410 Dominus
2447 5354 2516 5409 ad
2551 5355 2778 5425 Moysen
2809 5370 2822 5407 :
2865 5352 2923 5408 Si
2965 5352 3092 5424 quis
3119 5353 3361 5426 deliquit
3388 5360 3522 5412 ante

144 5442 232 5510 qui
262 5443 311 5478 ³ο
363 5461 475 5499 nos
506 5447 671 5517 ejecit
696 5447 768 5502 de
813 5449 1074 5520 Egypto,
1110 5451 1249 5522 quid
1272 5450 1323 5505 ei
1360 5451 1627 5507 acciderit
1667 5468 1783 5505 non
1883 5467 2000 5517 me,
2026 5437 2263 5505 deleam‘
2300 5449 2465 5503 illum
2502 5449 2571 5503 de
2619 5448 2765 5503 libro
2800 5463 2926 5502 meo
2980 5469 3009 5498 »
3064 5447 3255 5518 (Ibid.,
3311 5451 3521 5522 31-33).

149 5535 345 5591 scimus
376 5559 405 5587 ››
439 5539 663 5609 (Exod,
688 5557 855 5613 χχχιι,
888 5542 960 5613 1).
997 5546 1135 5599 Item
1160 5545 1273 5601 illic
1323 5545 1538 5617 Moyses
1568 5546 1639 5601 ad
1675 5545 1784 5599 Do-
1891 5546 2029 5600 Item
2060 5544 2116 5598 in
2157 5542 2601 5599 Deuteronomio
2634 5560 2648 5597 :
2682 5561 2710 5593 α
2735 5541 3204 5598 Sacriﬁcaverunt
3227 5542 3526 5599 daemoniis

1552 5682 1764 5747 Varias
1807 5682 2146 5746 lectiones.

206 5795 632 5872 ”_Reliqnerint
682 5803 805 5853 Thu.
842 5805 980 5855 Foss.
1012 5805 1159 5855 Corb.
1228 5807 1270 5842 ι’
1299 5808 1568 5872 Exsurge,
1610 5808 1699 5859 fac
1743 5806 1870 5859 Bod.
1896 5807 1943 5858 2.
2014 5805 2053 5840 ³ο
2098 5805 2197 5856 Vir
2249 5805 2346 5869 qui
2399 5804 2549 5855 Corb.
2618 5805 2658 5841 ³⁸
2683 5806 2904 5866 Precor,
2945 5806 3186 5860 Domine
3223 5800 3354 5856 Thu.
3400 5802 3532 5853 F083.

149 5864 295 5919 Corb.
375 5864 435 5902 ³⁸⁷
459 5870 708 5936 Populus
730 5872 823 5925 hic
845 5875 1056 5940 grande
1082 5877 1217 5927 Fors.
