3998 6194
494 261 598 312 707

1405 252 1458 306 S.
1501 249 1815 306 CYPRIANI
1854 241 2128 304 OPERUM
2167 241 2339 299 PARS
2376 244 2438 301 ΙΙ.
2481 274 2550 286 -
2587 245 2952 303 OPUSCULA.
3704 254 3790 308 708

491 391 547 439 et
583 349 697 439 non
730 383 844 436 Deo
867 401 892 430 «
919 379 1116 450 (Deut,
1165 393 1329 445 xxm,
1381 378 1490 446 l7).
1520 379 1660 432 Item
1712 377 1772 430 in
1807 375 1955 430 libro
1975 369 2444 453 ludi-Adendos
2469 372 2514 410 ⁴²
2545 389 2663 441 vos,
2696 377 2752 427 et
2788 388 2905 427 non
2952 369 3187 426 audistis
3237 381 3326 424 me
3351 391 3376 420 »
3425 371 3639 440 (Ierem.,
3686 392 3793 445 xxv,

491 496 622 533 cum
652 499 664 530 ε
697 495 725 528 s
763 477 829 529 Et
871 474 1131 528 fecerunt
1158 469 1260 527 ﬁlii
1302 473 1475 526 Israel
1527 472 1677 542 quod
1735 469 2058 539 malignum
2081 465 2127 498 ³³

495 575 618 626 erat
645 585 835 624 coram
865 567 1111 623 Domino
1140 569 1253 622 Deo
1286 569 1520 638 patrum
1550 580 1803 630 suorum,
1837 563 1935 634 qui
1963 558 2132 631 ejecit

492 682 585 720 eos
607 663 677 719 de
704 667 858 718 terra
897 661 1144 734 zEgypti,
1175 665 1232 716 et
1254 659 1428 716 secuti
1464 663 1598 714 sunt
1625 659 1757 712 deos
1787 656 2051 727 gentium
2081 653 2128 686 ³⁸

492 775 620 830 quae
648 757 799 811 circa
826 755 952 810 illos
990 759 1142 821 sunt,
1183 759 1240 809 et
1267 751 1310 788 ³⁰
1345 753 1711 808 offenderunt
1728 749 2026 805 Dominum
2059 747 2127 809 ³⁸,

501 857 557 907 et
594 851 952 922 reliquerunt
1002 850 1207 915 Deum,
1259 853 1315 902 et
1364 847 1681 903 servierunt
1722 845 1874 899 Baal.
1905 865 1932 891 »
1986 843 2131 896 Item

496 947 610 1000 illic
641 963 654 999 :
692 964 719 996 α
750 947 817 1000 Et
841 943 1176 1013 adjecerunt
1220 941 1317 995 ﬁlii
1349 942 1513 996 Israel
1550 941 1764 995 iterum
1796 938 1982 992 facere
2016 951 2132 988 ma-

494 1041 720 1111 lignum
752 1039 796 1072 ³⁷
832 1053 1024 1092 coram
1054 1035 1311 1103 Domino,
1341 1040 1397 1090 et
1417 1034 1739 1088 servierunt
1768 1031 1898 1086 Baal
1921 1034 1978 1084 et
2003 1028 2131 1082 ﬁliis

497 1133 973 1204 alienigenarum,
1033 1136 1090 1184 et
1135 1130 1486 1200 reliquerunt
1531 1127 1856 1192 Dominum,
1907 1130 1963 1178 et
2013 1139 2130 1177 non

501 1227 821 1284 servierunt
856 1225 958 1279 illi.
990 1246 1018 1273 »
1047 1224 1266 1293 (ludio,
1312 1239 1368 1290 II,
1408 1224 1609 1291 11-13).
1645 1243 1673 1270 ‹‹
1705 1219 2010 1276 Derelictus
2049 1218 2133 1270 est

495 1322 638 1377 Iuda
673 1320 750 1392 (5)
782 1320 852 1388 ³⁸,
882 1324 938 1373 et
958 1317 1306 1372 abominatio
1346 1316 1494 1370 facta
1530 1322 1613 1372 est
1662 1315 1721 1369 in
1766 1312 1932 1368 Israel
1968 1316 2026 1366 et
2074 1311 2132 1364 in

500 1415 807 1470 Jerusalem
835 1454 850 1479 ,
891 1411 1161 1482 quoniam
1203 1409 1524 1481 profanavit
1571 1409 1746 1464 ludas
1797 1415 1988 1465 sancta
2031 1413 2135 1467 Do-

496 1508 660 1577 mini,
692 1509 751 1560 in
795 1505 1002 1578 quibus
1053 1505 1252 1560 dilexit
1293 1511 1349 1559 et
1372 1503 1656 1558 affectavit
1707 1505 1844 1558 deos
1886 1505 2126 1574 alienos,

496 1599 912 1657 Exterminabit
937 1599 1204 1654 Dominus
1238 1597 1534 1652 hominem
1583 1597 1679 1668 qui
1731 1598 1866 1652 facit
1897 1599 2037 1667 haec,
2079 1606 2132 1655 et

493 1695 730 1751 humilis
760 1692 1040 1748 efﬁcietur
1067 1692 1125 1746 in
1154 1691 1526 1746 tabernaculis
1551 1691 1724 1746 Iacob
1753 1711 1781 1744 ιο
1824 1692 1838 1762 (
1866 1694 2126 1764 Malach.,

498 1807 583 1858 u.,
623 1788 852 1858 11,12).

492 1893 621 1948 CAP.
653 1892 720 1946 II.
767 1920 834 1932 -—
864 1889 1019 1957 Quod
1061 1889 1337 1958 prophetis
1393 1903 1504 1942 non
1555 1887 1888 1942 crediderint
1939 1894 1990 1943 et
2049 1905 2132 1944 eos

1117 1968 1508 2033 interfecerint.

565 2068 727 2139 Apud
796 2065 1111 2121 Jeremiam
1158 2064 1231 2134 (6)
1286 2065 1560 2118 Dominus
1593 2063 1772 2118 dicit:
1809 2085 1837 2112 «
1889 2065 2008 2119 Misi
2058 2065 2131 2119 ad

495 2179 598 2219 vos
627 2176 816 2216 servos
850 2177 1007 2214 meos
1035 2159 1358 2230 prophetas.
1390 2160 1531 2212 Ante
1578 2158 1762 2211 lucem
1810 2158 2128 2227 mittebam,

494 2262 694 2315 etnon
735 2253 1048 2310 audiebatis
1096 2268 1187 2306 me
1218 2253 1286 2319 ³ο,
1337 2268 1520 2322 neque
1557 2251 1940 2306 intendebatis
1987 2253 2132 2306 auri-

491 2352 598 2407 bus
651 2349 870 2415 vestris,
929 2347 1168 2401 dicens:
1223 2346 1601 2400 Convertatur
1657 2345 2049 2417 unusquisque
2100 2364 2133 2401 a

494 2447 588 2501 via
628 2460 732 2498 sua
783 2442 938 2496 mala
982 2444 1036 2494 et
1083 2457 1115 2493 a
1175 2438 1534 2510 nequissimis
1586 2438 2040 2494 affectationibus
2084 2442 2130 2476 ⁸ο

490 2539 713 2605 vestris,
741 2533 1144 2590 ethabitabitis
1173 2534 1229 2586 in
1273 2535 1423 2586 terra
1449 2531 1550 2585 ista
1571 2549 1744 2603 quam
1788 2533 1921 2586 dedi
1969 2535 2130 2588 vobis

495 2637 554 2688 et
611 2630 870 2702 patribus
928 2627 1127 2681 vestris
1171 2643 1204 2680 a
1248 2626 1455 2680 saeculo
1505 2641 1684 2696 usque
1730 2625 1788 2678 in
1840 2628 2063 2682 saecula.
2101 2652 2128 2678 ››

494 2729 564 2784 Et
584 2726 796 2779 iterum
832 2739 845 2777 :
883 2743 910 2774 α
936 2721 1112 2775 Nolite
1151 2719 1446 2774 ambulare
1504 2723 1632 2790 post
1659 2719 1793 2774 deos
1832 2721 2044 2775 alienos
2073 2728 2132 2776 ut

497 2816 754 2874 servietis
783 2816 886 2882 eis,
917 2817 974 2870 et
1002 2830 1074 2868 ne
1103 2812 1473 2868 adoraveritis
1503 2829 1598 2866 eos
1626 2814 1695 2879 “,
1729 2818 1785 2868 et
1813 2831 1884 2868 ne
1928 2814 2129 2870 incite-

496 2913 569 2968 tis
599 2928 692 2966 me
731 2910 789 2964 in
817 2908 1084 2980 operibus
1117 2923 1391 2962 manuum
1424 2909 1746 2962 vestrarum
1795 2907 1864 2962 ad
1909 2909 2127 2980 disper-

2229 467 2367 535 4-7).
2401 467 2542 520 Item
2571 467 2628 521 in
2653 465 2898 521 Basilion
2924 464 2998 536 (7)
3028 465 3171 519 libro
3200 465 3244 498 “
3276 464 3346 518 III
3376 465 3511 520 Elias
3534 467 3596 520 ad
3634 469 3796 524 Domi-

2230 576 2371 614 num
2403 578 2415 614 :
2448 581 2474 609 ‹‹
2537 559 2873 616 ιΕωιιιίιῐιάο
2919 561 3219 614 aemulatus
3274 574 3395 613 sum
3443 560 3659 616 Domino
3703 563 3799 619 Deo

2229 653 2711 725 omnipotenti“;
2771 653 2904 726 quia
2957 653 3382 724 dereliquerunt
3431 656 3482 708 te
3527 654 3620 708 lilii
3660 657 3805 711 Israel

2229 748 2430 802 altaria
2455 753 2556 803 tua
2583 748 2990 814 demolierunt,
3027 752 3084 801 et
3125 745 3433 818 prophetas
3466 748 3583 801 tuos
3607 748 3804 805 interie-

2231 843 2431 895 cerunt
2454 842 2666 912 gladio,
2699 846 2755 898 et
2783 839 3036 898 remansi
3063 857 3172 912 ego
3198 840 3469 895 solitarius
3494 841 3536 874 “
3588 845 3640 896 et
3673 859 3804 913 qua!-

2232 940 2365 988 runt
2395 936 2652 990 animam
2683 951 2871 991 meam
2914 935 3142 990 auferre
3187 934 3234 970 ⁴⁶
3265 951 3299 989 a
3338 950 3427 989 me
3457 935 3503 969 ‘7
3534 957 3558 984 »ι
3592 935 3676 1003 (ll,
3701 938 3806 1007 Reg.

2232 1044 2342 1094 xxx,
2375 1027 2482 1098 10).
2515 1031 2658 1085 Item
2688 1029 2746 1084 in
2768 1029 2946 1085 Esdra
2979 1046 2992 1084 :
3027 1049 3055 1078 ‹‹
3113 1027 3477 1084 Desciverunt
3502 1045 3533 1083 a
3579 1034 3628 1082 te
3670 1031 3730 1095 δ’,
3756 1036 3802 1085 et

2231 1122 2565 1193 abjecerunt
2613 1124 2801 1194 legem
2841 1127 3001 1177 tuam
3064 1128 3188 1194 post
3233 1122 3461 1176 dorsum
3504 1139 3654 1176 suum
3681 1124 3738 1191 ‘9,
3761 1127 3808 1178 et

2231 1217 2536 1286 prophetas
2568 1220 2695 1271 tuos
2720 1217 3150 1272 interfecerunt.
3181 1217 3279 1288 qui
3317 1215 3713 1271 obtestabantur
3732 1235 3809 1272 eos

2232 1313 2294 1362 ut
2321 1317 2741 1365 reverterentur
2766 1311 2835 1365 ad
2859 1317 2911 1365 te
2939 1331 2965 1360 »
3001 1312 3078 1381 (II
3099 1310 3284 1379 Esdr.,
3313 1326 3400 1380 xx,
3434 1310 3540 1378 26).

2234 1419 2414 1493 681
2478 1422 2606 1478 CAP.
2642 1423 2730 1478 lll.
2772 1453 2839 1464 —
2891 1424 3035 1480 Ante
3050 1423 3373 1493 praedictum
3406 1423 3543 1492 quod
3566 1424 3812 1478 Dominum

2305 1518 2476 1571 neque
2521 1505 2810 1574 cognituri,
2848 1519 2940 1559 nec
2991 1505 3340 1573 intellectuci,
3383 1520 3544 1574 neque
3584 1507 3814 1576 recepturi

2305 1587 2494 1638 essent.

2315 1687 2479 1757 Apud
2521 1687 2765 1742 Isaiam:
2813 1708 2839 1736 ‹‹
2890 1687 3059 1755 Audi,
3109 1687 3336 1750 caelum,
3393 1691 3448 1742 et
3505 1687 3677 1758 praebe
3735 1704 3814 1742 au-

2234 1782 2407 1840 rem‘0
2457 1784 2557 1854 (8),
2611 1787 2763 1836 terra
2815 1781 3084 1852 quoniam
3141 1781 3419 1836 Dominus
3463 1781 3665 1836 locutus
3704 1785 3813 1835 est:

2232 1879 2399 1935 Filios
2427 1875 2696 1948 generavi
2731 1878 2787 1929 et
2816 1875 3071 1943 exaltavi,
3123 1875 3229 1946 ipsi
3276 1877 3471 1929 autem
3521 1890 3606 1930 me
3659 1890 3821 1946 repro-

2229 1973 2508 2028 baverunt
2541 1971 2609 2023 εί.
2642 1968 2882 2040 Agnovit
2905 1968 3006 2023 bos
3038 1972 3450 2040 lpossessorem
3476 1983 3634 2023 suum
3664 1969 3713 2023 et
3734 1968 3819 2021 asi-

2234 2084 2340 2122 nus
2393 2062 2736 2136 praasepium
2790 2062 2864 2134 (9)
2912 2062 3131 2122 domini
3184 2063 3267 2117 sui
3297 2062 3347 2097 ⁸²
3401 2079 3414 2117 :
3463 2062 3620 2118 Israel
3665 2067 3821 2116 autem

2234 2178 2327 2216 me
2361 2175 2474 2214 non
2505 2156 2793 2228 cognovit,
2827 2160 2884 2211 et
2909 2157 3154 2227 populus
3188 2173 3280 2211 me
3309 2173 3427 2211 non
3475 2155 3729 2210 intellexit
3763 2156 3816 2220 ”,

2231 2256 2328 2309 Vo:
2378 2269 2518 2324 gens
2541 2251 2823 2323 peccatrix
2872 2251 2984 2320 (10)
3015 2248 3076 2318 ⁸⁸,
3119 2250 3368 2321 populus
3414 2250 3609 2321 plenus
3649 2247 3688 2283 "
3724 2264 3822 2319 pec-

2231 2348 2393 2414 catis,
2443 2361 2637 2400 semeu
2687 2360 2941 2416 nequam
2962 2349 3024 2411 ⁸ο,
3075 2344 3177 2397 filii
3233 2344 3490 2398 scelesti:
3541 2343 3816 2413 reliquistis

2232 2442 2564 2506 Dominum,
2599 2443 2656 2493 et
2682 2439 2740 2492 in
2777 2437 3234 2509 indignationem
3263 2437 3494 2492 misistis
3515 2437 3663 2491 illum
3688 2451 3818 2491 sanc-

2229 2543 2352 2592 tum
2383 2535 2554 2589 Israel
2581 2530 2623 2565 ⁸⁵
2656 2553 2680 2583 α
2715 2535 2871 2602 (Isa.,
2908 2549 2944 2585 ι.
3007 2532 3152 2600 2-4).
3211 2533 3358 2586 Item
3411 2531 3561 2598 apud
3601 2531 3827 2585 eumdem

2233 2629 2506 2685 Dominus
2560 2626 2695 2681 dicit
2770 2643 2782 2680 :
2844 2648 2871 2675 ‹‹
2926 2626 3101 2693 Vade,
3145 2631 3201 2680 et
3255 2625 3346 2680 dic
3394 2625 3600 2696 populo
3641 2621 3828 2679 isti“:

2230 2728 2378 2779 Aure
2403 2721 2665 2790 audietis,
2697 2723 2753 2774 et
2789 2737 2902 2774 non
2929 2719 3275 2789 intelligetis,
3312 2722 3373 2772 et
3415 2718 3661 2774 videntes
3705 2717 3827 2772 vide—
3885 2737 3888 2742 ·

2231 2817 2382 2886 bitis,
2439 2821 2495 2871 et
2547 2831 2660 2873 non
2705 2811 3046 2868 videbitis”.
3094 2809 3494 2867 incrassavit“
3545 2812 3686 2867 enim
3742 2826 3821 2864 cor

2231 2910 2430 2983 populi
2485 2908 2676 2979 hujus,
2737 2911 2794 2963 et
2844 2906 3077 2961 auribus
3141 2906 3395 2977 graviter
3438 2906 3738 2972 audierunt,
3785 2909 3827 2957 et

1876 3099 2086 3164 Variae
2141 3101 2477 3166 lectiones.

562 3233 606 3262 ³³
627 3229 884 3292 Magnum
931 3228 1086 3275 Oxon.
1114 3224 1316 3275 Contra
1352 3225 1652 3274 Dominum
1693 3226 1822 3276 Voss.
1859 3228 1905 3277 3.
1952 3229 2157 3279 Malum
2223 3242 2408 3280 coram
2462 3225 2595 3276 Voss.
2626 3228 2674 3277 4.
2744 3228 2783 3259 ³⁴
2807 3226 2954 3276 Deos
2983 3238 3012 3274 a
3052 3222 3313 3289 gentibus
3347 3224 3455 3275 ΝΟ.
3487 3224 3532 3272 1.
3577 3222 3679 3292 ιίη.
3709 3217 3810 3292 Leni

502 3299 625 3349 Thu.
656 3285 805 3347 Covrb.
842 3299 1018 3347 Benev.
1059 3299 1169 3346 Ver.
1242 3298 1280 3326 ³⁵
1312 3294 1471 3344 Circa
1501 3295 1641 3357 illos,
1674 3301 1726 3346 et
1758 3296 1880 3346 Thu.
1955 3297 1994 3332 ³ο
2021 3300 2132 3350 Con

2259 3299 2561 3350 Dominum
2589 3303 2671 3348 Ar.
2703 3299 2848 3347 Lam.
2878 3296 2984 3345 ΝΟ.
3016 3285 3080 3344 1Ϊ
3095 3296 3204 3344 Lin.
3241 3295 3366 3343 Thu.
3397 3295 3531 3344 Foss.
3565 3288 3701 3341 Corb.
3727 3285 3828 3357 Bod.

497 3371 546 3430 1,
572 3368 620 3428 2,
641 3367 689 3426 3,
725 3367 772 3416 4.
805 3368 890 3414 Sic
921 3367 1083 3426 infra.
1153 3366 1190 3398 ³⁸
1214 3364 1282 3414 Et
1310 3366 1510 3414 iterum
1539 3355 1790 3416 fecerunt
1811 3370 2019 3420 malum
2061 3375 2194 3420 Voss.
2223 3373 2270 3422 4.
2343 3369 2381 3402 ³⁸
2407 3370 2726 3420 Derelictus
2751 3371 2834 3418 est
2863 3365 3026 3427 Juda,
3058 3366 3180 3414 Tota
3207 3365 3313 3415 haec
3335 3363 3583 3429 periodus
3607 3360 3672 3409 ad
3696 3355 3828 3430 Apud

498 3426 744 3490 Hierem.
773 3437 912 3486 deest
940 3438 991 3484 in
1019 3438 1108 3485 Ar.
1136 3438 1271 3486 Lam.
1311 3436 1414 3486 NC.
1445 3436 1493 3495 1,
1528 3436 1572 3484 2.
1606 3437 1728 3485 Bod.
1769 3441 1810 3499 1,
1842 3441 1963 3502 2,3,
1989 3444 2036 3492 4.
2075 3443 2194 3492 Thu.
2225 3441 2370 3494 Corb.
2411 3444 2547 3490 Voss.
2575 3441 2621 3492 3.
2692 3439 2732 3474 ³⁸
2765 3426 3168 3490 Obaudiebatis
3189 3426 3348 3487 Ross;
3398 3435 3443 3468 ⁴⁰
3476 3426 3834 3502 Aﬁ‘ectionibps

498 3509 711 3560 vestris.
740 3521 772 3556 a
805 3506 1012 3556 smculo
1039 3506 1180 3567 Spir.
1217 3507 1348 3554 Rem.
1389 3507 1477 3554 Er.
1501 3505 1615 3555 Lin.
1639 3507 1746 3556 ΝΟ.
1777 3499 1918 3560 Lam.
1950 3499 2074 3561 Bod.
2105 3515 2150 3575 1,
2175 3515 2226 3572 2,
2260 3513 2308 3573 3,
2337 3515 2382 3563 4.
2415 3513 2550 3562 Foss.
2583 3511 2728 3561 Corb.
2794 3512 2836 3542 ⁴¹
2867 3508 3254 3570 Adoraveritis,
3273 3512 3333 3558 et
3353 3521 3424 3558 ne
3454 3507 3590 3569 Spir.
3620 3499 3832 3575 Repulit.

497 3579 606 3628 ΝΟ.
641 3580 684 3627 1.
717 3579 766 3638 2,
806 3577 931 3628 Bod.
963 3578 1009 3636 1,
1039 3577 1085 3636 2,
1132 3579 1179 3636 3,
1209 3578 1255 3626 4.
1312 3578 1430 3626 Thu.
1464 3579 1601 3627 Foss.
1643 3578 1790 3628 Corb.
1860 3583 1903 3615 ⁴¹
1934 3584 2132 3648 Disper-

2238 3567 2346 3634 .dos
2374 3583 2480 3634 ΝΟ.
2529 3590 2575 3638 1.
2642 3585 2684 3615 ⁴³
2715 3582 2850 3631 Item
2891 3581 2948 3630 in
2987 3567 3250 3642 Regnum
3272 3579 3421 3648 libro
3450 3567 3576 3626 Bod.
3616 3570 3768 3648 ΝΟ.
3794 3567 3830 3616 2.

497 3651 542 3681 ⁴⁴
571 3650 885 3698 Emulatus
905 3648 1358 3720 sumipominum
1383 3649 1819 3720 omnipotentem
1841 3655 1976 3703 Foss.
2035 3640 2088 3689 .‘5
2118 3640 2235 3720 Ego
2251 3656 2403 3705 solus
2429 3657 2569 3705 Lam.
2598 3653 2704 3704 ΝΟ.
2735 3653 2782 3701 1.
2811 3651 2937 3700 Bod.
2969 3649 3015 3698 2.
3047 3640 3095 3699 4'.
3131 3649 3247 3698 Lin.
3315 3648 3359 3682 ⁴⁸
3390 3647 3657 3720 Quarum
3681 3640 3832 3720 aufer-

498 3733 557 3771 re
583 3721 826 3770 animam
853 3719 990 3767 Foss.
1038 3718 1172 3765 Voss.
1201 3717 1246 3766 3.
1315 3716 1356 3750 ⁴⁷
1381 3717 1518 3766 Eam
1562 3731 1593 3768 a
1624 3733 1712 3770 me
1742 3723 1870 3771 Bod.
1915 3726 1963 3774 2.
1990 3727 2036 3775 4.
2077 3715 2210 3775 Voss.
2254 3727 2303 3784 3,
2328 3729 2374 3776 4.
2441 3727 2486 3761 ⁴⁸
2513 3726 2870 3776 Dicesserunt
2897 3735 2926 3770 a
2950 3721 3002 3771 le
3030 3721 3074 3779 1,
3100 3720 3148 3780 2,
3170 3719 3217 3768 3.
3255 3721 3391 3769 Voss.
3423 3721 3471 3769 5.
3536 3715 3577 3749 ⁴⁹
3601 3715 3717 3764 Post
3738 3724 3834 3784 cor-

498 3804 605 3855 pus
644 3789 763 3840 Bod.
804 3792 846 3838 1.
873 3789 922 3837 4.
962 3788 1090 3835 Voss.
1129 3787 1174 3836 3.
1240 3785 1284 3820 ⁸ο
1315 3787 1503 3838 Prasbe
1535 3801 1697 3838 aures
1731 3793 1822 3840 Ar.
1854 3795 2053 3850 Bod.1,
2087 3796 2138 3856 2,
2164 3798 2210 3846 4.
2243 3781 2366 3846 Lam
2405 3798 2524 3846 Tim.
2559 3798 2673 3847 Cor.
2713 3796 2851 3844 Voss.
2883 3793 2930 3840 4.
3001 3791 3042 3822 ⁵³
3073 3790 3158 3840 Me
3183 3794 3514 3853 spreverunt
3533 3787 3635 3838 ΝΟ.
3663 3787 3701 3834 1.
3733 3781 3832 3834 Bod.

497 3862 545 3911 2.
579 3862 685 3909 Lin.
717 3861 852 3908 Foss.
894 3859 1024 3906 Voss.
1062 3857 1108 3906 3.
1144 3857 1226 3904 Sic
1260 3857 1435 3905 Τενίαί
1464 3865 1513 3907 et
1547 3858 1678 3906 Ireu.
1748 3862 1789 3893 ⁵⁸
1826 3863 2132 3927 Ρηεεθρὶιιῑ

2243 3867 2410 3915 omini
2452 3868 2578 3918 Bod.
2607 3867 2656 3925 2,
2687 3867 2732 3915 4.
2773 3863 2891 3912 Thu.
2932 3861 3064 3910 Voss.
3099 3859 3246 3910 Corb.
3307 3864 3445 3911 Voss.
3475 3862 3525 3909 4.
3563 3859 3834 3919 Prassepem

507 3933 618 3980 Ver.
689 3933 729 3963 ⁵³
760 3930 880 3979 Non
931 3927 1160 4001 agnovit
1191 3927 1317 4001 Bod.
1368 3930 1416 4001 ἐξ,
1444 3930 1490 3977 4.
1548 3928 1791 3992 Populus
1818 3947 1929 3984 non
1983 3937 2116 3983 Voss.

2268 3936 2365 3986 Van
2395 3939 2558 4001 genti
2612 3933 2907 4001 peccatrici
2953 3932 3107 3980 Oxon.
3177 3934 3218 3964 ⁸⁵
3263 3931 3481 3995 Ροριιιο
3511 3931 3666 4001 pleno
3704 3929 3833 4001 Oxon.

502 4003 544 4036 ⁵⁸
567 4002 769 4053 Semen
795 3997 1262 4072 pessimum-Bonl.
1303 3998 1347 4058 1,
1445 4001 1675 4072 *νᾳεῃᾶ
1745 4003 1786 4037 ⁵³
1814 4006 1902 4055 Ad
1931 4007 2132 4057 iracun'

2238 4021 2276 4057 n
2306 3997 2648 4072 provocastis
2674 4008 2768 4069 Ap.
2811 4005 2948 4052 Lam.
2983 4004 3092 4052 Lin.
3127 4002 3236 4052 ΝΟ.
3271 4004 3318 4051 1.
3345 4003 3456 4053 Bod
3484 4004 3530 4060 1,
3581 4000 3627 4049 2.
3657 3998 3727 4050 Ad
3749 3998 3833 4072 ira-

499 4073 762 4125 cundiam
787 4074 844 4120 et
873 4069 1310 4131 indignationem
1335 4069 1560 4118 misistis
1589 4071 1766 4133 illum,
1795 4080 2146 4138 provocastis
2175 4069 2336 4128 illum
2369 4085 2626 4129 sanctum
2665 4078 2798 4127 Voss.
2826 4074 2873 4123 2.
2943 4073 2983 4106 ⁵³
3027 4073 3240 4137 Populo
3266 4072 3404 4124 huic
3429 4073 3548 4124 Bod.
3583 4074 3626 4122 2.
3662 4075 3777 4122 Voss.
3796 4069 3832 4117 4.

500 4145 538 4181 59
576 4146 694 4196 Non
715 4143 996 4207 aspicietis
1019 4143 1109 4190 Ar.
1136 4141 1240 4192 ΝΟ.
1275 4141 1317 4189 1.
1342 4141 1468 4191 Bod.
1503 4140 1549 4190 2.
1615 4141 1658 4176 ⁸ο
1689 4144 1998 4196 Incrassavi
2020 4149 2188 4198 enim.
2230 4151 2366 4200 Voss.

1808 4297 2036 4379 Steph.
2076 4299 2323 4364 Baluzii
2369 4305 2565 4366 notae.

567 4420 630 4486 β)
658 4417 950 4514 afflictus
977 4424 1068 4514 est.
1103 4417 1468 4514 Seg'I‘nepAtum
1494 4418 1621 4514 hoc.
1651 4421 1808 4505 deest
1845 4425 1910 4514 in‘
1935 4427 2134 4508 sexde-
2156 4441 2212 4514 ρ
2237 4443 2362 4514 pum
2420 4429 2741 4480 editionum.
2795 4424 3075 4510 Pamelius
3105 4425 3496 4514 ngtavitwex
3548 4419 3835 4514 ﬁdei'pnius

503 4495 614 4546 clm
658 4492 814 4542 libris
855 4491 1153 4540 veteribus.
1197 4490 1509 4541 Desiderari
1549 4492 1717 4542 etiam
1762 4496 1817 4544 in
1859 4490 2212 4562 plerisque‘J
2238 4498 2362 4548 libri
2419 4501 2640 4561 veteris,
2695 4502 2746 4548 et
2797 4498 2926 4562 quia
2986 4495 3134 4560 apud
3191 4495 3601 4546 Tertullianum
3659 4491 3745 4562 lib:
3790 4499 3833 4536 III

503 4568 840 4615 monuerunt
875 4563 1059 4625 Angli.

566 4665 622 4676 —-
648 4637 800 4702 Apud
826 4635 1163 4686 Mulacliiam.
1197 4636 1275 4686 Ita
1301 4649 1492 4686 omnes
1518 4637 1645 4687 libri
1675 4641 1890 4690 veteres
1927 4647 1981 4692 et
2011 4656 2138 4692 om-

501 4721 601 4758 nes
641 4708 931 4758 editiones.
972 4706 1136 4770 Angli
1174 4707 1277 4756 ista
1309 4706 1635 4756 deleverunt
1668 4709 1725 4758 in
1760 4709 1869 4762 hoc
1909 4711 2054 4775 loco,
2084 4717 2140 4762 et

504 4780 902 4830 transtulerunt
951 4783 1077 4842 post
1122 4779 1311 4839 verba,
1355 4781 1418 4829 Et
1460 4792 1568 4829 non
1609 4782 1894 4832 serviemus
1943 4783 2042 4844 illi,
2085 4789 2140 4834 et

501 4855 848 4916 posuerunt:
901 4851 1027 4899 Item
1072 4851 1217 4913 apud
1269 4851 1595 4901 Maiachiam
1627 4867 1642 4900 :
1694 4853 1981 4904 Derelictus
2029 4858 2140 4916 est;

503 4925 715 4975 nullam
776 4928 961 4974 tamen
1020 4923 1192 4986 hujus
1253 4923 1579 4974 mutationis
1636 4925 1905 4976 rationem
1961 4923 2141 4977 dede-

506 5000 656 5046 runt.

566 5068 634 5127 (6)
670 5064 827 5130 Apud
868 5066 1206 5115 Hieremiam.
1243 5067 1405 5131 Angli
1444 5067 1746 5117 admonent
1781 5072 1952 5118 totam
1993 5067 2138 5119 hanc

502 5137 792 5200 periodum
825 5136 1019 5187 deesse
1062 5137 1117 5185 in
1162 5136 1425 5188 undecim
1466 5139 1756 5189 codicibus
1793 5143 2138 5205 manuscrip-

506 5211 592 5265 tis.
631 5208 785 5258 deest
821 5208 988 5257 etiam
1045 5207 1101 5255 in
1139 5206 1280 5258 libro
1317 5210 1495 5258 sancti
1537 5210 1757 5260 Martini
1797 5212 2137 5262 Turonensis

504 5293 684 5342 usque
712 5277 780 5328 ad
811 5279 958 5340 apud
988 5278 1202 5327 Isaiam.

565 5351 632 5412 (7)
681 5349 941 5399 Basilion.
1000 5349 1340 5411 Lactantius,
1391 5351 1488 5400 lib.
1542 5365 1620 5413 IV,
1678 5367 1800 5418 cap.
1853 5356 1904 5404 11
1948 5371 1959 5404 :
2013 5357 2136 5404 Item

503 5422 650 5472 Elius
693 5422 747 5469 in
794 5419 930 5469 libro
976 5420 1219 5469 Basilion
1255 5425 1419 5470 tertio.
1451 5421 1597 5470 Alibi
1640 5422 1954 5488 Cyprianus
1983 5427 2137 5488 ponit

501 5495 794 5554 Regnorum
829 5502 930 5554 pro
973 5491 1227 5541 Basilion.
1271 5491 1362 5543 Sic
1397 5493 1648 5558 plerique
1681 5499 1902 5546 veteres
1934 5509 2135 5560 posue-

498 5568 630 5616 runt
680 5563 894 5625 Regum,
949 5562 1041 5612 alii
1103 5563 1412 5627 Regnorum.
1470 5564 1611 5616 Vide
1676 5567 2021 5618 Eucherium
2079 5571 2136 5618 in

498 5635 658 5686 initio
711 5632 1224 5684 Commentariorum
1270 5634 1328 5684 in
1386 5634 1549 5687 libros
1609 5638 1799 5701 Regum
1843 5642 1897 5687 et
1936 5639 2135 5689 scholia

495 5706 734 5758 Joannis
760 5705 888 5756 Tilii
921 5705 990 5756 ad
1013 5705 1334 5757 Luciferum
1365 5707 1766 5759 Calaritanum.
1795 5708 1939 5760 Vide
1969 5712 2133 5760 etiam

496 5777 677 5832 Biblia
692 5789 854 5828 sacra
885 5790 957 5830 ex
981 5775 1221 5830 editione
1248 5777 1473 5830 Roberti
1507 5778 1796 5844 Stephani.

562 5850 632 5919 (8)
677 5849 854 5902 Prsebe
899 5862 1106 5902 aurem.
1153 5849 1290 5902 Hae
1342 5853 1426 5903 est
1469 5850 1635 5904 lectio
1683 5851 1934 5904 omnium
1978 5855 2131 5906 vete-

2236 4571 2491 4621 adversus
2535 4559 2859 4621 Marcionem
2907 4559 3111 4630 legitur
3153 4566 3211 4615 in
3256 4580 3421 4617 aures
3464 4565 3682 4628 percipe.
3718 4559 3835 4610 Sane

2239 4641 2407 4693 editio
2454 4643 2690 4704 Vulgata
2735 4641 2889 4690 Isaiae
2933 4639 3101 4689 habet
3144 4638 3446 4688 lectionem
3485 4649 3645 4700 quam
3676 4633 3834 4704 Pame-

2239 4714 2347 4763 lius
2373 4702 2620 4777 protulit.
2650 4716 2738 4770 At,
2757 4726 2884 4763 cum
2911 4712 3090 4760 versio
3115 4724 3224 4774 qua
3253 4702 3834 4777 Cyprianusiute-batur,

2239 4770 2455 4836 diversa
2485 4785 2650 4834 fuerit
2693 4798 2723 4832 a
2765 4785 2953 4832 nostra
2989 4770 3246 4845 Vulgata,
3278 4770 3442 4829 valde
3477 4772 3743 4841 probabile
3769 4770 3835 4817 est

2239 4859 2493 4906 veterum
2569 4854 2881 4906 editionum
2953 4851 3286 4914 scripturam
3366 4862 3490 4900 esse
3569 4846 3833 4914 meliorem.

2239 4925 2513 4976 Caeterum
2555 4939 2678 4976 eam
2728 4911 3371 4975 conﬁrmant‘tredecim
3424 4919 3549 4970 libri
3598 4913 3754 4967 nostri
3792 4911 3835 4957 et

2239 5011 2339 5048 sex
2370 4998 2684 5062 Anglicani.
3653 5060 3659 5062 _
3730 5054 3758 5062 Α
3798 5053 3807 5062 ι

2302 5071 2370 5131 (9)
2404 5054 2732 5132 Ρνῖιεερίαηι.
2772 5066 3046 5117 Revocavi
3095 5065 3396 5115 lectionem
3442 5060 3692 5114 editionis
3728 5054 3837 5132 _Spij

2236 5126 2438 5202 rensis,
2467 5126 2634 5204 quam
2662 5139 2851 5189 inveni
2883 5138 3051 5188 etiam
3085 5137 3138 5185 in
3169 5135 3366 5188 decem
3401 5135 3556 5184 libris
3585 5126 3837 5204 nostriset

2236 5213 2294 5261 in
2353 5200 2592 5275 quatuor
2647 5209 2978 5272 Anglicanis.
3041 5207 3188 5258 Sane
3247 5209 3303 5256 in
3379 5205 3617 5256 editione
3661 5200 3836 5275 ⁸ᾳοειη

2238 5271 2476 5347 Vulgata
2531 5295 2703 5332 sacra:
2740 5271 3060 5343 Scriptura:
3122 5279 3326 5341 legitur
3380 5288 3622 5347 praesepe.
3660 5271 3836 5319 Verum

2237 5344 2534 5404 auctoritas
2567 5354 2657 5403 illa
2689 5365 2799 5402 non
2829 5351 3023 5416 probat
3052 5352 3126 5400 ita
3153 5362 3382 5414 quoque
3419 5344 3702 5411 legendum
3726 5348 3837 5416 esse

2235 5424 2381 5489 apud
2407 5424 2749 5489 Cyprianum
2784 5440 2793 5472 :
2830 5410 2960 5472 nam
2996 5426 3052 5472 et
3075 5410 3253 5472 Latini
3283 5410 3580 5484 scriptores
3607 5410 3836 5464 dicebant

2235 5497 2367 5548 olim
2388 5509 2617 5560 praesepe
2649 5500 2703 5546 et
2733 5495 3059 5558 prasepium.

2299 5551 2398 5632 (l0)-
2456 5551 2566 5628 Vae;
2609 5551 2744 5631 gens
2781 5551 3068 5630 peccatrix.
3121 5565 3202 5615 Ita
3255 5563 3701 5632 restituimus‘ex
3746 5551 3863 5632 ﬁd'o.

2235 5621 2483 5689 veterum
2545 5621 2833 5700 librorum,
2881 5639 2964 5687 uti
3017 5637 3183 5686 etiam
3232 5636 3470 5686 fecimus
3517 5633 3571 5681 in
3615 5621 3835 5704 librant

2235 5709 2488 5759 Oratione
2530 5697 2828 5772 Dominica,
2855 5707 2954 5759 ubi
2995 5708 3265 5758 rationem
3312 5703 3653 5757 reddidimus
3692 5697 3833 5762 hujus

2233 5779 2572 5831 mutationis.
