3978 6206
3863 56 3903 60 ”“

483 251 574 302 711
1389 245 1445 300 S.
1489 246 1804 304 CYPRIANI
1841 250 2115 308 OPERUM
2160 252 2330 308 PARS
2369 253 2433 308 II.
2468 285 2536 295 --
2566 258 2934 316 OPUSCULA.
3700 275 3785 326 712

482 371 626 426 sicut
662 388 792 425 casa
830 370 886 424 in
924 367 1106 431 vinea,
1151 371 1207 422 et
1237 369 1379 423 sicut
1413 372 1823 428 custodiarium
1850 375 1907 429 in
1945 391 2112 429 cucu-
2137 383 2380 462 Acisus,
2428 391 2484 440 et
2531 381 2666 441 Abel
2703 383 2909 453 justus,
2963 387 3019 438 et
3063 385 3274 453 Enoch,
3315 387 3409 456 qui
3452 389 3560 444 Deo
3607 393 3790 463 placuit

482 465 759 530 merario,
816 463 975 533 quasi
1034 463 1229 518 civitas
1277 481 1404 534 quas
1458 472 1836 537 expugnatur.
1890 469 1957 522 Et
2003 470 2111 523 nisi
2215 485 2272 534 et
2310 479 2612 533 translatus
2643 482 2760 547 est;
2802 481 2859 532 et
2892 479 3028 546 Noe,
3065 479 3181 549 qui,
3211 480 3372 534 terris
3402 481 3792 559 hominibusque

483 557 754 613 Dominus
805 556 1057 611 Sabaoth
1102 557 1425 629 reliquisset
1467 559 1626 613 nobis
1675 577 1901 632 semen,
1956 564 2113 633 quasi
2215 573 2287 626 ob
2321 573 2525 627 delicta,
2565 571 2934 643 pereuntibus
2973 574 3043 639 9‘,
3075 573 3223 626 solus
3265 574 3322 627 in
3363 592 3472 646 quo
3515 556 3796 637 humanum

483 651 724 705 Sodoma
774 651 1106 719 fuissemus,
1150 657 1207 706 et
1253 652 1411 722 quasi
1459 653 1777 708 Gomorrha
1830 655 2054 710 similae

2224 683 2397 736 genus
2439 672 2759 721 servaretur
2805 667 3014 721 electus
3053 670 3170 736 est;
3217 674 3270 721 et
3310 670 3689 727 Melchisedech
3725 692 3795 729 sa-

481 761 609 798 mur
641 745 687 778 ⁸ο
727 766 755 794 ››
795 746 942 812 (Isa.,
975 763 1010 812 ι,
1040 745 1184 814 7-9).
1213 747 1352 800 Item
1392 746 1450 799 iu
1494 749 1799 819 Evangelio
1843 750 2044 804 Domin

2222 761 2409 814 cerdos
2462 759 2775 815 secundum
2823 761 2983 831 cujus
3027 761 3289 816 ordinem
3332 763 3574 819 Christus
3623 784 3793 837 repro-

479 839 615 893 dicit
646 857 659 893 2
698 861 724 888 «
763 839 1097 906 Jerusalem,
1137 840 1467 909 Jerusalem,
1501 858 1628 911 qua:
1671 842 1876 897 occidis
1904 844 1944 878 ⁸¹
1979 861 2050 916 pr

2224 853 2420 907 missus
2474 857 2556 909 est
2610 859 2731 908 tum
2786 854 2937 924 quod
3000 853 3138 908 illud
3195 855 3543 926 signaculum
3595 861 3795 915 seminis

479 934 702 1004 P110135,
731 938 787 988 et
833 933 1052 1003 lapidas
1092 933 1294 988 missos
1320 935 1386 988 ad
1428 939 1501 1001 te,
1544 936 1761 1005 (Ιυοίίθδ
1809 937 1954 991 νοῙυί
1985 954 2114 992 c0n-
2213 963 2325 1001 non
2377 946 2618 1017 proiicit,
2660 947 2823 1017 signo
2874 953 3069 1002 autem
3111 949 3342 1003 Domini
3377 967 3566 1006 omnes
3605 953 3798 1024 signan-

483 1043 726 1098 gregare
772 1027 916 1080 ﬁlios
971 1032 1094 1081 tuos
1141 1028 1208 1089 ⁸2,
1251 1027 1395 1082 sicut
1437 1029 1649 1098 gallina
1685 1030 1869 1099 pullos
1907 1032 1973 1097 ⁸³,
2008 1031 2110 1084 sub
2213 1045 2323 1096 tur,

479 1122 597 1174 alas
652 1121 813 1175 suas!
875 1123 933 1174 et
984 1120 1236 1175 noluisti.
1266 1123 1405 1176 Ecce
1447 1121 1804 1192 relinquetur
1853 1123 2010 1178 vobis
2063 1125 2108 1159 3‘
2211 1158 2336 1212 CAP.
2367 1157 2450 1210 lx.
2478 1186 2546 1197 _
2575 1158 2730 1224 Quod
2755 1158 2840 1212 (ex
2863 1161 3036 1228 prior,
3068 1175 3187 1228 qua?
3214 1175 3310 1230 per
3335 1163 3550 1229 Moysen
3573 1164 3693 1218 dum
3717 1172 3798 1228 est,

480 1214 686 1269 domus
712 1220 897 1268 vestra
923 1215 1144 1269 deserta
1177 1216 1222 1248 ⁸⁵
1247 1236 1274 1265 ››
1308 1216 1552 1283 (Matth.,
1584 1232 1736 1282 xxm,
1766 1220 1853 1284 37,
1882 1218 1992 1288 38).
2577 1214 2611 1224 ⁷
2803 1214 3258 1294 οεέεαεαριίρεεεὶ,

477 1355 607 1410 CAP.
663 1354 774 1408 Vll.
828 1383 896 1394 —-
950 1356 1083 1408 Item
1135 1355 1278 1424 quod
1323 1359 1491 1409 essent
1536 1356 1582 1389 ⁸6
1623 1358 1879 1410 amissuri
1931 1357 2048 1411 lum.

2282 1338 2444 1409 Apud
2468 1340 2665 1394 Isaiam
2692 1357 2704 1394 :
2740 1362 2767 1389 α
2796 1342 2950 1395 Tunc
2974 1342 3266 1396 manifesti
3294 1348 3462 1398 erunt
3485 1343 3578 1415 qui
3603 1344 3801 1416 signant

1176 1437 1408 1489 Domini.
2212 1435 2442 1504 Legem,
2481 1450 2552 1488 ne
2589 1434 2810 1488 discant
2835 1435 2905 1488 9³.
2935 1437 3002 1490 Et
3037 1435 3188 1490 dicet
3215 1437 3262 1470 93
3293 1453 3306 1492 :
3333 1439 3594 1508 Exspecto
3627 1439 3798 1504 Deum,

547 1545 711 1616 Apud
759 1545 960 1600 Isaiam
987 1564 1002 1599 _.
1036 1567 1062 1594 α
1098 1547 1317 1614 νωιίωῖ
1362 1546 1726 1600 ambulemus
1776 1547 1835 1600 in
1893 1547 2109 1602 lumine
2210 1526 2303 1597 qui
2336 1529 2538 1582 avertit
2560 1528 2763 1582 faciem
2792 1545 2954 1582 suam
2981 1546 3014 1583 a
3043 1531 3210 1584 domo
3238 1531 3430 1598 Jacob,
3459 1535 3513 1586 et
3536 1531 3699 1586 fidens
3721 1550 3800 1588 ero

477 1637 722 1693 Domini.
755 1640 978 1693 Dimisit
1025 1640 1182 1693 enim
1232 1640 1511 1710 populum
1556 1657 1724 1695 suum
1763 1641 2001 1695 domum
2039 1643 2110 1694 ιδ,
2211 1619 2271 1673 in
2304 1620 2465 1674 illum
2505 1642 2533 1671 ››
2569 1621 2719 1691 (Isa.,
2758 1638 2872 1687 VIII,
2911 1626 2995 1691 16,
3041 1624 3147 1691 17).
3194 1625 3337 1678 Item
3384 1625 3441 1679 in
3483 1626 3799 1696 Evangelio:

475 1734 589 1787 rael
636 1754 663 1782 »
710 1735 857 1801 (Isa.,
903 1749 958 1800 ιι,
993 1737 1044 1801 5,
1089 1733 1164 1802 6).
1206 1734 1346 1787 Item
1385 1733 1443 1787 in
1492 1733 1796 1804 Evangelio
1841 1751 1941 1788 suo
1987 1738 2185 1804 cata“
2215 1734 2243 1762 “
2275 1714 2482 1770 omnes
2517 1716 2816 1786 Propheta3
2843 1720 2901 1770 et
2930 1719 3041 1772 L91
3084 1734 3260 1788 ιιείιιιε
3292 1718 3366 1772 ad
3405 1720 3661 1774 Joannem
3696 1735 3804 1790 μηδ’

474 1827 746 1880 Joannem
779 1828 918 1896 (I3):
958 1847 984 1876 ‹‹
1016 1827 1144 1880 Fuit
1177 1826 1371 1880 lumen
1401 1843 1598 1880 verum
1639 1828 1788 1898 quod
1826 1807 2187 1882 illuminat”
2213 1807 2590 1878 Ρδθίδνθτυηί
2620 1831 2647 1858 ”
2679 1809 2920 1880 (Matth-2
2950 1827 3026 1880 3“:
3064 1810 3164 1881 13)-

478 1937 708 1974 omnem
737 1919 1027 1974 hominem
1071 1920 1394 1974 venientem
1437 1918 1628 1991 684
1668 1921 1726 1973 in
1759 1921 1911 1974 hunc
1942 1938 2106 1975 mun-
2425 1936 2552 1989 CAP,
2584 1935 2643 1988 Χ,
2677 1965 2745 1974 .-
2773 1935 2926 2002 Quod
2958 1937 3043 1990 ιεω
3067 1952 3209 1990 nova
3235 1937 3366 1992 dari
3391 1938 3621 1993 habent,

477 2013 612 2066 dum
649 2016 715 2066 δν,
747 2015 807 2066 In
850 2014 954 2067 hoc
992 2013 1208 2066 mundo
1253 2014 1377 2080 fuit,
1423 2017 1478 2068 et
1516 2013 1762 2068 mundus
1792 2031 1893 2112 per
1923 2015 2108 2084 ipsum
2282 2038 2444 2106 Apud
2473 2038 2757 2092 Michmam
2787 2056 2798 2090 ε
2832 2059 2860 2087 «
2891 2039 3171 2101 Quoniam
3197 2041 3282 2093 lex
3315 2041 3384 2094 de
3423 2041 3550 2094 Sion
3589 2040 3805 2112 proﬁcis,

474 2107 654 2161 factus
681 2112 785 2176 est,
820 2114 874 2160 et
910 2108 1153 2161 mundus
1178 2124 1307 2160 eum
1341 2124 1456 2161 non
1480 2109 1795 2178 cognovit»
1831 2108 2032 2178 (Joan.,
2071 2126 2107 2174 I,
2211 2135 2388 2198 θεων,
2433 2135 2489 2185 et
2538 2130 2727 2204 685
2775 2148 2962 2186 sermo
3009 2133 3236 2186 Domini
3284 2133 3354 2188 de
3398 2107 3708 2188 Jerusaiem
3753 2135 3806 2187 Et

473 2205 526 2270 9,
559 2203 665 2272 10)·
703 2204 847 2256 Item
879 2200 988 2298 illic
1019 2217 1032 2254 ³
1074 2222 1100 2249 “
1137 2201 1240 2264 Οοί
1267 2217 1396 2298 fl?"
1429 2201 1754 2298 Sredide‘jits
1789 2203 1912 2298 J3"?
1942 2203 2105 2298 J1EE
2204 2223 2490 2294 judicahit
2539 2200 2712 2280 interi
2739 2227 3014 2296 plurimos
3060 2227 3336 2298 populos,
3389 2233 3445 2282 ct
3495 2227 3724 2282 revincet
3761 2233 3806 2280 ct

473 2300 769 2392 οθῖυδξείν
814 2295 952 2364 qum
993 2311 1110 2347 non
1153 2293 1394 2392 ένίῖᾀίξίίί
1435 2294 1490 2347 in
1532 2295 1764 2392 nomine
1808 2294 1954 2392 ιξυίθί
1990 2294 2110 2392 Filii
2209 2319 2438 2389 deteget
2466 2319 2678 2372 validas
2707 2293 2968 2374 nationes
2995 2343 3022 2371 ››
3051 2293 3257 2388 (illic/1.,
3284 2293 3356 2388 iv,
3388 2323 3496 2392 23).
3531 2323 3660 2376 Item
3681 2320 3808 2391 apud

471 2391 590 2444 Dei.
642 2390 754 2442 Hoc
795 2392 991 2441 autem
1035 2393 1121 2441 est
1152 2387 1451 2456 judicium,
1498 2387 1773 2458 quoniam
1818 2389 1914 2441 lux
1955 2389 2110 2443 venit
2212 2411 2412 2466 Isaiam
2448 2429 2462 2463 τ
2495 2433 2522 2460 α
2549 2415 2623 2467 De
2651 2413 2783 2468 Sion
2817 2414 2973 2468 enim
3004 2415 3274 2484 procedet
3303 2417 3409 2469 Lex
3455 2416 3583 2485 (14),
3621 2421 3670 2469 et
3703 2431 3804 2467 νοτ,

472 2484 533 2538 in
581 2484 873 2548 smculum,
922 2485 978 2534 et
1024 2481 1353 2534 dilexerunt
1400 2481 1664 2534 homines
1713 2483 1895 2551 magis
1945 2488 2106 2536 tene-
2210 2506 2343 2559 bum
2375 2507 2596 2560 Domini
2625 2507 2694 2561 de
2723 2508 3035 2562 Jerusalem
3060 2508 3676 2578 ss,etjudicabilimer
3700 2525 3807 2578 gen.

471 2577 601 2630 bras
636 2579 682 2610 ⁸⁸
709 2592 877 2647 quam
906 2576 1090 2628 lucem
1121 2597 1147 2623 ”
1181 2576 1380 2642 (λοαηοι
1407 2591 1486 2640 ¹¹¹’
1515 2576 1598 2640 ¹8’
1630 2575 1736 2637 19)’
2210 2601 2291 2652 tes
2321 2621 2348 2647 ››
2384 2603 2533 2669 (Isa.,
2573 2617 2646 2667 x1,
2694 2603 2745 2667 3,
2788 2600 2860 2670 4).
2905 2602 3049 2654 Item
3096 2602 3154 2654 in
3190 2575 3501 2673 Evangelio
3542 2609 3656 2656 cata
3690 2575 3803 2654 litat-

471 2718 600 2772 CAP.
620 2715 1356 2782 Vlll.—Quodcircumcisio
1369 2716 1553 2782 prima
1576 2716 1814 2769 carnalis
1837 2722 2104 2770 evacuata
2208 2693 2422 2746 “unum
2470 2711 2481 2747 ³
2518 2715 2544 2743 ί(
2581 2695 2646 2748 Et
2686 2710 2815 2748 ecce
2864 2711 2964 2747 vox
3010 2694 3081 2748 de
3124 2695 3276 2750 nube
3326 2696 3564 2750 dicens:
3607 2695 3695 2749 Hic
3738 2698 3806 2747 θδί

695 2800 784 2864 sit,
818 2803 866 2850 et
893 2795 1129 2850 secunda
1157 2796 1422 2863 spiritalis
1447 2798 1767 2864 repromissa
1792 2798 1881 2850 sit.
2209 2787 2375 2841 Filius
2403 2804 2561 2841 meus
2590 2787 3005 2857 dilectissimus,
3039 2788 3096 2842 in
3122 2806 3236 2860 quo
3268 2789 3415 2845 bene
3442 2789 3615 2858 sensi;
3647 2788 3803 2858 ipsum

545 2910 712 2981 Apud
769 2907 1079 2963 Jeremiam
1128 2925 1140 2960 :
1196 2928 1223 2955 ς(
1286 2909 1412 2960 Haec
1462 2905 1597 2960 dicit
1648 2907 1927 2962 Dominus
1978 2907 2107 2962 viris
2206 2881 2399 2934 ﬁndite
2429 2903 2454 2930 ”
2487 2883 2887 2952 (Matth-sxw,
2919 2883 2992 2951 5)·

470 3005 616 3061 Juda
640 3005 684 3039 ⁸9
710 3009 764 3058 et
792 3003 887 3074 qui
915 3001 1244 3055 inhabitant
1268 3001 1929 3056 Jes'usalemchnovate
1957 3002 2108 3056 inter
2206 2998 2331 3052 Car.
2389 2999 2474 3052 XI.
2534 3029 2600 3036 —
2655 2999 2807 3066 Quod
2861 3000 3143 3069 dispositio
3198 3002 3317 3056 alia
3369 3007 3419 3056 et
3471 3005 3800 3056 testamentum

470 3117 569 3154 vos
617 3099 948 3162 novitatem,
995 3101 1051 3149 et
1095 3111 1167 3149 ne
1213 3095 1625 3149 seminaveritis
1668 3095 1727 3148 in
1765 3096 1961 3166 spinis,
2003 3097 2178 3202 cir-C
2712 3095 2909 3134 "ovum
2935 3082 3061 3134 dari
3089 3081 3325 3136 Ῐιαδθνεί·

471 3193 771 3248 cumcidite
811 3208 905 3246 vos
953 3191 1063 3244 Deo
1103 3192 1311 3256 vestro,
1359 3194 1414 3242 et
1456 3188 1841 3243 circumcidito
1885 3207 2104 3261 prazpu-
2133 3188 2178 3202 ν
2274 3189 2440 3260 Apud
2474 3191 2781 3246 Jeremiam
2814 3208 2826 3244 :
2869 3213 2895 3239 ‹‹
2929 3194 3065 3247 Ecce
3112 3193 3232 3248 dies
3274 3193 3533 3258 veniunt,
3564 3192 3685 3246 dicit
3717 3190 3802 3243 Do-

469 3287 616 3344 tium
646 3286 835 3341 cordis
871 3284 1061 3352 vestri,
1092 3299 1163 3337 ne
1200 3287 1362 3336 exeat
1395 3279 1558 3336 sicut'
1581 3282 1730 3352 ignis
1768 3283 1852 3337 ira
1890 3301 2021 3338 mea
2049 3286 2106 3338 et
2205 3283 2426 3351 minus,
2475 3289 2532 3338 et
2579 3285 2987 3340 consummabo
3045 3286 3240 3341 domui
3301 3288 3471 3341 Israel
3522 3289 3576 3341 et
3636 3283 3800 3338 domui

471 3386 689 3447 exurat,
723 3383 778 3435 et
817 3396 930 3434 non
970 3377 1042 3431 sit
1079 3378 1176 3448 qui
1208 3377 1550 3446 exstinguat.
1591 3399 1618 3425 ››
1660 3379 1893 3446 (Jerem.,
1933 3395 2006 3447 1v,
2049 3382 2101 3446 3,
2201 3379 2342 3433 Juda
2369 3380 2416 3414 95
2446 3383 2854 3436 testamentum
2885 3398 3120 3450 novum,
3161 3398 3279 3436 non
3311 3382 3620 3438 secundum
3654 3382 3797 3434 testa-

469 3478 546 3545 4).
597 3479 735 3530 Item
775 3477 990 3544 Moyses
1031 3471 1210 3526 dicit:
1247 3492 1273 3519 ‹‹
1303 3473 1363 3524 In
1403 3470 1723 3525 novissimis
1766 3472 1963 3526 diebus
2003 3473 2104 3526 cir-
2203 3479 2462 3529 mentum
2499 3475 2652 3544 quod
2695 3475 2946 3546 disposui
2979 3475 3236 3546 patribus
3282 3493 3484 3532 eorum
3511 3476 3570 3530 in
3605 3474 3684 3529 die
3705 3488 3799 3543 qua

469 3570 754 3626 cumcidet
779 3570 923 3622 Deus
966 3582 1064 3621 cor
1101 3569 1264 3619 tuum
1298 3569 1354 3619 et
1391 3581 1486 3619 cor
1515 3564 1746 3620 seminis
1774 3566 1856 3620 tui
1888 3567 1957 3620 ad
1997 3569 2100 3622 Do-
2201 3568 2555 3639 apprehendi
2582 3585 2786 3623 manus
2812 3585 3008 3624 eorum
3036 3573 3099 3625 ut
3130 3570 3441 3627 educerem
3469 3587 3560 3626 eos
3589 3570 3654 3624 de
3675 3572 3797 3623 terra

468 3667 690 3721 minum
714 3665 889 3718 Deum
911 3660 1216 3716 amandum
1242 3681 1269 3710 ››
1296 3660 1502 3728 (Deut.,
1526 3675 1651 3728 xxx,
1677 3661 1752 3730 6).
1781 3660 1921 3714 Item
1949 3663 2102 3733 apud
2201 3663 2425 3733 Egypti
2461 3663 2531 3731 96,
2575 3662 2712 3732 quia
2761 3679 2877 3717 non
2919 3671 3363 3734 permanserunt
3403 3666 3510 3737 (I5)
3561 3663 3615 3720 in
3660 3667 3797 3716 testa-

470 3763 658 3815 Jesum
699 3760 889 3812 Nave:
931 3777 957 3807 «
987 3758 1052 3809 Et
1089 3754 1229 3808 dixit
1262 3752 1529 3807 Dominus
1581 3753 1652 3807 ad
1687 3757 1876 3808 Jesum
1921 3777 1947 3804 ‹‹
1998 3756 2102 3810 Fac
2203 3762 2395 3810 mento
2449 3771 2605 3822 meo,
2655 3763 2711 3810 et
2757 3773 2863 3827 ego
2908 3759 3129 3829 neglexi
3189 3776 3305 3829 eos,
3360 3759 3497 3814 dicit
3545 3757 3794 3812 Dominus.

470 3855 570 3909 tibi
621 3852 879 3906 cultellos
924 3849 1179 3921 petrinos
1236 3848 1406 3901 nimis
1462 3853 1675 3915 acutos,
1731 3852 1788 3902 et
1849 3849 2102 3904 assidens
2203 3850 2347 3914 Quia
2374 3851 2482 3904 hoc
2508 3855 2921 3906 testamentum
2944 3853 3095 3922 quod
3117 3852 3423 3924 disponam
3453 3851 3638 3908 domui
3658 3848 3793 3904 Israel

471 3946 809 4002 circumcide
849 3943 1098 3999 secundo
1141 3943 1188 3976 9°
1227 3943 1371 3996 Iilios
1407 3943 1576 3996 Israel
1623 3962 1648 3993 »
1692 3943 1888 4012 (Iosue,
1931 3959 1981 4010 ν,
2024 3944 2098 4012 2).
2205 3947 2332 4015 post
2355 3945 2474 3998 dies
2505 3943 2650 4011 illos,
2681 3945 2816 3999 dicit
2851 3947 3146 4000 Dominus.
3193 3948 3352 4002 Dans
3381 3949 3535 4019 leges
3564 3962 3716 4009 meas,
3747 3943 3794 3994 in

471 4045 614 4098 Item
641 4041 846 4094 Paulus
873 4039 943 4092 ad
977 4039 1324 4092 Colossenses
1357 4055 1368 4090 :
1406 4058 1434 4086 «
1461 4036 1786 4092 Circumcisi
1831 4035 1962 4091 estis
2001 4037 2102 4091 cir-
2205 4055 2434 4092 sensum
2470 4037 2694 4092 illorum
2725 4039 2970 4093 scribam
2995 4040 3142 4108 illas,
3179 4044 3236 4094 et
3263 4058 3362 4096 ero
3397 4042 3502 4096 illis
3536 4041 3592 4095 in
3624 4040 3792 4104 Deum,

472 4135 815 4190 cumcisione
843 4149 960 4186 non
996 4131 1320 4186 manufacta
1357 4131 1414 4184 in
1451 4130 1855 4202 exspoliatione
1896 4131 2099 4198 carnis,
2201 4138 2258 4187 et
2310 4132 2420 4202 ipsi
2471 4139 2641 4186 erunt
2687 4133 2828 4186 mihi
2876 4133 2933 4187 in
2975 4135 3236 4204 plebem,
3290 4139 3348 4190 et
3388 4152 3500 4190 non
3547 4131 3795 4188 docebunt

473 4231 568 4285 sed
629 4230 687 4283 in
751 4225 1179 4280 circumcisione
1236 4223 1516 4280 Christi»
1575 4223 1818 4294 (Coloss.,
1875 4241 1930 4292 ιι,
1990 4225 2098 4295 II).
2201 4224 2594 4296 unusquisque
2661 4226 2894 4281 fratrem
2956 4243 3123 4282 suum
3184 4227 3437 4284 dicentes
3487 4245 3500 4283 :
3551 4227 3792 4298 Dignosce

473 4327 634 4393 Item,
682 4321 834 4393 quod
872 4319 1056 4374 Adam
1103 4319 1318 4390 primus
1347 4334 1380 4372 a
1409 4318 1520 4372 Deo
1572 4318 1751 4373 factus
1799 4318 2103 4373 incircum-
2202 4319 2530 4386 Dominum,
2565 4320 2699 4390 quia
2728 4336 2929 4375 omnes
2957 4321 3138 4377 scient
3171 4338 3262 4378 me
3301 4340 3336 4377 a
3367 4323 3598 4377 minimo
3643 4330 3792 4388 usque

1855 4453 2062 4517 Varias
2105 4453 2442 4518 lectiones.

533 4589 817 4640 8"Similes
838 4598 1088 4637 essemus
1122 4589 1206 4634 Ar.
1237 4583 1343 4632 ΝΟ.
1370 4583 1416 4633 2.
1455 4583 1839 4634 Similaremus
1878 4583 1996 4631 Thu.
2025 4584 2161 4632 Foss.
2198 4582 2343 4632 Corb.
2410 4583 2454 4617 ⁸³
2491 4584 2762 4634 Interﬁcis
2816 4585 2936 4633 Tha.
2972 4585 3093 4634 Bod.
3125 4587 3167 4635 I.
3203 4591 3250 4645 8,
3283 4590 3326 4634 Ιι.
3363 4584 3506 4635 Corb.
3543 4585 3664 4632 Voss.
3691 4579 3786 4638 3,4.

474 4663 824 4725 Congregare
853 4658 996 4706 ﬁlios
1035 4659 1124 4705 Ar.
1163 4656 1300 4702 Lam.
1330 4655 1437 4703 ΝΟ.
1472 4656 1518 4714 1,
1552 4653 1596 4702 2.
1639 4653 1987 4717 Congregare
2022 4658 2074 4704 te
2105 4658 2161 4704 et
2192 4654 2338 4703 ﬁlios
2379 4655 2508 4704 Voss.
2537 4658 2582 4705 4.
2621 4656 2892 4721 Colligere
2934 4659 3087 4706 Oxon.
3152 4657 3195 4692 ⁸³
3226 4659 3458 4722 Aquilas
3487 4655 3655 4722 pullos
3679 4662 3786 4702 suos

479 4735 596 4785 Bod.
632 4735 678 4781 3.
745 4730 787 4762 ⁸⁴
825 4729 971 4778 Ecce
1004 4727 1253 4776 mittetur
1276 4726 1434 4775 vobis
1468 4726 1594 4776 Bod.
1622 4727 1668 4786 οι,
1716 4726 1761 4785 2,
1793 4727 1839 4775 3.
1877 4729 1923 4776 4.
1966 4727 2292 4776 Remittetur
2326 4728 2460 4777 Voss.
2497 4727 2542 4776 3.
2611 4727 2651 4760 ⁸⁵
2672 4729 2899 4778 Deserta
2921 4730 3106 4778 abesta
3137 4729 3214 4776 Ar
3251 4730 3365 4778 Ben.
3413 4732 3502 4778 Er.
3542 4730 3643 4778 Ver.
3676 4725 3782 4770 Itan.

481 4809 617 4855 Voss.
650 4805 692 4852 4.
761 4800 802 4833 ⁸⁸
821 4800 1013 4850 Essem
1031 4798 1212 4847 ,ἰυόωὶ
1239 4799 1494 4847 emissuri
1524 4799 1661 4845 Lam.
1729 4797 1768 4828 ⁸⁷
1794 4796 2041 4847 Veniens
2069 4798 2124 4846 in
2152 4797 2305 4848 hunc
2327 4799 2601 4847 mundum
2637 4799 2746 4847 Ver.
2779 4799 2901 4847 Ben.
2969 4796 3010 4830 ⁸⁸
3036 4799 3306 4848 Homines
3329 4798 3466 4846 abest
3489 4812 3517 4845 a
3546 4798 3670 4845 Lam.
3695 4796 3783 4845 ΝΟ.

464 4882 494 4929 3
528 4880 660 4928 Voss.
719 4873 765 4907 3°
789 4873 905 4922 Viri
933 4869 1078 4919 Juda
1107 4868 1250 4918 Corb.
1316 4868 1617 4917 9°Abscxde
1639 4869 1772 4916 Foss.
1802 4868 2042 4917 Adscide
2079 4868 2200 4916 Tha.
2235 4868 2378 4917 Corb.
2406 4869 2604 4918 Asside
2633 4870 2738 4918 ΝΟ.
2780 4871 2823 4917 1.
2854 4871 2998 4919 Lam.
3024 4869 3089 4918 Et
3119 4869 3345 4918 abscide
3383 4870 3430 4919 ei
3456 4865 3784 4918 circumscide

480 4953 610 4998 Voss.
637 4950 683 4996 3.
717 4945 786 4994 Et
813 4943 942 4993 sede
983 4942 1111 4988 Voss.
1138 4942 1184 4988 4.
1251 4940 1292 4972 θ’
1327 4939 1435 5000 Qui
1456 4941 1509 4987 in
1549 4940 1703 4987 terris
1729 4938 1988 4988 omnibus
2013 4939 2084 4988 ob
2114 4939 2313 4987 delicta
2336 4940 2440 4988 ΝΟ.
2476 4941 2583 4988 Lin.
2615 4942 2749 4988 Lam.
2777 4941 2897 4989 Bod.
2930 4943 2976 4999 I,
2996 4941 3046 4995 2.
3073 4945 3121 4999 3,
3147 4943 3193 4990 4.
3228 4943 3348 4988 Ben.
3390 4941 3494 4987 Ver.
3517 4941 3640 4987 Man.
3672 4937 3783 4982 Voss.

469 5025 514 5071 1,
579 5019 621 5054 οι
653 5017 731 5065 Ne
761 5013 1049 5063 discedant
1074 5011 1196 5058 Bod.
1234 5014 1280 5059 ι.
1344 5009 1386 5042 9³
1408 5010 1479 5060 Et
1513 5009 1665 5058 dices
1714 5013 1976 5072 exspecto
2017 5009 2040 5056 ι

2210 5009 2262 5056 C.
2308 5009 2446 5056 Lam.
2474 5009 2594 5057 Bod.
2633 5012 2680 5066 1,
2709 5011 2748 5058 1.
2781 5011 2829 5069 ι),
2877 5013 2921 5058 4.
2968 5011 3096 5057 Voss.
3123 5014 3164 5058 4.
3232 5011 3273 5043 ⁹⁴
3299 5010 3385 5059 Ab
3412 5007 3664 5060 Hierosol.
3689 5007 3780 5055 ιω.

472 5092 576 5142 NC.
608 5093 652 5139 1.
680 5090 814 5136 Lam.
847 5083 966 5132 Bod.
993 5084 1036 5131 1.
1065 5087 1110 5130 2.
1143 5083 1187 5130 4.
1247 5083 1378 5130 Voss.
1425 5088 1472 5140 3,
1505 5085 1547 5129 Is.
1615 5080 1656 5113 οῖ
1683 5081 2096 5130 Consummabo
2122 5080 2349 5129 domum
2389 5081 2553 5130 Israel
2586 5084 2640 5130 et
2673 5081 2900 5130 domum
2931 5081 3076 5130 Juda
3111 5083 3220 5131 ΝΟ.
3247 5083 3291 5129 1.
3337 5083 3402 5131 Et
3433 5082 3781 5129 testamentum

472 5163 578 5212 ΝΟ.
617 5162 658 5208 ι.
691 5159 799 5206 Lin.
828 5157 970 5204 Lam.
999 5150 1146 5203 ϐου-ὁ.
1193 5151 1312 5199 Bod.
1346 5156 1395 5210 2,
1436 5154 1486 5212 3,
1523 5153 1569 5200 4.
1611 5152 1742 5200 Voss.
1781 5154 1826 5200 4.
1892 5151 1934 5184 9‘
1959 5153 2040 5202 De
2063 5156 2205 5201 terra
2233 5151 2454 5216 Egypti
2487 5151 2700 5215 Reliqua
2758 5151 2827 5200 ad
2855 5152 3011 5214 ﬁnem
3051 5153 3238 5214 capitis
3287 5153 3463 5200 desunt
3493 5154 3540 5198 in
3567 5154 3646 5199 Ar.
3680 5146 3779 5194 ΤΙιυ.

474 5234 614 5282 Lam.
653 5229 782 5276 Voss.
816 5228 924 5277 NG.
961 5226 1003 5273 I.
1031 5224 1076 5272 2.
1105 5223 1230 5271 Bod.
1265 5223 1314 5280 2,
1339 5225 1383 5278 3,
1406 5224 1453 5272 4.
1500 5223 1628 5270 Voss.
1659 5227 1702 5270 3.
1724 5225 1772 5272 4.

1759 5344 1984 5424 Steph.
2035 5343 2282 5406 Baluzii
2336 5348 2531 5406 notae.
3873 5377 3875 5443 Ι

531 5470 627 5534 (13)
710 5469 842 5519 Cata
892 5466 1208 5550 Joannean
1241 5466 1318 5514 Ita
1371 5478 1587 5550 semper
1664 5464 1789 5546 libri
1865 5470 2092 5550 veteres.
2119 5480 2213 5550 Β,
2261 5467 2355 5526 (15)
2402 5465 2539 5526 Quia
2581 5478 2699 5550 n‘on‘
2718 5471 3133 5550 permanserunt.
3177 5467 3282 5517 Ista
3319 5472 3372 5517 et
3405 5479 3526 5550 quas
3555 5473 3779 5550 .sequullil-

467 5531 559 5596 Sic
613 5531 792 5589 etiam
866 5537 1084 5599 scripsit
1155 5535 1499 5596 Sirmondus,
1563 5538 1817 5599 quamvis
1891 5531 2173 5586 Graecas"
2201 5540 2288 5585 tur
2329 5549 2505 5600 usque
2555 5536 2623 5585 ad
2665 5537 2836 5587 ﬁnem
2866 5537 3065 5588 desunt
3113 5539 3172 5587 in
3216 5537 3616 5603 quatuordecim
3643 5531 3777 5582 codi-

465 5618 671 5678 linguaa
719 5611 944 5674 peritus,
992 5609 1050 5656 in
1093 5611 1371 5670 praecepto
1416 5606 1680 5670 Stephani
1732 5621 1889 5671 papas
1934 5609 1980 5657 Il
2030 5607 2098 5659 de
2200 5607 2358 5658 cibus
2394 5610 2596 5657 nostris
2619 5613 2673 5658 et
2702 5610 2758 5658 in
2788 5623 2987 5660 novem
3019 5612 3356 5675 Anglicanis.
3393 5611 3616 5660 Deerant
3637 5605 3776 5678 etiam
3869 5651 3871 5678 ἰ

465 5673 736 5750 hospitali
786 5682 1055 5742 Romano,
1115 5684 1234 5729 cata
1307 5678 1465 5730 Galla
1534 5679 1788 5739 Patricia,
1863 5683 1990 5729 tom.
2053 5680 2096 5728 Il
2199 5681 2254 5728 in
2282 5693 2392 5728 uno
2424 5693 2546 5728 meo
2578 5684 2778 5743 vetere,
2814 5682 2912 5732 sed
2952 5673 3139 5732 addita
3177 5686 3363 5746 postea
3401 5683 3522 5730 sunt
3561 5673 3775 5750 antiquij

468 5744 826 5811 Concitiorum
865 5751 1070 5814 θαιιίω,
1126 5765 1250 5814 pag.
1273 5751 1350 5802 38.
2197 5752 2286 5799 tus
2328 5751 2385 5799 in
2423 5753 2690 5818 margine,
2732 5766 2864 5805 cum
2905 5753 3082 5806 codex
3125 5744 3217 5806 ille
3264 5752 3569 5818 recognitus
3614 5751 3688 5799 est
3731 5744 3772 5793 et

531 5831 627 5898 (l4)
659 5829 730 5879 De
757 5827 886 5879 Sion
913 5823 1151 5891 procedat
1198 5823 1295 5873 lex.
1349 5822 1488 5874 Vide
1541 5823 1768 5874 Avitum
1811 5823 1970 5888 epist.
2013 5825 2091 5874 l9.
2195 5825 2542 5879 emendatus.
