3998 6194
188 177 270 232 713
1176 170 1719 232 TESTIMONIORUM
1758 168 1912 227 ADV.
1950 171 2221 231 JUD/EOS
2257 175 2387 232 LIB.
2419 178 2463 232 Ι.

3414 185 3523 246 714

186 304 247 360 ad
270 299 562 356 maximum
594 315 818 364 eorum,
850 300 985 372 quia
1008 300 1290 373 propitius
1343 318 1440 356 ero
1466 296 1785 372 iniquitati-
1809 308 1868 382 Α
1889 298 2015 353 CAP.
2042 301 2174 356 XIV.
2219 332 2287 341 —-
2329 302 2485 369 Quod
2521 309 2766 373 pastores
2804 311 3005 364 veteres
3039 311 3304 366 cessaturi
3354 318 3522 368 essent

184 399 271 454 bus
303 411 493 451 eorum
525 400 580 449 et
619 397 982 466 peccatorum
1025 411 1225 452 eorum
1278 412 1392 451 non
1429 412 1525 450 ero
1558 409 1785 450 memor

182 490 450 561 amplius»
484 490 633 559 (Jer.,
664 505 813 557 xxxi,
857 491 1065 561 34-32).

182 616 286 672 CAP.
322 615 427 669 XII.
456 644 525 655 —
573 614 727 682 Quod
752 615 1024 685 baptisma
1076 620 1226 672 vetus
1246 621 1473 671 cessaret
1498 619 1551 670 et
1589 628 1787 669 novum

815 697 1109 766 inciperet.

242 812 387 883 Apud
414 812 617 867 Isaiam
649 829 663 866 :
691 832 718 862 ‹‹
749 812 930 867 Nolite
977 828 1114 883 ergo
1140 811 1330 884 priora
1357 812 1404 848 97
1454 810 1788 867 meminisse

187 914 229 963 et
264 906 492 977 antiqua
536 906 710 961 nolite
757 910 1046 977 reputare.
1106 907 1246 962 Ecce
1294 906 1439 961 facio
1484 922 1630 961 nova
1659 921 1790 977 quas

186 1017 313 1054 nunc
338 1000 613 1070 orientur,
642 1006 703 1055 et
731 1000 1109 1072 cognoscetis,
1135 1005 1190 1055 et
1220 1000 1426 1055 faciam
1454 1000 1514 1055 in
1567 1001 1791 1055 deserto

182 1094 310 1149 viam
341 1095 400 1148 et
422 1094 665 1148 ﬂumina
691 1092 750 1148 in
795 1094 921 1149 loco
961 1094 1237 1165 inaquoso
1282 1094 1567 1165 adaquare
1610 1110 1792 1165 genus

181 1204 347 1242 meum
374 1189 622 1243 electum
646 1186 710 1255 ³⁸,
733 1187 959 1258 plebem
986 1203 1176 1242 meam
1215 1204 1389 1259 quam
1432 1187 1703 1259 acquisivi
1726 1185 1790 1250 ’9,

178 1287 231 1335 ut
275 1280 504 1337 virtutes
554 1298 712 1337 meas
767 1286 1081 1353 exponeret
1131 1303 1160 1333 ›ι
1202 1283 1358 1353 (Isa.,
1385 1298 1537 1349 XLIII,
1591 1281 1789 1350 18-21).

178 1376 298 1430 Item
319 1376 467 1446 apud
490 1374 764 1431 eumdem
781 1375 810 1430 ?
842 1396 869 1426 υ
900 1375 959 1431 Si
987 1375 1255 1444 sitierint,
1303 1392 1409 1447 per
1437 1375 1664 1430 deserta
1688 1374 1791 1429 ad-

180 1467 329 1522 ducet
349 1468 480 1523 illos
510 1471 550 1536 ¹,
575 1485 783 1540 aquam
813 1469 885 1524 de
919 1472 1081 1541 petra
1118 1468 1403 1540 producet
1426 1469 1555 1537 illis,
1604 1467 1792 1522 ﬁnde-

177 1564 256 1614 tur
290 1566 475 1633 petra,
524 1564 583 1617 et
628 1562 770 1619 ﬂuet
813 1578 979 1634 aqua,
1028 1567 1086 1618 et
1132 1561 1342 1617 bibet’
1390 1562 1552 1634 plebs
1601 1577 1734 1617 mea
1763 1584 1791 1613 »

2429 390 2480 438 et
2521 388 2647 440 novi
2668 388 2985 459 inciperent.

1954 526 2118 596 Apud
2146 526 2501 582 Ezechielem
2537 543 2551 581 :
2598 548 2625 576 «
2664 529 2963 601 Propterea
3000 532 3125 587 hazc
3169 533 3303 589 dicit
3339 535 3527 590 Domi-

1887 634 1996 672 nus
2048 636 2061 673 :
2097 621 2231 675 Ecce
2277 636 2386 692 ego
2440 638 2613 692 super
2652 628 2923 693 pastores,
2981 630 3038 680 et
3076 625 3361 699 inquiram
3388 645 3521 685 oves

1888 729 2048 768 meas
2079 714 2149 768 de
2191 715 2454 769 manibus
2493 732 2712 783 eorum,
2762 721 2818 771 et
2857 723 3105 773 avertam
3148 737 3246 775 eos
3309 727 3370 778 ut
3409 739 3525 778 non

1892 811 2127 878 pascant
2146 825 2278 863 oves
2308 826 2496 865 meas:
2525 812 2583 863 et
2603 809 2723 879 jam
2759 826 2872 864 non
2905 819 3130 882 pascent
3159 831 3285 882 eas,
3333 822 3391 872 et
3419 834 3521 872 ex-

1893 902 2114 955 traham
2146 919 2276 958 oves
2320 920 2478 958 meas
2510 903 2580 958 de
2629 920 2729 958 ore
2769 920 3009 960 eorum:
3054 910 3111 960 et
3154 924 3380 978 pascam
3428 928 3525 966 eas

1892 1012 2020 1049 cum
2057 996 2332 1067 judicio»
2367 997 2602 1069 (Ezech.,
2654 1014 2831 1066 xxxxv,
2880 1004 2965 1068 10,
3021 1002 3124 1071 16).
3166 1003 3330 1073 Apud
3371 1006 3524 1059 Jere-

1895 1089 2071 1144 miam
2095 1092 2367 1145 Dominus
2415 1091 2555 1146 dicit
2592 1094 2637 1127 ¹⁴
2669 1113 2697 1141 ι(
2740 1095 2807 1149 Et
2848 1093 3000 1149 dabo
3057 1094 3214 1149 vobis
3267 1100 3523 1167 pastores

1895 1184 2211 1238 secundum
2268 1201 2363 1239 cor
2414 1202 2638 1254 meum,
2687 1191 2743 1241 et
2790 1190 3026 1258 pascent
3076 1204 3171 1243 vos
3226 1195 3524 1261 pascentes

1893 1293 2026 1331 cum
2068 1277 2373 1349 disciplina
2403 1300 2431 1329 »
2465 1280 2697 1347 (Jerem.,
2727 1297 2807 1349 ιιι,
2852 1280 2962 1350 15).
3006 1283 3147 1337 Item
3180 1283 3332 1354 apud
3370 1285 3521 1341 Iere-

1896 1372 2070 1426 miam
2101 1371 2213 1442 (18)
2246 1390 2258 1425 :
2292 1394 2320 1422 «
2361 1372 2563 1427 Audite
2614 1374 2852 1428 verbum
2900 1376 3142 1444 Domini,
3195 1381 3416 1448 gentes,
3470 1384 3528 1435 et

1896 1465 2158 1520 nuntiate
2202 1465 2403 1520 insulis
2441 1482 2571 1537 quae
2614 1467 2782 1539 longe
2827 1474 2977 1523 sunt.
3014 1469 3190 1524 Dicite
3222 1486 3235 1525 :
3264 1470 3369 1535 Qui
3412 1471 3523 1526 dis-

1896 1557 2083 1630 perdit
2116 1559 2287 1614 Israel
2325 1560 2701 1631 congregabit
2742 1561 2926 1630 illum,
2960 1565 3016 1617 et
3060 1563 3337 1620 custodiet
3384 1565 3529 1620 sicut

181 1654 316 1723 (Isa.,
346 1671 514 1725 xnvn,
538 1657 650 1727 24).
678 1658 824 1712 Item
850 1656 912 1711 in
941 1656 1245 1729 Evangelio
1286 1659 1412 1711 cata
1466 1656 1791 1712 Matthteum
1818 1681 1874 1754 Β
1915 1654 2113 1723 pastor
2141 1668 2377 1723 gregem
2424 1670 2612 1723 suum,
2660 1655 2792 1726 quia
2851 1656 2998 1711 eruit
3024 1656 3297 1712 Dominus
3340 1659 3529 1729 Jacob,

172 1746 391 1806 Ioannes
418 1748 560 1805 dicit
593 1769 607 1805 :
646 1771 673 1801 ‹‹
702 1751 822 1823 Ego
876 1749 1110 1822 quidem
1160 1767 1261 1805 vos
1301 1750 1525 1821 baptizo
1553 1749 1614 1805 in
1644 1766 1797 1821 aqua
1818 1746 1868 1754 —
1900 1750 1957 1800 et
1986 1747 2137 1801 eruit
2162 1747 2229 1802 de
2258 1764 2430 1802 manu
2456 1747 2707 1804 fortioris
2720 1748 2876 1803 illius
2907 1771 2935 1799 »
2965 1751 3205 1821 (Jerem.,
3228 1767 3377 1820 xxvr,
3411 1754 3517 1823 16).

171 1852 220 1903 in
244 1844 657 1918 paenitentiam.
705 1844 813 1909 Qui
853 1845 1010 1900 venit
1034 1849 1226 1901 autem
1263 1846 1392 1916 post
1428 1861 1554 1912 me,
1588 1844 1792 1900 fortior

184 1956 261 1995 me
297 1942 407 2007 est,
433 1938 596 2009 cujus
623 1954 738 1993 non
769 1954 894 1993 sum
921 1938 1160 1993 idoneus
1191 1936 1211 1968 ⁵
1242 1939 1632 1993 calceamenta
1658 1955 1792 2010 por-

175 2036 294 2089 tare.
319 2036 441 2107 Ipse
469 2050 566 2088 vos
593 2032 899 2104 baptizabit
928 2034 945 2063 ‘
973 2032 1033 2087 in
1053 2032 1271 2104 Spiritu
1302 2037 1499 2088 sancto
1533 2036 1589 2088 et
1605 2032 1730 2104 igni
1763 2051 1792 2085 »

172 2128 382 2197 (Matth,
429 2145 516 2195 ιιι,
550 2128 656 2199 11).
694 2129 837 2183 Item
866 2133 988 2183 cata
1028 2128 1307 2181 Joannem
1341 2142 1354 2181 :
1404 2148 1433 2177 «
1494 2126 1606 2180 Nisi
1666 2126 1793 2197 quis

168 2225 309 2277 natus
332 2222 507 2278 fuerit
545 2238 614 2276 ex
669 2238 817 2293 aqua
844 2227 901 2275 et
932 2218 1124 2293 686
1154 2220 1394 2291 Spiritu,
1440 2237 1556 2275 non
1596 2221 1797 2291 potest

171 2316 476 2371 introirein
509 2332 751 2387 regnum
795 2316 913 2369 Dei.
941 2315 1099 2378 Quod
1144 2315 1300 2369 enim
1344 2318 1544 2369 natum
1592 2317 1681 2368 est
1721 2312 1793 2368 de

174 2426 320 2464 carne
349 2427 480 2465 caro
509 2416 615 2476 est,
638 2414 695 2465 et
733 2408 889 2482 quod
918 2414 1115 2463 natum
1149 2413 1234 2463 est
1273 2410 1343 2464 de
1388 2408 1589 2479 spiritu
1634 2407 1793 2479 spiri-

174 2512 248 2562 tus
267 2512 344 2563 est
368 2530 395 2558 η
435 2509 645 2578 (Joan.,
675 2524 753 2577 ιιι,
786 2510 837 2576 5,
868 2507 942 2579 6).

169 2632 273 2687 CAP.
314 2635 450 2689 XIII.
493 2664 563 2673 —
603 2633 754 2699 Quod
795 2632 993 2703 jugum
1019 2636 1171 2688 vetus
1199 2637 1575 2686 ‘cvacuaretur
1618 2635 1669 2685 et
1692 2630 1788 2700 ju-

650 2729 779 2783 gum
816 2729 1011 2768 novum
1038 2713 1283 2767 duretur.

229 2832 280 2885 In
302 2831 528 2886 Psalmo
559 2847 594 2884 ιι
628 2846 642 2884 :
675 2851 704 2879 «
731 2829 816 2883 Ad
846 2828 986 2900 quid
1024 2829 1392 2883 tumultuatus
1422 2832 1555 2882 sunt
1587 2828 1608 2862 δ
1654 2843 1791 2899 gen-

170 2930 256 2992 tes,
279 2929 331 2980 et
368 2924 574 2997 populi
619 2924 873 2979 meditati
912 2929 1043 2977 sunt
1098 2922 1334 3005 inania?
1362 2921 1723 2976 Adstiterunt
1768 2918 1789 2952 ⁷

1896 1916 2021 1971 CAP.
2064 1917 2170 1971 XV.
2203 1946 2271 1957 —
2310 1918 2462 1984 Quod
2504 1918 2690 1974 domus
2737 1923 2788 1974 et
2833 1920 3090 1989 templum
3133 1922 3231 1976 Dei
3284 1921 3526 1979 Christus

1965 1998 2191 2063 futurus
2222 2004 2354 2053 esset
2383 2002 2432 2053 et
2470 2006 2699 2055 cessaret
2739 2001 2996 2070 templum
3028 2006 3203 2064 vetus,
3246 2007 3297 2058 et
3326 2019 3523 2060 novum

1966 2077 2246 2147 inciperet.

1966 2197 2027 2249 In
2069 2196 2272 2252 Basilio
2299 2200 2343 2253 II
2378 2215 2391 2252 ;
2426 2220 2454 2249 α
2481 2199 2549 2253 Ε1.
2585 2198 2694 2254 fuit
2731 2199 2973 2256 verbum
3025 2201 3245 2258 Domini
3274 2203 3359 2267 ad
3415 2205 3522 2259 Na-

1896 2290 2031 2343 than
2056 2289 2243 2363 687
2277 2290 2468 2346 dicens
2500 2309 2513 2346 :
2548 2292 2722 2360 Vade,
2754 2299 2813 2349 et
2838 2294 2927 2350 dic
2949 2312 3109 2351 servo
3140 2312 3269 2353 meo
3300 2298 3474 2353 David
3504 2315 3519 2354 :

1894 2385 2023 2439 limo
2052 2384 2188 2439 dicit
2218 2385 2522 2441 Dominus:
2555 2387 2675 2441 Non
2697 2392 2759 2442 tu
2786 2388 3092 2444 mdiiicabis
3115 2390 3256 2446 mihi
3288 2391 3526 2447 domum

1891 2478 1962 2532 ad
2015 2477 2491 2549 inhabitandum;
2525 2481 2626 2535 sed
2679 2482 2804 2550 erit,
2862 2499 2992 2537 cum
3036 2483 3259 2555 impleti
3313 2486 3529 2541 fuerint

1892 2571 2011 2626 dies
2052 2573 2132 2626 tui
2191 2579 2247 2628 et
2302 2573 2607 2629 dormieris
2628 2591 2759 2630 cum
2800 2577 3054 2647 patribus
3081 2578 3211 2647 tuis,
3240 2578 3523 2634 suscitabo

1891 2681 2085 2720 semen
2112 2671 2275 2721 tuum
2296 2674 2423 2738 post
2464 2674 2544 2736 te,
2592 2669 2687 2740 qui
2729 2670 2840 2724 erit
2868 2671 2937 2724 de
2987 2674 3150 2726 utero
3182 2676 3301 2740 tuo,
3322 2676 3380 2728 et
3423 2689 3525 2745 pa-

1889 2759 2027 2813 rabo
2055 2776 2301 2832 regnum
2328 2762 2468 2832 ejus.
2504 2762 2601 2817 llic
2643 2763 2945 2818 aedificabit
2973 2765 3116 2819 mihi
3177 2764 3417 2821 domum
3462 2767 3524 2820 in

1889 2853 2128 2908 nomine
2146 2870 2276 2909 meo
2307 2856 2375 2924 ‘5,
2411 2862 2467 2910 et
2487 2856 2709 2927 erigam
2741 2857 3011 2912 thronum
3051 2859 3175 2929 ejus
3200 2858 3260 2914 in
3286 2860 3522 2930 saecula;

1888 2952 1944 3000 et
1973 2964 2079 3018 ego
2107 2964 2204 3003 ero
2232 2949 2280 3003 ei
2310 2949 2367 3003 in
2395 2955 2645 3020 patrem,
2678 2954 2733 3005 et
2759 2951 2879 3022 ipse
2908 2951 3019 3007 erit
3043 2952 3189 3007 mihi
3228 2952 3287 3007 in
3321 2953 3523 3018 ﬁlium,

172 3034 308 3090 τηερε
348 3022 545 3087 terra,
576 3023 638 3123 εξ
678 3016 965 3089 ΡΓίΠοίΡθδ
1004 3016 1230 3128 ξοῙῙθοίί
1260 3016 1467 3128 animi“
1511 3016 1570 3069 in
1603 3032 1781 3120 "“_"m
1805 3053 1860 3128 ρ
1886 3046 1943 3095 et
1969 3042 2141 3096 ﬁdem
2172 3047 2557 3115 consequetur
2599 3044 2805 3100 domus
2832 3046 2953 3117 ejus
3004 3051 3060 3101 et
3106 3062 3354 3118 regnum
3402 3048 3525 3119 ejus

168 3113 405 3168 adversus
474 3112 783 3167 Dominum
847 3114 905 3165 et
956 3111 1223 3165 adversus
1291 3110 1579 3165 Christum
1637 3111 1778 3181 ejus.

166 3207 579 3280 Disrumpamus
635 3206 861 3260 vincula
908 3221 1129 3273 eorum,
1171 3208 1229 3258 et
1273 3204 1608 3275 abjiciamus
1636 3222 1665 3259 a
1702 3222 1797 3259 no-

167 3301 283 3355 bis9
326 3317 531 3373 Iugum
585 3316 782 3355 eorum
842 3300 1009 3367 (Psal.
1032 3315 1091 3367 ιι,
1140 3302 1266 3369 1-3).
1315 3299 1452 3353 Item
1499 3299 1560 3352 in
1616 3299 1795 3353 Evan-

167 3396 294 3466 gelio
331 3402 460 3451 cata
502 3395 835 3450 Mattbeeum
879 3394 1149 3449 Dominus
1191 3393 1330 3448 dicit
1372 3410 1440 3447 ια
1489 3392 1683 3448 Venite
1720 3393 1792 3447 ad

175 3505 275 3559 me,
307 3506 512 3545 omnes
539 3490 637 3561 qui
670 3487 941 3543 laboratis
971 3491 1027 3542 et
1066 3487 1456 3556 onerati‘estis,
1480 3489 1538 3542 et
1563 3503 1672 3558 ego
1693 3502 1792 3542 vos

169 3585 514 3655 requiescere
558 3582 763 3638 faciam
792 3582 859 3636 το.
890 3582 1093 3638 Tollite
1122 3582 1330 3654 jugum
1382 3598 1576 3637 meum
1620 3597 1792 3652 super

166 3694 251 3732 vos
276 3721 291 3746 ,
319 3682 377 3733 et
430 3677 686 3733 discitea
728 3693 822 3731 me
852 3678 895 3711 “
925 3676 1060 3747 quia
1106 3675 1258 3731 mitis
1296 3692 1422 3730 sum
1469 3682 1525 3731 et
1561 3674 1790 3729 humilis

166 3772 332 3841 corde,
366 3779 425 3829 et
458 3771 756 3827 invenietis
801 3772 1057 3842 requiem
1104 3770 1403 3825 animabus
1440 3770 1657 3825 vestris.
1698 3773 1789 3825 .lu-

167 3882 283 3935 gum
312 3869 470 3922 enim
505 3882 694 3920 meum
716 3865 1150 3936 bonum(16)esl
1184 3866 1227 3900 ¹²
1269 3870 1326 3920 et
1352 3865 1568 3919 sarcina
1595 3866 1733 3920 levis
1759 3884 1783 3916 υ

167 3963 388 4030 (Matth,
424 3977 478 4016 χ.
526 3962 725 4025 28-30).
754 3960 912 4031 Apud
938 3960 1240 4014 Jeremiam
1270 3960 1381 4030 (17)
1408 3976 1421 4013 :
1453 3981 1479 4009 n
1514 3961 1572 4014 In
1613 3960 1710 4014 illa
1742 3960 1787 3994 '3

163 4054 242 4110 die
260 4054 660 4111 contribulabo
685 4054 894 4126 jugum
920 4071 952 4107 a
984 4054 1199 4108 cervice
1230 4054 1455 4109 illorum
1487 4057 1545 4107 et
1565 4053 1787 4109 vincula

164 4147 379 4205 illorum
415 4149 817 4220 disrumpam,
847 4151 906 4202 et
954 4163 1069 4203 non
1114 4147 1505 4219 operabuntur
1551 4148 1787 4203 Domino

163 4242 289 4310 Deo,
317 4248 375 4300 et
401 4242 582 4300 David
606 4258 805 4314 regem
830 4242 1113 4298 suscitabo
1144 4240 1280 4314 ipsis
1308 4264 1336 4292 »
1371 4245 1605 4315 (Jerem,
1656 4258 1781 4313 xxx,

162 4338 207 4405 8,
235 4338 310 4410 9).

1899 3153 2074 3208 usque
2115 3139 2174 3193 in
2205 3139 2409 3193 szecula
2436 3139 2492 3193 in
2538 3144 2842 3211 conspectu
2881 3155 3012 3196 meo
3042 3160 3071 3190 «
3108 3142 3213 3212 (ΙΙΙ
3244 3144 3396 3211 Βορς,
3431 3158 3523 3211 vu,

1894 3236 1947 3300 4,
1979 3237 2030 3301 ὅ,
2065 3236 2149 3301 12,
2176 3234 2260 3301 14,
2297 3233 2404 3302 16).
2434 3235 2578 3288 Item
2609 3233 2668 3287 in
2690 3234 2995 3304 Evangelia
3023 3234 3296 3288 Dominus
3326 3216 3460 3290 dicit
3502 3252 3517 3291 :

1896 3349 1923 3376 ‹‹
1953 3328 2073 3382 Non
2112 3326 2467 3397 relinquetur
2500 3326 2559 3380 in
2592 3327 2808 3398 templo
2863 3327 3005 3399 lapis
3052 3344 3223 3399 super
3271 3328 3521 3401 lapidem

1894 3420 1993 3492 qui
2023 3437 2140 3476 non
2170 3419 2504 3475 dissolvetur
2534 3418 2577 3454 ¹⁸
2597 3441 2625 3470 ››
2658 3422 2907 3492 (Matth.,
2950 3437 3099 3491 xxiv,
3128 3423 3181 3493 2)
3212 3439 3226 3490 ;
3258 3444 3287 3473 «
3316 3424 3373 3478 et
3398 3426 3525 3494 post

1892 3515 2145 3570 triduum
2185 3513 2337 3570 aliud
2366 3513 2706 3570 excitabitur
2744 3515 2868 3570 sine
2899 3504 3168 3572 manibus
3217 3538 3245 3567 »
3303 3519 3522 3589 (Mam,

1892 3626 2005 3677 xxv,
2036 3610 2148 3679 58).

1888 3768 2013 3823 CAP.
2052 3767 2187 3822 XVI.
2243 3796 2310 3807 —
2356 3765 2509 3832 Quod
2570 3767 2893 3833 sacriﬁcium
2941 3774 3094 3822 vetus
3144 3774 3518 3834 evacuaretur,

2389 3853 2440 3902 et
2458 3862 2652 3901 novum
2676 3847 3048 3902 celebraretur.

1958 3968 2125 4041 Apud
2151 3967 2353 4023 Isaiam
2396 3964 2467 4021 ’τε
2502 3988 2529 4016 ι(
2558 3968 2677 4031 Quo
2708 3966 2848 4021 mihi
2884 3964 2923 3998 "
2960 3968 3387 4024 multitudinem
3429 3987 3517 4025 sa-

1887 4063 2230 4118 criﬁciorum
2261 4062 2630 4117 vestrorum?
2656 4061 2793 4116 dicit
2820 4061 3112 4116 Dominus.
3138 4062 3340 4117 Plenus
3369 4080 3517 4133 sum,

1887 4153 2373 4208 holocaustomata
2395 4151 2641 4206 arietum
2669 4155 2725 4205 et
2745 4151 3123 4223 pinguamina
3150 4168 3430 4224 agnorum
3463 4159 3518 4209 et

1886 4247 2224 4318 sanguinem
2253 4248 2550 4301 taurorum
2586 4249 2645 4299 et
2691 4244 2981 4300 hircorum
3013 4247 3163 4301 nolo.
3196 4245 3333 4311 Quis
3363 4247 3518 4303 enim

1889 4340 2190 4413 exquisivit
2235 4340 2345 4396 ista
2391 4340 2461 4396 de
2518 4338 2780 4395 manibus
2818 4339 3059 4395 vestris?
3099 4340 3309 4413 »(Isa.,
3354 4359 3399 4411 ι,
3431 4345 3517 4413 11,

1526 4488 1737 4554 Variae
1794 4490 2133 4555 lectiones.

213 4608 253 4645 ’⁷
273 4612 461 4664 Nolite
482 4612 667 4677 priora
695 4614 785 4663 Ar.
894 4611 936 4644 ’⁸
957 4612 1150 4665 Genus
1182 4612 1493 4666 humanum
1535 4617 1669 4666 Foss.

165 4682 404 4735 ﬁndetur
453 4685 579 4734 Bod.
628 4686 675 4743 1,
714 4684 763 4746 2,
807 4685 853 4734 4.
914 4686 1025 4734 Lin.
1071 4688 1198 4735 Ben.
1244 4688 1379 4736 Voss.
1420 4688 1468 4749 3,
1517 4690 1563 4738 4.

162 4754 411 4818 ‘Dignus
439 4757 578 4805 Lam.
619 4755 731 4804 Lin.
759 4755 868 4805 ΝΟ.
904 4758 950 4815 1,
982 4756 1029 4805 2.
1062 4756 1188 4805 Bod.
1210 4760 1256 4817 2,
1289 4758 1337 4818 3,
1360 4760 1406 4808 4.

162 4832 347 4876 sancto
376 4826 505 4876 Bod.
532 4830 577 4874 2.
612 4828 757 4875 Foss.

1770 4617 2019 4681 99Quam
2063 4615 2204 4679 elegi
2247 4613 2395 4666 Coro.

1694 4690 1897 4740 'Vivet
1942 4689 2100 4754 plebs
2138 4700 2260 4737 mea
2309 4688 2399 4736 Ar.

1508 4760 1797 4823 SBaptizat
1825 4753 1985 4811 om.
2025 4758 2329 4824 Baptizabit
2368 4758 2507 4807 Foss.
2542 4758 2633 4807 Ar.
2671 4758 2816 4806 Lam.
2846 4757 2958 4805 Li’n.
2994 4753 3114 4803 Bod.
3146 4756 3191 4809 1,
3223 4755 3271 4804 2.
3307 4755 3517 4818 Spiritu

858 4825 1087 4889 'Quare
1130 4828 1482 4879 fremuerunt
1514 4830 1623 4879 Lz‘n.
1655 4832 1791 4880 Lam.
1832 4833 1938 4882 ΝΟ.
1985 4834 2029 4881 1.
2076 4832 2219 4879 n‘orb.
2258 4830 2387 4876 Voss.
2418 4827 2465 4884 3,
2496 4827 2543 4876 4.

2502 4611 2789 4665 ‘Adducet
2831 4612 2943 4662 illis
2980 4625 3183 4676 aquam
3227 4614 3294 4663 de
3341 4616 3515 4677 petra.

2532 4689 2550 4718 ³
2571 4685 2733 4735 Venit
2772 4684 2961 4734 fortior
3006 4684 3126 4733 Tha.
3179 4685 3315 4734 Fors.
3363 4683 3517 4734 Corb.

2642 4824 2661 4858 ⁷
2683 4825 3082 4876 Convenerunt
3115 4825 3172 4873 in
3214 4838 3390 4875 unum
3431 4831 3517 4874 Ar.

164 4896 305 4946 coro.
334 4897 446 4947 ΝΟ.
483 4899 526 4957 1,
549 4898 596 4946 9..
632 4898 772 4969 Lam.
805 4897 915 4946 ιιή.
953 4897 1083 4948 Bod.
1130 4900 1177 4960 1,
1211 4899 1261 4961 2,
1291 4901 1336 4949 3.
1380 4901 1513 4950 Voss.
1551 4903 1597 4951 3.
1665 4901 1687 4937 ⁸
1712 4902 2045 4969 Congregati
2089 4904 2217 4949 Voss.
2255 4901 2301 4949 4.
2369 4898 2388 4928 ⁹
2417 4896 2835 4969 Projiciamusa
2865 4895 3026 4969 nobis
3064 4895 3203 4969 Lam.
3245 4896 3364 4945 Tha.

158 4972 210 5030 Ξ,
233 4970 287 5031 4,
320 4970 433 5020 ΝΟ.
460 4971 509 5031 1,
538 4971 584 5019 2.
624 4968 775 5018 Corb.
803 4971 913 5019 Li‘n.
955 4970 1089 5019 Voss.
1118 4975 1162 5021 4.

164 5043 197 5070 ¹²
216 5041 429 5106 Jugum
457 5054 646 5092 meum
667 5054 838 5091 suave
862 5042 973 5091 Lin.
1011 5042 1132 5092 Thu.
1167 5042 1289 5093 Bod.
1320 5046 1367 5106 1,
1392 5045 1442 5105 2,
1483 5045 1531 5104 3,
1576 5045 1624 5094 4.

164 5114 281 5177 Bod.
327 5117 377 5176 1,
423 5115 470 5175 2,
515 5114 565 5174 3,
613 5116 660 5163 4.
711 5114 833 5164 Thu.
893 5114 1041 5164 Corb.
1096 5117 1225 5166 Voss.
1274 5119 1324 5168 3.

161 5188 196 5217 ’⁵
214 5185 458 5235 Domum
486 5186 714 5235 nomine
745 5185 871 5236 Bod.
920 5188 966 5246 1,
1004 5187 1049 5236 2.
1098 5188 1218 5237 Tim.
1270 5191 1406 5240 Voss.

161 5255 277 5306 Bod.
310 5258 358 5307 1.
436 5255 472 5292 ⁸⁸
494 5256 642 5319 Quid
675 5257 814 5307 mihi
835 5256 960 5308 Bod.
994 5256 1045 5319 3,
1068 5258 1115 5307 4.

1267 4975 1305 5004 ¹⁰
1328 4974 1441 5023 Vos
1469 4973 1817 5036 requiescam
1854 4967 1975 5024 m.
2008 4976 2112 5024 Li‘n.
2146 4970 2270 5022 Bod.
2302 4973 2347 5032 1,
2378 4970 2426 5031 2,
2455 4970 2505 5029 3,
2529 4969 2574 5017 4.
2622 4968 2754 5017 Voss.
2782 4967 2829 5018 3.

1730 5048 1768 5078 ’³
1795 5044 1959 5109 Apud
1989 5045 2233 5095 Hierem.
2279 5045 2341 5093 In
2378 5043 2491 5104 illa,
2523 5042 2705 5092 desunt
2745 5040 2885 5103 apud
2919 5042 3010 5091 Ar.
3052 5042 3190 5091 Lam.
3235 5043 3343 5093 ΝΟ.
3394 5045 3441 5103 1,
3472 5043 3520 5093 2.

1416 5118 1453 5149 ⁴⁴
1476 5116 1640 5180 Apud
1676 5118 2017 5169 Hieremiam
2060 5116 2335 5166 Dominus
2382 5115 2516 5165 dicit
2548 5130 2560 5163 :
2599 5114 2671 5164 Et
2708 5111 2852 5163 dabo
2895 5111 3080 5161 desunt
3121 5114 3172 5161 in
3210 5113 3397 5161 eisdem
3431 5127 3523 5162 ms.

1507 5188 1547 5220 ¹⁶
1570 5187 1678 5249 Qui
1711 5202 1823 5238 non
1859 5188 2179 5239 destruetur
2208 5190 2298 5239 Ar.
2342 5186 2474 5239 Bod.
2525 5190 2575 5237 et
2611 5188 2752 5237 Lam.
2798 5183 2905 5235 ΝΟ.
2950 5184 2997 5233 1.

2925 4968 2963 4999 ¹¹
2985 4966 3196 5018 Scitote
3224 4982 3254 5017 a
3278 4980 3367 5019 me
3398 4966 3520 5018 Thu.

3104 5183 3142 5217 ‘7
3164 5184 3385 5237 Esaiam
3416 5185 3529 5237 dici

1469 5341 1691 5423 Steph.
1735 5340 1978 5404 Baluzii
2019 5347 2215 5406 nota.

220 5460 316 5523 (16)
357 5532 369 5539 _
399 5459 589 5539 Iugum
660 5475 827 5539 meum
882 5461 1125 5539 _b_onum._
1190 5463 1330 5515 Vide
1406 5464 1792 5515 annotationes
1811 5467 1871 5539 D
1894 5466 2077 5539 vetere
2098 5464 2163 5539 in
2188 5476 2301 5527 quo
2331 5461 2518 5539 addita
2546 5462 2677 5539 sunt
2701 5458 2758 5509 In
2793 5458 3061 5539 margine.

159 5530 372 5582 Erasini
400 5532 463 5583 ad
490 5532 642 5583 hunc
668 5534 853 5585 locum
882 5534 1147 5586 Matthaai.

1956 5536 2055 5598 (18)
2092 5535 2213 5585 Item
2268 5533 2411 5596 apud
2464 5531 2763 5582 Jersmiam.
2822 5527 3041 5580 Desunt
3089 5527 3255 5581 etiam
3318 5530 3419 5579 ista
3468 5527 3527 5577 in

219 5604 321 5665 (I7)
379 5603 526 5667 Apud
594 5605 896 5656 Jersmiam.
938 5607 1010 5657 Et
1051 5607 1175 5658 hinc
1221 5619 1448 5673 quoque
1497 5619 1679 5672 usque
1723 5605 1796 5657 ad
1897 5608 2129 5658 vetustis
2183 5603 2594 5668 exemplaribus
2649 5602 2817 5665 paulo
2879 5604 3009 5653 ante
3061 5597 3532 5653 commemoratist

160 5672 330 5725 tinem
353 5676 577 5741 capituli
606 5676 809 5731 desunt
841 5678 897 5728 in
927 5678 1193 5730 tredecim
1237 5672 1530 5731 codicibus
1572 5677 1796 5740 nostris,

162 5748 304 5800 etin
333 5747 523 5802 decem
559 5749 885 5815 Anglicanis
900 5765 917 5815 ;
946 5750 1175 5805 deerant
1214 5752 1381 5805 etiam
1430 5752 1489 5804 in
1533 5751 1630 5802 illo
1673 5761 1799 5803 meo

488 5839 767 5909 ΡΑτιιοι..
791 5839 895 5911 IV.

1897 5680 1957 5730 in
1984 5690 2110 5730 meo
2138 5675 2330 5729 addita
2358 5679 2489 5726 sunt
2513 5676 2569 5725 in
2595 5673 2863 5739 margine.

3143 5829 3222 5897 33
