  <div class='ocr_page' id='page_1' title='image "/cluster/home/n/w/nwhite01/storage/ocr_20150623/4/hvd.32044073549446/363.png"; bbox 0 0 3998 6194; ppageno 0'>
   <div class='ocr_carea' id='block_1_1' title="bbox 530 246 630 300">
    <p class='ocr_par' dir='ltr' id='par_1_1' title="bbox 530 246 630 300">
     <span class='ocr_line' id='line_1_1' title="bbox 530 246 630 300; baseline 0.01 -1"><span class='ocrx_word' id='word_1_1' title='bbox 530 246 630 300; x_wconf 71' lang='grc'>713</span> 
     </span>
    </p>
   </div>
   <div class='ocr_carea' id='block_1_2' title="bbox 537 364 2156 442">
    <p class='ocr_par' dir='ltr' id='par_1_2' title="bbox 537 364 2156 442">
     <span class='ocr_line' id='line_1_2' title="bbox 537 364 2156 442; baseline -0.007 -14"><span class='ocrx_word' id='word_1_2' title='bbox 537 372 648 442; x_wconf 78' lang='grc'>12.)</span> <span class='ocrx_word' id='word_1_3' title='bbox 677 373 820 426; x_wconf 87' lang='lat' dir='ltr'>Item</span> <span class='ocrx_word' id='word_1_4' title='bbox 847 369 904 423; x_wconf 90' lang='lat' dir='ltr'>in</span> <span class='ocrx_word' id='word_1_5' title='bbox 937 368 1159 423; x_wconf 89' lang='lat' dir='ltr'>Psalmo</span> <span class='ocrx_word' id='word_1_6' title='bbox 1188 380 1311 419; x_wconf 81' lang='lat' dir='ltr'>xux</span> <span class='ocrx_word' id='word_1_7' title='bbox 1339 383 1350 417; x_wconf 89' lang='lat'><strong>:</strong></span> <span class='ocrx_word' id='word_1_8' title='bbox 1381 385 1408 413; x_wconf 85' lang='lat'><strong>«</strong></span> <span class='ocrx_word' id='word_1_9' title='bbox 1451 365 1569 417; x_wconf 90' lang='lat' dir='ltr'>Non</span> <span class='ocrx_word' id='word_1_10' title='bbox 1609 364 1775 417; x_wconf 87' lang='lat' dir='ltr'>edam</span> <span class='ocrx_word' id='word_1_11' title='bbox 1807 381 2006 419; x_wconf 88' lang='lat' dir='ltr'>carnes</span> <span class='ocrx_word' id='word_1_12' title='bbox 2039 370 2156 419; x_wconf 89' lang='lat' dir='ltr'>tau-</span> 
     </span>
    </p>
   </div>
   <div class='ocr_carea' id='block_1_3' title="bbox 533 457 2154 531">
    <p class='ocr_par' dir='ltr' id='par_1_3' title="bbox 533 457 2154 531">
     <span class='ocr_line' id='line_1_3' title="bbox 533 457 2154 531; baseline -0.006 -10"><span class='ocrx_word' id='word_1_13' title='bbox 533 482 748 531; x_wconf 89' lang='lat' dir='ltr'>rorum,</span> <span class='ocrx_word' id='word_1_14' title='bbox 783 467 880 517; x_wconf 89' lang='lat' dir='ltr'>aut</span> <span class='ocrx_word' id='word_1_15' title='bbox 929 460 1267 531; x_wconf 87' lang='lat' dir='ltr'>sanguinem</span> <span class='ocrx_word' id='word_1_16' title='bbox 1306 458 1602 513; x_wconf 83' lang='lat' dir='ltr'>hircorum</span> <span class='ocrx_word' id='word_1_17' title='bbox 1640 457 1848 512; x_wconf 88' lang='lat' dir='ltr'>bibam.</span> <span class='ocrx_word' id='word_1_18' title='bbox 1894 458 2154 512; x_wconf 80' lang='lat' dir='ltr'>Sacrifica</span> 
     </span>
    </p>
   </div>
   <div class='ocr_carea' id='block_1_4' title="bbox 530 550 2154 622">
    <p class='ocr_par' dir='ltr' id='par_1_4' title="bbox 530 550 2154 622">
     <span class='ocr_line' id='line_1_4' title="bbox 530 550 2154 622; baseline -0.005 -9"><span class='ocrx_word' id='word_1_19' title='bbox 530 561 643 614; x_wconf 88' lang='lat' dir='ltr'>Deo</span> <span class='ocrx_word' id='word_1_20' title='bbox 669 555 1004 611; x_wconf 80' lang='lat' dir='ltr'>sacrificium</span> <span class='ocrx_word' id='word_1_21' title='bbox 1033 552 1237 622; x_wconf 87' lang='lat' dir='ltr'>laudis,</span> <span class='ocrx_word' id='word_1_22' title='bbox 1270 555 1328 606; x_wconf 91' lang='lat' dir='ltr'>et</span> <span class='ocrx_word' id='word_1_23' title='bbox 1363 552 1535 606; x_wconf 85' lang='lat' dir='ltr'>redde</span> <span class='ocrx_word' id='word_1_24' title='bbox 1575 550 1864 604; x_wconf 86' lang='lat' dir='ltr'>Altissimo</span> <span class='ocrx_word' id='word_1_25' title='bbox 1896 557 2022 605; x_wconf 86' lang='lat' dir='ltr'>vota</span> <span class='ocrx_word' id='word_1_26' title='bbox 2056 555 2154 605; x_wconf 88' lang='lat' dir='ltr'>tua</span> 
     </span>
    </p>
   </div>
   <div class='ocr_carea' id='block_1_5' title="bbox 531 643 2154 718">
    <p class='ocr_par' dir='ltr' id='par_1_5' title="bbox 531 643 2154 718">
     <span class='ocr_line' id='line_1_5' title="bbox 531 643 2154 718; baseline -0.006 -11"><span class='ocrx_word' id='word_1_27' title='bbox 531 655 731 708; x_wconf 87' lang='lat' dir='ltr'>Invoca</span> <span class='ocrx_word' id='word_1_28' title='bbox 762 649 929 704; x_wconf 89' lang='lat' dir='ltr'>mein</span> <span class='ocrx_word' id='word_1_29' title='bbox 959 647 1053 701; x_wconf 90' lang='lat' dir='ltr'>die</span> <span class='ocrx_word' id='word_1_30' title='bbox 1070 663 1348 718; x_wconf 71' lang='lat' dir='ltr'>pressurae</span> <span class='ocrx_word' id='word_1_31' title='bbox 1383 643 1438 714; x_wconf 72' lang='lat'>‘9,</span> <span class='ocrx_word' id='word_1_32' title='bbox 1481 650 1535 699; x_wconf 94' lang='lat' dir='ltr'>et</span> <span class='ocrx_word' id='word_1_33' title='bbox 1574 660 1771 698; x_wconf 84' lang='lat' dir='ltr'>eruam</span> <span class='ocrx_word' id='word_1_34' title='bbox 1804 650 1859 699; x_wconf 91' lang='lat' dir='ltr'>te</span> <span class='ocrx_word' id='word_1_35' title='bbox 1887 645 1936 678; x_wconf 78' lang='grc'>²⁰</span> <span class='ocrx_word' id='word_1_36' title='bbox 1962 648 2018 700; x_wconf 90' lang='lat' dir='ltr'>et</span> <span class='ocrx_word' id='word_1_37' title='bbox 2049 647 2154 700; x_wconf 87' lang='lat' dir='ltr'>cla-</span> 
     </span>
    </p>
   </div>
   <div class='ocr_carea' id='block_1_6' title="bbox 525 737 2149 812">
    <p class='ocr_par' dir='ltr' id='par_1_6' title="bbox 525 737 2149 812">
     <span class='ocr_line' id='line_1_6' title="bbox 525 737 2149 812; baseline -0.004 -13"><span class='ocrx_word' id='word_1_38' title='bbox 525 744 770 799; x_wconf 89' lang='lat' dir='ltr'>riﬁcabis</span> <span class='ocrx_word' id='word_1_39' title='bbox 791 759 882 797; x_wconf 90' lang='lat' dir='ltr'>me</span> <span class='ocrx_word' id='word_1_40' title='bbox 911 763 938 792; x_wconf 73' lang='grc'>»</span> <span class='ocrx_word' id='word_1_41' title='bbox 970 741 1138 812; x_wconf 82' lang='lat' dir='ltr'>(Psul.</span> <span class='ocrx_word' id='word_1_42' title='bbox 1170 756 1308 807; x_wconf 82' lang='lat' dir='ltr'>xux,</span> <span class='ocrx_word' id='word_1_43' title='bbox 1340 740 1423 806; x_wconf 74' lang='grc'><strong>14,</strong></span> <span class='ocrx_word' id='word_1_44' title='bbox 1481 737 1588 806; x_wconf 80' lang='grc'><strong>14).</strong></span> <span class='ocrx_word' id='word_1_45' title='bbox 1620 739 1756 791; x_wconf 98' lang='lat' dir='ltr'>Item</span> <span class='ocrx_word' id='word_1_46' title='bbox 1802 739 1858 792; x_wconf 92' lang='lat' dir='ltr'>in</span> <span class='ocrx_word' id='word_1_47' title='bbox 1909 739 2149 794; x_wconf 85' lang='lat' dir='ltr'>Psalmo.</span> 
     </span>
    </p>
   </div>
   <div class='ocr_carea' id='block_1_7' title="bbox 521 832 2150 899">
    <p class='ocr_par' dir='ltr' id='par_1_7' title="bbox 521 832 2150 899">
     <span class='ocr_line' id='line_1_7' title="bbox 521 832 2150 899; baseline -0.006 -4"><span class='ocrx_word' id='word_1_48' title='bbox 521 837 725 896; x_wconf 87' lang='lat' dir='ltr'>eodem</span> <span class='ocrx_word' id='word_1_49' title='bbox 775 855 789 892; x_wconf 89' lang='lat'><strong>:</strong></span> <span class='ocrx_word' id='word_1_50' title='bbox 847 857 874 885; x_wconf 83' lang='lat'><strong>«</strong></span> <span class='ocrx_word' id='word_1_51' title='bbox 934 835 1282 891; x_wconf 90' lang='lat' dir='ltr'>Sacriﬁcium</span> <span class='ocrx_word' id='word_1_52' title='bbox 1335 832 1517 888; x_wconf 88' lang='lat' dir='ltr'>laudis</span> <span class='ocrx_word' id='word_1_53' title='bbox 1583 832 1969 891; x_wconf 64' lang='lat' dir='ltr'>clariﬁcabit’!</span> <span class='ocrx_word' id='word_1_54' title='bbox 2037 849 2150 899; x_wconf 90' lang='lat' dir='ltr'>me,</span> 
     </span>
    </p>
   </div>
   <div class='ocr_carea' id='block_1_8' title="bbox 523 927 2148 1001">
    <p class='ocr_par' dir='ltr' id='par_1_8' title="bbox 523 927 2148 1001">
     <span class='ocr_line' id='line_1_8' title="bbox 523 927 2148 1001; baseline -0.005 -14"><span class='ocrx_word' id='word_1_55' title='bbox 523 933 637 987; x_wconf 89' lang='lat' dir='ltr'>illic</span> <span class='ocrx_word' id='word_1_56' title='bbox 669 931 754 985; x_wconf 89' lang='lat' dir='ltr'>via</span> <span class='ocrx_word' id='word_1_57' title='bbox 783 935 866 985; x_wconf 89' lang='lat' dir='ltr'>est</span> <span class='ocrx_word' id='word_1_58' title='bbox 895 931 953 984; x_wconf 88' lang='lat' dir='ltr'>in</span> <span class='ocrx_word' id='word_1_59' title='bbox 986 946 1098 1001; x_wconf 89' lang='lat' dir='ltr'>qua</span> <span class='ocrx_word' id='word_1_60' title='bbox 1133 930 1428 984; x_wconf 81' lang='lat' dir='ltr'>ostendam</span> <span class='ocrx_word' id='word_1_61' title='bbox 1467 931 1543 985; x_wconf 88' lang='lat' dir='ltr'>illi</span> <span class='ocrx_word' id='word_1_62' title='bbox 1599 931 1846 985; x_wconf 89' lang='lat' dir='ltr'>salutare</span> <span class='ocrx_word' id='word_1_63' title='bbox 1896 927 1997 981; x_wconf 89' lang='lat' dir='ltr'>Dei</span> <span class='ocrx_word' id='word_1_64' title='bbox 2024 927 2092 980; x_wconf 80' lang='grc'>²².</span> <span class='ocrx_word' id='word_1_65' title='bbox 2121 949 2148 976; x_wconf 78' lang='grc'><strong>››</strong></span> 
     </span>
    </p>
   </div>
   <div class='ocr_carea' id='block_1_9' title="bbox 501 1021 2150 1081">
    <p class='ocr_par' dir='ltr' id='par_1_9' title="bbox 501 1021 2150 1081">
     <span class='ocr_line' id='line_1_9' title="bbox 501 1021 2150 1081; baseline -0.004 -1"><span class='ocrx_word' id='word_1_66' title='bbox 501 1028 665 1081; x_wconf 60' lang='grc' dir='ltr'>Πρω</span> <span class='ocrx_word' id='word_1_67' title='bbox 711 1025 770 1079; x_wconf 90' lang='lat' dir='ltr'>in</span> <span class='ocrx_word' id='word_1_68' title='bbox 820 1024 1041 1078; x_wconf 85' lang='lat' dir='ltr'>Psalmo</span> <span class='ocrx_word' id='word_1_69' title='bbox 1099 1024 1218 1078; x_wconf 73' lang='lat' dir='ltr'>iv23</span> <span class='ocrx_word' id='word_1_70' title='bbox 1285 1041 1297 1078; x_wconf 87' lang='lat'>:</span> <span class='ocrx_word' id='word_1_71' title='bbox 1368 1046 1394 1072; x_wconf 91' lang='grc'><em>‹‹</em></span> <span class='ocrx_word' id='word_1_72' title='bbox 1449 1025 1768 1079; x_wconf 85' lang='lat' dir='ltr'>Sacriﬁcate</span> <span class='ocrx_word' id='word_1_73' title='bbox 1819 1021 2150 1075; x_wconf 87' lang='lat' dir='ltr'>sacriﬁcium</span> 
     </span>
    </p>
   </div>
   <div class='ocr_carea' id='block_1_10' title="bbox 517 1115 2147 1192">
    <p class='ocr_par' dir='ltr' id='par_1_10' title="bbox 517 1115 2147 1192">
     <span class='ocr_line' id='line_1_10' title="bbox 517 1115 2147 1192; baseline -0.002 -20"><span class='ocrx_word' id='word_1_74' title='bbox 517 1120 776 1192; x_wconf 71' lang='lat' dir='ltr'>justitise,</span> <span class='ocrx_word' id='word_1_75' title='bbox 812 1122 868 1173; x_wconf 90' lang='lat' dir='ltr'>et</span> <span class='ocrx_word' id='word_1_76' title='bbox 887 1123 1106 1188; x_wconf 82' lang='lat' dir='ltr'>sperate</span> <span class='ocrx_word' id='word_1_77' title='bbox 1134 1118 1190 1171; x_wconf 95' lang='lat' dir='ltr'>in</span> <span class='ocrx_word' id='word_1_78' title='bbox 1220 1117 1544 1172; x_wconf 90' lang='lat' dir='ltr'>Dominum.</span> <span class='ocrx_word' id='word_1_79' title='bbox 1577 1141 1604 1168; x_wconf 81' lang='grc'><strong>››</strong></span> <span class='ocrx_word' id='word_1_80' title='bbox 1633 1119 1771 1172; x_wconf 89' lang='lat' dir='ltr'>Item</span> <span class='ocrx_word' id='word_1_81' title='bbox 1797 1116 1948 1187; x_wconf 89' lang='lat' dir='ltr'>apud</span> <span class='ocrx_word' id='word_1_82' title='bbox 1979 1115 2147 1169; x_wconf 86' lang='lat' dir='ltr'>Mala-</span> 
     </span>
    </p>
   </div>
   <div class='ocr_carea' id='block_1_11' title="bbox 520 1208 2152 1283">
    <p class='ocr_par' dir='ltr' id='par_1_11' title="bbox 520 1208 2152 1283">
     <span class='ocr_line' id='line_1_11' title="bbox 520 1208 2152 1283; baseline -0.003 -14"><span class='ocrx_word' id='word_1_83' title='bbox 520 1214 709 1269; x_wconf 88' lang='lat' dir='ltr'>chiam</span> <span class='ocrx_word' id='word_1_84' title='bbox 744 1214 819 1283; x_wconf 65' lang='grc' dir='ltr'>εζα</span> <span class='ocrx_word' id='word_1_85' title='bbox 851 1215 972 1267; x_wconf 87' lang='lat' dir='ltr'>Non</span> <span class='ocrx_word' id='word_1_86' title='bbox 1006 1216 1090 1266; x_wconf 89' lang='lat' dir='ltr'>est</span> <span class='ocrx_word' id='word_1_87' title='bbox 1121 1212 1259 1266; x_wconf 88' lang='lat' dir='ltr'>mihi</span> <span class='ocrx_word' id='word_1_88' title='bbox 1293 1214 1550 1266; x_wconf 79' lang='lat' dir='ltr'>voluntas</span> <span class='ocrx_word' id='word_1_89' title='bbox 1599 1212 1748 1265; x_wconf 91' lang='lat' dir='ltr'>circa</span> <span class='ocrx_word' id='word_1_90' title='bbox 1786 1228 1882 1266; x_wconf 89' lang='lat' dir='ltr'>vos</span> <span class='ocrx_word' id='word_1_91' title='bbox 1920 1208 1984 1276; x_wconf 68' lang='grc'>2⁵,</span> <span class='ocrx_word' id='word_1_92' title='bbox 2016 1209 2152 1264; x_wconf 85' lang='lat' dir='ltr'>dicit</span> 
     </span>
    </p>
   </div>
   <div class='ocr_carea' id='block_1_12' title="bbox 521 1304 2148 1378">
    <p class='ocr_par' dir='ltr' id='par_1_12' title="bbox 521 1304 2148 1378">
     <span class='ocr_line' id='line_1_12' title="bbox 521 1304 2148 1378; baseline -0.003 -16"><span class='ocrx_word' id='word_1_93' title='bbox 521 1309 811 1377; x_wconf 86' lang='lat' dir='ltr'>Dominus,</span> <span class='ocrx_word' id='word_1_94' title='bbox 843 1312 898 1361; x_wconf 92' lang='lat' dir='ltr'>et</span> <span class='ocrx_word' id='word_1_95' title='bbox 928 1307 1267 1360; x_wconf 85' lang='lat' dir='ltr'>sacriﬁcium</span> <span class='ocrx_word' id='word_1_96' title='bbox 1305 1310 1594 1378; x_wconf 88' lang='lat' dir='ltr'>acceptum</span> <span class='ocrx_word' id='word_1_97' title='bbox 1628 1323 1740 1360; x_wconf 90' lang='lat' dir='ltr'>non</span> <span class='ocrx_word' id='word_1_98' title='bbox 1762 1305 1984 1360; x_wconf 85' lang='lat' dir='ltr'>habebo</span> <span class='ocrx_word' id='word_1_99' title='bbox 2012 1304 2060 1338; x_wconf 84' lang='grc'>²⁸</span> <span class='ocrx_word' id='word_1_100' title='bbox 2081 1319 2148 1358; x_wconf 86' lang='lat' dir='ltr'>ex</span> 
     </span>
    </p>
   </div>
   <div class='ocr_carea' id='block_1_13' title="bbox 520 1397 2148 1468">
    <p class='ocr_par' dir='ltr' id='par_1_13' title="bbox 520 1397 2148 1468">
     <span class='ocr_line' id='line_1_13' title="bbox 520 1397 2148 1468; baseline -0.004 -12"><span class='ocrx_word' id='word_1_101' title='bbox 520 1401 788 1456; x_wconf 88' lang='lat' dir='ltr'>manibus</span> <span class='ocrx_word' id='word_1_102' title='bbox 816 1399 1034 1454; x_wconf 83' lang='lat' dir='ltr'>vestris.</span> <span class='ocrx_word' id='word_1_103' title='bbox 1075 1399 1351 1464; x_wconf 87' lang='lat' dir='ltr'>Quoniam</span> <span class='ocrx_word' id='word_1_104' title='bbox 1385 1416 1418 1453; x_wconf 89' lang='lat' dir='ltr'>a</span> <span class='ocrx_word' id='word_1_105' title='bbox 1467 1400 1594 1453; x_wconf 89' lang='lat' dir='ltr'>solis</span> <span class='ocrx_word' id='word_1_106' title='bbox 1635 1406 1762 1454; x_wconf 91' lang='lat' dir='ltr'>ortu</span> <span class='ocrx_word' id='word_1_107' title='bbox 1791 1402 1846 1453; x_wconf 89' lang='lat' dir='ltr'>et</span> <span class='ocrx_word' id='word_1_108' title='bbox 1873 1413 2048 1468; x_wconf 90' lang='lat' dir='ltr'>usque</span> <span class='ocrx_word' id='word_1_109' title='bbox 2091 1397 2148 1451; x_wconf 89' lang='lat' dir='ltr'>in</span> 
     </span>
    </p>
   </div>
   <div class='ocr_carea' id='block_1_14' title="bbox 519 1491 2146 1562">
    <p class='ocr_par' dir='ltr' id='par_1_14' title="bbox 519 1491 2146 1562">
     <span class='ocr_line' id='line_1_14' title="bbox 519 1491 2146 1562; baseline -0.003 -13"><span class='ocrx_word' id='word_1_110' title='bbox 519 1511 777 1549; x_wconf 90' lang='lat' dir='ltr'>occasum</span> <span class='ocrx_word' id='word_1_111' title='bbox 805 1493 1171 1548; x_wconf 87' lang='lat' dir='ltr'>clariﬁcatum</span> <span class='ocrx_word' id='word_1_112' title='bbox 1205 1499 1289 1547; x_wconf 91' lang='lat' dir='ltr'>est</span> <span class='ocrx_word' id='word_1_113' title='bbox 1321 1509 1527 1546; x_wconf 90' lang='lat' dir='ltr'>nomen</span> <span class='ocrx_word' id='word_1_114' title='bbox 1578 1509 1771 1546; x_wconf 91' lang='lat' dir='ltr'>meum</span> <span class='ocrx_word' id='word_1_115' title='bbox 1811 1491 1962 1562; x_wconf 89' lang='lat' dir='ltr'>apud</span> <span class='ocrx_word' id='word_1_116' title='bbox 2003 1507 2146 1562; x_wconf 87' lang='lat' dir='ltr'>gen-</span> 
     </span>
    </p>
   </div>
   <div class='ocr_carea' id='block_1_15' title="bbox 517 1583 2149 1643">
    <p class='ocr_par' dir='ltr' id='par_1_15' title="bbox 517 1583 2149 1643">
     <span class='ocr_line' id='line_1_15' title="bbox 517 1583 2149 1643; baseline -0.003 -1"><span class='ocrx_word' id='word_1_117' title='bbox 517 1591 599 1643; x_wconf 91' lang='lat' dir='ltr'>tes</span> <span class='ocrx_word' id='word_1_118' title='bbox 654 1593 708 1642; x_wconf 93' lang='lat' dir='ltr'>et</span> <span class='ocrx_word' id='word_1_119' title='bbox 765 1587 824 1641; x_wconf 89' lang='lat' dir='ltr'>in</span> <span class='ocrx_word' id='word_1_120' title='bbox 876 1587 1033 1641; x_wconf 89' lang='lat' dir='ltr'>omni</span> <span class='ocrx_word' id='word_1_121' title='bbox 1082 1586 1207 1640; x_wconf 91' lang='lat' dir='ltr'>loco</span> <span class='ocrx_word' id='word_1_122' title='bbox 1257 1586 1454 1640; x_wconf 89' lang='lat' dir='ltr'>odores</span> <span class='ocrx_word' id='word_1_123' title='bbox 1504 1585 1716 1640; x_wconf 87' lang='lat' dir='ltr'>incensi</span> <span class='ocrx_word' id='word_1_124' title='bbox 1765 1585 2084 1638; x_wconf 73' lang='lat' dir='ltr'>offeruntur</span> <span class='ocrx_word' id='word_1_125' title='bbox 2104 1583 2149 1617; x_wconf 78' lang='grc'>²⁰</span> 
     </span>
    </p>
   </div>
   <div class='ocr_carea' id='block_1_16' title="bbox 518 1679 2148 1750">
    <p class='ocr_par' dir='ltr' id='par_1_16' title="bbox 518 1679 2148 1750">
     <span class='ocr_line' id='line_1_16' title="bbox 518 1679 2148 1750; baseline -0.004 -14"><span class='ocrx_word' id='word_1_126' title='bbox 518 1681 739 1736; x_wconf 89' lang='lat' dir='ltr'>nomini</span> <span class='ocrx_word' id='word_1_127' title='bbox 768 1697 898 1736; x_wconf 92' lang='lat' dir='ltr'>meo</span> <span class='ocrx_word' id='word_1_128' title='bbox 921 1685 976 1736; x_wconf 89' lang='lat' dir='ltr'>et</span> <span class='ocrx_word' id='word_1_129' title='bbox 995 1679 1330 1734; x_wconf 87' lang='lat' dir='ltr'>sacriﬁcium</span> <span class='ocrx_word' id='word_1_130' title='bbox 1361 1679 1664 1745; x_wconf 90' lang='lat' dir='ltr'>mundum,</span> <span class='ocrx_word' id='word_1_131' title='bbox 1695 1679 1960 1750; x_wconf 89' lang='lat' dir='ltr'>quoniam</span> <span class='ocrx_word' id='word_1_132' title='bbox 1989 1693 2148 1747; x_wconf 87' lang='lat' dir='ltr'>mag-</span> 
     </span>
    </p>
   </div>
   <div class='ocr_carea' id='block_1_17' title="bbox 1445 229 3830 294">
    <p class='ocr_par' dir='ltr' id='par_1_17' title="bbox 1445 229 3830 294">
     <span class='ocr_line' id='line_1_17' title="bbox 1445 229 3830 294; baseline -0.001 -2"><span class='ocrx_word' id='word_1_133' title='bbox 1445 236 1501 292; x_wconf 89' lang='lat' dir='ltr'>S.</span> <span class='ocrx_word' id='word_1_134' title='bbox 1543 237 1858 293; x_wconf 74' lang='lat' dir='ltr'>CYPRIANI</span> <span class='ocrx_word' id='word_1_135' title='bbox 1899 237 2172 294; x_wconf 84' lang='lat' dir='ltr'>OPERUM</span> <span class='ocrx_word' id='word_1_136' title='bbox 2214 233 2387 291; x_wconf 82' lang='lat' dir='ltr'>PARS</span> <span class='ocrx_word' id='word_1_137' title='bbox 2424 234 2485 287; x_wconf 91' lang='grc' dir='ltr'>ΙΙ.</span> <span class='ocrx_word' id='word_1_138' title='bbox 2527 262 2596 272; x_wconf 90' lang='lat'>—-</span> <span class='ocrx_word' id='word_1_139' title='bbox 2634 229 3004 288; x_wconf 85' lang='lat' dir='ltr'>OPUSCULA.</span> <span class='ocrx_word' id='word_1_140' title='bbox 3746 237 3830 291; x_wconf 81' lang='grc'>’716</span> 
     </span>
    </p>
   </div>
   <div class='ocr_carea' id='block_1_18' title="bbox 2257 353 3832 435">
    <p class='ocr_par' dir='ltr' id='par_1_18' title="bbox 2257 353 3832 435">
     <span class='ocr_line' id='line_1_18' title="bbox 2257 353 3832 435; baseline -0.002 -18"><span class='ocrx_word' id='word_1_141' title='bbox 2257 361 2346 417; x_wconf 90' lang='lat' dir='ltr'>sit.</span> <span class='ocrx_word' id='word_1_142' title='bbox 2376 361 2433 416; x_wconf 90' lang='lat' dir='ltr'>Si</span> <span class='ocrx_word' id='word_1_143' title='bbox 2472 362 2664 414; x_wconf 88' lang='lat' dir='ltr'>autem</span> <span class='ocrx_word' id='word_1_144' title='bbox 2739 357 2888 435; x_wconf 88' lang='lat' dir='ltr'>illius</span> <span class='ocrx_word' id='word_1_145' title='bbox 2941 353 3237 427; x_wconf 83' lang='lat' dir='ltr'>scripturis</span> <span class='ocrx_word' id='word_1_146' title='bbox 3287 368 3400 408; x_wconf 92' lang='lat' dir='ltr'>non</span> <span class='ocrx_word' id='word_1_147' title='bbox 3445 357 3674 426; x_wconf 85' lang='lat' dir='ltr'>creditis,</span> <span class='ocrx_word' id='word_1_148' title='bbox 3721 377 3832 432; x_wconf 84' lang='lat' dir='ltr'>quo-</span> 
     </span>
    </p>
   </div>
   <div class='ocr_carea' id='block_1_19' title="bbox 2257 448 3831 522">
    <p class='ocr_par' dir='ltr' id='par_1_19' title="bbox 2257 448 3831 522">
     <span class='ocr_line' id='line_1_19' title="bbox 2257 448 3831 522; baseline -0.001 -13"><span class='ocrx_word' id='word_1_149' title='bbox 2257 455 2432 509; x_wconf 92' lang='lat' dir='ltr'>modo</span> <span class='ocrx_word' id='word_1_150' title='bbox 2474 451 2660 508; x_wconf 80' lang='lat' dir='ltr'>verbis</span> <span class='ocrx_word' id='word_1_151' title='bbox 2692 451 2834 506; x_wconf 89' lang='lat' dir='ltr'>meis</span> <span class='ocrx_word' id='word_1_152' title='bbox 2875 448 3122 505; x_wconf 88' lang='lat' dir='ltr'>credetis</span> <span class='ocrx_word' id='word_1_153' title='bbox 3173 468 3200 498; x_wconf 87' lang='lat'>»</span> <span class='ocrx_word' id='word_1_154' title='bbox 3230 449 3428 518; x_wconf 81' lang='lat' dir='ltr'>(Joan.,</span> <span class='ocrx_word' id='word_1_155' title='bbox 3465 467 3515 519; x_wconf 88' lang='lat' dir='ltr'>v,</span> <span class='ocrx_word' id='word_1_156' title='bbox 3539 453 3619 519; x_wconf 86' lang='lat'>39,</span> <span class='ocrx_word' id='word_1_157' title='bbox 3657 452 3734 521; x_wconf 82' lang='grc'>40,</span> <span class='ocrx_word' id='word_1_158' title='bbox 3757 455 3831 522; x_wconf 72' lang='grc'>45,</span> 
     </span>
    </p>
   </div>
   <div class='ocr_carea' id='block_1_20' title="bbox 2253 549 2380 618">
    <p class='ocr_par' dir='ltr' id='par_1_20' title="bbox 2253 549 2380 618">
     <span class='ocr_line' id='line_1_20' title="bbox 2253 549 2380 618; baseline -0.008 -14"><span class='ocrx_word' id='word_1_159' title='bbox 2253 549 2380 618; x_wconf 74' lang='lat' dir='ltr'><strong>In)?</strong></span> 
     </span>
    </p>
   </div>
   <div class='ocr_carea' id='block_1_21' title="bbox 2255 678 3836 752">
    <p class='ocr_par' dir='ltr' id='par_1_21' title="bbox 2255 678 3836 752">
     <span class='ocr_line' id='line_1_21' title="bbox 2255 678 3836 752; baseline -0.001 -13"><span class='ocrx_word' id='word_1_160' title='bbox 2255 683 2382 739; x_wconf 79' lang='lat' dir='ltr'><strong>CAP.</strong></span> <span class='ocrx_word' id='word_1_161' title='bbox 2415 684 2542 738; x_wconf 87' lang='lat' dir='ltr'>XIX.</span> <span class='ocrx_word' id='word_1_162' title='bbox 2571 713 2640 723; x_wconf 95' lang='lat'><strong><em>—</em></strong></span> <span class='ocrx_word' id='word_1_163' title='bbox 2671 681 2824 750; x_wconf 84' lang='lat' dir='ltr'>Quod</span> <span class='ocrx_word' id='word_1_164' title='bbox 2869 680 2972 734; x_wconf 89' lang='lat' dir='ltr'>duo</span> <span class='ocrx_word' id='word_1_165' title='bbox 3011 678 3201 750; x_wconf 85' lang='lat' dir='ltr'>populi</span> <span class='ocrx_word' id='word_1_166' title='bbox 3229 678 3476 748; x_wconf 61' lang='lat' dir='ltr'>pradicti</span> <span class='ocrx_word' id='word_1_167' title='bbox 3522 681 3644 743; x_wconf 83' lang='lat' dir='ltr'>sint,</span> <span class='ocrx_word' id='word_1_168' title='bbox 3690 684 3836 752; x_wconf 85' lang='lat' dir='ltr'>major</span> 
     </span>
    </p>
   </div>
   <div class='ocr_carea' id='block_1_22' title="bbox 2324 759 3835 832">
    <p class='ocr_par' dir='ltr' id='par_1_22' title="bbox 2324 759 3835 832">
     <span class='ocr_line' id='line_1_22' title="bbox 2324 759 3835 832; baseline -0.001 -14"><span class='ocrx_word' id='word_1_169' title='bbox 2324 769 2376 818; x_wconf 89' lang='lat' dir='ltr'>et</span> <span class='ocrx_word' id='word_1_170' title='bbox 2405 767 2582 818; x_wconf 87' lang='lat' dir='ltr'>minor</span> <span class='ocrx_word' id='word_1_171' title='bbox 2629 764 2690 816; x_wconf 90' lang='lat' dir='ltr'>id</span> <span class='ocrx_word' id='word_1_172' title='bbox 2742 766 2818 816; x_wconf 88' lang='lat' dir='ltr'>est</span> <span class='ocrx_word' id='word_1_173' title='bbox 2868 765 3022 815; x_wconf 86' lang='lat' dir='ltr'>vetus</span> <span class='ocrx_word' id='word_1_174' title='bbox 3065 759 3392 821; x_wconf 73' lang='lat' dir='ltr'>Iudaeorum,</span> <span class='ocrx_word' id='word_1_175' title='bbox 3446 764 3494 813; x_wconf 90' lang='lat' dir='ltr'>et</span> <span class='ocrx_word' id='word_1_176' title='bbox 3540 775 3711 823; x_wconf 78' lang='lat' dir='ltr'>novus,</span> <span class='ocrx_word' id='word_1_177' title='bbox 3759 767 3835 832; x_wconf 86' lang='lat' dir='ltr'>qui</span> 
     </span>
    </p>
   </div>
   <div class='ocr_carea' id='block_1_23' title="bbox 2325 843 3006 910">
    <p class='ocr_par' dir='ltr' id='par_1_23' title="bbox 2325 843 3006 910">
     <span class='ocr_line' id='line_1_23' title="bbox 2325 843 3006 910; baseline -0.006 -12"><span class='ocrx_word' id='word_1_178' title='bbox 2325 847 2456 898; x_wconf 84' lang='lat' dir='ltr'>esset</span> <span class='ocrx_word' id='word_1_179' title='bbox 2483 859 2551 898; x_wconf 78' lang='lat' dir='ltr'>ea:</span> <span class='ocrx_word' id='word_1_180' title='bbox 2568 843 2740 910; x_wconf 86' lang='lat' dir='ltr'>nobis,</span> <span class='ocrx_word' id='word_1_181' title='bbox 2759 843 3006 909; x_wconf 80' lang='lat' dir='ltr'>futurus.</span> 
     </span>
    </p>
   </div>
   <div class='ocr_carea' id='block_1_24' title="bbox 2324 958 3835 1018">
    <p class='ocr_par' dir='ltr' id='par_1_24' title="bbox 2324 958 3835 1018">
     <span class='ocr_line' id='line_1_24' title="bbox 2324 958 3835 1018; baseline -0.001 0"><span class='ocrx_word' id='word_1_182' title='bbox 2324 965 2387 1018; x_wconf 88' lang='lat' dir='ltr'>lu</span> <span class='ocrx_word' id='word_1_183' title='bbox 2416 963 2620 1018; x_wconf 87' lang='lat' dir='ltr'>Genesi</span> <span class='ocrx_word' id='word_1_184' title='bbox 2651 979 2664 1017; x_wconf 91' lang='lat'>:</span> <span class='ocrx_word' id='word_1_185' title='bbox 2702 983 2730 1011; x_wconf 78' lang='grc' dir='ltr'>α</span> <span class='ocrx_word' id='word_1_186' title='bbox 2756 963 2823 1017; x_wconf 90' lang='lat' dir='ltr'>Et</span> <span class='ocrx_word' id='word_1_187' title='bbox 2853 961 2999 1016; x_wconf 87' lang='lat' dir='ltr'>dixit</span> <span class='ocrx_word' id='word_1_188' title='bbox 3045 959 3319 1016; x_wconf 88' lang='lat' dir='ltr'>Dominus</span> <span class='ocrx_word' id='word_1_189' title='bbox 3345 958 3602 1015; x_wconf 69' lang='lat' dir='ltr'>Rebecca:</span> <span class='ocrx_word' id='word_1_190' title='bbox 3628 961 3700 1013; x_wconf 71' lang='lat'>:3‘</span> <span class='ocrx_word' id='word_1_191' title='bbox 3725 963 3835 1016; x_wconf 64' lang='lat' dir='ltr'>Dure</span> 
     </span>
    </p>
   </div>
   <div class='ocr_carea' id='block_1_25' title="bbox 2253 1053 3834 1129">
    <p class='ocr_par' dir='ltr' id='par_1_25' title="bbox 2253 1053 3834 1129">
     <span class='ocr_line' id='line_1_25' title="bbox 2253 1053 3834 1129; baseline -0.002 -16"><span class='ocrx_word' id='word_1_192' title='bbox 2253 1062 2453 1129; x_wconf 83' lang='lat' dir='ltr'>gentes</span> <span class='ocrx_word' id='word_1_193' title='bbox 2481 1057 2540 1111; x_wconf 91' lang='lat' dir='ltr'>in</span> <span class='ocrx_word' id='word_1_194' title='bbox 2585 1062 2746 1111; x_wconf 90' lang='lat' dir='ltr'>utero</span> <span class='ocrx_word' id='word_1_195' title='bbox 2773 1061 2873 1112; x_wconf 92' lang='lat' dir='ltr'>tuo</span> <span class='ocrx_word' id='word_1_196' title='bbox 2899 1060 3051 1122; x_wconf 88' lang='lat' dir='ltr'>sunt,</span> <span class='ocrx_word' id='word_1_197' title='bbox 3098 1059 3155 1108; x_wconf 90' lang='lat' dir='ltr'>et</span> <span class='ocrx_word' id='word_1_198' title='bbox 3193 1053 3305 1108; x_wconf 92' lang='lat' dir='ltr'>duo</span> <span class='ocrx_word' id='word_1_199' title='bbox 3341 1053 3528 1124; x_wconf 87' lang='lat' dir='ltr'>populi</span> <span class='ocrx_word' id='word_1_200' title='bbox 3569 1053 3632 1107; x_wconf 91' lang='lat' dir='ltr'>de</span> <span class='ocrx_word' id='word_1_201' title='bbox 3673 1059 3834 1111; x_wconf 84' lang='lat' dir='ltr'>ventre</span> 
     </span>
    </p>
   </div>
   <div class='ocr_carea' id='block_1_26' title="bbox 2251 1146 3834 1220">
    <p class='ocr_par' dir='ltr' id='par_1_26' title="bbox 2251 1146 3834 1220">
     <span class='ocr_line' id='line_1_26' title="bbox 2251 1146 3834 1220; baseline -0.002 -14"><span class='ocrx_word' id='word_1_202' title='bbox 2251 1155 2350 1207; x_wconf 89' lang='lat' dir='ltr'>tuo</span> <span class='ocrx_word' id='word_1_203' title='bbox 2384 1149 2428 1186; x_wconf 84' lang='grc'>³⁵</span> <span class='ocrx_word' id='word_1_204' title='bbox 2469 1151 2800 1205; x_wconf 88' lang='lat' dir='ltr'>dividentur</span> <span class='ocrx_word' id='word_1_205' title='bbox 2856 1153 2913 1204; x_wconf 90' lang='lat' dir='ltr'>et</span> <span class='ocrx_word' id='word_1_206' title='bbox 2961 1148 3207 1220; x_wconf 91' lang='lat' dir='ltr'>populus</span> <span class='ocrx_word' id='word_1_207' title='bbox 3235 1146 3510 1219; x_wconf 85' lang='lat' dir='ltr'>populum</span> <span class='ocrx_word' id='word_1_208' title='bbox 3574 1149 3834 1219; x_wconf 80' lang='lat' dir='ltr'>superabit,</span> 
     </span>
    </p>
   </div>
   <div class='ocr_carea' id='block_1_27' title="bbox 2249 1242 3837 1316">
    <p class='ocr_par' dir='ltr' id='par_1_27' title="bbox 2249 1242 3837 1316">
     <span class='ocr_line' id='line_1_27' title="bbox 2249 1242 3837 1316; baseline -0.001 -16"><span class='ocrx_word' id='word_1_209' title='bbox 2249 1248 2305 1300; x_wconf 92' lang='lat' dir='ltr'>et</span> <span class='ocrx_word' id='word_1_210' title='bbox 2333 1245 2516 1316; x_wconf 87' lang='lat' dir='ltr'>major</span> <span class='ocrx_word' id='word_1_211' title='bbox 2544 1244 2754 1299; x_wconf 85' lang='lat' dir='ltr'>serviet</span> <span class='ocrx_word' id='word_1_212' title='bbox 2790 1243 3004 1298; x_wconf 86' lang='lat' dir='ltr'>minori</span> <span class='ocrx_word' id='word_1_213' title='bbox 3039 1244 3211 1309; x_wconf 87' lang='lat' dir='ltr'>(Gen.,</span> <span class='ocrx_word' id='word_1_214' title='bbox 3241 1257 3371 1310; x_wconf 85' lang='lat' dir='ltr'>xxv,</span> <span class='ocrx_word' id='word_1_215' title='bbox 3400 1242 3504 1311; x_wconf 81' lang='lat'><strong>25).</strong></span> <span class='ocrx_word' id='word_1_216' title='bbox 3547 1243 3673 1296; x_wconf 89' lang='lat' dir='ltr'>Item</span> <span class='ocrx_word' id='word_1_217' title='bbox 3711 1244 3837 1313; x_wconf 86' lang='lat' dir='ltr'>apud</span> 
     </span>
    </p>
   </div>
   <div class='ocr_carea' id='block_1_28' title="bbox 2251 1336 3836 1409">
    <p class='ocr_par' dir='ltr' id='par_1_28' title="bbox 2251 1336 3836 1409">
     <span class='ocr_line' id='line_1_28' title="bbox 2251 1336 3836 1409; baseline -0.002 -15"><span class='ocrx_word' id='word_1_218' title='bbox 2251 1339 2388 1394; x_wconf 88' lang='lat' dir='ltr'>Osee</span> <span class='ocrx_word' id='word_1_219' title='bbox 2451 1356 2464 1393; x_wconf 91' lang='lat'>:</span> <span class='ocrx_word' id='word_1_220' title='bbox 2511 1359 2539 1388; x_wconf 85' lang='grc'>‹‹</span> <span class='ocrx_word' id='word_1_221' title='bbox 2587 1337 2807 1394; x_wconf 86' lang='lat' dir='ltr'>Vocabo</span> <span class='ocrx_word' id='word_1_222' title='bbox 2848 1354 2964 1392; x_wconf 88' lang='lat' dir='ltr'>non</span> <span class='ocrx_word' id='word_1_223' title='bbox 3017 1336 3290 1409; x_wconf 90' lang='lat' dir='ltr'>populum</span> <span class='ocrx_word' id='word_1_224' title='bbox 3347 1351 3556 1403; x_wconf 89' lang='lat' dir='ltr'>meum,</span> <span class='ocrx_word' id='word_1_225' title='bbox 3602 1336 3836 1407; x_wconf 86' lang='lat' dir='ltr'>populum</span> 
     </span>
    </p>
   </div>
   <div class='ocr_carea' id='block_1_29' title="bbox 2248 1428 3836 1500">
    <p class='ocr_par' dir='ltr' id='par_1_29' title="bbox 2248 1428 3836 1500">
     <span class='ocr_line' id='line_1_29' title="bbox 2248 1428 3836 1500; baseline -0.002 -13"><span class='ocrx_word' id='word_1_226' title='bbox 2248 1449 2470 1500; x_wconf 91' lang='lat' dir='ltr'>meum,</span> <span class='ocrx_word' id='word_1_227' title='bbox 2500 1435 2699 1487; x_wconf 90' lang='lat' dir='ltr'>etnon</span> <span class='ocrx_word' id='word_1_228' title='bbox 2747 1432 3035 1497; x_wconf 86' lang='lat' dir='ltr'>dilectam,</span> <span class='ocrx_word' id='word_1_229' title='bbox 3085 1430 3372 1485; x_wconf 86' lang='lat' dir='ltr'>dilectam.</span> <span class='ocrx_word' id='word_1_230' title='bbox 3425 1429 3538 1483; x_wconf 83' lang='lat' dir='ltr'>Erit</span> <span class='ocrx_word' id='word_1_231' title='bbox 3579 1428 3714 1483; x_wconf 91' lang='lat' dir='ltr'>enim</span> <span class='ocrx_word' id='word_1_232' title='bbox 3745 1446 3836 1500; x_wconf 91' lang='lat' dir='ltr'>quo</span> 
     </span>
    </p>
   </div>
   <div class='ocr_carea' id='block_1_30' title="bbox 2247 1522 3840 1597">
    <p class='ocr_par' dir='ltr' id='par_1_30' title="bbox 2247 1522 3840 1597">
     <span class='ocr_line' id='line_1_30' title="bbox 2247 1522 3840 1597; baseline -0.003 -16"><span class='ocrx_word' id='word_1_233' title='bbox 2247 1527 2366 1581; x_wconf 91' lang='lat' dir='ltr'>loco</span> <span class='ocrx_word' id='word_1_234' title='bbox 2387 1526 2610 1581; x_wconf 90' lang='lat' dir='ltr'>dicetur</span> <span class='ocrx_word' id='word_1_235' title='bbox 2647 1542 2762 1580; x_wconf 92' lang='lat' dir='ltr'>non</span> <span class='ocrx_word' id='word_1_236' title='bbox 2801 1527 3045 1597; x_wconf 91' lang='lat' dir='ltr'>populus</span> <span class='ocrx_word' id='word_1_237' title='bbox 3088 1540 3273 1592; x_wconf 90' lang='lat' dir='ltr'>meus,</span> <span class='ocrx_word' id='word_1_238' title='bbox 3316 1523 3412 1577; x_wconf 88' lang='lat' dir='ltr'>illo</span> <span class='ocrx_word' id='word_1_239' title='bbox 3448 1523 3566 1578; x_wconf 91' lang='lat' dir='ltr'>loco</span> <span class='ocrx_word' id='word_1_240' title='bbox 3601 1522 3840 1578; x_wconf 85' lang='lat' dir='ltr'>vocabun-</span> 
     </span>
    </p>
   </div>
   <div class='ocr_carea' id='block_1_31' title="bbox 2248 1623 3425 1696">
    <p class='ocr_par' dir='ltr' id='par_1_31' title="bbox 2248 1623 3425 1696">
     <span class='ocr_line' id='line_1_31' title="bbox 2248 1623 3425 1696; baseline -0.002 -18"><span class='ocrx_word' id='word_1_241' title='bbox 2248 1630 2340 1679; x_wconf 86' lang='lat' dir='ltr'>tur</span> <span class='ocrx_word' id='word_1_242' title='bbox 2367 1625 2466 1679; x_wconf 86' lang='lat' dir='ltr'>tilii</span> <span class='ocrx_word' id='word_1_243' title='bbox 2496 1625 2595 1680; x_wconf 89' lang='lat' dir='ltr'>Dei</span> <span class='ocrx_word' id='word_1_244' title='bbox 2616 1624 2723 1678; x_wconf 81' lang='lat' dir='ltr'>Vivi</span> <span class='ocrx_word' id='word_1_245' title='bbox 2764 1645 2792 1675; x_wconf 81' lang='grc'><strong>››</strong></span> <span class='ocrx_word' id='word_1_246' title='bbox 2828 1624 3000 1696; x_wconf 88' lang='lat' dir='ltr'>(Osee,</span> <span class='ocrx_word' id='word_1_247' title='bbox 3052 1640 3113 1690; x_wconf 82' lang='grc' dir='ltr'>ιι,</span> <span class='ocrx_word' id='word_1_248' title='bbox 3139 1623 3285 1690; x_wconf 77' lang='grc' dir='ltr'><strong>24,ι,</strong></span> <span class='ocrx_word' id='word_1_249' title='bbox 3318 1623 3425 1691; x_wconf 87' lang='grc'><strong>10).</strong></span> 
     </span>
    </p>
   </div>
   <div class='ocr_carea' id='block_1_32' title="bbox 520 1752 2134 1844">
    <p class='ocr_par' dir='ltr' id='par_1_32' title="bbox 520 1771 2134 1844">
     <span class='ocr_line' id='line_1_32' title="bbox 520 1771 2134 1844; baseline -0.004 -14"><span class='ocrx_word' id='word_1_250' title='bbox 520 1793 661 1830; x_wconf 88' lang='lat' dir='ltr'>num</span> <span class='ocrx_word' id='word_1_251' title='bbox 693 1777 778 1830; x_wconf 87' lang='lat' dir='ltr'>est</span> <span class='ocrx_word' id='word_1_252' title='bbox 823 1791 1036 1829; x_wconf 89' lang='lat' dir='ltr'>nomen</span> <span class='ocrx_word' id='word_1_253' title='bbox 1075 1789 1269 1827; x_wconf 90' lang='lat' dir='ltr'>meum</span> <span class='ocrx_word' id='word_1_254' title='bbox 1311 1773 1460 1844; x_wconf 89' lang='lat' dir='ltr'>apud</span> <span class='ocrx_word' id='word_1_255' title='bbox 1515 1779 1714 1844; x_wconf 84' lang='lat' dir='ltr'>gentes</span> <span class='ocrx_word' id='word_1_256' title='bbox 1745 1772 1916 1842; x_wconf 89' lang='lat' dir='ltr'>,dicit</span> <span class='ocrx_word' id='word_1_257' title='bbox 1957 1771 2134 1826; x_wconf 81' lang='lat' dir='ltr'>Domi</span> 
     </span>
    </p>
   </div>
   <div class='ocr_carea' id='block_1_33' title="bbox 2236 1752 3841 1844">
    <p class='ocr_par' dir='ltr' id='par_1_33' title="bbox 2255 1752 3841 1844">
     <span class='ocr_line' id='line_1_33' title="bbox 2255 1752 3841 1844; baseline -0.003 -33"><span class='ocrx_word' id='word_1_258' title='bbox 2255 1757 2380 1811; x_wconf 79' lang='lat' dir='ltr'><strong>CAP.</strong></span> <span class='ocrx_word' id='word_1_259' title='bbox 2431 1755 2533 1844; x_wconf 73' lang='lat' dir='ltr'>XX_.</span> <span class='ocrx_word' id='word_1_260' title='bbox 2574 1785 2643 1795; x_wconf 90' lang='lat'>—-</span> <span class='ocrx_word' id='word_1_261' title='bbox 2684 1754 3124 1844; x_wconf 72' lang='lat' dir='ltr'>Quod_Ecclesia,</span> <span class='ocrx_word' id='word_1_262' title='bbox 3176 1768 3299 1844; x_wconf 63' lang='lat' dir='ltr'>quae</span> <span class='ocrx_word' id='word_1_263' title='bbox 3344 1753 3503 1822; x_wconf 83' lang='lat' dir='ltr'>prius</span> <span class='ocrx_word' id='word_1_264' title='bbox 3743 1753 3841 1818; x_wconf 84' lang='lat' dir='ltr'>fue-</span> 
     </span>
    </p>
   </div>
   <div class='ocr_carea' id='block_1_34' title="bbox 517 1868 1320 1940">
    <p class='ocr_par' dir='ltr' id='par_1_34' title="bbox 517 1868 1320 1940">
     <span class='ocr_line' id='line_1_34' title="bbox 517 1868 1320 1940; baseline -0.005 -15"><span class='ocrx_word' id='word_1_265' title='bbox 517 1887 624 1926; x_wconf 86' lang='lat' dir='ltr'>nus</span> <span class='ocrx_word' id='word_1_266' title='bbox 653 1891 681 1919; x_wconf 84' lang='grc'><strong>››</strong></span> <span class='ocrx_word' id='word_1_267' title='bbox 717 1869 1000 1940; x_wconf 84' lang='lat' dir='ltr'>(Malach.,</span> <span class='ocrx_word' id='word_1_268' title='bbox 1029 1884 1067 1934; x_wconf 86' lang='lat'>1,</span> <span class='ocrx_word' id='word_1_269' title='bbox 1095 1871 1179 1936; x_wconf 87' lang='grc'><strong>10,</strong></span> <span class='ocrx_word' id='word_1_270' title='bbox 1214 1868 1320 1938; x_wconf 86' lang='grc'><strong>11).</strong></span> 
     </span>
    </p>
   </div>
   <div class='ocr_carea' id='block_1_35' title="bbox 513 1993 2142 2060">
    <p class='ocr_par' dir='ltr' id='par_1_35' title="bbox 513 1993 2142 2060">
     <span class='ocr_line' id='line_1_35' title="bbox 513 1993 2142 2060; baseline -0.002 -11"><span class='ocrx_word' id='word_1_271' title='bbox 513 1994 641 2049; x_wconf 76' lang='lat' dir='ltr'><strong>CAP.</strong></span> <span class='ocrx_word' id='word_1_272' title='bbox 673 1993 820 2048; x_wconf 86' lang='lat' dir='ltr'>XVII.</span> <span class='ocrx_word' id='word_1_273' title='bbox 863 2023 931 2032; x_wconf 83' lang='lat'>-—</span> <span class='ocrx_word' id='word_1_274' title='bbox 984 1993 1138 2060; x_wconf 85' lang='lat' dir='ltr'>Quod</span> <span class='ocrx_word' id='word_1_275' title='bbox 1185 1994 1544 2048; x_wconf 75' lang='lat' dir='ltr'>sacerdotium</span> <span class='ocrx_word' id='word_1_276' title='bbox 1592 1999 1741 2048; x_wconf 78' lang='lat' dir='ltr'>uetus</span> <span class='ocrx_word' id='word_1_277' title='bbox 1790 1998 2038 2059; x_wconf 83' lang='lat' dir='ltr'>cessaret,</span> <span class='ocrx_word' id='word_1_278' title='bbox 2091 1996 2142 2046; x_wconf 87' lang='lat' dir='ltr'>et</span> 
     </span>
    </p>
   </div>
   <div class='ocr_carea' id='block_1_36' title="bbox 586 2075 2141 2142">
    <p class='ocr_par' dir='ltr' id='par_1_36' title="bbox 586 2075 2141 2142">
     <span class='ocr_line' id='line_1_36' title="bbox 586 2075 2141 2142; baseline -0.001 -14"><span class='ocrx_word' id='word_1_279' title='bbox 586 2089 753 2129; x_wconf 80' lang='lat' dir='ltr'>novus</span> <span class='ocrx_word' id='word_1_280' title='bbox 795 2075 1038 2128; x_wconf 82' lang='lat' dir='ltr'>sacerdos</span> <span class='ocrx_word' id='word_1_281' title='bbox 1088 2076 1310 2140; x_wconf 82' lang='lat' dir='ltr'>veniret,</span> <span class='ocrx_word' id='word_1_282' title='bbox 1369 2077 1463 2142; x_wconf 85' lang='lat' dir='ltr'>qui</span> <span class='ocrx_word' id='word_1_283' title='bbox 1499 2076 1558 2127; x_wconf 90' lang='lat' dir='ltr'>in</span> <span class='ocrx_word' id='word_1_284' title='bbox 1611 2079 1866 2128; x_wconf 69' lang='lat' dir='ltr'>zternum</span> <span class='ocrx_word' id='word_1_285' title='bbox 1917 2075 2141 2140; x_wconf 86' lang='lat' dir='ltr'>futurus</span> 
     </span>
    </p>
   </div>
   <div class='ocr_carea' id='block_1_37' title="bbox 584 2160 733 2208">
    <p class='ocr_par' dir='ltr' id='par_1_37' title="bbox 584 2160 733 2208">
     <span class='ocr_line' id='line_1_37' title="bbox 584 2160 733 2208; baseline -0.007 0"><span class='ocrx_word' id='word_1_286' title='bbox 584 2160 733 2208; x_wconf 80' lang='lat' dir='ltr'>esset.</span> 
     </span>
    </p>
   </div>
   <div class='ocr_carea' id='block_1_38' title="bbox 588 2265 2133 2338">
    <p class='ocr_par' dir='ltr' id='par_1_38' title="bbox 588 2265 2133 2338">
     <span class='ocr_line' id='line_1_38' title="bbox 588 2265 2133 2338; baseline -0.001 -15"><span class='ocrx_word' id='word_1_287' title='bbox 588 2271 651 2324; x_wconf 91' lang='lat' dir='ltr'>ln</span> <span class='ocrx_word' id='word_1_288' title='bbox 673 2269 898 2323; x_wconf 88' lang='lat' dir='ltr'>Psalmo</span> <span class='ocrx_word' id='word_1_289' title='bbox 939 2284 1064 2322; x_wconf 75' lang='lat' dir='ltr'>crx:</span> <span class='ocrx_word' id='word_1_290' title='bbox 1120 2289 1147 2318; x_wconf 85' lang='lat'><strong>«</strong></span> <span class='ocrx_word' id='word_1_291' title='bbox 1203 2271 1345 2323; x_wconf 84' lang='lat' dir='ltr'>Ante</span> <span class='ocrx_word' id='word_1_292' title='bbox 1391 2268 1713 2322; x_wconf 87' lang='lat' dir='ltr'>Luciferum</span> <span class='ocrx_word' id='word_1_293' title='bbox 1769 2267 1940 2338; x_wconf 84' lang='lat' dir='ltr'>genui</span> <span class='ocrx_word' id='word_1_294' title='bbox 1996 2273 2048 2322; x_wconf 89' lang='lat' dir='ltr'>te</span> <span class='ocrx_word' id='word_1_295' title='bbox 2070 2265 2133 2320; x_wconf 77' lang='grc'>²².</span> 
     </span>
    </p>
   </div>
   <div class='ocr_carea' id='block_1_39' title="bbox 505 2361 2134 2432">
    <p class='ocr_par' dir='ltr' id='par_1_39' title="bbox 505 2361 2134 2432">
     <span class='ocr_line' id='line_1_39' title="bbox 505 2361 2134 2432; baseline -0.002 -15"><span class='ocrx_word' id='word_1_296' title='bbox 505 2363 720 2418; x_wconf 72' lang='lat' dir='ltr'>Iuravit</span> <span class='ocrx_word' id='word_1_297' title='bbox 742 2363 1037 2428; x_wconf 86' lang='lat' dir='ltr'>Dominus,</span> <span class='ocrx_word' id='word_1_298' title='bbox 1066 2366 1122 2415; x_wconf 87' lang='lat' dir='ltr'>et</span> <span class='ocrx_word' id='word_1_299' title='bbox 1159 2378 1275 2416; x_wconf 90' lang='lat' dir='ltr'>non</span> <span class='ocrx_word' id='word_1_300' title='bbox 1311 2361 1604 2432; x_wconf 81' lang='lat' dir='ltr'>paenitebit</span> <span class='ocrx_word' id='word_1_301' title='bbox 1645 2378 1777 2416; x_wconf 89' lang='lat' dir='ltr'>cum</span> <span class='ocrx_word' id='word_1_302' title='bbox 1810 2379 1822 2414; x_wconf 91' lang='lat'><strong>:</strong></span> <span class='ocrx_word' id='word_1_303' title='bbox 1852 2363 1930 2415; x_wconf 90' lang='lat' dir='ltr'>Tu</span> <span class='ocrx_word' id='word_1_304' title='bbox 1959 2378 2018 2415; x_wconf 91' lang='lat' dir='ltr'>es</span> <span class='ocrx_word' id='word_1_305' title='bbox 2050 2377 2134 2414; x_wconf 91' lang='lat' dir='ltr'>sa-</span> 
     </span>
    </p>
   </div>
   <div class='ocr_carea' id='block_1_40' title="bbox 506 2454 2135 2511">
    <p class='ocr_par' dir='ltr' id='par_1_40' title="bbox 506 2454 2135 2511">
     <span class='ocr_line' id='line_1_40' title="bbox 506 2454 2135 2511; baseline -0.002 0"><span class='ocrx_word' id='word_1_306' title='bbox 506 2456 703 2511; x_wconf 89' lang='lat' dir='ltr'>cerdos</span> <span class='ocrx_word' id='word_1_307' title='bbox 749 2456 807 2508; x_wconf 91' lang='lat' dir='ltr'>in</span> <span class='ocrx_word' id='word_1_308' title='bbox 853 2458 1133 2509; x_wconf 62' lang='lat' dir='ltr'>aeternum</span> <span class='ocrx_word' id='word_1_309' title='bbox 1182 2455 1496 2509; x_wconf 91' lang='lat' dir='ltr'>secundum</span> <span class='ocrx_word' id='word_1_310' title='bbox 1548 2455 1807 2510; x_wconf 89' lang='lat' dir='ltr'>ordinem</span> <span class='ocrx_word' id='word_1_311' title='bbox 1847 2454 2135 2509; x_wconf 83' lang='lat' dir='ltr'>Melchise-</span> 
     </span>
    </p>
   </div>
   <div class='ocr_carea' id='block_1_41' title="bbox 508 2548 2134 2620">
    <p class='ocr_par' dir='ltr' id='par_1_41' title="bbox 508 2548 2134 2620">
     <span class='ocr_line' id='line_1_41' title="bbox 508 2548 2134 2620; baseline -0.001 -16"><span class='ocrx_word' id='word_1_312' title='bbox 508 2550 669 2604; x_wconf 91' lang='lat' dir='ltr'>dech.</span> <span class='ocrx_word' id='word_1_313' title='bbox 702 2570 730 2600; x_wconf 83' lang='lat'><strong>»</strong></span> <span class='ocrx_word' id='word_1_314' title='bbox 754 2550 894 2603; x_wconf 87' lang='lat' dir='ltr'>Item</span> <span class='ocrx_word' id='word_1_315' title='bbox 926 2549 982 2602; x_wconf 93' lang='lat' dir='ltr'>in</span> <span class='ocrx_word' id='word_1_316' title='bbox 1012 2549 1257 2603; x_wconf 90' lang='lat' dir='ltr'>Basilion</span> <span class='ocrx_word' id='word_1_317' title='bbox 1296 2549 1483 2620; x_wconf 89' lang='lat' dir='ltr'>primo</span> <span class='ocrx_word' id='word_1_318' title='bbox 1512 2550 1656 2604; x_wconf 91' lang='lat' dir='ltr'>Deus</span> <span class='ocrx_word' id='word_1_319' title='bbox 1693 2549 1762 2603; x_wconf 90' lang='lat' dir='ltr'>ad</span> <span class='ocrx_word' id='word_1_320' title='bbox 1791 2548 1908 2602; x_wconf 88' lang='lat' dir='ltr'>Heli</span> <span class='ocrx_word' id='word_1_321' title='bbox 1952 2565 2134 2602; x_wconf 89' lang='lat' dir='ltr'>sacer-</span> 
     </span>
    </p>
   </div>
   <div class='ocr_carea' id='block_1_42' title="bbox 501 2642 2129 2709">
    <p class='ocr_par' dir='ltr' id='par_1_42' title="bbox 501 2642 2129 2709">
     <span class='ocr_line' id='line_1_42' title="bbox 501 2642 2129 2709; baseline -0.002 -11"><span class='ocrx_word' id='word_1_322' title='bbox 501 2644 739 2698; x_wconf 89' lang='lat' dir='ltr'>dotem:</span> <span class='ocrx_word' id='word_1_323' title='bbox 772 2643 886 2696; x_wconf 85' lang='lat' dir='ltr'>«Et</span> <span class='ocrx_word' id='word_1_324' title='bbox 925 2642 1203 2696; x_wconf 90' lang='lat' dir='ltr'>suscitabo</span> <span class='ocrx_word' id='word_1_325' title='bbox 1247 2643 1389 2696; x_wconf 90' lang='lat' dir='ltr'>mihi</span> <span class='ocrx_word' id='word_1_326' title='bbox 1438 2643 1786 2698; x_wconf 89' lang='lat' dir='ltr'>sacerdotem</span> <span class='ocrx_word' id='word_1_327' title='bbox 1832 2642 2008 2696; x_wconf 83' lang='lat' dir='ltr'>ﬁdum</span> <span class='ocrx_word' id='word_1_328' title='bbox 2059 2642 2129 2709; x_wconf 74' lang='grc'>³⁸,</span> 
     </span>
    </p>
   </div>
   <div class='ocr_carea' id='block_1_43' title="bbox 500 2735 2129 2808">
    <p class='ocr_par' dir='ltr' id='par_1_43' title="bbox 500 2735 2129 2808">
     <span class='ocr_line' id='line_1_43' title="bbox 500 2735 2129 2808; baseline -0.001 -17"><span class='ocrx_word' id='word_1_329' title='bbox 500 2737 597 2808; x_wconf 89' lang='lat' dir='ltr'>qui</span> <span class='ocrx_word' id='word_1_330' title='bbox 625 2736 818 2791; x_wconf 87' lang='lat' dir='ltr'>omnia</span> <span class='ocrx_word' id='word_1_331' title='bbox 848 2753 973 2806; x_wconf 76' lang='lat' dir='ltr'>qum</span> <span class='ocrx_word' id='word_1_332' title='bbox 1015 2739 1145 2789; x_wconf 91' lang='lat' dir='ltr'>sunt</span> <span class='ocrx_word' id='word_1_333' title='bbox 1174 2735 1230 2789; x_wconf 93' lang='lat' dir='ltr'>in</span> <span class='ocrx_word' id='word_1_334' title='bbox 1257 2736 1425 2791; x_wconf 90' lang='lat' dir='ltr'>corde</span> <span class='ocrx_word' id='word_1_335' title='bbox 1458 2753 1586 2791; x_wconf 90' lang='lat' dir='ltr'>meo</span> <span class='ocrx_word' id='word_1_336' title='bbox 1625 2736 1812 2799; x_wconf 85' lang='lat' dir='ltr'>faciet,</span> <span class='ocrx_word' id='word_1_337' title='bbox 1854 2740 1910 2790; x_wconf 91' lang='lat' dir='ltr'>et</span> <span class='ocrx_word' id='word_1_338' title='bbox 1951 2736 2129 2790; x_wconf 59' lang='lat' dir='ltr'>aediﬁ-</span> 
     </span>
    </p>
   </div>
   <div class='ocr_carea' id='block_1_44' title="bbox 501 2829 2130 2901">
    <p class='ocr_par' dir='ltr' id='par_1_44' title="bbox 501 2829 2130 2901">
     <span class='ocr_line' id='line_1_44' title="bbox 501 2829 2130 2901; baseline -0.002 -15"><span class='ocrx_word' id='word_1_339' title='bbox 501 2830 638 2886; x_wconf 88' lang='lat' dir='ltr'>cabo</span> <span class='ocrx_word' id='word_1_340' title='bbox 661 2831 711 2885; x_wconf 93' lang='lat' dir='ltr'>ei</span> <span class='ocrx_word' id='word_1_341' title='bbox 742 2831 982 2885; x_wconf 90' lang='lat' dir='ltr'>domum</span> <span class='ocrx_word' id='word_1_342' title='bbox 1009 2831 1052 2870; x_wconf 60' lang='lat'>9°</span> <span class='ocrx_word' id='word_1_343' title='bbox 1073 2829 1321 2897; x_wconf 87' lang='lat' dir='ltr'>ﬁdelem,</span> <span class='ocrx_word' id='word_1_344' title='bbox 1351 2833 1409 2884; x_wconf 90' lang='lat' dir='ltr'>et</span> <span class='ocrx_word' id='word_1_345' title='bbox 1437 2830 1700 2885; x_wconf 89' lang='lat' dir='ltr'>transibit</span> <span class='ocrx_word' id='word_1_346' title='bbox 1726 2831 1783 2884; x_wconf 91' lang='lat' dir='ltr'>in</span> <span class='ocrx_word' id='word_1_347' title='bbox 1826 2835 2130 2901; x_wconf 91' lang='lat' dir='ltr'>conspectu</span> 
     </span>
    </p>
   </div>
   <div class='ocr_carea' id='block_1_45' title="bbox 499 2921 2126 2996">
    <p class='ocr_par' dir='ltr' id='par_1_45' title="bbox 499 2921 2126 2996">
     <span class='ocr_line' id='line_1_45' title="bbox 499 2921 2126 2996; baseline -0.002 -17"><span class='ocrx_word' id='word_1_348' title='bbox 499 2925 837 2979; x_wconf 89' lang='lat' dir='ltr'>christorum</span> <span class='ocrx_word' id='word_1_349' title='bbox 862 2939 1124 2977; x_wconf 85' lang='lat' dir='ltr'>meorum</span> <span class='ocrx_word' id='word_1_350' title='bbox 1151 2923 1417 2978; x_wconf 91' lang='lat' dir='ltr'>omnibus</span> <span class='ocrx_word' id='word_1_351' title='bbox 1438 2924 1664 2991; x_wconf 90' lang='lat' dir='ltr'>diebus;</span> <span class='ocrx_word' id='word_1_352' title='bbox 1690 2921 1883 2996; x_wconf 83' lang='lat'>688</span> <span class='ocrx_word' id='word_1_353' title='bbox 1917 2930 1972 2978; x_wconf 93' lang='lat' dir='ltr'>et</span> <span class='ocrx_word' id='word_1_354' title='bbox 2000 2923 2126 2982; x_wconf 89' lang='lat' dir='ltr'>erit.</span> 
     </span>
    </p>
   </div>
   <div class='ocr_carea' id='block_1_46' title="bbox 498 3017 2128 3090">
    <p class='ocr_par' dir='ltr' id='par_1_46' title="bbox 498 3017 2128 3090">
     <span class='ocr_line' id='line_1_46' title="bbox 498 3017 2128 3090; baseline -0.001 -18"><span class='ocrx_word' id='word_1_355' title='bbox 498 3018 597 3090; x_wconf 87' lang='lat' dir='ltr'>qui</span> <span class='ocrx_word' id='word_1_356' title='bbox 650 3018 992 3072; x_wconf 85' lang='lat' dir='ltr'>remanserit</span> <span class='ocrx_word' id='word_1_357' title='bbox 1043 3017 1104 3071; x_wconf 90' lang='lat' dir='ltr'>in</span> <span class='ocrx_word' id='word_1_358' title='bbox 1155 3017 1327 3071; x_wconf 91' lang='lat' dir='ltr'>domo</span> <span class='ocrx_word' id='word_1_359' title='bbox 1369 3021 1487 3086; x_wconf 90' lang='lat' dir='ltr'>tua,</span> <span class='ocrx_word' id='word_1_360' title='bbox 1545 3018 1737 3072; x_wconf 87' lang='lat' dir='ltr'>veniet</span> <span class='ocrx_word' id='word_1_361' title='bbox 1790 3019 2030 3072; x_wconf 89' lang='lat' dir='ltr'>adorare</span> <span class='ocrx_word' id='word_1_362' title='bbox 2069 3017 2128 3070; x_wconf 91' lang='lat' dir='ltr'>in</span> 
     </span>
    </p>
   </div>
   <div class='ocr_carea' id='block_1_47' title="bbox 496 3110 2080 3182">
    <p class='ocr_par' dir='ltr' id='par_1_47' title="bbox 496 3110 2080 3182">
     <span class='ocr_line' id='line_1_47' title="bbox 496 3110 2080 3182; baseline 0 -17"><span class='ocrx_word' id='word_1_363' title='bbox 496 3111 661 3166; x_wconf 93' lang='lat' dir='ltr'>obolo</span> <span class='ocrx_word' id='word_1_364' title='bbox 690 3110 951 3182; x_wconf 62' lang='lat' dir='ltr'>pecuniae</span> <span class='ocrx_word' id='word_1_365' title='bbox 982 3113 1038 3164; x_wconf 89' lang='lat' dir='ltr'>et</span> <span class='ocrx_word' id='word_1_366' title='bbox 1069 3111 1126 3163; x_wconf 90' lang='lat' dir='ltr'>in</span> <span class='ocrx_word' id='word_1_367' title='bbox 1156 3127 1306 3181; x_wconf 91' lang='lat' dir='ltr'>pane</span> <span class='ocrx_word' id='word_1_368' title='bbox 1349 3128 1460 3165; x_wconf 92' lang='lat' dir='ltr'>uno</span> <span class='ocrx_word' id='word_1_369' title='bbox 1492 3131 1520 3162; x_wconf 88' lang='lat'>»</span> <span class='ocrx_word' id='word_1_370' title='bbox 1554 3113 1606 3182; x_wconf 89' lang='grc' dir='ltr'>(Ι</span> <span class='ocrx_word' id='word_1_371' title='bbox 1629 3114 1780 3178; x_wconf 85' lang='lat' dir='ltr'>Reg.,</span> <span class='ocrx_word' id='word_1_372' title='bbox 1813 3128 1867 3177; x_wconf 80' lang='grc' dir='ltr'>ιι,</span> <span class='ocrx_word' id='word_1_373' title='bbox 1893 3114 1980 3178; x_wconf 83' lang='grc'>33,</span> <span class='ocrx_word' id='word_1_374' title='bbox 2013 3114 2080 3165; x_wconf 88' lang='lat'>36</span> 
     </span>
    </p>
   </div>
   <div class='ocr_carea' id='block_1_48' title="bbox 495 3237 2123 3307">
    <p class='ocr_par' dir='ltr' id='par_1_48' title="bbox 495 3237 2123 3307">
     <span class='ocr_line' id='line_1_48' title="bbox 495 3237 2123 3307; baseline -0.001 -13"><span class='ocrx_word' id='word_1_375' title='bbox 495 3239 621 3294; x_wconf 79' lang='lat' dir='ltr'><strong>CAP.</strong></span> <span class='ocrx_word' id='word_1_376' title='bbox 649 3237 824 3291; x_wconf 86' lang='lat' dir='ltr'>XVIII.</span> <span class='ocrx_word' id='word_1_377' title='bbox 862 3267 931 3277; x_wconf 88' lang='lat'>—</span> <span class='ocrx_word' id='word_1_378' title='bbox 983 3237 1138 3304; x_wconf 87' lang='lat' dir='ltr'>Quod</span> <span class='ocrx_word' id='word_1_379' title='bbox 1185 3238 1448 3307; x_wconf 81' lang='lat' dir='ltr'>propheta</span> <span class='ocrx_word' id='word_1_380' title='bbox 1498 3239 1662 3299; x_wconf 86' lang='lat' dir='ltr'>alius,</span> <span class='ocrx_word' id='word_1_381' title='bbox 1714 3239 1850 3292; x_wconf 81' lang='lat' dir='ltr'>sicut</span> <span class='ocrx_word' id='word_1_382' title='bbox 1897 3241 2123 3307; x_wconf 81' lang='lat' dir='ltr'>Moyses,</span> 
     </span>
    </p>
   </div>
   <div class='ocr_carea' id='block_1_49' title="bbox 561 3317 2126 3387">
    <p class='ocr_par' dir='ltr' id='par_1_49' title="bbox 561 3317 2126 3387">
     <span class='ocr_line' id='line_1_49' title="bbox 561 3317 2126 3387; baseline 0.001 -16"><span class='ocrx_word' id='word_1_383' title='bbox 561 3317 856 3387; x_wconf 84' lang='lat' dir='ltr'>promissus</span> <span class='ocrx_word' id='word_1_384' title='bbox 897 3319 987 3380; x_wconf 87' lang='lat' dir='ltr'>sit,</span> <span class='ocrx_word' id='word_1_385' title='bbox 1053 3317 1256 3371; x_wconf 82' lang='lat' dir='ltr'>scilicet</span> <span class='ocrx_word' id='word_1_386' title='bbox 1309 3320 1407 3386; x_wconf 85' lang='lat' dir='ltr'>qui</span> <span class='ocrx_word' id='word_1_387' title='bbox 1467 3320 1862 3373; x_wconf 84' lang='lat' dir='ltr'>Testamentum</span> <span class='ocrx_word' id='word_1_388' title='bbox 1929 3334 2126 3372; x_wconf 80' lang='lat' dir='ltr'>novum</span> 
     </span>
    </p>
   </div>
   <div class='ocr_carea' id='block_1_50' title="bbox 565 3396 1610 3466">
    <p class='ocr_par' dir='ltr' id='par_1_50' title="bbox 565 3396 1610 3466">
     <span class='ocr_line' id='line_1_50' title="bbox 565 3396 1610 3466; baseline 0.003 -17"><span class='ocrx_word' id='word_1_389' title='bbox 565 3396 740 3458; x_wconf 84' lang='lat' dir='ltr'>daret,</span> <span class='ocrx_word' id='word_1_390' title='bbox 767 3401 816 3451; x_wconf 89' lang='lat' dir='ltr'>et</span> <span class='ocrx_word' id='word_1_391' title='bbox 842 3399 939 3466; x_wconf 85' lang='lat' dir='ltr'>qui</span> <span class='ocrx_word' id='word_1_392' title='bbox 961 3400 1136 3466; x_wconf 85' lang='lat' dir='ltr'>magis</span> <span class='ocrx_word' id='word_1_393' title='bbox 1165 3397 1354 3451; x_wconf 83' lang='lat' dir='ltr'>audiri</span> <span class='ocrx_word' id='word_1_394' title='bbox 1377 3398 1610 3452; x_wconf 84' lang='lat' dir='ltr'>deberet.</span> 
     </span>
    </p>
   </div>
   <div class='ocr_carea' id='block_1_51' title="bbox 564 3513 2123 3582">
    <p class='ocr_par' dir='ltr' id='par_1_51' title="bbox 564 3513 2123 3582">
     <span class='ocr_line' id='line_1_51' title="bbox 564 3513 2123 3582; baseline 0.001 -15"><span class='ocrx_word' id='word_1_395' title='bbox 564 3514 628 3567; x_wconf 90' lang='lat' dir='ltr'>In</span> <span class='ocrx_word' id='word_1_396' title='bbox 653 3513 1093 3568; x_wconf 89' lang='lat' dir='ltr'>Deuteronomio</span> <span class='ocrx_word' id='word_1_397' title='bbox 1114 3513 1254 3568; x_wconf 88' lang='lat' dir='ltr'>Deus</span> <span class='ocrx_word' id='word_1_398' title='bbox 1282 3513 1353 3567; x_wconf 89' lang='lat' dir='ltr'>ad</span> <span class='ocrx_word' id='word_1_399' title='bbox 1385 3515 1609 3582; x_wconf 83' lang='lat' dir='ltr'>Moysen</span> <span class='ocrx_word' id='word_1_400' title='bbox 1645 3531 1658 3568; x_wconf 75' lang='grc' dir='ltr'>ε</span> <span class='ocrx_word' id='word_1_401' title='bbox 1685 3534 1713 3562; x_wconf 90' lang='grc'>‹‹</span> <span class='ocrx_word' id='word_1_402' title='bbox 1743 3515 1812 3568; x_wconf 89' lang='lat' dir='ltr'>Et</span> <span class='ocrx_word' id='word_1_403' title='bbox 1833 3514 1972 3568; x_wconf 88' lang='lat' dir='ltr'>dicit</span> <span class='ocrx_word' id='word_1_404' title='bbox 1997 3515 2083 3568; x_wconf 94' lang='lat' dir='ltr'>Do</span> <span class='ocrx_word' id='word_1_405' title='bbox 2102 3544 2123 3555; x_wconf 92' lang='lat'><strong>-</strong></span> 
     </span>
    </p>
   </div>
   <div class='ocr_carea' id='block_1_52' title="bbox 493 3605 2125 3677">
    <p class='ocr_par' dir='ltr' id='par_1_52' title="bbox 493 3605 2125 3677">
     <span class='ocr_line' id='line_1_52' title="bbox 493 3605 2125 3677; baseline 0.001 -17"><span class='ocrx_word' id='word_1_406' title='bbox 493 3607 682 3661; x_wconf 89' lang='lat' dir='ltr'>minus</span> <span class='ocrx_word' id='word_1_407' title='bbox 705 3605 777 3660; x_wconf 90' lang='lat' dir='ltr'>ad</span> <span class='ocrx_word' id='word_1_408' title='bbox 805 3623 898 3661; x_wconf 89' lang='lat' dir='ltr'>me</span> <span class='ocrx_word' id='word_1_409' title='bbox 931 3623 943 3660; x_wconf 92' lang='lat'>:</span> <span class='ocrx_word' id='word_1_410' title='bbox 974 3607 1316 3677; x_wconf 86' lang='lat' dir='ltr'>Prophetam</span> <span class='ocrx_word' id='word_1_411' title='bbox 1348 3607 1606 3662; x_wconf 85' lang='lat' dir='ltr'>excitabo</span> <span class='ocrx_word' id='word_1_412' title='bbox 1644 3607 1725 3660; x_wconf 90' lang='lat' dir='ltr'>eis</span> <span class='ocrx_word' id='word_1_413' title='bbox 1757 3607 1826 3662; x_wconf 90' lang='lat' dir='ltr'>de</span> <span class='ocrx_word' id='word_1_414' title='bbox 1857 3607 2125 3662; x_wconf 88' lang='lat' dir='ltr'>fratribus</span> 
     </span>
    </p>
   </div>
   <div class='ocr_carea' id='block_1_53' title="bbox 495 3698 2126 3772">
    <p class='ocr_par' dir='ltr' id='par_1_53' title="bbox 495 3698 2126 3772">
     <span class='ocr_line' id='line_1_53' title="bbox 495 3698 2126 3772; baseline 0 -17"><span class='ocrx_word' id='word_1_415' title='bbox 495 3715 692 3755; x_wconf 90' lang='lat' dir='ltr'>eorum</span> <span class='ocrx_word' id='word_1_416' title='bbox 721 3699 861 3754; x_wconf 86' lang='lat' dir='ltr'>sicut</span> <span class='ocrx_word' id='word_1_417' title='bbox 897 3704 973 3767; x_wconf 90' lang='lat' dir='ltr'>te,</span> <span class='ocrx_word' id='word_1_418' title='bbox 1005 3705 1061 3753; x_wconf 90' lang='lat' dir='ltr'>et</span> <span class='ocrx_word' id='word_1_419' title='bbox 1081 3698 1228 3752; x_wconf 91' lang='lat' dir='ltr'>dabo</span> <span class='ocrx_word' id='word_1_420' title='bbox 1259 3701 1494 3754; x_wconf 89' lang='lat' dir='ltr'>verbum</span> <span class='ocrx_word' id='word_1_421' title='bbox 1542 3717 1738 3755; x_wconf 89' lang='lat' dir='ltr'>meum</span> <span class='ocrx_word' id='word_1_422' title='bbox 1775 3701 1832 3755; x_wconf 91' lang='lat' dir='ltr'>in</span> <span class='ocrx_word' id='word_1_423' title='bbox 1870 3719 1966 3756; x_wconf 89' lang='lat' dir='ltr'>ore</span> <span class='ocrx_word' id='word_1_424' title='bbox 2004 3701 2126 3772; x_wconf 84' lang='lat' dir='ltr'>ejus</span> 
     </span>
    </p>
   </div>
   <div class='ocr_carea' id='block_1_54' title="bbox 496 3794 2128 3866">
    <p class='ocr_par' dir='ltr' id='par_1_54' title="bbox 496 3794 2128 3866">
     <span class='ocr_line' id='line_1_54' title="bbox 496 3794 2128 3866; baseline 0.001 -19"><span class='ocrx_word' id='word_1_425' title='bbox 496 3796 554 3848; x_wconf 89' lang='lat' dir='ltr'>et</span> <span class='ocrx_word' id='word_1_426' title='bbox 577 3794 838 3864; x_wconf 89' lang='lat' dir='ltr'>loquetur</span> <span class='ocrx_word' id='word_1_427' title='bbox 856 3794 926 3847; x_wconf 89' lang='lat' dir='ltr'>ad</span> <span class='ocrx_word' id='word_1_428' title='bbox 954 3809 1050 3847; x_wconf 91' lang='lat' dir='ltr'>eos</span> <span class='ocrx_word' id='word_1_429' title='bbox 1093 3809 1159 3847; x_wconf 89' lang='lat' dir='ltr'>ea</span> <span class='ocrx_word' id='word_1_430' title='bbox 1207 3810 1334 3865; x_wconf 68' lang='lat' dir='ltr'>qua:</span> <span class='ocrx_word' id='word_1_431' title='bbox 1379 3811 1704 3865; x_wconf 76' lang='lat' dir='ltr'>praecepero</span> <span class='ocrx_word' id='word_1_432' title='bbox 1747 3795 1817 3849; x_wconf 92' lang='lat' dir='ltr'>ei.</span> <span class='ocrx_word' id='word_1_433' title='bbox 1867 3796 1931 3849; x_wconf 82' lang='lat' dir='ltr'>Et</span> <span class='ocrx_word' id='word_1_434' title='bbox 1979 3796 2128 3866; x_wconf 89' lang='lat' dir='ltr'>quis-</span> 
     </span>
    </p>
   </div>
   <div class='ocr_carea' id='block_1_55' title="bbox 495 3885 2126 3960">
    <p class='ocr_par' dir='ltr' id='par_1_55' title="bbox 495 3885 2126 3960">
     <span class='ocr_line' id='line_1_55' title="bbox 495 3885 2126 3960; baseline 0.003 -21"><span class='ocrx_word' id='word_1_435' title='bbox 495 3887 625 3958; x_wconf 89' lang='lat' dir='ltr'>quis</span> <span class='ocrx_word' id='word_1_436' title='bbox 648 3903 761 3940; x_wconf 92' lang='lat' dir='ltr'>non</span> <span class='ocrx_word' id='word_1_437' title='bbox 800 3885 1050 3941; x_wconf 89' lang='lat' dir='ltr'>audierit</span> <span class='ocrx_word' id='word_1_438' title='bbox 1074 3904 1450 3960; x_wconf 63' lang='lat' dir='ltr'>quascumque</span> <span class='ocrx_word' id='word_1_439' title='bbox 1481 3889 1698 3943; x_wconf 91' lang='lat' dir='ltr'>locutus</span> <span class='ocrx_word' id='word_1_440' title='bbox 1729 3889 1898 3943; x_wconf 85' lang='lat' dir='ltr'>fuerit</span> <span class='ocrx_word' id='word_1_441' title='bbox 1921 3889 1967 3926; x_wconf 82' lang='grc' dir='ltr'>³ο</span> <span class='ocrx_word' id='word_1_442' title='bbox 1997 3906 2126 3960; x_wconf 87' lang='lat' dir='ltr'>pro-</span> 
     </span>
    </p>
   </div>
   <div class='ocr_carea' id='block_1_56' title="bbox 493 3979 2123 4053">
    <p class='ocr_par' dir='ltr' id='par_1_56' title="bbox 493 3979 2123 4053">
     <span class='ocr_line' id='line_1_56' title="bbox 493 3979 2123 4053; baseline 0.002 -20"><span class='ocrx_word' id='word_1_443' title='bbox 493 3979 666 4051; x_wconf 88' lang='lat' dir='ltr'>pheta</span> <span class='ocrx_word' id='word_1_444' title='bbox 686 3979 778 4034; x_wconf 91' lang='lat' dir='ltr'>ille</span> <span class='ocrx_word' id='word_1_445' title='bbox 805 3979 864 4033; x_wconf 91' lang='lat' dir='ltr'>in</span> <span class='ocrx_word' id='word_1_446' title='bbox 884 3980 1120 4036; x_wconf 90' lang='lat' dir='ltr'>nomine</span> <span class='ocrx_word' id='word_1_447' title='bbox 1158 3999 1308 4050; x_wconf 92' lang='lat' dir='ltr'>meo,</span> <span class='ocrx_word' id='word_1_448' title='bbox 1356 3999 1464 4052; x_wconf 91' lang='lat' dir='ltr'>ego</span> <span class='ocrx_word' id='word_1_449' title='bbox 1516 3981 1810 4037; x_wconf 88' lang='lat' dir='ltr'>vindicabo</span> <span class='ocrx_word' id='word_1_450' title='bbox 1846 4005 1874 4032; x_wconf 79' lang='lat' dir='ltr'>n</span> <span class='ocrx_word' id='word_1_451' title='bbox 1925 3984 2123 4053; x_wconf 87' lang='lat' dir='ltr'>(Deut.,</span> 
     </span>
    </p>
   </div>
   <div class='ocr_carea' id='block_1_57' title="bbox 494 4074 2126 4148">
    <p class='ocr_par' dir='ltr' id='par_1_57' title="bbox 494 4074 2126 4148">
     <span class='ocr_line' id='line_1_57' title="bbox 494 4074 2126 4148; baseline 0.001 -20"><span class='ocrx_word' id='word_1_452' title='bbox 494 4089 645 4140; x_wconf 81' lang='lat' dir='ltr'>xvm,</span> <span class='ocrx_word' id='word_1_453' title='bbox 681 4074 890 4142; x_wconf 85' lang='grc'>17-19).</span> <span class='ocrx_word' id='word_1_454' title='bbox 920 4076 995 4128; x_wconf 91' lang='lat' dir='ltr'>De</span> <span class='ocrx_word' id='word_1_455' title='bbox 1019 4091 1132 4146; x_wconf 89' lang='lat' dir='ltr'>quo</span> <span class='ocrx_word' id='word_1_456' title='bbox 1178 4080 1236 4129; x_wconf 88' lang='lat' dir='ltr'>et</span> <span class='ocrx_word' id='word_1_457' title='bbox 1285 4076 1541 4130; x_wconf 86' lang='lat' dir='ltr'>Christus</span> <span class='ocrx_word' id='word_1_458' title='bbox 1569 4077 1626 4130; x_wconf 90' lang='lat' dir='ltr'>in</span> <span class='ocrx_word' id='word_1_459' title='bbox 1669 4077 1975 4148; x_wconf 87' lang='lat' dir='ltr'>Evangelio</span> <span class='ocrx_word' id='word_1_460' title='bbox 2007 4083 2126 4131; x_wconf 86' lang='lat' dir='ltr'>cata</span> 
     </span>
    </p>
   </div>
   <div class='ocr_carea' id='block_1_58' title="bbox 491 4169 2124 4243">
    <p class='ocr_par' dir='ltr' id='par_1_58' title="bbox 491 4169 2124 4243">
     <span class='ocr_line' id='line_1_58' title="bbox 491 4169 2124 4243; baseline 0.003 -21"><span class='ocrx_word' id='word_1_461' title='bbox 491 4169 765 4222; x_wconf 82' lang='lat' dir='ltr'>Joannem</span> <span class='ocrx_word' id='word_1_462' title='bbox 835 4169 913 4221; x_wconf 73' lang='grc' dir='ltr'>ε⁸¹</span> <span class='ocrx_word' id='word_1_463' title='bbox 950 4190 976 4218; x_wconf 87' lang='grc'>‹‹</span> <span class='ocrx_word' id='word_1_464' title='bbox 1027 4169 1372 4224; x_wconf 89' lang='lat' dir='ltr'>Scrutamini</span> <span class='ocrx_word' id='word_1_465' title='bbox 1423 4171 1763 4240; x_wconf 75' lang='lat' dir='ltr'>Scripturas,</span> <span class='ocrx_word' id='word_1_466' title='bbox 1804 4172 1863 4225; x_wconf 92' lang='lat' dir='ltr'>in</span> <span class='ocrx_word' id='word_1_467' title='bbox 1918 4173 2124 4243; x_wconf 88' lang='lat' dir='ltr'>quibus</span> 
     </span>
    </p>
   </div>
   <div class='ocr_carea' id='block_1_59' title="bbox 492 4262 2125 4336">
    <p class='ocr_par' dir='ltr' id='par_1_59' title="bbox 492 4262 2125 4336">
     <span class='ocr_line' id='line_1_59' title="bbox 492 4262 2125 4336; baseline 0.004 -22"><span class='ocrx_word' id='word_1_468' title='bbox 492 4262 704 4332; x_wconf 86' lang='lat' dir='ltr'>putatis</span> <span class='ocrx_word' id='word_1_469' title='bbox 724 4278 820 4315; x_wconf 91' lang='lat' dir='ltr'>vos</span> <span class='ocrx_word' id='word_1_470' title='bbox 849 4262 1026 4315; x_wconf 91' lang='lat' dir='ltr'>vitam</span> <span class='ocrx_word' id='word_1_471' title='bbox 1055 4266 1324 4316; x_wconf 68' lang='lat' dir='ltr'>aeternam</span> <span class='ocrx_word' id='word_1_472' title='bbox 1359 4262 1589 4316; x_wconf 89' lang='lat' dir='ltr'>habere.</span> <span class='ocrx_word' id='word_1_473' title='bbox 1631 4265 1727 4317; x_wconf 62' lang='lat' dir='ltr'>Hae</span> <span class='ocrx_word' id='word_1_474' title='bbox 1756 4270 1888 4319; x_wconf 90' lang='lat' dir='ltr'>sunt</span> <span class='ocrx_word' id='word_1_475' title='bbox 1914 4267 1960 4299; x_wconf 67' lang='grc'><strong>³2</strong></span> <span class='ocrx_word' id='word_1_476' title='bbox 1996 4283 2125 4336; x_wconf 76' lang='lat' dir='ltr'>qum</span> 
     </span>
    </p>
   </div>
   <div class='ocr_carea' id='block_1_60' title="bbox 492 4353 2123 4425">
    <p class='ocr_par' dir='ltr' id='par_1_60' title="bbox 492 4353 2123 4425">
     <span class='ocr_line' id='line_1_60' title="bbox 492 4353 2123 4425; baseline 0.003 -17"><span class='ocrx_word' id='word_1_477' title='bbox 492 4353 881 4408; x_wconf 90' lang='lat' dir='ltr'>testimonium</span> <span class='ocrx_word' id='word_1_478' title='bbox 925 4355 1228 4425; x_wconf 87' lang='lat' dir='ltr'>perhibent</span> <span class='ocrx_word' id='word_1_479' title='bbox 1253 4357 1321 4410; x_wconf 84' lang='lat' dir='ltr'>de</span> <span class='ocrx_word' id='word_1_480' title='bbox 1353 4373 1464 4422; x_wconf 86' lang='lat' dir='ltr'>me;</span> <span class='ocrx_word' id='word_1_481' title='bbox 1500 4359 1554 4409; x_wconf 90' lang='lat' dir='ltr'>et</span> <span class='ocrx_word' id='word_1_482' title='bbox 1589 4373 1701 4410; x_wconf 91' lang='lat' dir='ltr'>non</span> <span class='ocrx_word' id='word_1_483' title='bbox 1727 4358 1894 4411; x_wconf 89' lang='lat' dir='ltr'>vultis</span> <span class='ocrx_word' id='word_1_484' title='bbox 1935 4360 2123 4413; x_wconf 82' lang='lat' dir='ltr'>venire</span> 
     </span>
    </p>
   </div>
   <div class='ocr_carea' id='block_1_61' title="bbox 2324 1832 3842 1905">
    <p class='ocr_par' dir='ltr' id='par_1_61' title="bbox 2324 1832 3842 1905">
     <span class='ocr_line' id='line_1_61' title="bbox 2324 1832 3842 1905; baseline -0.004 -16"><span class='ocrx_word' id='word_1_485' title='bbox 2324 1840 2434 1901; x_wconf 85' lang='lat' dir='ltr'>rat,</span> <span class='ocrx_word' id='word_1_486' title='bbox 2461 1837 2641 1905; x_wconf 81' lang='lat' dir='ltr'>plures</span> <span class='ocrx_word' id='word_1_487' title='bbox 2671 1835 2811 1904; x_wconf 85' lang='lat' dir='ltr'>ﬁlios</span> <span class='ocrx_word' id='word_1_488' title='bbox 2842 1834 3098 1888; x_wconf 83' lang='lat' dir='ltr'>habitura</span> <span class='ocrx_word' id='word_1_489' title='bbox 3140 1837 3274 1888; x_wconf 87' lang='lat' dir='ltr'>esset</span> <span class='ocrx_word' id='word_1_490' title='bbox 3321 1848 3390 1887; x_wconf 81' lang='lat' dir='ltr'>ea:</span> <span class='ocrx_word' id='word_1_491' title='bbox 3423 1832 3678 1900; x_wconf 84' lang='lat' dir='ltr'>gentibus,</span> <span class='ocrx_word' id='word_1_492' title='bbox 3710 1846 3842 1900; x_wconf 87' lang='lat' dir='ltr'>quam</span> 
     </span>
    </p>
   </div>
   <div class='ocr_carea' id='block_1_62' title="bbox 2315 1913 3317 1983">
    <p class='ocr_par' dir='ltr' id='par_1_62' title="bbox 2315 1913 3317 1983">
     <span class='ocr_line' id='line_1_62' title="bbox 2315 1913 3317 1983; baseline 0 -16"><span class='ocrx_word' id='word_1_493' title='bbox 2315 1919 2447 1983; x_wconf 87' lang='lat' dir='ltr'>quot</span> <span class='ocrx_word' id='word_1_494' title='bbox 2476 1929 2758 1983; x_wconf 83' lang='lat' dir='ltr'>synagoga</span> <span class='ocrx_word' id='word_1_495' title='bbox 2793 1913 2842 1948; x_wconf 75' lang='grc'>³⁵</span> <span class='ocrx_word' id='word_1_496' title='bbox 2874 1918 3002 1968; x_wconf 89' lang='lat' dir='ltr'>ante</span> <span class='ocrx_word' id='word_1_497' title='bbox 3022 1913 3317 1967; x_wconf 85' lang='lat' dir='ltr'>habuisset.</span> 
     </span>
    </p>
   </div>
   <div class='ocr_carea' id='block_1_63' title="bbox 2311 2025 3840 2098">
    <p class='ocr_par' dir='ltr' id='par_1_63' title="bbox 2311 2025 3840 2098">
     <span class='ocr_line' id='line_1_63' title="bbox 2311 2025 3840 2098; baseline -0.002 -18"><span class='ocrx_word' id='word_1_498' title='bbox 2311 2027 2474 2098; x_wconf 79' lang='lat' dir='ltr'>Apud</span> <span class='ocrx_word' id='word_1_499' title='bbox 2509 2026 2748 2082; x_wconf 90' lang='lat' dir='ltr'>Isaiam:</span> <span class='ocrx_word' id='word_1_500' title='bbox 2782 2048 2810 2077; x_wconf 86' lang='lat'><strong>«</strong></span> <span class='ocrx_word' id='word_1_501' title='bbox 2842 2027 3185 2097; x_wconf 84' lang='lat' dir='ltr'>Jucundare,</span> <span class='ocrx_word' id='word_1_502' title='bbox 3229 2025 3439 2081; x_wconf 87' lang='lat' dir='ltr'>sterilis</span> <span class='ocrx_word' id='word_1_503' title='bbox 3481 2040 3604 2098; x_wconf 69' lang='lat' dir='ltr'>quae</span> <span class='ocrx_word' id='word_1_504' title='bbox 3631 2039 3736 2078; x_wconf 90' lang='lat' dir='ltr'>non</span> <span class='ocrx_word' id='word_1_505' title='bbox 3757 2038 3840 2095; x_wconf 83' lang='lat' dir='ltr'>pa-</span> 
     </span>
    </p>
   </div>
   <div class='ocr_carea' id='block_1_64' title="bbox 2240 2117 3843 2192">
    <p class='ocr_par' dir='ltr' id='par_1_64' title="bbox 2240 2117 3843 2192">
     <span class='ocr_line' id='line_1_64' title="bbox 2240 2117 3843 2192; baseline -0.003 -18"><span class='ocrx_word' id='word_1_506' title='bbox 2240 2121 2336 2186; x_wconf 87' lang='lat' dir='ltr'>ris,</span> <span class='ocrx_word' id='word_1_507' title='bbox 2387 2137 2621 2192; x_wconf 88' lang='lat' dir='ltr'>erumpe</span> <span class='ocrx_word' id='word_1_508' title='bbox 2663 2124 2720 2175; x_wconf 91' lang='lat' dir='ltr'>et</span> <span class='ocrx_word' id='word_1_509' title='bbox 2767 2121 3046 2190; x_wconf 88' lang='lat' dir='ltr'>exclama,</span> <span class='ocrx_word' id='word_1_510' title='bbox 3085 2137 3214 2192; x_wconf 69' lang='lat' dir='ltr'>qum</span> <span class='ocrx_word' id='word_1_511' title='bbox 3266 2137 3385 2176; x_wconf 92' lang='lat' dir='ltr'>non</span> <span class='ocrx_word' id='word_1_512' title='bbox 3434 2118 3690 2191; x_wconf 88' lang='lat' dir='ltr'>parturis,</span> <span class='ocrx_word' id='word_1_513' title='bbox 3737 2117 3843 2188; x_wconf 87' lang='lat' dir='ltr'>quia</span> 
     </span>
    </p>
   </div>
   <div class='ocr_carea' id='block_1_65' title="bbox 2239 2211 3846 2286">
    <p class='ocr_par' dir='ltr' id='par_1_65' title="bbox 2239 2211 3846 2286">
     <span class='ocr_line' id='line_1_65' title="bbox 2239 2211 3846 2286; baseline 0.002 -19"><span class='ocrx_word' id='word_1_514' title='bbox 2239 2214 2404 2268; x_wconf 92' lang='lat' dir='ltr'>multi</span> <span class='ocrx_word' id='word_1_515' title='bbox 2460 2214 2561 2268; x_wconf 83' lang='lat' dir='ltr'>filii</span> <span class='ocrx_word' id='word_1_516' title='bbox 2602 2215 2841 2270; x_wconf 62' lang='lat' dir='ltr'>desertae</span> <span class='ocrx_word' id='word_1_517' title='bbox 2889 2215 3078 2286; x_wconf 88' lang='lat' dir='ltr'>magis</span> <span class='ocrx_word' id='word_1_518' title='bbox 3136 2231 3311 2286; x_wconf 89' lang='lat' dir='ltr'>quam</span> <span class='ocrx_word' id='word_1_519' title='bbox 3359 2216 3482 2286; x_wconf 89' lang='lat' dir='ltr'>ejus</span> <span class='ocrx_word' id='word_1_520' title='bbox 3527 2229 3650 2284; x_wconf 56' lang='lat' dir='ltr'>quas</span> <span class='ocrx_word' id='word_1_521' title='bbox 3702 2211 3846 2270; x_wconf 86' lang='lat' dir='ltr'>habet</span> 
     </span>
    </p>
   </div>
   <div class='ocr_carea' id='block_1_66' title="bbox 2237 2305 3843 2363">
    <p class='ocr_par' dir='ltr' id='par_1_66' title="bbox 2237 2305 3843 2363">
     <span class='ocr_line' id='line_1_66' title="bbox 2237 2305 3843 2363; baseline -0.002 -2"><span class='ocrx_word' id='word_1_522' title='bbox 2237 2308 2613 2363; x_wconf 86' lang='lat' dir='ltr'>virum.Dixit</span> <span class='ocrx_word' id='word_1_523' title='bbox 2643 2308 3090 2363; x_wconf 89' lang='lat' dir='ltr'>enimDominus</span> <span class='ocrx_word' id='word_1_524' title='bbox 3123 2325 3136 2362; x_wconf 89' lang='lat'>:</span> <span class='ocrx_word' id='word_1_525' title='bbox 3173 2309 3356 2362; x_wconf 88' lang='lat' dir='ltr'>Dilata</span> <span class='ocrx_word' id='word_1_526' title='bbox 3381 2309 3568 2362; x_wconf 90' lang='lat' dir='ltr'>locum</span> <span class='ocrx_word' id='word_1_527' title='bbox 3621 2305 3843 2360; x_wconf 85' lang='lat' dir='ltr'>taberna&#39;</span> 
     </span>
    </p>
   </div>
   <div class='ocr_carea' id='block_1_67' title="bbox 2240 2401 3842 2473">
    <p class='ocr_par' dir='ltr' id='par_1_67' title="bbox 2240 2401 3842 2473">
     <span class='ocr_line' id='line_1_67' title="bbox 2240 2401 3842 2473; baseline -0.003 -17"><span class='ocrx_word' id='word_1_528' title='bbox 2240 2401 2352 2456; x_wconf 92' lang='lat' dir='ltr'>culi</span> <span class='ocrx_word' id='word_1_529' title='bbox 2387 2402 2554 2456; x_wconf 91' lang='lat' dir='ltr'>tuiet</span> <span class='ocrx_word' id='word_1_530' title='bbox 2576 2403 2895 2457; x_wconf 64' lang='lat' dir='ltr'>animorum</span> <span class='ocrx_word' id='word_1_531' title='bbox 2930 2409 3154 2457; x_wconf 89' lang='lat' dir='ltr'>tuorum</span> <span class='ocrx_word' id='word_1_532' title='bbox 3201 2409 3258 2457; x_wconf 92' lang='lat' dir='ltr'>et</span> <span class='ocrx_word' id='word_1_533' title='bbox 3293 2403 3405 2473; x_wconf 85' lang='lat' dir='ltr'>ﬁge</span> <span class='ocrx_word' id='word_1_534' title='bbox 3439 2401 3500 2454; x_wconf 82' lang='grc'><strong>³⁷.</strong></span> <span class='ocrx_word' id='word_1_535' title='bbox 3545 2401 3716 2455; x_wconf 87' lang='lat' dir='ltr'>Nolite</span> <span class='ocrx_word' id='word_1_536' title='bbox 3739 2415 3842 2468; x_wconf 88' lang='lat' dir='ltr'>par-</span> 
     </span>
    </p>
   </div>
   <div class='ocr_carea' id='block_1_68' title="bbox 2235 2493 3844 2566">
    <p class='ocr_par' dir='ltr' id='par_1_68' title="bbox 2235 2493 3844 2566">
     <span class='ocr_line' id='line_1_68' title="bbox 2235 2493 3844 2566; baseline -0.001 -18"><span class='ocrx_word' id='word_1_537' title='bbox 2235 2510 2386 2563; x_wconf 86' lang='lat' dir='ltr'>cere,</span> <span class='ocrx_word' id='word_1_538' title='bbox 2438 2497 2636 2566; x_wconf 90' lang='lat' dir='ltr'>longas</span> <span class='ocrx_word' id='word_1_539' title='bbox 2687 2496 2772 2550; x_wconf 84' lang='lat' dir='ltr'>fac</span> <span class='ocrx_word' id='word_1_540' title='bbox 2818 2513 3113 2550; x_wconf 89' lang='lat' dir='ltr'>mensuras</span> <span class='ocrx_word' id='word_1_541' title='bbox 3159 2502 3304 2563; x_wconf 88' lang='lat' dir='ltr'>tuas,</span> <span class='ocrx_word' id='word_1_542' title='bbox 3348 2499 3406 2550; x_wconf 91' lang='lat' dir='ltr'>et</span> <span class='ocrx_word' id='word_1_543' title='bbox 3463 2495 3617 2566; x_wconf 84' lang='lat' dir='ltr'>palos</span> <span class='ocrx_word' id='word_1_544' title='bbox 3666 2497 3779 2548; x_wconf 90' lang='lat' dir='ltr'>tuos</span> <span class='ocrx_word' id='word_1_545' title='bbox 3807 2493 3844 2529; x_wconf 78' lang='grc'>³⁸</span> 
     </span>
    </p>
   </div>
   <div class='ocr_carea' id='block_1_69' title="bbox 2235 2583 3843 2641">
    <p class='ocr_par' dir='ltr' id='par_1_69' title="bbox 2235 2583 3843 2641">
     <span class='ocr_line' id='line_1_69' title="bbox 2235 2583 3843 2641; baseline -0.002 -2"><span class='ocrx_word' id='word_1_546' title='bbox 2235 2586 2530 2641; x_wconf 89' lang='lat' dir='ltr'>conﬁrma.</span> <span class='ocrx_word' id='word_1_547' title='bbox 2564 2586 2758 2640; x_wconf 83' lang='lat' dir='ltr'>Adhuc</span> <span class='ocrx_word' id='word_1_548' title='bbox 2791 2587 2847 2640; x_wconf 93' lang='lat' dir='ltr'>in</span> <span class='ocrx_word' id='word_1_549' title='bbox 2880 2585 3177 2641; x_wconf 81' lang='lat' dir='ltr'>dexteram</span> <span class='ocrx_word' id='word_1_550' title='bbox 3208 2590 3373 2640; x_wconf 89' lang='lat' dir='ltr'>tuam</span> <span class='ocrx_word' id='word_1_551' title='bbox 3404 2589 3460 2639; x_wconf 92' lang='lat' dir='ltr'>et</span> <span class='ocrx_word' id='word_1_552' title='bbox 3506 2585 3561 2638; x_wconf 91' lang='lat' dir='ltr'>in</span> <span class='ocrx_word' id='word_1_553' title='bbox 3600 2583 3843 2638; x_wconf 87' lang='lat' dir='ltr'>sinistram</span> 
     </span>
    </p>
   </div>
   <div class='ocr_carea' id='block_1_70' title="bbox 2234 2676 3845 2750">
    <p class='ocr_par' dir='ltr' id='par_1_70' title="bbox 2234 2676 3845 2750">
     <span class='ocr_line' id='line_1_70' title="bbox 2234 2676 3845 2750; baseline -0.002 -16"><span class='ocrx_word' id='word_1_554' title='bbox 2234 2679 2495 2746; x_wconf 87' lang='lat' dir='ltr'>extende,</span> <span class='ocrx_word' id='word_1_555' title='bbox 2560 2681 2616 2733; x_wconf 93' lang='lat' dir='ltr'>et</span> <span class='ocrx_word' id='word_1_556' title='bbox 2681 2695 2880 2734; x_wconf 91' lang='lat' dir='ltr'>semen</span> <span class='ocrx_word' id='word_1_557' title='bbox 2967 2685 3133 2734; x_wconf 90' lang='lat' dir='ltr'>tuum</span> <span class='ocrx_word' id='word_1_558' title='bbox 3220 2682 3425 2750; x_wconf 89' lang='lat' dir='ltr'>gentes</span> <span class='ocrx_word' id='word_1_559' title='bbox 3505 2676 3790 2749; x_wconf 86' lang='lat' dir='ltr'>possidebit</span> <span class='ocrx_word' id='word_1_560' title='bbox 3810 2676 3845 2708; x_wconf 72' lang='grc'><strong>³9</strong></span> 
     </span>
    </p>
   </div>
   <div class='ocr_carea' id='block_1_71' title="bbox 2234 2770 3842 2848">
    <p class='ocr_par' dir='ltr' id='par_1_71' title="bbox 2234 2770 3842 2848">
     <span class='ocr_line' id='line_1_71' title="bbox 2234 2770 3842 2848; baseline -0.002 -23"><span class='ocrx_word' id='word_1_561' title='bbox 2234 2777 2292 2826; x_wconf 88' lang='lat' dir='ltr'>et</span> <span class='ocrx_word' id='word_1_562' title='bbox 2345 2772 2602 2827; x_wconf 90' lang='lat' dir='ltr'>civitates</span> <span class='ocrx_word' id='word_1_563' title='bbox 2668 2773 2918 2828; x_wconf 88' lang='lat' dir='ltr'>desertas</span> <span class='ocrx_word' id='word_1_564' title='bbox 2982 2773 3352 2828; x_wconf 88' lang='lat' dir='ltr'>inhabitabit.</span> <span class='ocrx_word' id='word_1_565' title='bbox 3434 2772 3556 2827; x_wconf 86' lang='lat' dir='ltr'>Noli</span> <span class='ocrx_word' id='word_1_566' title='bbox 3653 2770 3842 2848; x_wconf 54' lang='lat' dir='ltr'>timere,</span> 
     </span>
    </p>
   </div>
   <div class='ocr_carea' id='block_1_72' title="bbox 2233 2863 3843 2938">
    <p class='ocr_par' dir='ltr' id='par_1_72' title="bbox 2233 2863 3843 2938">
     <span class='ocr_line' id='line_1_72' title="bbox 2233 2863 3843 2938; baseline -0.002 -18"><span class='ocrx_word' id='word_1_567' title='bbox 2233 2865 2364 2936; x_wconf 90' lang='lat' dir='ltr'>quia</span> <span class='ocrx_word' id='word_1_568' title='bbox 2443 2867 2715 2921; x_wconf 87' lang='lat' dir='ltr'>revinces.</span> <span class='ocrx_word' id='word_1_569' title='bbox 2795 2868 2990 2938; x_wconf 89' lang='lat' dir='ltr'>Neque</span> <span class='ocrx_word' id='word_1_570' title='bbox 3092 2867 3414 2922; x_wconf 82' lang='lat' dir='ltr'>reverearis</span> <span class='ocrx_word' id='word_1_571' title='bbox 3507 2866 3636 2937; x_wconf 85' lang='lat' dir='ltr'>quia</span> <span class='ocrx_word' id='word_1_572' title='bbox 3695 2863 3843 2919; x_wconf 88' lang='lat' dir='ltr'>male-</span> 
     </span>
    </p>
   </div>
   <div class='ocr_carea' id='block_1_73' title="bbox 2234 2956 3847 3032">
    <p class='ocr_par' dir='ltr' id='par_1_73' title="bbox 2234 2956 3847 3032">
     <span class='ocr_line' id='line_1_73' title="bbox 2234 2956 3847 3032; baseline -0.001 -20"><span class='ocrx_word' id='word_1_573' title='bbox 2234 2959 2386 3013; x_wconf 81' lang='lat' dir='ltr'>dicta</span> <span class='ocrx_word' id='word_1_574' title='bbox 2452 2976 2550 3027; x_wconf 91' lang='lat' dir='ltr'>es,</span> <span class='ocrx_word' id='word_1_575' title='bbox 2620 2961 2898 3032; x_wconf 89' lang='lat' dir='ltr'>quoniam</span> <span class='ocrx_word' id='word_1_576' title='bbox 2964 2961 3359 3016; x_wconf 89' lang='lat' dir='ltr'>confusionem</span> <span class='ocrx_word' id='word_1_577' title='bbox 3429 2964 3696 3015; x_wconf 64' lang='lat' dir='ltr'>mteruam</span> <span class='ocrx_word' id='word_1_578' title='bbox 3737 2956 3847 3012; x_wconf 90' lang='lat' dir='ltr'>obli-</span> 
     </span>
    </p>
   </div>
   <div class='ocr_carea' id='block_1_74' title="bbox 2229 3051 3844 3125">
    <p class='ocr_par' dir='ltr' id='par_1_74' title="bbox 2229 3051 3844 3125">
     <span class='ocr_line' id='line_1_74' title="bbox 2229 3051 3844 3125; baseline -0.001 -19"><span class='ocrx_word' id='word_1_579' title='bbox 2229 3054 2457 3108; x_wconf 75' lang='lat' dir='ltr'>vrsceris</span> <span class='ocrx_word' id='word_1_580' title='bbox 2489 3077 2516 3103; x_wconf 85' lang='lat'>»</span> <span class='ocrx_word' id='word_1_581' title='bbox 2560 3057 2710 3123; x_wconf 85' lang='lat' dir='ltr'>(Isa.,</span> <span class='ocrx_word' id='word_1_582' title='bbox 2739 3071 2847 3120; x_wconf 77' lang='lat' dir='ltr'>Liv,</span> <span class='ocrx_word' id='word_1_583' title='bbox 2881 3061 2931 3122; x_wconf 82' lang='grc'>1,</span> <span class='ocrx_word' id='word_1_584' title='bbox 2978 3054 3054 3125; x_wconf 78' lang='grc'><strong>4).</strong></span> <span class='ocrx_word' id='word_1_585' title='bbox 3105 3055 3192 3111; x_wconf 91' lang='lat' dir='ltr'>Sic</span> <span class='ocrx_word' id='word_1_586' title='bbox 3240 3058 3298 3110; x_wconf 88' lang='lat' dir='ltr'>et</span> <span class='ocrx_word' id='word_1_587' title='bbox 3349 3054 3591 3108; x_wconf 62' lang='lat' dir='ltr'>Abrahae</span> <span class='ocrx_word' id='word_1_588' title='bbox 3628 3068 3743 3108; x_wconf 88' lang='lat' dir='ltr'>cum</span> <span class='ocrx_word' id='word_1_589' title='bbox 3791 3051 3844 3105; x_wconf 89' lang='lat' dir='ltr'>de</span> 
     </span>
    </p>
   </div>
   <div class='ocr_carea' id='block_1_75' title="bbox 2087 3111 3844 3220">
    <p class='ocr_par' dir='ltr' id='par_1_75' title="bbox 2087 3111 3844 3220">
     <span class='ocr_line' id='line_1_75' title="bbox 2087 3111 3844 3220; baseline -0.002 -21"><span class='ocrx_word' id='word_1_590' title='bbox 2087 3111 2430 3202; x_wconf 75' lang='lat' dir='ltr'>)&#39;Cancilla</span> <span class='ocrx_word' id='word_1_591' title='bbox 2485 3111 2654 3203; x_wconf 64' lang='lat' dir='ltr'>natus</span> <span class='ocrx_word' id='word_1_592' title='bbox 2707 3111 2855 3204; x_wconf 80' lang='lat' dir='ltr'>esset</span> <span class='ocrx_word' id='word_1_593' title='bbox 2918 3111 3084 3220; x_wconf 61' lang='lat' dir='ltr'>prior</span> <span class='ocrx_word' id='word_1_594' title='bbox 3129 3149 3296 3203; x_wconf 88' lang='lat' dir='ltr'>ﬁlius.</span> <span class='ocrx_word' id='word_1_595' title='bbox 3347 3149 3486 3204; x_wconf 90' lang='lat' dir='ltr'>Sara</span> <span class='ocrx_word' id='word_1_596' title='bbox 3535 3146 3727 3202; x_wconf 86' lang='lat' dir='ltr'>sterilis</span> <span class='ocrx_word' id='word_1_597' title='bbox 3767 3144 3844 3198; x_wconf 91' lang='lat' dir='ltr'>diu</span> 
     </span>
    </p>
   </div>
   <div class='ocr_carea' id='block_1_76' title="bbox 2229 3238 3845 3314">
    <p class='ocr_par' dir='ltr' id='par_1_76' title="bbox 2229 3238 3845 3314">
     <span class='ocr_line' id='line_1_76' title="bbox 2229 3238 3845 3314; baseline -0.002 -20"><span class='ocrx_word' id='word_1_598' title='bbox 2229 3241 2448 3295; x_wconf 89' lang='lat' dir='ltr'>mansit</span> <span class='ocrx_word' id='word_1_599' title='bbox 2474 3246 2528 3296; x_wconf 88' lang='lat' dir='ltr'>et</span> <span class='ocrx_word' id='word_1_600' title='bbox 2558 3259 2688 3297; x_wconf 90' lang='lat' dir='ltr'>sero</span> <span class='ocrx_word' id='word_1_601' title='bbox 2715 3243 2774 3296; x_wconf 89' lang='lat' dir='ltr'>in</span> <span class='ocrx_word' id='word_1_602' title='bbox 2820 3247 3046 3297; x_wconf 82' lang='lat' dir='ltr'>senecta</span> <span class='ocrx_word' id='word_1_603' title='bbox 3093 3243 3162 3298; x_wconf 91' lang='lat' dir='ltr'>de</span> <span class='ocrx_word' id='word_1_604' title='bbox 3213 3241 3621 3314; x_wconf 86' lang='lat' dir='ltr'>pollicitatione</span> <span class='ocrx_word' id='word_1_605' title='bbox 3657 3238 3845 3312; x_wconf 85' lang='lat' dir='ltr'>peperit</span> 
     </span>
    </p>
   </div>
   <div class='ocr_carea' id='block_1_77' title="bbox 2229 3332 3842 3409">
    <p class='ocr_par' dir='ltr' id='par_1_77' title="bbox 2229 3332 3842 3409">
     <span class='ocr_line' id='line_1_77' title="bbox 2229 3332 3842 3409; baseline -0.001 -21"><span class='ocrx_word' id='word_1_606' title='bbox 2229 3335 2412 3390; x_wconf 86' lang='lat' dir='ltr'>ﬁlium</span> <span class='ocrx_word' id='word_1_607' title='bbox 2441 3337 2596 3390; x_wconf 89' lang='lat' dir='ltr'>Isaac</span> <span class='ocrx_word' id='word_1_608' title='bbox 2621 3335 2812 3409; x_wconf 85' lang='lat'>689</span> <span class='ocrx_word' id='word_1_609' title='bbox 2845 3336 3024 3409; x_wconf 76' lang='lat' dir='ltr'>(Gen.,</span> <span class='ocrx_word' id='word_1_610' title='bbox 3047 3337 3183 3408; x_wconf 72' lang='lat' dir='ltr'>xxx),</span> <span class='ocrx_word' id='word_1_611' title='bbox 3207 3337 3304 3408; x_wconf 89' lang='lat' dir='ltr'>qui</span> <span class='ocrx_word' id='word_1_612' title='bbox 3330 3337 3448 3393; x_wconf 83' lang='lat' dir='ltr'>fuit</span> <span class='ocrx_word' id='word_1_613' title='bbox 3475 3340 3638 3408; x_wconf 86' lang='lat' dir='ltr'>typus</span> <span class='ocrx_word' id='word_1_614' title='bbox 3652 3332 3842 3389; x_wconf 60' lang='lat' dir='ltr'>Christi,</span> 
     </span>
    </p>
   </div>
   <div class='ocr_carea' id='block_1_78' title="bbox 2227 3427 3842 3504">
    <p class='ocr_par' dir='ltr' id='par_1_78' title="bbox 2227 3427 3842 3504">
     <span class='ocr_line' id='line_1_78' title="bbox 2227 3427 3842 3504; baseline -0.001 -21"><span class='ocrx_word' id='word_1_615' title='bbox 2227 3427 2316 3483; x_wconf 93' lang='lat' dir='ltr'>Sic</span> <span class='ocrx_word' id='word_1_616' title='bbox 2386 3435 2444 3484; x_wconf 87' lang='lat' dir='ltr'>et</span> <span class='ocrx_word' id='word_1_617' title='bbox 2499 3430 2668 3484; x_wconf 80' lang='lat' dir='ltr'>Iacob</span> <span class='ocrx_word' id='word_1_618' title='bbox 2722 3431 2936 3501; x_wconf 87' lang='lat' dir='ltr'>accepit</span> <span class='ocrx_word' id='word_1_619' title='bbox 3001 3447 3206 3487; x_wconf 85' lang='lat' dir='ltr'>uxores</span> <span class='ocrx_word' id='word_1_620' title='bbox 3274 3431 3420 3486; x_wconf 89' lang='lat' dir='ltr'>duas</span> <span class='ocrx_word' id='word_1_621' title='bbox 3485 3433 3658 3503; x_wconf 86' lang='lat' dir='ltr'>(Gen.,</span> <span class='ocrx_word' id='word_1_622' title='bbox 3722 3441 3842 3504; x_wconf 70' lang='lat' dir='ltr'>xxix,</span> 
     </span>
    </p>
   </div>
   <div class='ocr_carea' id='block_1_79' title="bbox 2224 3523 3843 3594">
    <p class='ocr_par' dir='ltr' id='par_1_79' title="bbox 2224 3523 3843 3594">
     <span class='ocr_line' id='line_1_79' title="bbox 2224 3523 3843 3594; baseline -0.002 -18"><span class='ocrx_word' id='word_1_623' title='bbox 2224 3523 2373 3591; x_wconf 84' lang='lat' dir='ltr'>xxx),</span> <span class='ocrx_word' id='word_1_624' title='bbox 2427 3523 2712 3594; x_wconf 88' lang='lat' dir='ltr'>majorem</span> <span class='ocrx_word' id='word_1_625' title='bbox 2763 3524 2918 3579; x_wconf 88' lang='lat' dir='ltr'>Liam</span> <span class='ocrx_word' id='word_1_626' title='bbox 2968 3525 3145 3580; x_wconf 91' lang='lat' dir='ltr'>oculis</span> <span class='ocrx_word' id='word_1_627' title='bbox 3196 3525 3616 3581; x_wconf 85' lang='lat' dir='ltr'>inﬁrmioribus</span> <span class='ocrx_word' id='word_1_628' title='bbox 3678 3528 3843 3593; x_wconf 84' lang='lat' dir='ltr'>typum</span> 
     </span>
    </p>
   </div>
   <div class='ocr_carea' id='block_1_80' title="bbox 2232 3615 3841 3691">
    <p class='ocr_par' dir='ltr' id='par_1_80' title="bbox 2232 3615 3841 3691">
     <span class='ocr_line' id='line_1_80' title="bbox 2232 3615 3841 3691; baseline -0.002 -17"><span class='ocrx_word' id='word_1_629' title='bbox 2232 3615 2574 3689; x_wconf 75' lang='lat' dir='ltr'>Synagogae,</span> <span class='ocrx_word' id='word_1_630' title='bbox 2592 3618 2877 3674; x_wconf 89' lang='lat' dir='ltr'>minorem</span> <span class='ocrx_word' id='word_1_631' title='bbox 2904 3619 3220 3690; x_wconf 88' lang='lat' dir='ltr'>speciosam</span> <span class='ocrx_word' id='word_1_632' title='bbox 3239 3619 3452 3675; x_wconf 86' lang='lat' dir='ltr'>Rachel</span> <span class='ocrx_word' id='word_1_633' title='bbox 3466 3623 3663 3691; x_wconf 84' lang='lat' dir='ltr'>typum</span> <span class='ocrx_word' id='word_1_634' title='bbox 3687 3617 3841 3672; x_wconf 85' lang='lat' dir='ltr'>Eccle-</span> 
     </span>
    </p>
   </div>
   <div class='ocr_carea' id='block_1_81' title="bbox 2225 3710 3843 3784">
    <p class='ocr_par' dir='ltr' id='par_1_81' title="bbox 2225 3710 3843 3784">
     <span class='ocr_line' id='line_1_81' title="bbox 2225 3710 3843 3784; baseline 0.002 -21"><span class='ocrx_word' id='word_1_635' title='bbox 2225 3710 2504 3782; x_wconf 67' lang='lat' dir='ltr'>siaa,quaa</span> <span class='ocrx_word' id='word_1_636' title='bbox 2548 3718 2604 3766; x_wconf 90' lang='lat' dir='ltr'>et</span> <span class='ocrx_word' id='word_1_637' title='bbox 2662 3713 2867 3767; x_wconf 89' lang='lat' dir='ltr'>sterilis</span> <span class='ocrx_word' id='word_1_638' title='bbox 2921 3714 3018 3768; x_wconf 90' lang='lat' dir='ltr'>diu</span> <span class='ocrx_word' id='word_1_639' title='bbox 3072 3714 3301 3782; x_wconf 88' lang='lat' dir='ltr'>mansit,</span> <span class='ocrx_word' id='word_1_640' title='bbox 3353 3717 3413 3769; x_wconf 90' lang='lat' dir='ltr'>et</span> <span class='ocrx_word' id='word_1_641' title='bbox 3439 3716 3632 3784; x_wconf 87' lang='lat' dir='ltr'>postea</span> <span class='ocrx_word' id='word_1_642' title='bbox 3695 3726 3843 3782; x_wconf 87' lang='lat' dir='ltr'>pepe-</span> 
     </span>
    </p>
   </div>
   <div class='ocr_carea' id='block_1_82' title="bbox 2226 3804 3836 3879">
    <p class='ocr_par' dir='ltr' id='par_1_82' title="bbox 2226 3804 3836 3879">
     <span class='ocr_line' id='line_1_82' title="bbox 2226 3804 3836 3879; baseline -0.001 -21"><span class='ocrx_word' id='word_1_643' title='bbox 2226 3804 2298 3858; x_wconf 91' lang='lat' dir='ltr'>rit</span> <span class='ocrx_word' id='word_1_644' title='bbox 2336 3805 2546 3876; x_wconf 85' lang='lat' dir='ltr'>Joseph</span> <span class='ocrx_word' id='word_1_645' title='bbox 2577 3807 2642 3872; x_wconf 79' lang='grc'>⁴¹,</span> <span class='ocrx_word' id='word_1_646' title='bbox 2691 3806 2788 3877; x_wconf 91' lang='lat' dir='ltr'>qui</span> <span class='ocrx_word' id='word_1_647' title='bbox 2835 3813 2891 3862; x_wconf 89' lang='lat' dir='ltr'>et</span> <span class='ocrx_word' id='word_1_648' title='bbox 2929 3808 3049 3879; x_wconf 90' lang='lat' dir='ltr'>ipse</span> <span class='ocrx_word' id='word_1_649' title='bbox 3087 3807 3196 3863; x_wconf 90' lang='lat' dir='ltr'>fuit</span> <span class='ocrx_word' id='word_1_650' title='bbox 3232 3810 3401 3879; x_wconf 84' lang='lat' dir='ltr'>typus</span> <span class='ocrx_word' id='word_1_651' title='bbox 3447 3807 3674 3864; x_wconf 89' lang='lat' dir='ltr'>Christi.</span> <span class='ocrx_word' id='word_1_652' title='bbox 3712 3807 3769 3860; x_wconf 86' lang='lat' dir='ltr'>Et</span> <span class='ocrx_word' id='word_1_653' title='bbox 3789 3804 3836 3858; x_wconf 89' lang='lat' dir='ltr'>in</span> 
     </span>
    </p>
   </div>
   <div class='ocr_carea' id='block_1_83' title="bbox 2227 3898 3839 3972">
    <p class='ocr_par' dir='ltr' id='par_1_83' title="bbox 2227 3898 3839 3972">
     <span class='ocr_line' id='line_1_83' title="bbox 2227 3898 3839 3972; baseline -0.002 -18"><span class='ocrx_word' id='word_1_654' title='bbox 2227 3898 2467 3954; x_wconf 87' lang='lat' dir='ltr'>Basilion</span> <span class='ocrx_word' id='word_1_655' title='bbox 2519 3899 2708 3970; x_wconf 92' lang='lat' dir='ltr'>primo</span> <span class='ocrx_word' id='word_1_656' title='bbox 2752 3901 2964 3972; x_wconf 81' lang='lat' dir='ltr'>legitur</span> <span class='ocrx_word' id='word_1_657' title='bbox 3007 3903 3250 3957; x_wconf 87' lang='lat' dir='ltr'>Helcaua</span> <span class='ocrx_word' id='word_1_658' title='bbox 3269 3902 3544 3957; x_wconf 88' lang='lat' dir='ltr'>habuisse</span> <span class='ocrx_word' id='word_1_659' title='bbox 3571 3900 3614 3936; x_wconf 73' lang='grc'>⁸³</span> <span class='ocrx_word' id='word_1_660' title='bbox 3643 3914 3839 3956; x_wconf 84' lang='lat' dir='ltr'>uxorem</span> 
     </span>
    </p>
   </div>
   <div class='ocr_carea' id='block_1_84' title="bbox 2226 3991 3841 4063">
    <p class='ocr_par' dir='ltr' id='par_1_84' title="bbox 2226 3991 3841 4063">
     <span class='ocr_line' id='line_1_84' title="bbox 2226 3991 3841 4063; baseline 0 -18"><span class='ocrx_word' id='word_1_661' title='bbox 2226 3991 2388 4060; x_wconf 90' lang='lat' dir='ltr'>duas,</span> <span class='ocrx_word' id='word_1_662' title='bbox 2415 3993 2740 4048; x_wconf 83' lang='lat' dir='ltr'>Fenenuam</span> <span class='ocrx_word' id='word_1_663' title='bbox 2771 4011 2903 4050; x_wconf 91' lang='lat' dir='ltr'>cum</span> <span class='ocrx_word' id='word_1_664' title='bbox 2930 3995 3081 4063; x_wconf 90' lang='lat' dir='ltr'>ﬁliis,</span> <span class='ocrx_word' id='word_1_665' title='bbox 3129 4001 3187 4052; x_wconf 90' lang='lat' dir='ltr'>et</span> <span class='ocrx_word' id='word_1_666' title='bbox 3221 3999 3448 4051; x_wconf 87' lang='lat' dir='ltr'>Annam</span> <span class='ocrx_word' id='word_1_667' title='bbox 3493 3995 3751 4061; x_wconf 89' lang='lat' dir='ltr'>sterilem,</span> <span class='ocrx_word' id='word_1_668' title='bbox 3792 4007 3841 4046; x_wconf 81' lang='lat' dir='ltr'>ex</span> 
     </span>
    </p>
   </div>
   <div class='ocr_carea' id='block_1_85' title="bbox 2223 4087 3842 4159">
    <p class='ocr_par' dir='ltr' id='par_1_85' title="bbox 2223 4087 3842 4159">
     <span class='ocr_line' id='line_1_85' title="bbox 2223 4087 3842 4159; baseline 0 -19"><span class='ocrx_word' id='word_1_669' title='bbox 2223 4102 2335 4157; x_wconf 89' lang='lat' dir='ltr'>qua</span> <span class='ocrx_word' id='word_1_670' title='bbox 2394 4087 2644 4150; x_wconf 84' lang='lat' dir='ltr'>nascitur</span> <span class='ocrx_word' id='word_1_671' title='bbox 2712 4089 2968 4159; x_wconf 90' lang='lat' dir='ltr'>Samuel,</span> <span class='ocrx_word' id='word_1_672' title='bbox 3049 4107 3164 4145; x_wconf 91' lang='lat' dir='ltr'>non</span> <span class='ocrx_word' id='word_1_673' title='bbox 3237 4092 3556 4146; x_wconf 87' lang='lat' dir='ltr'>secundum</span> <span class='ocrx_word' id='word_1_674' title='bbox 3618 4090 3842 4144; x_wconf 88' lang='lat' dir='ltr'>ordinem</span> 
     </span>
    </p>
   </div>
   <div class='ocr_carea' id='block_1_86' title="bbox 2223 4181 3843 4254">
    <p class='ocr_par' dir='ltr' id='par_1_86' title="bbox 2223 4181 3843 4254">
     <span class='ocr_line' id='line_1_86' title="bbox 2223 4181 3843 4254; baseline 0.001 -20"><span class='ocrx_word' id='word_1_675' title='bbox 2223 4181 2553 4250; x_wconf 88' lang='lat' dir='ltr'>generandi,</span> <span class='ocrx_word' id='word_1_676' title='bbox 2583 4182 2678 4236; x_wconf 90' lang='lat' dir='ltr'>sed</span> <span class='ocrx_word' id='word_1_677' title='bbox 2716 4183 3030 4238; x_wconf 91' lang='lat' dir='ltr'>secundum</span> <span class='ocrx_word' id='word_1_678' title='bbox 3063 4184 3163 4239; x_wconf 92' lang='lat' dir='ltr'>Dei</span> <span class='ocrx_word' id='word_1_679' title='bbox 3206 4185 3637 4240; x_wconf 84' lang='lat' dir='ltr'>miserationem</span> <span class='ocrx_word' id='word_1_680' title='bbox 3666 4186 3718 4239; x_wconf 91' lang='lat' dir='ltr'>et</span> <span class='ocrx_word' id='word_1_681' title='bbox 3739 4197 3843 4254; x_wconf 86' lang='lat' dir='ltr'>pro_</span> 
     </span>
    </p>
   </div>
   <div class='ocr_carea' id='block_1_87' title="bbox 2225 4274 3840 4351">
    <p class='ocr_par' dir='ltr' id='par_1_87' title="bbox 2225 4274 3840 4351">
     <span class='ocr_line' id='line_1_87' title="bbox 2225 4274 3840 4351; baseline 0.008 -24"><span class='ocrx_word' id='word_1_682' title='bbox 2225 4274 2578 4343; x_wconf 89' lang='lat' dir='ltr'>missionem,</span> <span class='ocrx_word' id='word_1_683' title='bbox 2606 4293 2735 4330; x_wconf 89' lang='lat' dir='ltr'>cum</span> <span class='ocrx_word' id='word_1_684' title='bbox 2784 4278 2880 4332; x_wconf 91' lang='lat' dir='ltr'>illa</span> <span class='ocrx_word' id='word_1_685' title='bbox 2911 4285 3128 4333; x_wconf 83' lang='lat' dir='ltr'>orasset</span> <span class='ocrx_word' id='word_1_686' title='bbox 3158 4279 3216 4333; x_wconf 91' lang='lat' dir='ltr'>in</span> <span class='ocrx_word' id='word_1_687' title='bbox 3244 4281 3461 4350; x_wconf 88' lang='lat' dir='ltr'>templo</span> <span class='ocrx_word' id='word_1_688' title='bbox 3518 4281 3560 4351; x_wconf 90' lang='grc' dir='ltr'>(Ι</span> <span class='ocrx_word' id='word_1_689' title='bbox 3589 4283 3729 4346; x_wconf 85' lang='lat' dir='ltr'>Reg.,</span> <span class='ocrx_word' id='word_1_690' title='bbox 3771 4278 3804 4346; x_wconf 81' lang='grc' dir='ltr'>ι)</span> <span class='ocrx_word' id='word_1_691' title='bbox 3830 4303 3840 4340; x_wconf 88' lang='lat'>:</span> 
     </span>
    </p>
   </div>
   <div class='ocr_carea' id='block_1_88' title="bbox 2233 4370 3841 4442">
    <p class='ocr_par' dir='ltr' id='par_1_88' title="bbox 2233 4370 3841 4442">
     <span class='ocr_line' id='line_1_88' title="bbox 2233 4370 3841 4442; baseline 0.001 -22"><span class='ocrx_word' id='word_1_692' title='bbox 2233 4371 2291 4421; x_wconf 83' lang='lat' dir='ltr'>et</span> <span class='ocrx_word' id='word_1_693' title='bbox 2320 4375 2484 4423; x_wconf 88' lang='lat' dir='ltr'>natus</span> <span class='ocrx_word' id='word_1_694' title='bbox 2509 4371 2757 4439; x_wconf 89' lang='lat' dir='ltr'>Samuel,</span> <span class='ocrx_word' id='word_1_695' title='bbox 2792 4377 2958 4442; x_wconf 87' lang='lat' dir='ltr'>typus</span> <span class='ocrx_word' id='word_1_696' title='bbox 2979 4372 3087 4427; x_wconf 85' lang='lat' dir='ltr'>fuit</span> <span class='ocrx_word' id='word_1_697' title='bbox 3121 4373 3512 4429; x_wconf 87' lang='lat' dir='ltr'>Christi.ltem</span> <span class='ocrx_word' id='word_1_698' title='bbox 3549 4374 3606 4428; x_wconf 92' lang='lat' dir='ltr'>in</span> <span class='ocrx_word' id='word_1_699' title='bbox 3629 4370 3841 4426; x_wconf 89' lang='lat' dir='ltr'>Basilion</span> 
     </span>
    </p>
   </div>
   <div class='ocr_carea' id='block_1_89' title="bbox 495 4448 3842 4566">
    <p class='ocr_par' dir='ltr' id='par_1_89' title="bbox 495 4448 3842 4566">
     <span class='ocr_line' id='line_1_89' title="bbox 495 4448 3842 4566; baseline 0.002 -65"><span class='ocrx_word' id='word_1_700' title='bbox 495 4448 564 4502; x_wconf 91' lang='lat' dir='ltr'>ad</span> <span class='ocrx_word' id='word_1_701' title='bbox 610 4463 701 4502; x_wconf 91' lang='lat' dir='ltr'>me</span> <span class='ocrx_word' id='word_1_702' title='bbox 755 4450 820 4500; x_wconf 88' lang='lat' dir='ltr'>ut</span> <span class='ocrx_word' id='word_1_703' title='bbox 863 4448 1556 4566; x_wconf 37' lang='lat' dir='ltr'>vitapinhabeatis;Nolite</span> <span class='ocrx_word' id='word_1_704' title='bbox 1603 4456 1800 4521; x_wconf 90' lang='lat' dir='ltr'>putare</span> <span class='ocrx_word' id='word_1_705' title='bbox 1842 4453 1975 4521; x_wconf 86' lang='lat' dir='ltr'>quia</span> <span class='ocrx_word' id='word_1_706' title='bbox 2016 4470 2123 4524; x_wconf 91' lang='lat' dir='ltr'>ego</span> <span class='ocrx_word' id='word_1_707' title='bbox 2148 4495 2207 4566; x_wconf 84' lang='lat' dir='ltr'><strong>D</strong></span> <span class='ocrx_word' id='word_1_708' title='bbox 2231 4461 2416 4532; x_wconf 72' lang='lat' dir='ltr'>primo</span> <span class='ocrx_word' id='word_1_709' title='bbox 2452 4485 2462 4515; x_wconf 73' lang='grc' dir='ltr'><strong>ε</strong></span> <span class='ocrx_word' id='word_1_710' title='bbox 2499 4485 2525 4512; x_wconf 72' lang='grc' dir='ltr'>α</span> <span class='ocrx_word' id='word_1_711' title='bbox 2557 4464 2776 4519; x_wconf 68' lang='lat' dir='ltr'>sterilis</span> <span class='ocrx_word' id='word_1_712' title='bbox 2805 4471 3026 4537; x_wconf 67' lang='lat' dir='ltr'>septem</span> <span class='ocrx_word' id='word_1_713' title='bbox 3057 4468 3300 4538; x_wconf 59' lang='lat' dir='ltr'>peperit,</span> <span class='ocrx_word' id='word_1_714' title='bbox 3333 4471 3392 4522; x_wconf 66' lang='lat' dir='ltr'>et</span> <span class='ocrx_word' id='word_1_715' title='bbox 3440 4485 3570 4539; x_wconf 57' lang='lat' dir='ltr'>qua,</span> <span class='ocrx_word' id='word_1_716' title='bbox 3600 4465 3842 4537; x_wconf 65' lang='lat' dir='ltr'>plurimos</span> 
     </span>
    </p>
   </div>
   <div class='ocr_carea' id='block_1_90' title="bbox 490 4541 2124 4619">
    <p class='ocr_par' dir='ltr' id='par_1_90' title="bbox 490 4541 2124 4619">
     <span class='ocr_line' id='line_1_90' title="bbox 490 4541 2124 4619; baseline 0.006 -25"><span class='ocrx_word' id='word_1_717' title='bbox 490 4556 590 4595; x_wconf 90' lang='lat' dir='ltr'>vos</span> <span class='ocrx_word' id='word_1_718' title='bbox 620 4557 818 4595; x_wconf 90' lang='lat' dir='ltr'>accuso</span> <span class='ocrx_word' id='word_1_719' title='bbox 847 4541 1000 4612; x_wconf 90' lang='lat' dir='ltr'>apud</span> <span class='ocrx_word' id='word_1_720' title='bbox 1041 4545 1286 4597; x_wconf 88' lang='lat' dir='ltr'>Patrem.</span> <span class='ocrx_word' id='word_1_721' title='bbox 1331 4544 1425 4598; x_wconf 89' lang='lat' dir='ltr'>Est</span> <span class='ocrx_word' id='word_1_722' title='bbox 1447 4544 1543 4614; x_wconf 91' lang='lat' dir='ltr'>qui</span> <span class='ocrx_word' id='word_1_723' title='bbox 1579 4561 1674 4598; x_wconf 89' lang='lat' dir='ltr'>vos</span> <span class='ocrx_word' id='word_1_724' title='bbox 1701 4550 1944 4614; x_wconf 89' lang='lat' dir='ltr'>accuset,</span> <span class='ocrx_word' id='word_1_725' title='bbox 1976 4548 2124 4619; x_wconf 82' lang='lat' dir='ltr'>Moy-</span> 
     </span>
    </p>
   </div>
   <div class='ocr_carea' id='block_1_91' title="bbox 491 4634 2128 4708">
    <p class='ocr_par' dir='ltr' id='par_1_91' title="bbox 491 4634 2128 4708">
     <span class='ocr_line' id='line_1_91' title="bbox 491 4634 2128 4708; baseline 0.005 -20"><span class='ocrx_word' id='word_1_726' title='bbox 491 4650 603 4703; x_wconf 90' lang='lat' dir='ltr'>ses,</span> <span class='ocrx_word' id='word_1_727' title='bbox 636 4634 692 4688; x_wconf 91' lang='lat' dir='ltr'>in</span> <span class='ocrx_word' id='word_1_728' title='bbox 719 4651 891 4706; x_wconf 91' lang='lat' dir='ltr'>quem</span> <span class='ocrx_word' id='word_1_729' title='bbox 919 4652 1013 4689; x_wconf 88' lang='lat' dir='ltr'>vos</span> <span class='ocrx_word' id='word_1_730' title='bbox 1056 4637 1296 4708; x_wconf 89' lang='lat' dir='ltr'>speratis</span> <span class='ocrx_word' id='word_1_731' title='bbox 1326 4637 1392 4691; x_wconf 66' lang='lat'>32.</span> <span class='ocrx_word' id='word_1_732' title='bbox 1437 4638 1488 4692; x_wconf 91' lang='lat' dir='ltr'>Si</span> <span class='ocrx_word' id='word_1_733' title='bbox 1542 4639 1694 4693; x_wconf 91' lang='lat' dir='ltr'>enim</span> <span class='ocrx_word' id='word_1_734' title='bbox 1751 4640 2128 4696; x_wconf 89' lang='lat' dir='ltr'>credidissetis</span> 
     </span>
    </p>
   </div>
   <div class='ocr_carea' id='block_1_92' title="bbox 488 4728 2123 4806">
    <p class='ocr_par' dir='ltr' id='par_1_92' title="bbox 488 4728 2123 4806">
     <span class='ocr_line' id='line_1_92' title="bbox 488 4728 2123 4806; baseline 0.003 -23"><span class='ocrx_word' id='word_1_735' title='bbox 488 4728 680 4800; x_wconf 86' lang='lat' dir='ltr'>Moysi,</span> <span class='ocrx_word' id='word_1_736' title='bbox 711 4728 1014 4784; x_wconf 88' lang='lat' dir='ltr'>crederetis</span> <span class='ocrx_word' id='word_1_737' title='bbox 1042 4735 1097 4784; x_wconf 92' lang='lat' dir='ltr'>et</span> <span class='ocrx_word' id='word_1_738' title='bbox 1126 4731 1266 4785; x_wconf 92' lang='lat' dir='ltr'>mihi</span> <span class='ocrx_word' id='word_1_739' title='bbox 1302 4731 1410 4786; x_wconf 92' lang='lat' dir='ltr'>:de</span> <span class='ocrx_word' id='word_1_740' title='bbox 1455 4749 1544 4786; x_wconf 92' lang='lat' dir='ltr'>me</span> <span class='ocrx_word' id='word_1_741' title='bbox 1599 4733 1751 4787; x_wconf 91' lang='lat' dir='ltr'>enim</span> <span class='ocrx_word' id='word_1_742' title='bbox 1798 4733 1891 4789; x_wconf 88' lang='lat' dir='ltr'>ille</span> <span class='ocrx_word' id='word_1_743' title='bbox 1949 4736 2123 4806; x_wconf 89' lang='lat' dir='ltr'>scrip-</span> 
     </span>
    </p>
   </div>
   <div class='ocr_carea' id='block_1_93' title="bbox 2230 4556 3838 4632">
    <p class='ocr_par' dir='ltr' id='par_1_93' title="bbox 2230 4556 3838 4632">
     <span class='ocr_line' id='line_1_93' title="bbox 2230 4556 3838 4632; baseline 0.002 -23"><span class='ocrx_word' id='word_1_744' title='bbox 2230 4556 2436 4610; x_wconf 89' lang='lat' dir='ltr'>habeat</span> <span class='ocrx_word' id='word_1_745' title='bbox 2462 4557 2754 4613; x_wconf 85' lang='lat' dir='ltr'>inﬁrmata</span> <span class='ocrx_word' id='word_1_746' title='bbox 2783 4566 2915 4614; x_wconf 85' lang='lat' dir='ltr'>est»</span> <span class='ocrx_word' id='word_1_747' title='bbox 2943 4562 2991 4632; x_wconf 90' lang='grc'><strong>(1</strong></span> <span class='ocrx_word' id='word_1_748' title='bbox 3017 4564 3213 4630; x_wconf 82' lang='lat' dir='ltr'>Reg.,u</span> <span class='ocrx_word' id='word_1_749' title='bbox 3232 4603 3244 4616; x_wconf 93' lang='lat'><strong>.</strong></span> <span class='ocrx_word' id='word_1_750' title='bbox 3278 4564 3352 4631; x_wconf 84' lang='lat'><strong>5).</strong></span> <span class='ocrx_word' id='word_1_751' title='bbox 3382 4562 3506 4616; x_wconf 85' lang='lat' dir='ltr'>Filii</span> <span class='ocrx_word' id='word_1_752' title='bbox 3532 4566 3715 4616; x_wconf 88' lang='lat' dir='ltr'>autem</span> <span class='ocrx_word' id='word_1_753' title='bbox 3733 4572 3838 4627; x_wconf 85' lang='lat' dir='ltr'>sep-</span> 
     </span>
    </p>
   </div>
   <div class='ocr_carea' id='block_1_94' title="bbox 2225 4649 3840 4726">
    <p class='ocr_par' dir='ltr' id='par_1_94' title="bbox 2225 4649 3840 4726">
     <span class='ocr_line' id='line_1_94' title="bbox 2225 4649 3840 4726; baseline 0.002 -21"><span class='ocrx_word' id='word_1_754' title='bbox 2225 4654 2342 4705; x_wconf 87' lang='lat' dir='ltr'>tem</span> <span class='ocrx_word' id='word_1_755' title='bbox 2376 4657 2508 4706; x_wconf 84' lang='lat' dir='ltr'>sunt</span> <span class='ocrx_word' id='word_1_756' title='bbox 2531 4649 2575 4686; x_wconf 75' lang='grc'>⁵³</span> <span class='ocrx_word' id='word_1_757' title='bbox 2603 4653 2865 4708; x_wconf 77' lang='lat' dir='ltr'>Ecclesiae</span> <span class='ocrx_word' id='word_1_758' title='bbox 2921 4658 3161 4726; x_wconf 90' lang='lat' dir='ltr'>septem,</span> <span class='ocrx_word' id='word_1_759' title='bbox 3213 4655 3362 4710; x_wconf 89' lang='lat' dir='ltr'>unde</span> <span class='ocrx_word' id='word_1_760' title='bbox 3400 4659 3461 4710; x_wconf 94' lang='lat' dir='ltr'>et</span> <span class='ocrx_word' id='word_1_761' title='bbox 3497 4657 3695 4710; x_wconf 86' lang='lat' dir='ltr'>Paulus</span> <span class='ocrx_word' id='word_1_762' title='bbox 3737 4667 3840 4722; x_wconf 88' lang='lat' dir='ltr'>sep-</span> 
     </span>
    </p>
   </div>
   <div class='ocr_carea' id='block_1_95' title="bbox 2223 4745 3839 4823">
    <p class='ocr_par' dir='ltr' id='par_1_95' title="bbox 2223 4745 3839 4823">
     <span class='ocr_line' id='line_1_95' title="bbox 2223 4745 3839 4823; baseline 0.001 -26"><span class='ocrx_word' id='word_1_763' title='bbox 2223 4747 2340 4797; x_wconf 89' lang='lat' dir='ltr'>tem</span> <span class='ocrx_word' id='word_1_764' title='bbox 2421 4745 2677 4801; x_wconf 87' lang='lat' dir='ltr'>Ecclesiis</span> <span class='ocrx_word' id='word_1_765' title='bbox 2748 4748 2990 4819; x_wconf 90' lang='lat' dir='ltr'>scripsit,</span> <span class='ocrx_word' id='word_1_766' title='bbox 3061 4754 3119 4805; x_wconf 90' lang='lat' dir='ltr'>et</span> <span class='ocrx_word' id='word_1_767' title='bbox 3188 4750 3552 4823; x_wconf 84' lang='lat' dir='ltr'>Apocalypsis</span> <span class='ocrx_word' id='word_1_768' title='bbox 3602 4745 3839 4804; x_wconf 72' lang='lat' dir='ltr'>Ecclesia:</span> 
     </span>
    </p>
   </div>
   <div class='ocr_carea' id='block_1_96' title="bbox 1875 4889 2480 4956">
    <p class='ocr_par' dir='ltr' id='par_1_96' title="bbox 1875 4889 2480 4956">
     <span class='ocr_line' id='line_1_96' title="bbox 1875 4889 2480 4956; baseline 0.005 -3"><span class='ocrx_word' id='word_1_769' title='bbox 1875 4889 2084 4953; x_wconf 61' lang='lat' dir='ltr'>Variae</span> <span class='ocrx_word' id='word_1_770' title='bbox 2143 4891 2480 4956; x_wconf 90' lang='lat' dir='ltr'>lectiones.</span> 
     </span>
    </p>
   </div>
   <div class='ocr_carea' id='block_1_97' title="bbox 565 5012 1235 5075">
    <p class='ocr_par' dir='ltr' id='par_1_97' title="bbox 565 5012 1235 5075">
     <span class='ocr_line' id='line_1_97' title="bbox 565 5012 1235 5075; baseline -0.004 -13"><span class='ocrx_word' id='word_1_771' title='bbox 565 5012 604 5043; x_wconf 81' lang='grc'>¹⁹</span> <span class='ocrx_word' id='word_1_772' title='bbox 620 5012 780 5062; x_wconf 90' lang='lat' dir='ltr'>Diem</span> <span class='ocrx_word' id='word_1_773' title='bbox 808 5025 1085 5075; x_wconf 65' lang='lat' dir='ltr'>pressurae</span> <span class='ocrx_word' id='word_1_774' title='bbox 1116 5013 1235 5060; x_wconf 77' lang='lat' dir='ltr'>Tha.</span> 
     </span>
    </p>
   </div>
   <div class='ocr_carea' id='block_1_98' title="bbox 1335 5014 2134 5091">
    <p class='ocr_par' dir='ltr' id='par_1_98' title="bbox 1335 5014 2134 5091">
     <span class='ocr_line' id='line_1_98' title="bbox 1335 5014 2134 5091; baseline 0.008 -29"><span class='ocrx_word' id='word_1_775' title='bbox 1335 5015 1375 5044; x_wconf 75' lang='grc' dir='ltr'>ὐ</span> <span class='ocrx_word' id='word_1_776' title='bbox 1396 5014 1654 5091; x_wconf 38' lang='lat' dir='ltr'>E‘ximam</span> <span class='ocrx_word' id='word_1_777' title='bbox 1683 5019 1736 5065; x_wconf 88' lang='lat' dir='ltr'>te</span> <span class='ocrx_word' id='word_1_778' title='bbox 1767 5017 1876 5066; x_wconf 84' lang='lat' dir='ltr'>Ver.</span> <span class='ocrx_word' id='word_1_779' title='bbox 1908 5019 2045 5067; x_wconf 90' lang='lat' dir='ltr'>Lam.</span> <span class='ocrx_word' id='word_1_780' title='bbox 2079 5021 2134 5068; x_wconf 81' lang='lat' dir='ltr'>Li</span> 
     </span>
    </p>
   </div>
   <div class='ocr_carea' id='block_1_99' title="bbox 2236 5014 3830 5091">
    <p class='ocr_par' dir='ltr' id='par_1_99' title="bbox 2236 5021 3830 5091">
     <span class='ocr_line' id='line_1_99' title="bbox 2236 5021 3830 5091; baseline 0 -22"><span class='ocrx_word' id='word_1_781' title='bbox 2236 5021 2330 5070; x_wconf 73' lang='lat' dir='ltr'>VC.</span> <span class='ocrx_word' id='word_1_782' title='bbox 2363 5022 2409 5082; x_wconf 84' lang='grc'>1,</span> <span class='ocrx_word' id='word_1_783' title='bbox 2435 5026 2485 5070; x_wconf 71' lang='lat'>2.</span> <span class='ocrx_word' id='word_1_784' title='bbox 2518 5023 2642 5073; x_wconf 82' lang='lat' dir='ltr'>Thu.</span> <span class='ocrx_word' id='word_1_785' title='bbox 2674 5024 2824 5075; x_wconf 86' lang='lat' dir='ltr'>Corb.</span> <span class='ocrx_word' id='word_1_786' title='bbox 2855 5028 2944 5076; x_wconf 77' lang='lat' dir='ltr'>Ar.</span> <span class='ocrx_word' id='word_1_787' title='bbox 2978 5027 3100 5077; x_wconf 84' lang='lat' dir='ltr'>Bod.</span> <span class='ocrx_word' id='word_1_788' title='bbox 3132 5029 3178 5088; x_wconf 91' lang='grc'>1,</span> <span class='ocrx_word' id='word_1_789' title='bbox 3203 5028 3250 5088; x_wconf 73' lang='grc'><strong>2,</strong></span> <span class='ocrx_word' id='word_1_790' title='bbox 3282 5032 3324 5076; x_wconf 76' lang='grc'>4.</span> <span class='ocrx_word' id='word_1_791' title='bbox 3411 5031 3451 5060; x_wconf 81' lang='grc'>¹¹</span> <span class='ocrx_word' id='word_1_792' title='bbox 3477 5021 3830 5091; x_wconf 79' lang='lat' dir='ltr'>Magniﬁcabit</span> 
     </span>
    </p>
   </div>
   <div class='ocr_carea' id='block_1_100' title="bbox 504 5082 3840 5154">
    <p class='ocr_par' dir='ltr' id='par_1_100' title="bbox 504 5082 3840 5154">
     <span class='ocr_line' id='line_1_100' title="bbox 504 5082 3840 5154; baseline 0.003 -23"><span class='ocrx_word' id='word_1_793' title='bbox 504 5085 616 5131; x_wconf 81' lang='lat' dir='ltr'>Lin.</span> <span class='ocrx_word' id='word_1_794' title='bbox 637 5083 1045 5134; x_wconf 83' lang='lat' dir='ltr'>Houoriﬁcabit</span> <span class='ocrx_word' id='word_1_795' title='bbox 1075 5085 1164 5132; x_wconf 81' lang='lat' dir='ltr'>Ar.</span> <span class='ocrx_word' id='word_1_796' title='bbox 1196 5082 1339 5132; x_wconf 81' lang='lat' dir='ltr'>Corb.</span> <span class='ocrx_word' id='word_1_797' title='bbox 1409 5087 1450 5116; x_wconf 80' lang='lat'>&quot;</span> <span class='ocrx_word' id='word_1_798' title='bbox 1473 5084 1726 5136; x_wconf 86' lang='lat' dir='ltr'>Salutare</span> <span class='ocrx_word' id='word_1_799' title='bbox 1761 5099 1947 5136; x_wconf 89' lang='lat' dir='ltr'>meum</span> <span class='ocrx_word' id='word_1_800' title='bbox 1977 5091 2064 5137; x_wconf 82' lang='lat' dir='ltr'>Ar.</span> <span class='ocrx_word' id='word_1_801' title='bbox 2101 5092 2242 5139; x_wconf 88' lang='lat' dir='ltr'>Lam.</span> <span class='ocrx_word' id='word_1_802' title='bbox 2274 5092 2388 5141; x_wconf 79' lang='grc' dir='ltr'>ΝΟ.</span> <span class='ocrx_word' id='word_1_803' title='bbox 2419 5095 2463 5143; x_wconf 94' lang='grc'><strong>1.</strong></span> <span class='ocrx_word' id='word_1_804' title='bbox 2489 5094 2618 5145; x_wconf 88' lang='lat' dir='ltr'>Bod.</span> <span class='ocrx_word' id='word_1_805' title='bbox 2646 5095 2693 5145; x_wconf 79' lang='lat'><strong>2.</strong></span> <span class='ocrx_word' id='word_1_806' title='bbox 2764 5099 2805 5128; x_wconf 75' lang='grc'>³³</span> <span class='ocrx_word' id='word_1_807' title='bbox 2827 5095 2896 5145; x_wconf 88' lang='lat' dir='ltr'>Et</span> <span class='ocrx_word' id='word_1_808' title='bbox 2917 5098 3031 5148; x_wconf 90' lang='lat' dir='ltr'>illic</span> <span class='ocrx_word' id='word_1_809' title='bbox 3065 5082 3186 5146; x_wconf 40' lang='lat' dir='ltr'>Thu&#39;.</span> <span class='ocrx_word' id='word_1_810' title='bbox 3220 5082 3357 5147; x_wconf 63' lang='lat' dir='ltr'>Fest.</span> <span class='ocrx_word' id='word_1_811' title='bbox 3386 5096 3537 5147; x_wconf 85' lang='lat' dir='ltr'>Corb.</span> <span class='ocrx_word' id='word_1_812' title='bbox 3567 5082 3644 5128; x_wconf 49' lang='lat' dir='ltr'>v“</span> <span class='ocrx_word' id='word_1_813' title='bbox 3661 5091 3840 5154; x_wconf 79' lang='lat' dir='ltr'>Volup-</span> 
     </span>
    </p>
   </div>
   <div class='ocr_carea' id='block_1_101' title="bbox 494 5154 3838 5224">
    <p class='ocr_par' dir='ltr' id='par_1_101' title="bbox 494 5154 3838 5224">
     <span class='ocr_line' id='line_1_101' title="bbox 494 5154 3838 5224; baseline 0.003 -24"><span class='ocrx_word' id='word_1_814' title='bbox 494 5156 580 5201; x_wconf 85' lang='lat' dir='ltr'>tas</span> <span class='ocrx_word' id='word_1_815' title='bbox 603 5155 746 5203; x_wconf 88' lang='lat' dir='ltr'>circa</span> <span class='ocrx_word' id='word_1_816' title='bbox 790 5155 921 5202; x_wconf 80' lang='lat' dir='ltr'>Voss.</span> <span class='ocrx_word' id='word_1_817' title='bbox 948 5154 1074 5204; x_wconf 85' lang='lat' dir='ltr'>Bod.</span> <span class='ocrx_word' id='word_1_818' title='bbox 1109 5155 1156 5213; x_wconf 91' lang='lat'>3,</span> <span class='ocrx_word' id='word_1_819' title='bbox 1182 5155 1233 5210; x_wconf 87' lang='grc'><strong>4,</strong></span> <span class='ocrx_word' id='word_1_820' title='bbox 1261 5155 1314 5202; x_wconf 89' lang='lat' dir='ltr'>in</span> <span class='ocrx_word' id='word_1_821' title='bbox 1346 5155 1505 5205; x_wconf 90' lang='lat' dir='ltr'>vobis</span> <span class='ocrx_word' id='word_1_822' title='bbox 1544 5159 1650 5204; x_wconf 78' lang='lat' dir='ltr'>Ver.</span> <span class='ocrx_word' id='word_1_823' title='bbox 1739 5158 1780 5191; x_wconf 73' lang='lat'>’5</span> <span class='ocrx_word' id='word_1_824' title='bbox 1808 5160 1927 5208; x_wconf 86' lang='lat' dir='ltr'>Non</span> <span class='ocrx_word' id='word_1_825' title='bbox 1955 5167 2188 5224; x_wconf 86' lang='lat' dir='ltr'>accepto</span> <span class='ocrx_word' id='word_1_826' title='bbox 2221 5162 2404 5212; x_wconf 87' lang='lat' dir='ltr'>habeo</span> <span class='ocrx_word' id='word_1_827' title='bbox 2441 5165 2612 5215; x_wconf 80' lang='lat' dir='ltr'>Veron.</span> <span class='ocrx_word' id='word_1_828' title='bbox 2698 5168 2740 5200; x_wconf 77' lang='lat'>&quot;</span> <span class='ocrx_word' id='word_1_829' title='bbox 2763 5168 2982 5218; x_wconf 88' lang='lat' dir='ltr'>Incensi</span> <span class='ocrx_word' id='word_1_830' title='bbox 3013 5167 3314 5218; x_wconf 70' lang='lat' dir='ltr'>offerentur</span> <span class='ocrx_word' id='word_1_831' title='bbox 3341 5166 3470 5217; x_wconf 86' lang='lat' dir='ltr'>Bod.</span> <span class='ocrx_word' id='word_1_832' title='bbox 3497 5168 3543 5215; x_wconf 92' lang='grc'><strong>1.</strong></span> <span class='ocrx_word' id='word_1_833' title='bbox 3623 5163 3662 5198; x_wconf 78' lang='grc'>³⁷</span> <span class='ocrx_word' id='word_1_834' title='bbox 3682 5162 3838 5215; x_wconf 87' lang='lat' dir='ltr'>Gene-</span> 
     </span>
    </p>
   </div>
   <div class='ocr_carea' id='block_1_102' title="bbox 486 5225 1451 5276">
    <p class='ocr_par' dir='ltr' id='par_1_102' title="bbox 486 5225 1451 5276">
     <span class='ocr_line' id='line_1_102' title="bbox 486 5225 1451 5276; baseline 0.003 -3"><span class='ocrx_word' id='word_1_835' title='bbox 486 5225 604 5273; x_wconf 72' lang='lat' dir='ltr'>ravi</span> <span class='ocrx_word' id='word_1_836' title='bbox 637 5230 690 5274; x_wconf 88' lang='lat' dir='ltr'>te</span> <span class='ocrx_word' id='word_1_837' title='bbox 721 5226 896 5274; x_wconf 83' lang='lat' dir='ltr'>Benev.</span> <span class='ocrx_word' id='word_1_838' title='bbox 939 5227 1115 5274; x_wconf 77' lang='lat' dir='ltr'>Veron.</span> <span class='ocrx_word' id='word_1_839' title='bbox 1157 5226 1278 5274; x_wconf 81' lang='lat' dir='ltr'>Thu.</span> <span class='ocrx_word' id='word_1_840' title='bbox 1311 5230 1451 5276; x_wconf 82' lang='lat' dir='ltr'>Foss.</span> 
     </span>
    </p>
   </div>
   <div class='ocr_carea' id='block_1_103' title="bbox 485 5294 1847 5356">
    <p class='ocr_par' dir='ltr' id='par_1_103' title="bbox 485 5294 1847 5356">
     <span class='ocr_line' id='line_1_103' title="bbox 485 5294 1847 5356; baseline 0.008 -18"><span class='ocrx_word' id='word_1_841' title='bbox 485 5294 750 5344; x_wconf 89' lang='lat' dir='ltr'>omnibus</span> <span class='ocrx_word' id='word_1_842' title='bbox 779 5294 979 5342; x_wconf 90' lang='lat' dir='ltr'>diebus</span> <span class='ocrx_word' id='word_1_843' title='bbox 1011 5296 1124 5342; x_wconf 82' lang='lat' dir='ltr'>Lin.</span> <span class='ocrx_word' id='word_1_844' title='bbox 1157 5295 1268 5344; x_wconf 70' lang='grc' dir='ltr'>ΝΟ.</span> <span class='ocrx_word' id='word_1_845' title='bbox 1296 5297 1341 5344; x_wconf 66' lang='lat'>2.</span> <span class='ocrx_word' id='word_1_846' title='bbox 1388 5296 1517 5346; x_wconf 86' lang='lat' dir='ltr'>Bod.</span> <span class='ocrx_word' id='word_1_847' title='bbox 1553 5298 1593 5355; x_wconf 87' lang='lat' dir='ltr'>I,</span> <span class='ocrx_word' id='word_1_848' title='bbox 1634 5298 1681 5355; x_wconf 65' lang='grc'><strong>2,</strong></span> <span class='ocrx_word' id='word_1_849' title='bbox 1721 5301 1769 5356; x_wconf 87' lang='grc'><strong>3,</strong></span> <span class='ocrx_word' id='word_1_850' title='bbox 1800 5302 1847 5349; x_wconf 85' lang='grc'>4.</span> 
     </span>
    </p>
   </div>
   <div class='ocr_carea' id='block_1_104' title="bbox 490 5362 1475 5425">
    <p class='ocr_par' dir='ltr' id='par_1_104' title="bbox 490 5362 1475 5425">
     <span class='ocr_line' id='line_1_104' title="bbox 490 5362 1475 5425; baseline 0.008 -19"><span class='ocrx_word' id='word_1_851' title='bbox 490 5364 620 5411; x_wconf 83' lang='lat' dir='ltr'>Voss.</span> <span class='ocrx_word' id='word_1_852' title='bbox 666 5362 816 5410; x_wconf 82' lang='lat' dir='ltr'>Corb.</span> <span class='ocrx_word' id='word_1_853' title='bbox 861 5364 1001 5424; x_wconf 69' lang='lat' dir='ltr'>Quae</span> <span class='ocrx_word' id='word_1_854' title='bbox 1037 5365 1298 5425; x_wconf 87' lang='lat' dir='ltr'>loquetur</span> <span class='ocrx_word' id='word_1_855' title='bbox 1337 5369 1475 5416; x_wconf 90' lang='lat' dir='ltr'>Lam.</span> 
     </span>
    </p>
   </div>
   <div class='ocr_carea' id='block_1_105' title="bbox 1521 5228 3837 5292">
    <p class='ocr_par' dir='ltr' id='par_1_105' title="bbox 1521 5228 3837 5292">
     <span class='ocr_line' id='line_1_105' title="bbox 1521 5228 3837 5292; baseline 0 -14"><span class='ocrx_word' id='word_1_856' title='bbox 1521 5228 1564 5262; x_wconf 78' lang='grc'>’⁸</span> <span class='ocrx_word' id='word_1_857' title='bbox 1583 5229 1943 5280; x_wconf 88' lang='lat' dir='ltr'>Sacerdotem</span> <span class='ocrx_word' id='word_1_858' title='bbox 1974 5231 2220 5292; x_wconf 89' lang='lat' dir='ltr'>ﬁdelem,</span> <span class='ocrx_word' id='word_1_859' title='bbox 2251 5235 2300 5283; x_wconf 92' lang='lat' dir='ltr'>ei</span> <span class='ocrx_word' id='word_1_860' title='bbox 2327 5234 2466 5282; x_wconf 82' lang='lat' dir='ltr'>Lam.</span> <span class='ocrx_word' id='word_1_861' title='bbox 2536 5237 2577 5266; x_wconf 71' lang='lat'>&#39;9</span> <span class='ocrx_word' id='word_1_862' title='bbox 2599 5237 2887 5288; x_wconf 86' lang='lat' dir='ltr'>Thronum</span> <span class='ocrx_word' id='word_1_863' title='bbox 2914 5239 3202 5288; x_wconf 88' lang='lat' dir='ltr'>meliorem</span> <span class='ocrx_word' id='word_1_864' title='bbox 3231 5238 3342 5286; x_wconf 81' lang='lat' dir='ltr'>Lin.</span> <span class='ocrx_word' id='word_1_865' title='bbox 3374 5237 3618 5286; x_wconf 88' lang='lat' dir='ltr'>Domum</span> <span class='ocrx_word' id='word_1_866' title='bbox 3646 5233 3837 5283; x_wconf 89' lang='lat' dir='ltr'>ﬁdelem</span> 
     </span>
    </p>
   </div>
   <div class='ocr_carea' id='block_1_106' title="bbox 1949 5301 3838 5371">
    <p class='ocr_par' dir='ltr' id='par_1_106' title="bbox 1949 5301 3838 5371">
     <span class='ocr_line' id='line_1_106' title="bbox 1949 5301 3838 5371; baseline -0.001 -19"><span class='ocrx_word' id='word_1_867' title='bbox 1949 5301 1970 5336; x_wconf 85' lang='grc'><em>³</em></span> <span class='ocrx_word' id='word_1_868' title='bbox 2014 5302 2386 5368; x_wconf 64' lang='lat' dir='ltr'>Qumcunque</span> <span class='ocrx_word' id='word_1_869' title='bbox 2426 5305 2673 5367; x_wconf 87' lang='lat' dir='ltr'>loquitur</span> <span class='ocrx_word' id='word_1_870' title='bbox 2703 5311 2828 5357; x_wconf 82' lang='lat' dir='ltr'>Bod.</span> <span class='ocrx_word' id='word_1_871' title='bbox 2862 5311 2907 5369; x_wconf 90' lang='grc'>1,</span> <span class='ocrx_word' id='word_1_872' title='bbox 2945 5311 2992 5357; x_wconf 85' lang='grc'>4.</span> <span class='ocrx_word' id='word_1_873' title='bbox 3025 5309 3310 5371; x_wconf 87' lang='lat' dir='ltr'>Loquetur</span> <span class='ocrx_word' id='word_1_874' title='bbox 3349 5309 3470 5357; x_wconf 85' lang='lat' dir='ltr'>Bod.</span> <span class='ocrx_word' id='word_1_875' title='bbox 3503 5313 3548 5356; x_wconf 77' lang='lat'><strong>2.</strong></span> <span class='ocrx_word' id='word_1_876' title='bbox 3574 5309 3705 5357; x_wconf 89' lang='lat' dir='ltr'>Lam.</span> <span class='ocrx_word' id='word_1_877' title='bbox 3735 5303 3838 5352; x_wconf 76' lang='lat' dir='ltr'>Tim.</span> 
     </span>
    </p>
   </div>
   <div class='ocr_carea' id='block_1_107' title="bbox 1582 5369 2378 5423">
    <p class='ocr_par' dir='ltr' id='par_1_107' title="bbox 1582 5369 2378 5423">
     <span class='ocr_line' id='line_1_107' title="bbox 1582 5369 2378 5423; baseline 0.006 -7"><span class='ocrx_word' id='word_1_878' title='bbox 1582 5369 1916 5421; x_wconf 75' lang='lat' dir='ltr'>“Joannem</span> <span class='ocrx_word' id='word_1_879' title='bbox 1971 5372 2110 5422; x_wconf 89' lang='lat' dir='ltr'>dicit</span> <span class='ocrx_word' id='word_1_880' title='bbox 2157 5373 2287 5423; x_wconf 83' lang='lat' dir='ltr'>Bod.</span> <span class='ocrx_word' id='word_1_881' title='bbox 2332 5374 2378 5422; x_wconf 91' lang='grc'>4.</span> 
     </span>
    </p>
   </div>
   <div class='ocr_carea' id='block_1_108' title="bbox 2486 5373 3840 5438">
    <p class='ocr_par' dir='ltr' id='par_1_108' title="bbox 2486 5373 3840 5438">
     <span class='ocr_line' id='line_1_108' title="bbox 2486 5373 3840 5438; baseline 0.004 -16"><span class='ocrx_word' id='word_1_882' title='bbox 2486 5377 2524 5404; x_wconf 81' lang='grc'>³³</span> <span class='ocrx_word' id='word_1_883' title='bbox 2545 5373 2682 5426; x_wconf 76' lang='lat' dir='ltr'>Haec</span> <span class='ocrx_word' id='word_1_884' title='bbox 2720 5384 2850 5426; x_wconf 87' lang='lat' dir='ltr'>sunt</span> <span class='ocrx_word' id='word_1_885' title='bbox 2898 5380 3019 5428; x_wconf 78' lang='lat' dir='ltr'>Tim.</span> <span class='ocrx_word' id='word_1_886' title='bbox 3064 5382 3206 5429; x_wconf 77' lang='lat' dir='ltr'>Foss.</span> <span class='ocrx_word' id='word_1_887' title='bbox 3237 5381 3387 5428; x_wconf 81' lang='lat' dir='ltr'>Corb.</span> <span class='ocrx_word' id='word_1_888' title='bbox 3419 5379 3559 5430; x_wconf 70' lang='lat' dir='ltr'>Haec</span> <span class='ocrx_word' id='word_1_889' title='bbox 3587 5381 3713 5427; x_wconf 83' lang='lat' dir='ltr'>sunt</span> <span class='ocrx_word' id='word_1_890' title='bbox 3736 5385 3840 5438; x_wconf 66' lang='lat' dir='ltr'>que</span> 
     </span>
    </p>
   </div>
   <div class='ocr_carea' id='block_1_109' title="bbox 483 5435 3835 5509">
    <p class='ocr_par' dir='ltr' id='par_1_109' title="bbox 483 5435 3835 5509">
     <span class='ocr_line' id='line_1_109' title="bbox 483 5435 3835 5509; baseline 0.004 -28"><span class='ocrx_word' id='word_1_891' title='bbox 483 5435 804 5509; x_wconf 20' lang='lat' dir='ltr'>testimonio&quot;</span> <span class='ocrx_word' id='word_1_892' title='bbox 827 5437 971 5509; x_wconf 68' lang='lat' dir='ltr'>sunt.</span> <span class='ocrx_word' id='word_1_893' title='bbox 1009 5437 1126 5484; x_wconf 81' lang='lat' dir='ltr'>Ben.</span> <span class='ocrx_word' id='word_1_894' title='bbox 1174 5436 1286 5509; x_wconf 60' lang='lat' dir='ltr'>Ver.</span> <span class='ocrx_word' id='word_1_895' title='bbox 1326 5438 1434 5509; x_wconf 64' lang='lat' dir='ltr'>Lin.</span> <span class='ocrx_word' id='word_1_896' title='bbox 1469 5439 1589 5487; x_wconf 80' lang='lat' dir='ltr'>Bod.</span> <span class='ocrx_word' id='word_1_897' title='bbox 1625 5440 1672 5498; x_wconf 74' lang='grc'><strong>2,</strong></span> <span class='ocrx_word' id='word_1_898' title='bbox 1778 5443 1823 5490; x_wconf 90' lang='grc'>4.</span> <span class='ocrx_word' id='word_1_899' title='bbox 1862 5444 1989 5491; x_wconf 82' lang='grc' dir='ltr'>ΤΙιυ.</span> <span class='ocrx_word' id='word_1_900' title='bbox 2061 5448 2100 5476; x_wconf 79' lang='grc'>³³</span> <span class='ocrx_word' id='word_1_901' title='bbox 2120 5446 2180 5493; x_wconf 88' lang='lat' dir='ltr'>In</span> <span class='ocrx_word' id='word_1_902' title='bbox 2216 5458 2328 5508; x_wconf 88' lang='lat' dir='ltr'>quo</span> <span class='ocrx_word' id='word_1_903' title='bbox 2362 5457 2461 5492; x_wconf 86' lang='lat' dir='ltr'>vos</span> <span class='ocrx_word' id='word_1_904' title='bbox 2492 5449 2727 5507; x_wconf 65' lang='lat' dir='ltr'>speratis</span> <span class='ocrx_word' id='word_1_905' title='bbox 2756 5449 2875 5498; x_wconf 77' lang='lat' dir='ltr'>Red.</span> <span class='ocrx_word' id='word_1_906' title='bbox 2908 5453 2953 5509; x_wconf 88' lang='grc'>1,</span> <span class='ocrx_word' id='word_1_907' title='bbox 2980 5451 3025 5499; x_wconf 72' lang='grc'><strong>2.</strong></span> <span class='ocrx_word' id='word_1_908' title='bbox 3097 5452 3137 5483; x_wconf 82' lang='grc'>³⁴</span> <span class='ocrx_word' id='word_1_909' title='bbox 3159 5451 3431 5500; x_wconf 89' lang='lat' dir='ltr'>Dominus</span> <span class='ocrx_word' id='word_1_910' title='bbox 3457 5450 3522 5500; x_wconf 86' lang='lat' dir='ltr'>ad</span> <span class='ocrx_word' id='word_1_911' title='bbox 3556 5435 3835 5507; x_wconf 76' lang='lat' dir='ltr'>Rebeccam</span> 
     </span>
    </p>
   </div>
   <div class='ocr_carea' id='block_1_110' title="bbox 479 5504 3822 5585">
    <p class='ocr_par' dir='ltr' id='par_1_110' title="bbox 479 5504 3822 5585">
     <span class='ocr_line' id='line_1_110' title="bbox 479 5504 3822 5585; baseline 0.005 -35"><span class='ocrx_word' id='word_1_912' title='bbox 479 5504 601 5585; x_wconf 59' lang='lat' dir='ltr'>god.</span> <span class='ocrx_word' id='word_1_913' title='bbox 633 5504 682 5585; x_wconf 52' lang='lat'>2,</span> <span class='ocrx_word' id='word_1_914' title='bbox 767 5505 907 5585; x_wconf 59' lang='lat' dir='ltr'>“Pe</span> <span class='ocrx_word' id='word_1_915' title='bbox 933 5506 1553 5585; x_wconf 21' lang='lat' dir='ltr'>uterotup‘divide‘utur</span> <span class='ocrx_word' id='word_1_916' title='bbox 1593 5513 1728 5585; x_wconf 70' lang='lat' dir='ltr'>Voss.</span> <span class='ocrx_word' id='word_1_917' title='bbox 1753 5513 1904 5562; x_wconf 88' lang='lat' dir='ltr'>Corb.</span> <span class='ocrx_word' id='word_1_918' title='bbox 1986 5513 2028 5547; x_wconf 73' lang='lat'><strong><em>“</em></strong></span> <span class='ocrx_word' id='word_1_919' title='bbox 2051 5504 2343 5579; x_wconf 44' lang='lat' dir='ltr'>Synag—oga</span> <span class='ocrx_word' id='word_1_920' title='bbox 2374 5504 2660 5567; x_wconf 75' lang='lat' dir='ltr'>habuisset</span> <span class='ocrx_word' id='word_1_921' title='bbox 2698 5519 2805 5567; x_wconf 72' lang='lat' dir='ltr'>Ver.</span> <span class='ocrx_word' id='word_1_922' title='bbox 2885 5521 2923 5554; x_wconf 75' lang='grc'>³⁷</span> <span class='ocrx_word' id='word_1_923' title='bbox 2946 5504 3017 5571; x_wconf 53' lang='grc' dir='ltr'><strong>Ἐἰ</strong></span> <span class='ocrx_word' id='word_1_924' title='bbox 3042 5520 3151 5585; x_wconf 88' lang='lat' dir='ltr'>ﬁge</span> <span class='ocrx_word' id='word_1_925' title='bbox 3179 5521 3456 5572; x_wconf 83' lang='lat' dir='ltr'>funiculos</span> <span class='ocrx_word' id='word_1_926' title='bbox 3487 5518 3605 5568; x_wconf 78' lang='lat' dir='ltr'>Had.</span> <span class='ocrx_word' id='word_1_927' title='bbox 3646 5519 3685 5566; x_wconf 88' lang='grc'><strong>1.</strong></span> <span class='ocrx_word' id='word_1_928' title='bbox 3710 5504 3822 5566; x_wconf 51' lang='lat' dir='ltr'>Hoc</span> 
     </span>
    </p>
   </div>
   <div class='ocr_carea' id='block_1_111' title="bbox 477 5574 1820 5641">
    <p class='ocr_par' dir='ltr' id='par_1_111' title="bbox 477 5574 1820 5641">
     <span class='ocr_line' id='line_1_111' title="bbox 477 5574 1820 5641; baseline 0.007 -19"><span class='ocrx_word' id='word_1_929' title='bbox 477 5574 609 5637; x_wconf 89' lang='lat' dir='ltr'>Fige</span> <span class='ocrx_word' id='word_1_930' title='bbox 635 5579 688 5623; x_wconf 91' lang='lat' dir='ltr'>et</span> <span class='ocrx_word' id='word_1_931' title='bbox 712 5589 745 5623; x_wconf 92' lang='lat' dir='ltr'>n</span> <span class='ocrx_word' id='word_1_932' title='bbox 764 5576 836 5624; x_wconf 91' lang='lat' dir='ltr'>oli</span> <span class='ocrx_word' id='word_1_933' title='bbox 867 5577 1012 5626; x_wconf 85' lang='lat' dir='ltr'>Lam.</span> <span class='ocrx_word' id='word_1_934' title='bbox 1099 5577 1138 5611; x_wconf 76' lang='grc'>³⁸</span> <span class='ocrx_word' id='word_1_935' title='bbox 1157 5577 1226 5626; x_wconf 88' lang='lat' dir='ltr'>Et</span> <span class='ocrx_word' id='word_1_936' title='bbox 1259 5580 1494 5641; x_wconf 87' lang='lat' dir='ltr'>paxillos</span> <span class='ocrx_word' id='word_1_937' title='bbox 1521 5586 1647 5631; x_wconf 87' lang='lat' dir='ltr'>tuos</span> <span class='ocrx_word' id='word_1_938' title='bbox 1679 5583 1820 5632; x_wconf 82' lang='lat' dir='ltr'>Corb.</span> 
     </span>
    </p>
   </div>
   <div class='ocr_carea' id='block_1_112' title="bbox 477 5643 1812 5716">
    <p class='ocr_par' dir='ltr' id='par_1_112' title="bbox 477 5643 1812 5716">
     <span class='ocr_line' id='line_1_112' title="bbox 477 5643 1812 5716; baseline 0.008 -24"><span class='ocrx_word' id='word_1_939' title='bbox 477 5643 632 5694; x_wconf 89' lang='lat' dir='ltr'>ribus</span> <span class='ocrx_word' id='word_1_940' title='bbox 660 5646 716 5694; x_wconf 91' lang='lat' dir='ltr'>in</span> <span class='ocrx_word' id='word_1_941' title='bbox 747 5649 1050 5709; x_wconf 87' lang='lat' dir='ltr'>typum.....</span> <span class='ocrx_word' id='word_1_942' title='bbox 1089 5648 1302 5699; x_wconf 86' lang='lat' dir='ltr'>Hachel</span> <span class='ocrx_word' id='word_1_943' title='bbox 1337 5651 1390 5699; x_wconf 92' lang='lat' dir='ltr'>in</span> <span class='ocrx_word' id='word_1_944' title='bbox 1425 5656 1619 5716; x_wconf 88' lang='lat' dir='ltr'>typum</span> <span class='ocrx_word' id='word_1_945' title='bbox 1653 5655 1812 5704; x_wconf 73' lang='lat' dir='ltr'>Oxon.</span> 
     </span>
    </p>
   </div>
   <div class='ocr_carea' id='block_1_113' title="bbox 474 5720 1055 5844">
    <p class='ocr_par' dir='ltr' id='par_1_113' title="bbox 474 5720 1055 5844">
     <span class='ocr_line' id='line_1_113' title="bbox 474 5720 1055 5770; baseline -0.003 0"><span class='ocrx_word' id='word_1_946' title='bbox 474 5720 629 5770; x_wconf 67' lang='lat' dir='ltr'>Oxon.</span> <span class='ocrx_word' id='word_1_947' title='bbox 723 5720 977 5769; x_wconf 67' lang='lat' dir='ltr'>“Primo</span> <span class='ocrx_word' id='word_1_948' title='bbox 1017 5720 1055 5768; x_wconf 71' lang='lat' dir='ltr'>Ii</span> 
     </span>
     <span class='ocr_line' id='line_1_114' title="bbox 487 5793 1055 5844; baseline 0.004 -2"><span class='ocrx_word' id='word_1_949' title='bbox 487 5795 618 5843; x_wconf 72' lang='lat' dir='ltr'>sunt</span> <span class='ocrx_word' id='word_1_950' title='bbox 651 5803 712 5842; x_wconf 84' lang='lat' dir='ltr'>se</span> <span class='ocrx_word' id='word_1_951' title='bbox 759 5797 869 5842; x_wconf 84' lang='lat' dir='ltr'>tem</span> <span class='ocrx_word' id='word_1_952' title='bbox 898 5793 1055 5844; x_wconf 73' lang='lat' dir='ltr'>Oxon.</span> 
     </span>
    </p>
   </div>
   <div class='ocr_carea' id='block_1_114' title="bbox 1913 5585 3436 5645">
    <p class='ocr_par' dir='ltr' id='par_1_114' title="bbox 1913 5585 3436 5645">
     <span class='ocr_line' id='line_1_115' title="bbox 1913 5585 3436 5645; baseline 0.001 -10"><span class='ocrx_word' id='word_1_953' title='bbox 1913 5587 1949 5614; x_wconf 63' lang='grc' dir='ltr'>’τ’</span> <span class='ocrx_word' id='word_1_954' title='bbox 1973 5585 2360 5644; x_wconf 87' lang='lat' dir='ltr'>Possidebunt,</span> <span class='ocrx_word' id='word_1_955' title='bbox 2390 5586 2789 5639; x_wconf 85' lang='lat' dir='ltr'>inhabitabiles</span> <span class='ocrx_word' id='word_1_956' title='bbox 2820 5592 2939 5639; x_wconf 79' lang='lat' dir='ltr'>Tim.</span> <span class='ocrx_word' id='word_1_957' title='bbox 2981 5594 3129 5642; x_wconf 85' lang='lat' dir='ltr'>Corb.</span> <span class='ocrx_word' id='word_1_958' title='bbox 3160 5592 3287 5641; x_wconf 79' lang='lat' dir='ltr'>Bod.</span> <span class='ocrx_word' id='word_1_959' title='bbox 3318 5594 3364 5645; x_wconf 92' lang='grc'><strong>1.</strong></span> <span class='ocrx_word' id='word_1_960' title='bbox 3391 5593 3436 5640; x_wconf 85' lang='grc'>4.</span> 
     </span>
    </p>
   </div>
   <div class='ocr_carea' id='block_1_115' title="bbox 1911 5655 3826 5726">
    <p class='ocr_par' dir='ltr' id='par_1_115' title="bbox 1911 5655 3826 5726">
     <span class='ocr_line' id='line_1_116' title="bbox 1911 5655 3826 5726; baseline 0.002 -20"><span class='ocrx_word' id='word_1_961' title='bbox 1911 5659 1955 5690; x_wconf 82' lang='grc'>⁴¹</span> <span class='ocrx_word' id='word_1_962' title='bbox 1980 5659 2198 5721; x_wconf 84' lang='lat' dir='ltr'>Peperit</span> <span class='ocrx_word' id='word_1_963' title='bbox 2224 5655 2431 5724; x_wconf 82' lang='lat' dir='ltr'>.Ioseph</span> <span class='ocrx_word' id='word_1_964' title='bbox 2470 5658 2604 5706; x_wconf 77' lang='lat' dir='ltr'>Voss.</span> <span class='ocrx_word' id='word_1_965' title='bbox 2635 5660 2781 5709; x_wconf 67' lang='lat' dir='ltr'>(forb.</span> <span class='ocrx_word' id='word_1_966' title='bbox 2819 5661 2940 5710; x_wconf 75' lang='lat' dir='ltr'>Bari.</span> <span class='ocrx_word' id='word_1_967' title='bbox 2973 5665 3017 5723; x_wconf 89' lang='grc'>1,</span> <span class='ocrx_word' id='word_1_968' title='bbox 3040 5665 3089 5721; x_wconf 74' lang='grc'><strong>2,</strong></span> <span class='ocrx_word' id='word_1_969' title='bbox 3115 5665 3160 5712; x_wconf 87' lang='grc'>4.</span> <span class='ocrx_word' id='word_1_970' title='bbox 3193 5663 3404 5726; x_wconf 85' lang='lat' dir='ltr'>Peperit</span> <span class='ocrx_word' id='word_1_971' title='bbox 3434 5661 3613 5711; x_wconf 85' lang='lat' dir='ltr'>ﬁlium</span> <span class='ocrx_word' id='word_1_972' title='bbox 3647 5662 3826 5718; x_wconf 85' lang='lat' dir='ltr'>Joseph</span> 
     </span>
    </p>
   </div>
   <div class='ocr_carea' id='block_1_116' title="bbox 723 5718 2134 5796">
    <p class='ocr_par' dir='ltr' id='par_1_116' title="bbox 723 5718 2134 5796">
     <span class='ocr_line' id='line_1_117' title="bbox 723 5718 2134 5796; baseline 0.009 -29"><span class='ocrx_word' id='word_1_973' title='bbox 723 5721 771 5748; x_wconf 81' lang='grc'>¹·²</span> <span class='ocrx_word' id='word_1_974' title='bbox 793 5718 977 5796; x_wconf 80' lang='lat' dir='ltr'>Primo</span> <span class='ocrx_word' id='word_1_975' title='bbox 1017 5719 1268 5772; x_wconf 85' lang='lat' dir='ltr'>Helcana</span> <span class='ocrx_word' id='word_1_976' title='bbox 1298 5721 1420 5773; x_wconf 84' lang='lat' dir='ltr'>Bod.</span> <span class='ocrx_word' id='word_1_977' title='bbox 1447 5725 1495 5787; x_wconf 90' lang='grc'>1,</span> <span class='ocrx_word' id='word_1_978' title='bbox 1521 5725 1572 5784; x_wconf 76' lang='lat'>2,</span> <span class='ocrx_word' id='word_1_979' title='bbox 1597 5726 1644 5787; x_wconf 90' lang='lat'>3,</span> <span class='ocrx_word' id='word_1_980' title='bbox 1674 5728 1719 5776; x_wconf 90' lang='grc'>4.</span> <span class='ocrx_word' id='word_1_981' title='bbox 1752 5728 2002 5782; x_wconf 84' lang='lat' dir='ltr'>Helcuna</span> <span class='ocrx_word' id='word_1_982' title='bbox 2029 5718 2134 5780; x_wconf 67' lang='lat' dir='ltr'>hab</span> 
     </span>
    </p>
   </div>
   <div class='ocr_carea' id='block_1_117' title="bbox 2236 5718 3344 5796">
    <p class='ocr_par' dir='ltr' id='par_1_117' title="bbox 2255 5718 3344 5796">
     <span class='ocr_line' id='line_1_118' title="bbox 2255 5718 3344 5796; baseline 0 -14"><span class='ocrx_word' id='word_1_983' title='bbox 2255 5718 2524 5786; x_wconf 57' lang='grc' dir='ltr'>Ανξιαγη.</span> <span class='ocrx_word' id='word_1_984' title='bbox 2559 5730 2664 5781; x_wconf 88' lang='lat' dir='ltr'>NC.</span> <span class='ocrx_word' id='word_1_985' title='bbox 2702 5733 2746 5795; x_wconf 74' lang='lat'>1,</span> <span class='ocrx_word' id='word_1_986' title='bbox 2771 5733 2819 5796; x_wconf 72' lang='lat'>3,</span> <span class='ocrx_word' id='word_1_987' title='bbox 2847 5734 2899 5792; x_wconf 84' lang='lat'>3,</span> <span class='ocrx_word' id='word_1_988' title='bbox 2936 5718 3174 5786; x_wconf 57' lang='lat' dir='ltr'>41cm</span> <span class='ocrx_word' id='word_1_989' title='bbox 3222 5718 3344 5786; x_wconf 78' lang='lat' dir='ltr'>Tim.</span> 
     </span>
    </p>
   </div>
   <div class='ocr_carea' id='block_1_118' title="bbox 3533 5575 3834 5638">
    <p class='ocr_par' dir='ltr' id='par_1_118' title="bbox 3533 5575 3834 5638">
     <span class='ocr_line' id='line_1_119' title="bbox 3533 5575 3834 5638; baseline -0.013 1"><span class='ocrx_word' id='word_1_990' title='bbox 3533 5593 3574 5622; x_wconf 77' lang='lat'>“</span> <span class='ocrx_word' id='word_1_991' title='bbox 3597 5575 3834 5638; x_wconf 54' lang='lat' dir='ltr'>Inﬁrmio:</span> 
     </span>
    </p>
   </div>
   <div class='ocr_carea' id='block_1_119' title="bbox 3437 5728 3826 5783">
    <p class='ocr_par' dir='ltr' id='par_1_119' title="bbox 3437 5728 3826 5783">
     <span class='ocr_line' id='line_1_120' title="bbox 3437 5728 3826 5783; baseline -0.018 0"><span class='ocrx_word' id='word_1_992' title='bbox 3437 5733 3482 5766; x_wconf 79' lang='lat'>&quot;</span> <span class='ocrx_word' id='word_1_993' title='bbox 3504 5731 3548 5783; x_wconf 88' lang='lat' dir='ltr'>F</span> <span class='ocrx_word' id='word_1_994' title='bbox 3568 5731 3582 5758; x_wconf 69' lang='grc' dir='ltr'><strong>ί</strong></span> <span class='ocrx_word' id='word_1_995' title='bbox 3600 5728 3826 5781; x_wconf 83' lang='lat' dir='ltr'>liiautem</span> 
     </span>
    </p>
   </div>
  </div>
