3998 6194
187 194 274 249 717

1122 160 1129 161 ί
1179 198 1726 257 TESTIMONIORUM
1764 202 1919 258 ADV.
1960 203 2228 260 JUDAZOS
2270 205 2398 259 LlB.
2438 206 2483 259 1.

3418 215 3522 268 ’718

174 324 365 390 septem
419 320 583 390 ponit
612 319 823 390 (Apoc.,
866 320 927 391 1),
1000 324 1065 376 ut
1120 330 1373 381 servetur
1442 329 1795 398 septenarius
1816 341 1875 413 Α
1896 333 1951 384 et
1980 332 2118 399 olei;
2150 332 2403 385 servient
2426 331 2524 385 tibi
2554 336 2773 402 gentes,
2805 338 2860 388 et
2885 335 3210 392 adorabunt
3231 344 3285 393 te
3313 339 3521 411 princi-

174 429 439 480 numerus,
480 416 542 467 ut
594 413 714 469 dies
766 421 981 486 septem
1031 418 1241 488 quibus
1298 422 1444 475 Deus
1500 423 1777 477 mundum

172 506 283 561 fecit
314 506 575 575 (Gen.,1),
631 514 695 563 ut
748 510 939 580 angeli
992 514 1214 582 septem
1267 514 1367 585 qui
1415 516 1686 572 assistunt
1726 522 1783 571 et

167 604 558 655 conversantur
577 606 703 657 ante
729 603 939 658 faciem
967 605 1084 672 Dei,
1114 607 1260 661 sicut
1299 609 1553 680 Raphael
1604 628 1778 682 ange-

166 694 239 749 lus
266 693 321 747 in
353 693 524 748 Tobia
570 695 705 749 dicit
751 697 925 767 (Tob.,
957 699 1080 769 xu),
1122 704 1177 755 et
1230 702 1465 758 lucerna
1524 706 1783 775 septifor-

164 789 253 842 mis
284 790 326 822 “
359 788 419 841 in
465 789 831 846 tabernaculo
879 794 1226 864 martyrii“
1275 798 1668 869 (Emot.,xxv),
1727 804 1785 854 et

167 882 293 937 oculi
322 883 543 937 Domini
575 890 798 955 septem
829 886 927 957 qui
960 889 1243 943 mundum
1290 893 1676 962 speculantur,
1728 901 1783 949 et

163 976 285 1047 lapis
311 994 444 1031 cum
472 978 647 1032 oculis
678 985 916 1049 septem,
965 987 1024 1035 ut
1048 984 1348 1039 Zacharias
1386 985 1524 1041 dicit
1576 989 1781 1056 (Zach.,

162 1088 229 1139 lli,
259 1074 317 1138 9;
350 1088 425 1139 Iv,
462 1072 566 1141 l0),
599 1077 655 1126 et
691 1072 935 1143 Spiritus
961 1082 1204 1146 septem,
1239 1082 1296 1132 et
1344 1080 1681 1135 candelabra
1725 1083 1783 1136 in

160 1164 481 1236 Apocalypsi
510 1171 754 1237 septem,
788 1171 846 1222 et
880 1169 1165 1225 columna:
1193 1178 1413 1243 septem
1438 1190 1609 1245 super
1643 1192 1788 1246 quas

162 1258 443 1313 adiﬁcavit
504 1259 741 1316 domum
811 1264 1117 1333 Sapientia.
1192 1266 1356 1336 Apud
1439 1269 1781 1325 Salomonen

162 1355 349 1435 (Prw,
387 1369 464 1422 II,
502 1351 580 1427 ηδ

165 1454 274 1509 Car.
301 1455 429 1509 XXI.
464 1485 532 1495 —
592 1457 745 1523 Quod
793 1463 971 1526 gentes
1020 1462 1195 1529 magis
1253 1463 1313 1516 in
1358 1462 1629 1521 Christum
1672 1483 1787 1522 cre-

758 1538 956 1593 diturae
974 1546 1165 1595 essent.

224 1635 277 1688 in
301 1634 540 1689 Genesi:
577 1655 606 1684 ‹‹
624 1636 687 1690 Et
714 1634 853 1689 dixit
880 1637 1155 1692 Dominus
1176 1640 1323 1694 Deus
1350 1642 1420 1696 ad
1448 1642 1769 1698 Abraham:

1894 440 2011 494 pes,
2047 431 2103 479 et
2121 426 2231 479 eris
2248 425 2715 480 dominusfratris
2733 428 2809 481 tui
2834 430 2901 497 ⁵ο,
2927 430 3317 487 etadorabunt
3342 439 3394 488 te
3422 433 3523 490 filii

1883 518 2059 589 patris
2092 519 2203 585 tui;
2237 523 2294 573 et
2318 519 2415 589 qui
2457 522 2511 573 te
2540 520 2897 575 maledixerit
2923 524 3033 576 erit
3072 525 3425 596 maledictus,
3462 532 3522 582 et

1883 614 1981 683 qui
2010 619 2062 667 te
2087 612 2445 668 benedixerit
2468 613 2510 647 ⁶¹
2540 614 2903 668 benedictus»
2938 617 3111 686 (Gen.,
3130 634 3295 687 xxvu,
3313 622 3517 691 27-28).

1884 708 1963 759 De
1997 708 2104 761 hoc
2132 707 2253 778 ipso
2300 708 2357 761 in
2393 708 2628 761 Genesi:
2684 728 2711 755 ‹‹
2752 708 2857 762 Ubi
2896 713 3085 764 autem
3134 712 3274 781 vidit
3310 714 3357 747 5’
3405 717 3515 786 (l9)

1883 801 2087 871 Joseph
2118 802 2387 872 quoniam
2420 801 2781 871 superposuit
2805 803 2851 836 ⁵³
2897 810 3058 872 pater
3103 821 3235 859 suus
3283 824 3517 862 manum

1887 894 2143 948 dextram
2173 912 2345 965 super
2372 901 2540 966 caput
2571 896 3053 967 Ephraim,grave
3084 898 3165 951 illi
3193 900 3374 955 visum
3401 906 3513 967 est;

1886 991 1943 1041 et
1969 989 2349 1059 apprehendit
2377 990 2586 1059 Joseph
2613 1006 2846 1043 manum
2874 991 3050 1061 patris
3086 994 3172 1045 sui
3193 993 3267 1064 σε,
3299 995 3520 1049 auferre

1888 1097 2014 1135 eam
2041 1100 2073 1134 a
2098 1082 2282 1152 capite
2311 1082 2579 1153 Ephraim
2607 1084 2677 1137 ad
2707 1086 2877 1154 caput
2910 1084 3183 1139 Manasse.
3222 1086 3367 1140 Dixit
3410 1103 3511 1141 au-

1888 1178 2000 1228 tem
2026 1175 2231 1246 Joseph
2259 1175 2331 1229 ad
2358 1179 2584 1246 patrem
2613 1193 2779 1230 suum
2813 1194 2825 1230 :
2876 1178 2996 1231 Non
3035 1179 3133 1246 sic,
3181 1182 3370 1250 pater,
3421 1180 3515 1235 hic

1890 1273 1975 1322 est
2004 1267 2328 1338 primitivus
2358 1284 2519 1322 meus
2550 1269 2618 1337 55;
2650 1285 2972 1340 superpone
3022 1271 3311 1326 dexteram
3359 1278 3519 1328 tuam

1890 1378 2063 1432 super
2095 1366 2265 1432 caput
2295 1363 2435 1433 ejus.
2469 1363 2565 1416 Ille
2594 1368 2786 1416 autem
2818 1364 3018 1430 noluit,
3053 1369 3110 1418 et
3135 1364 3311 1419 dixit:
3367 1367 3514 1435 Scio,

1889 1455 1992 1523 ﬁli,
2023 1456 2135 1509 scio
2156 1472 2168 1510 :
2192 1459 2251 1509 et
2278 1455 2371 1509 hic
2404 1456 2516 1509 erit
2536 1456 2594 1509 in
2623 1456 2924 1527 populum,
2956 1461 3011 1511 et
3031 1457 3120 1512 hic
3148 1459 3511 1527 exaltabitur;

1892 1549 1992 1603 sed
2018 1549 2192 1603 frater
2221 1550 2344 1618 ejus
2375 1549 2566 1617 iunior
2592 1550 2773 1619 major
2810 1551 2909 1605 illo
2953 1552 3061 1606 erit
3102 1553 3165 1619 ⁵⁵,
3222 1556 3276 1606 et
3318 1569 3514 1608 semen

1893 1643 2014 1713 ejus
2044 1643 2154 1696 erit
2181 1644 2240 1695 in
2285 1643 2727 1697 multitudinem
2775 1645 3036 1714 gentium
3078 1666 3104 1693 η
3133 1646 3312 1714 (Gen.,
3337 1663 3515 1713 XLVIII,

166 1748 189 1774 «
206 1728 293 1781 Exi
323 1727 397 1781 de
426 1734 584 1783 terra
612 1732 710 1783 tua
738 1734 794 1784 et
819 1730 889 1784 de
918 1732 1258 1802 cognatione
1285 1737 1384 1789 tua
1410 1741 1465 1791 et
1490 1737 1558 1792 de
1607 1737 1774 1793 domo
1794 1710 1850 1781 B
1880 1710 2077 1807 11-19).
2110 1738 2251 1791 Item
2277 1737 2339 1791 in
2369 1736 2613 1794 Genesi:
2637 1755 2668 1786 ‹‹
2692 1710 2850 1806 Juda,
2878 1740 2935 1791 te
2965 1710 3275 1793 laudabunt
3296 1710 3363 1806 έτ,
3389 1710 3507 1795 ἴνα-ξ

162 1822 317 1891 patris
374 1823 481 1890 tui,
542 1826 599 1877 et
642 1824 776 1878 vade
835 1825 893 1878 in
957 1825 1113 1880 illam
1168 1831 1386 1882 terram
1447 1846 1619 1901 quam
1674 1832 1775 1887 tibi

158 1914 441 1970 ostendero
463 1933 481 1985 ;
511 1920 567 1971 et
590 1917 797 1971 faciam
826 1916 1016 1991 690
1045 1924 1100 1975 te
1126 1920 1183 1974 in
1212 1927 1447 1992 gentem
1480 1941 1772 1996 magnam,

161 2012 208 2062 et
230 2008 565 2064 benedicam
595 2014 669 2081 te,
714 2014 771 2066 et
822 2014 1206 2083 magniﬁcaho
1232 2032 1447 2071 nomen
1495 2024 1680 2086 tuum,
1721 2025 1776 2075 et

161 2102 255 2154 eris
288 2103 660 2173 benedictus;
704 2106 761 2159 et
788 2105 1125 2161 benedicam
1151 2107 1249 2178 qui
1293 2112 1347 2164 te
1394 2110 1771 2182 benedixerit,

160 2200 205 2247 et
228 2196 565 2251 maledicam
604 2198 701 2268 qui
722 2204 776 2253 te
807 2200 1167 2256 maledixerit
1188 2203 1256 2268 ‘5,
1287 2206 1343 2257 et
1368 2203 1775 2261 benedicentur

1244 2297 1422 2365 (Gem,
1472 2315 1570 2365 xn,
1644 2300 1771 2369 13).

160 2382 223 2435 De
252 2382 359 2437 hoc
387 2384 507 2453 ipso
531 2384 587 2438 in
615 2386 854 2441 Genesi:
891 2409 919 2437 «
945 2389 1314 2444 Etbenedixit
1340 2393 1493 2446 Isaae
1513 2393 1683 2447 Jacob
1702 2396 1771 2449 ‘9.

160 2476 274 2530 Ecce
304 2478 449 2531 odor
479 2478 579 2532 ﬁlii
602 2480 714 2533 mei
740 2480 885 2535 sicut
909 2481 1055 2536 odor
1076 2483 1199 2554 agri
1229 2486 1380 2554 pleni
1402 2502 1570 2556 quem
1597 2487 1771 2542 bene-

157 2568 278 2624 dixit
304 2572 606 2627 Dominus.
664 2574 731 2627 Et
786 2574 883 2628 det
936 2576 1035 2630 tibi
1086 2578 1232 2631 Deus
1282 2579 1350 2633 de
1404 2596 1530 2634 rore
1581 2583 1772 2635 coeli"9

156 2668 203 2717 et
222 2680 249 2717 a
278 2664 577 2720 fertilitate
606 2672 770 2721 terrae
802 2668 1230 2725 multitudinem
1259 2672 1531 2727 frumenti
1564 2679 1619 2728 et
1658 2675 1775 2729 vini

159 2287 206 2341 in
259 2296 309 2343 te
355 2306 559 2345 omnes
613 2292 792 2347 tribus
851 2295 896 2327 ⁴⁷
958 2300 1171 2348 terrae»

1876 1836 1990 1885 tres
2017 1830 2119 1897 tui,
2143 1847 2344 1884 manus
2366 1830 2412 1865 ⁵⁸
2431 1846 2601 1901 super
2623 1830 2856 1885 dorsum
2879 1830 3244 1885 inimicorum
3263 1837 3511 1900 tuorum,

1880 1924 2225 1979 Adorabunt
2276 1930 2333 1978 te
2414 1924 2513 1977 ﬁlii
2591 1924 2769 1994 patris
2846 1926 2973 1979 tui:
3052 1925 3272 1981 catulus
3315 1926 3512 1995 leonis,

1872 2018 2033 2072 Iuda.
2091 2019 2169 2071 De
2231 2017 2460 2086 frutice,
2525 2017 2608 2071 ﬁli
2675 2018 2777 2087 mi,
2852 2017 3175 2085 ascendisti,
3230 2019 3507 2073 recubans

1878 2111 2214 2166 obdormisti
2283 2112 2438 2165 velut
2494 2113 2586 2165 leo
2662 2117 2717 2165 et
2794 2113 2949 2166 velut
3036 2113 3251 2167 catulus
3316 2114 3518 2169 leonis.

1878 2205 2015 2270 Quis
2066 2205 2335 2259 excitabit
2408 2205 2615 2259 illum?
2670 2207 2794 2260 Non
2840 2206 3064 2262 deﬁciet
3126 2206 3392 2277 princeps
3447 2208 3515 2261 de

1873 2300 2011 2354 Juda
2042 2307 2096 2354 et
2116 2300 2230 2354 dux
2258 2299 2327 2353 de
2355 2299 2669 2353 femoribus
2706 2301 2828 2368 ejus
2864 2300 3246 2371 quoadusque
3282 2301 3514 2355 veniant

1876 2394 2127 2464 deposita
2150 2394 2192 2428 59
2220 2394 2323 2462 illi,
2354 2400 2409 2447 et
2464 2393 2582 2463 ipse
2627 2400 2708 2447 est
2756 2394 2804 2427 ⁶⁰
2848 2410 2975 2463 spes
3028 2394 3308 2464 gentium.
3366 2394 3517 2451 Deli-

1877 2503 2021 2556 gans
2050 2488 2120 2541 ad
2154 2488 2327 2541 vitem
2365 2489 2410 2522 θί
2454 2487 2675 2558 pullum
2728 2503 2917 2554 suum,
2966 2491 3022 2541 et
3073 2488 3145 2541 ad
3195 2489 3441 2543 cilicium
3469 2489 3516 2525 ⁸³

1876 2580 1986 2650 (20)
2045 2580 2269 2650 pullum
2330 2581 2504 2635 asina
2561 2596 2701 2634 suae.
2758 2580 2991 2633 Lavabit
3052 2581 3112 2633 in
3180 2582 3315 2636 vino
3393 2586 3501 2636 sto-

1874 2674 1992 2727 lam
2020 2690 2185 2727 suam
2226 2675 2273 2711 53
2324 2678 2382 2727 et
2424 2674 2483 2727 in
2530 2674 2809 2743 sanguine
2849 2690 2972 2727 uvas
3016 2672 3199 2745 691
3236 2674 3507 2729 amictum

1511 2867 1721 2933 Varias
1793 2872 2131 2934 lectiones.

205 2999 243 3030 “
262 2999 533 3053 Lucerna
558 3004 906 3067 septiformes
936 3007 1095 3058 Oxon.

1190 3010 1232 3041 ⁴⁵
1259 3009 1646 3063 Tabernaculo
1671 3015 1970 3064 testimonii
2012 3017 2152 3064 Foss.
2242 3012 2284 3044 ⁴⁶
2314 3010 2697 3062 Maledixerint
2732 3010 2855 3060 Bod.
2891 3012 2930 3059 t.

3016 3009 3059 3044 ⁴⁷
3080 3008 3286 3061 Omnes
3313 3016 3508 3073 gentes

153 3067 260 3142 llud.
290 3071 336 3142 1.
405 3070 452 3102 ⁸³
473 3072 643 3124 Jacoh
664 3080 720 3125 et
748 3075 891 3125 dixit
922 3078 1029 3126 ιιή.
1054 3078 1192 3126 Lam.
1225 3081 1330 3131 NG.
1358 3081 1404 3129 2.
1474 3083 1521 3113 ⁴⁹
1542 3086 1588 3133 Α
1625 3097 1746 3133 rore

1880 3084 2061 3133 iLam.
2096 3084 2203 3135 ΝΟ.
2244 3083 2289 3141 1,
2314 3086 2359 3129 2.
2396 3081 2513 3129 Bod.
2548 3082 2594 3141 1,
2623 3081 2672 3142 2,
2701 3082 2747 3131 4.
2782 3079 2904 3129 Thu.
2944 3082 3063 3129 Voss
3147 3081 3191 3112 5°
3212 3067 3490 3132 Dominus

152 3138 398 3191 fratribus
428 3144 543 3192 tuis
560 3145 696 3193 Lam.
728 3146 859 3195 Bod.
882 3152 908 3193 2
947 3149 1056 3199 ΝΕ.
1094 3150 1137 3197 1.

1233 3153 1273 3182 ⁵¹
1296 3150 1661 3203 Benedixerit
1690 3156 1793 3204 erit
1821 3155 1943 3205 Thu.
1973 3153 2117 3203 Corb.
2204 3155 2244 3185 5'
2271 3150 2378 3203 Ubi
2408 3149 2545 3199 vidit
2577 3149 2703 3200 Thu.
2730 3149 2872 3199 Corb.
2956 3152 2995 3182 ⁸³
3019 3148 3297 3211 Quoniam
3321 3150 3507 3213 posuit

304 3211 456 3261 Corb.
525 3216 566 3247 5‘
588 3215 762 3264 Patris
786 3218 873 3287 sui
904 3231 934 3267 a
964 3219 1145 3281 capite
1172 3221 1307 3269 Fors.
1396 3224 1439 3252 ετ
1464 3224 1871 3287 Primogenitus
1897 3227 1983 3274 Ar.
2065 3220 2108 3257 ⁵⁸
2130 3222 2302 3286 Major
2334 3221 2412 3271 illi
2448 3223 2552 3270 erit
2581 3222 2719 3270 Foss.
2803 3219 2843 3254 ⁵⁷
2860 3208 3115 3270 Laudant
3142 3219 3267 3268 Bod.
3293 3208 3342 3269 ιῖ
3374 3220 3499 3270 Thu.

152 3276 390 3358 ffbianus
416 3288 533 3358 tuae
566 3286 893 3358 supergbod.
932 3291 973 3346 1,
997 3276 1049 3349 2,
1068 3290 1117 3351 3,
1151 3292 1199 3339 4.
1237 3291 1367 3340 Thu.
1394 3296 1545 3342 Foss.
1615 3276 1925 3344 59"Veniant
1950 3307 2077 3358 quas
2108 3276 2349 3357 reposita
2384 3296 2517 3342 sunt
2540 3293 2680 3342 Lam.
2709 3293 2817 3341 Lin.
2851 3291 2975 3341 Bod.
3010 3292 3056 3353 1,
3077 3291 3127 3353 2,
3156 3292 3205 3355 3,
3230 3292 3277 3341 4.
3309 3290 3417 3341 N0.
3454 3295 3498 3343 1.

152 3349 319 3427 τηρεε
345 3354 458 3405 erit
477 3368 605 3419 spes
633 3356 778 3406 Coro.
864 3349 1189 3423 “Religans
1213 3363 1282 3411 ad
1315 3365 1489 3413 vitem
1520 3367 1659 3415 Lam.
1698 3366 1804 3416 N0.
1833 3366 1879 3416 1.
1912 3349 2040 3416 Βὸἀ.
2075 3366 2123 3427 1,
2148 3349 2197 3427 s‘,
2222 3363 2273 3427 3,
2307 3362 2427 3413 τιια.
2503 3360 2546 3396 ι·
2566 3360 2652 3411 Ad
2678 3362 2871 3413 cilium
2903 3349 3202 3412 rhujréui
3227 3362 3344 3413 Ben.
3378 3362 3502 3413 Bod.

151 3421 190 3483 l,
216 3422 259 3479 2,
289 3428 337 3487 .‘l,
366 3430 414 3475 4.
447 3427 535 3477 Ad
561 3426 797 3479 helicem
830 3429 989 3480 Oxon.
1057 3421 1099 3464 δτ
1122 3432 1462 3485 Anabolium
1488 3435 1616 3485 Bod.
1648 3437 1693 3485 1.

1432 3581 1656 3663 Steph.
1703 3580 1951 3645 Baluzii
1994 3585 2195 3644 notae.

196 3708 286 3799 (l’9t
500 3714 876 3799 autemcidit.
932 3716 1067 3768 Haac
1119 3721 1173 3767 et
1222 3722 1422 3799 caetera
1480 3734 1669 3799 usque
1706 3711 1852 3785 adC
1880 3721 2053 3799 plaria
2114 3719 2420 3799 complura,
2470 3722 2549 3799 ut.
2581 3719 2727 3799 inter
2767 3720 2967 3799 enitere
3008 3716 3511 3799 unumninsignius

144 3779 528 3856 multitudinem
556 3786 785 3847 gentium
832 3786 1036 3838 desunt
1071 3791 1128 3839 in
1169 3790 1362 3841 codice
1408 3779 1764 3856 Burgundico
1814 3779 1933 3844 Tac
1966 3779 2710 3852 vetustius—manuscriptum
2738 3803 2805 3839 ex
2830 3788 3174 3839 bibliotheca
3199 3787 3510 3838 Carthusise

143 3856 189 3899 et
212 3853 264 3900 in
291 3855 648 3905 Lamoniano.

198 3923 287 3997 tm)
352 3924 617 3997 Ciliciam.
681 3928 841 3979 Hane
904 3930 1199 3982 lectionem
1264 3934 1565 3997 prseterunt
1625 3934 1766 3984 anti-

143 3995 354 4069 quiores
392 3996 668 4069 editiones
696 4002 748 4048 et
793 4003 976 4051 omnia
1021 4009 1206 4054 vetera
1250 3995 1606 4069 exemplaria,
1660 4006 1767 4054 nisi

140 4065 277 4140 quod
324 4068 383 4115 in
444 4068 699 4129 Thuano,
747 4075 807 4120 ut
849 4074 903 4121 in
966 4073 1303 4136 Fossatensi,
1366 4065 1632 4140 scriptum
1682 4080 1769 4128 est

140 4134 329 4211 cilium,
368 4151 468 4211 per
502 4140 776 4191 incuriam
823 4143 1083 4195 videlicet
1122 4134 1765 4211 librariorum-ignoran-

141 4206 266 4256 tium
304 4208 471 4283 quod,
502 4211 836 4283 scribebant.
866 4213 991 4275 Quo
1022 4217 1187 4266 etiam
1217 4219 1400 4279 modo,
1435 4220 1480 4269 si
1510 4206 1637 4283 quis
1661 4219 1768 4269 hoc

138 4290 350 4355 quoque
393 4282 539 4331 scire
584 4282 872 4347 desiderat,
918 4287 1120 4352 legitur
1164 4290 1218 4339 in
1254 4290 1474 4341 duobus
1517 4282 1768 4355 antiquis

138 4350 443 4413 codicibus,
476 4367 589 4404 uno
618 4356 769 4418 regio
811 4362 863 4407 et
910 4350 1083 4409 altero
1127 4374 1267 4411 meo.
1310 4362 1434 4410 Pari
1485 4350 1674 4411 errore
1713 4363 1768 4411 in

137 4423 323 4496 codice
354 4438 481 4475 meo
512 4427 604 4476 162
640 4429 913 4492 scriptum
942 4435 1025 4481 est
1065 4434 1234 4482 Cilius
1282 4447 1380 4496 pro
1432 4434 1655 4495 Caecilio,
1712 4434 1768 4483 in

138 4492 270 4544 libro
299 4496 366 4546 de
391 4499 643 4549 Passieno
667 4504 845 4551 sancti
867 4503 1127 4565 Cypriani
1154 4504 1262 4554 hoc
1282 4492 1460 4555 modo
1486 4520 1497 4553 :
1556 4523 1582 4549 ‹‹
1610 4492 1769 4555 Tem-

136 4566 355 4640 poribus
402 4568 698 4632 Valeriani,
753 4573 1088 4637 iniquissimi
1127 4576 1489 4640 imperatoris,
1547 4576 1653 4627 fuit
1712 4578 1769 4626 in

136 4634 481 4710 Carthagine,
538 4656 666 4706 quae
716 4648 802 4694 est
852 4634 908 4695 in
960 4646 1167 4704 Africa,
1205 4634 1641 4710 gloriosissiimus
1682 4649 1770 4700 vir

136 4709 355 4781 nomine
396 4709 734 4781 Cyprianus,
782 4716 879 4778 qui
926 4718 1104 4779 primo
1160 4709 1385 4781 quidem
1434 4719 1769 4771 rhetoricam

136 4774 340 4840 docuit,
376 4780 580 4832 deinde
633 4798 663 4832 a
706 4774 946 4848 quodam
982 4774 1305 4852 presbytero
1339 4791 1563 4839 nomine
1606 4790 1766 4851 Cilio,

136 4859 438 4924 conversus
466 4852 533 4901 ad
562 4854 727 4905 ﬁdem
754 4856 977 4914 Christi,
1021 4872 1225 4909 nomen
1273 4874 1497 4924 quoque
1544 4864 1768 4912 sortitus

136 4923 213 4997 est
265 4920 493 4997 Caelius.
529 4941 557 4968 λδ
597 4925 878 4988 Erasmus,
928 4930 1025 4993 qui
1067 4920 1472 4982 videbat—hunc
1507 4932 1766 4997 Cypriani

132 4988 317 5065 locum
378 4994 584 5045 cubare
643 4997 698 5046 in
748 4988 970 5059 mendo,
1031 5004 1218 5065 posuit
1271 5003 1458 5064 ilicem,
1493 4988 1766 5055 exncon-

130 5061 341 5138 iectura
372 5066 649 5118 videlicet.
687 5070 882 5120 Postea
908 5061 1134 5122 emersit
1181 5073 1348 5123 editio
1392 5061 1519 5138 quae
1562 5076 1768 5127 dicitur

135 5131 340 5205 Gravii,
417 5152 586 5201 quam
637 5140 729 5203 qui
796 5147 1131 5205 procuravit,
1200 5131 1459 5196 admonet
1532 5147 1767 5198 lectores

134 5204 419 5277 schelicem
458 5210 511 5257 in
549 5211 655 5260 hoc
698 5204 823 5263 loco
862 5204 1128 5277 scriptum
1165 5215 1369 5266 vidisse
1405 5217 1546 5268 inter
1592 5220 1771 5267 varias

132 5274 399 5353 lectiones
432 5282 639 5353 positas
686 5283 743 5331 in
782 5274 1082 5349 exemp—lari
1114 5287 1371 5337 editionis
1401 5289 1769 5353 Cyprianicm,

133 5347 279 5409 quod
336 5357 456 5400 erat
506 5352 712 5425 Gravii,
768 5347 1007 5407 innuens
1056 5358 1212 5408 illum
1263 5347 1655 5425 castigationes
1702 5347 1771 5410 ex

132 5424 508 5487 manuscripto
562 5424 826 5488 Cypriani
876 5428 1070 5479 codice
1121 5424 1443 5482 observatas
1506 5434 1561 5481 in
1604 5443 1771 5482 suum

134 5489 235 5539 sibi
281 5494 533 5568 codicem
585 5497 911 5551 brevissime
951 5505 1167 5552 tantum
1216 5506 1456 5566 notasse,
1517 5503 1771 5568 quamvis

134 5566 359 5639 constet
381 5580 576 5618 omnes
620 5568 745 5619 illas
788 5570 1057 5622 lectiones
1098 5588 1209 5623 non
1249 5588 1369 5625 esse
1409 5566 1659 5639 sumptas
1702 5588 1769 5624 ex

134 5630 277 5682 libro
308 5639 493 5698 veteri,
526 5642 579 5688 et
618 5642 919 5691 nonnullas
963 5657 1151 5693 earum
1201 5659 1321 5696 esse
1366 5630 1580 5697 tantum
1635 5658 1769 5696 con-

132 5701 383 5764 jecturas
410 5705 626 5767 Gl‘uVii;
659 5722 723 5759 ac
763 5714 1020 5775 quamvis
1058 5714 1152 5763 ille
1187 5717 1282 5778 qui
1314 5716 1483 5779 hujus
1512 5715 1771 5766 editionis

134 5780 337 5827 auctor
386 5784 482 5843 est,
536 5786 759 5833 moneat
800 5783 907 5834 sibi
960 5785 1017 5834 in
1070 5797 1133 5836 ea
1181 5787 1308 5836 usui
1357 5787 1528 5837 fuisse
1572 5800 1770 5839 exem-

1868 3862 2237 3922 Coloniensis,
2265 3860 2485 3911 nullum
2520 3864 2706 3911 tamen
2753 3873 2945 3910 eorum
2972 3858 3217 3909 laudavit
3258 3858 3328 3908 ad
3374 3870 3507 3909 con-

1867 3934 2198 3986 ﬁrmandam
2226 3932 2527 3983 lectionem
2558 3932 2843 3981 inventam
2885 3931 2941 3979 in
2970 3928 3113 3980 libro
3142 3928 3352 3987 Gravii,
3400 3930 3508 3979 im-

1868 4019 1959 4057 mo
1988 4003 2219 4055 retinuit
2253 4001 2555 4053 editionem
2602 4001 2850 4063 Erasmi;
2904 3999 3055 4065 quod
3095 4012 3208 4049 non
3262 4000 3503 4061 fecisset,

1868 4078 1915 4128 si
1948 4076 2234 4126 habuisset
2262 4074 2643 4123 auctoritatem
2688 4073 2923 4135 alicujus
2969 4070 3097 4120 libri
3142 4070 3365 4120 veteris.
3399 4071 3509 4121 At-

1909 4162 1979 4198 ue
2006 4160 2106 4209 ego
2136 4158 2270 4196 sane
2289 4144 2546 4195 lubenter
2571 4144 2938 4208 amplecterer
2958 4145 3012 4193 et
3031 4141 3345 4205 praeferrem
3373 4154 3507 4192 con-

1909 4164 1979 4198 ue
2006 4164 2106 4209 ego
2136 4164 2270 4196 sane
2290 4164 2546 4195 luuellwr
2571 4164 2938 4208 amplectetur
2958 4164 3012 4193 υι
3032 4164 3345 4205 pruinarum
3373 4164 3507 4192 cuu-

1862 4164 2138 4283 Pecturam
2163 4215 2371 4277 Gravii,
2394 4216 2500 4265 nisi
2536 4216 2783 4267 obstaret
2815 4219 3069 4264 veterum
3113 4211 3419 4263 editionum
3458 4219 3514 4264 et

1868 4290 2125 4342 codicum
2150 4288 2469 4348 auctoritas,
2497 4290 2551 4339 et
2570 4288 2677 4338 nisi
2702 4287 2909 4338 vetusti
2931 4283 3157 4349 quidam
3176 4297 3507 4348 magnorum

1868 4362 2160 4411 nominum
2203 4359 2502 4421 scriptores
2537 4360 2924 4422 repugnarent.
2976 4355 3299 4406 Lectionem
3353 4357 3503 4407 enim

1870 4446 2039 4497 quam
2069 4444 2170 4494 ego
2188 4430 2406 4492 retinui,
2434 4430 2688 4493 quamvis
2706 4427 2974 4477 mendosa
2999 4426 3233 4497 sit,iesse
3261 4430 3505 4497 veterem

1868 4496 2086 4554 constat
2104 4516 2173 4553 ex
2195 4502 2377 4565 capite
2400 4503 2596 4563 quarto
2616 4498 2741 4547 libri
2772 4497 2949 4547 sancti
2981 4496 3278 4558 Ambrosii,
3300 4496 3367 4546 de
3389 4498 3495 4546 Be-

1866 4574 2243 4625 nedictionibus
2303 4570 2760 4630 Patriarcharum,
2823 4581 2893 4618 ex
2957 4568 3100 4617 libro
3166 4566 3497 4617 duodecimo

1869 4648 2046 4697 sancti
2065 4644 2363 4709 Augustini
2375 4641 2631 4691 adversus
2650 4640 2901 4689 Faustum
2912 4637 3399 4709 Mant'chseumicap.
3417 4639 3497 4688 4s.

1869 4723 1925 4768 et
1948 4707 2178 4768 exiibro
2208 4714 2425 4765 decimo
2454 4714 2608 4761 sexto
2639 4723 2758 4772 cap.
2790 4710 2846 4758 41
2893 4708 2956 4758 de
2990 4707 3219 4757 Civitate
3241 4708 3355 4769 Dei,
3381 4712 3501 4758 tum

1870 4790 2035 4841 etiam
2080 4801 2147 4837 ex
2182 4784 2412 4849 epistola
2444 4784 2501 4833 47
2538 4783 2715 4831 sancti
2760 4779 2979 4830 Paulini
3020 4779 3266 4849 episcopi
3303 4778 3505 4828 Nolani

1870 4860 1940 4911 ad
1966 4848 2249 4917 Ruﬁnum,
2281 4855 2371 4906 cui
2404 4852 2701 4917 respondet
2741 4851 2887 4902 idem
2920 4848 3157 4902 Ruﬁnus
3183 4850 3240 4899 in
3272 4849 3500 4915 epistola

1868 4933 1982 4982 ﬁxa
2024 4930 2178 4980 libris
2224 4928 2287 4977 ds
2329 4922 2784 4975 Benedictiom’bus
2828 4920 3287 4972 Patriarcharum.
3341 4920 3505 4971 Arbi-

1868 5006 2043 5053 tratur
2073 5003 2257 5049 autem
2287 4997 2525 5048 Ruﬁnus
2561 4995 2709 5044 hanc
2752 5006 2978 5057 pravam
3023 4990 3318 5042 lectionem
3354 4991 3507 5053 posi-

1869 5080 1980 5126 tam
2038 5084 2161 5122 esse
2216 5071 2270 5119 in
2321 5066 2736 5131 exemplaribus
2790 5063 3001 5115 Latinis
3057 5075 3089 5111 a
3145 5059 3509 5125 scriptoribus

1868 5146 2079 5199 Latinis
2117 5154 2227 5192 non
2270 5137 2712 5203 intelligentibus
2740 5135 2877 5201 quid
2928 5132 3267 5198 signiﬁcaret
3309 5132 3509 5185 Graeca

1872 5230 1978 5266 vox
2008 5215 2120 5273 ιλιξ,
2173 5226 2238 5262 ac
2271 5215 2559 5286 prepterca
2602 5208 2849 5286 cilicium
2884 5209 3144 5286 putatum
3190 5215 3332 5286 esse,
3374 5203 3511 5253 nm

1872 5288 2018 5337 enim
2050 5288 2217 5334 vitem
2265 5274 2461 5333 dicunt
2503 5279 2685 5332 Grmci
2728 5280 2990 5356 nontam
3033 5274 3340 5356 palmitem,
3367 5287 3510 5356 quo-.-

1872 5358 2035 5409 modo
2079 5357 2287 5407 habent
2331 5358 2520 5406 nostra
2561 5349 2918 5414 exemplaria,
2952 5360 3122 5412 quam
3166 5347 3290 5397 illos
3343 5347 3507 5411 quasi

1870 5429 2199 5483 rueinnulos
2239 5433 2293 5479 et
2341 5425 2655 5477 cinuicuios
2696 5420 2961 5497 palmitis,
3012 5419 3217 5497 quibus
3262 5431 3509 5497 succres-

1872 5516 2004 5555 cens
2030 5502 2239 5565 palmes
2272 5501 2559 5570 innectere
2595 5499 2650 5544 et
2682 5492 3025 5570 suspendere
3054 5490 3194 5570 solet
3220 5489 3307 5570 vel
3342 5489 3510 5570 ramis

1871 5560 2083 5625 arboris
2132 5573 2220 5621 vel
2269 5572 2397 5634 pali,
2457 5567 2545 5617 vel
2601 5564 3031 5641 quibuscunque
3082 5562 3191 5641 illis
3256 5560 3512 5641 innititur

1871 5644 2245 5704 adminiculis,
2270 5627 2412 5706 quos
2448 5627 2733 5701 capreolos
2758 5629 3349 5706 appellantagricolw,
3380 5627 3505 5691 qui-

1872 5720 1978 5770 bus
2007 5701 2247 5769 nexibus
2276 5701 2425 5764 totus
2451 5715 2507 5762 et
2549 5707 2897 5771 sinelapsus
2940 5703 3225 5771 periculo,
3262 5701 3369 5771 vel.
3401 5709 3522 5771 gyg-

1871 5761 1990 5832 $13}
2008 5761 2320 5832 initioab;
2336 5761 2571 5843 palmes,
2610 5770 2700 5821 vel
2740 5761 2878 5834 v‘aga
2926 5761 3269 5831 proceritate
3322 5761 3531 5813 disten-
