3998 6194
248 246 361 301 ’721

1301 241 1847 299 TESTIMONIORUM
1885 240 2037 295 ADV.
2076 241 2345 299 JUDAZOS
2382 245 2505 301 LIB.
2538 246 2578 300 I.

3525 252 3629 305 722

246 388 457 427 meum
476 371 577 421 ⁸³»
627 372 779 441 (Isa.,
831 388 981 440 Lxm,
1030 371 1098 443 1).
1146 372 1224 425 De
1272 372 1376 427 hoc
1423 372 1544 443 ipso
1573 370 1633 425 in
1659 368 2312 453 ActibusAumquam»
2361 376 2562 443 (Joan.,
2620 392 2691 443 v1,
2747 376 2854 447 35).
2913 380 3057 432 Item
3104 378 3196 433 hic
3244 377 3368 449 ipse
3412 396 3424 433 :
3470 399 3498 431 ‹‹
3569 363 3631 434 Si

250 468 657 537 apostolorum
703 467 952 521 Paulus:
995 487 1023 516 ‹‹
1070 466 1235 521 Vobis
1281 465 1535 538 primum
1560 468 1894 538 oportuerat

246 561 505 615 indicari
528 560 769 614 verbum
800 562 923 615 Dei.
956 560 1085 628 Sed,
1118 560 1251 632 quia
1274 559 1568 631 expulistis
1599 560 1761 627 illud,
1792 574 1899 613 nec

246 671 365 709 vos
395 654 600 725 dignos
632 654 762 708 vita:
804 660 1031 709 aeternae
1068 654 1390 725 judicastis,
1442 670 1569 710 ecce
1616 652 1893 708 converti-

250 765 397 803 mus
435 764 540 803 nos
589 748 661 802 ad
703 753 919 819 gentes.
969 748 1057 803 Sic
1100 749 1257 802 enim
1286 748 1423 802 dixit
1454 764 1556 819 per
1578 747 1898 818 Scripturas

252 842 544 897 Dominus
574 861 585 897 :
612 844 752 897 Ecce
782 844 971 897 lucem
1010 842 1174 912 posui
1218 848 1273 897 te
1305 844 1456 897 inter
1483 847 1703 912 gentes,
1732 841 1809 895 ita
1841 844 1901 895 ut

254 937 342 991 sis
387 938 447 991 in
492 937 867 992 salvationem
891 938 936 971 δι
968 951 1146 1008 usque
1190 936 1262 991 ad
1309 935 1449 991 ﬁnes
1472 941 1641 991 terrm
1666 958 1693 985 ››
1730 936 1896 1007 (Act,

250 1047 384 1101 IIII,
413 1033 503 1099 46,
532 1031 640 1101 47).

244 1176 398 1230 CAP.
446 1174 599 1228 XXII.
657 1204 724 1213 -—
777 1174 931 1240 Quod
976 1188 1172 1244 panem
1223 1180 1273 1227 et
1320 1175 1539 1229 calicem
1589 1175 1797 1231 Christi
1847 1179 1899 1229 et

332 1271 544 1310 omnem
586 1257 823 1323 gratiam
880 1257 996 1324 ejus
1042 1258 1297 1310 amissuri
1345 1261 1519 1310 essent
1561 1255 1769 1317 Judaei,
1797 1271 1895 1309 nos

332 1352 460 1390 vero
501 1337 812 1405 accepturi;
858 1342 909 1389 et
937 1336 1081 1405 quod
1111 1336 1545 1390 Christianorum
1571 1350 1768 1389 novum
1794 1351 1892 1389 no-

331 1432 453 1470 men
484 1417 880 1471 benediceretur
908 1418 968 1471 in
999 1418 1178 1470 terris.

329 1533 492 1604 Apud
524 1532 729 1586 Isaiam
756 1533 835 1586 sic
884 1532 1021 1587 dicit
1068 1532 1342 1587 Dominus
1369 1549 1381 1585 :
1417 1553 1443 1581 «
1478 1535 1614 1588 Ecce
1646 1532 1742 1604 qui
1772 1549 1893 1587 ser-

245 1627 424 1681 viunt
483 1626 624 1681 mihi
683 1626 1139 1693 manducabunt,
1196 1642 1291 1680 vos
1348 1629 1541 1682 autem
1612 1627 1891 1681 esurietis.

244 1723 399 1775 Ecce
439 1722 537 1792 qui
583 1720 723 1775 mihi
764 1721 1021 1775 serviunt
1050 1721 1094 1753 ⁸⁵
1141 1720 1357 1789 bibent,
1396 1737 1494 1774 vos
1523 1726 1714 1775 autem
1749 1720 1895 1776 sitie-

247 1815 353 1869 tis.
384 1817 522 1869 Ecce
553 1815 647 1886 qui
680 1814 822 1868 mihi
864 1816 1117 1871 serviunt
1150 1814 1646 1886 jucundabuntur,
1675 1832 1770 1869 vos
1800 1832 1896 1869 au-

248 1914 379 1963 tem
438 1908 912 1977 eonfundemini;
962 1925 1057 1962 vos
1108 1908 1415 1963 interﬁciet
1460 1909 1751 1963 Dominus.
1805 1909 1895 1963 Eis

253 2008 455 2057 autem
500 2003 598 2073 qui
640 2002 893 2056 serviunt
945 2002 1109 2070 mihi,
1138 2019 1351 2057 nomen
1382 2002 1768 2057 nominabitur
1795 2020 1895 2057 no-

250 2113 393 2150 vum
425 2098 495 2165 δδ,
527 2097 681 2167 quod
714 2096 1091 2151 benedicetur
1136 2098 1197 2150 in
1228 2101 1432 2151 terra»
1462 2096 1619 2167 (Isa.,
1652 2113 1772 2163 va,
1807 2101 1891 2163 13,

256 2196 344 2257 15,
388 2195 501 2261 16).
556 2192 691 2244 Item
739 2190 900 2244 illic:
936 2191 1193 2261 «igitur
1237 2191 1458 2245 extollet
1510 2191 1731 2261 lignum
1758 2192 1802 2225 ⁸⁷
1833 2191 1892 2245 in

250 2288 460 2356 gentes
484 2301 609 2356 quae
636 2289 768 2338 sunt
797 2285 987 2355 longe,
1026 2290 1079 2338 et
1113 2284 1358 2339 attrahet
1389 2284 1513 2338 illos
1536 2285 1581 2318 ⁸⁸
1610 2302 1641 2338 a
1667 2301 1891 2339 summo

251 2392 447 2438 terrae.
477 2385 540 2437 Et
568 2400 693 2438 ecce
719 2384 830 2438 cito
870 2382 1136 2438 leviter‘l9
1155 2383 1388 2437 venient
1416 2402 1429 2436 :
1462 2400 1579 2436 non
1616 2384 1888 2453 esurient,

248 2495 446 2548 neque
494 2478 687 2532 sitient
717 2497 743 2529 »
795 2479 943 2547 (Isu.,
985 2494 1036 2543 v,
1064 2480 1154 2543 26,
1183 2478 1294 2547 27).
1327 2479 1468 2531 Item
1499 2477 1608 2531 illic
1638 2500 1648 2531 :
1688 2497 1717 2529 «
1749 2479 1889 2532 Ecce

246 2573 447 2643 itaque
500 2571 823 2626 dominator
866 2572 1142 2625 Dominus
1173 2571 1422 2627 Sabaoth
1448 2571 1666 2627 auferet
1693 2589 1725 2625 a
1748 2572 1891 2626 Juda

250 2671 309 2721 et
339 2666 413 2719 ab
453 2666 766 2720 Jerusalem
809 2665 1098 2719 valentem
1152 2670 1206 2719 et
1253 2665 1516 2733 validam,
1578 2665 1888 2720 valentiam

247 2760 418 2832 panis
457 2760 541 2827 9°;
575 2764 630 2814 et
655 2759 962 2815 valentium
992 2775 1156 2829 aqum
1198 2780 1225 2809 ››
1261 2762 1414 2831 (Isa.,
1448 2775 1529 2826 IlI,
1565 2760 1633 2830 I).
1661 2760 1798 2814 Item
1829 2760 1887 2813 in

248 2856 481 2909 Psalmo
510 2869 680 2907 xxxui
712 2870 724 2907 :
771 2873 792 2904 ι
827 2854 1059 2908 Gustate
1089 2856 1147 2908 et
1192 2854 1382 2907 videte
1411 2854 1684 2924 quoniam
1712 2854 1889 2908 dulcis

248 2950 403 3004 est”
460 2948 750 3002 Dominus.
804 2947 953 3002 Felix
1010 2952 1096 3001 est
1140 2947 1226 3001 vir
1279 2947 1375 3018 qui
1427 2951 1616 3017 sperat
1642 2948 1703 3001 in
1731 2963 1885 3002 eum.

246 3043 475 3098 Timete
508 3042 818 3096 Dominum
870 3042 1069 3108 Deum,
1116 3056 1315 3095 omnes
1366 3041 1542 3096 sancti
1575 3042 1714 3111 ejus,
1745 3057 1883 3113 quo-

2004 464 2131 534 quis
2183 466 2321 533 sitit,
2374 467 2568 524 veniat
2634 475 2689 524 et
2751 470 2928 525 bibat.
3010 472 3113 535 Qui
3175 472 3358 527 credit
3409 474 3469 528 in
3522 490 3614 529 me

2001 558 2146 613 sicut
2170 559 2307 614 dicit
2354 561 2665 633 Scriptura,
2715 562 2956 619 ﬂumina
2978 565 3045 620 de
3071 569 3267 621 ventre
3298 568 3421 637 ejus
3446 568 3633 621 ﬂuent

2000 668 2162 723 aqum
2211 653 2351 709 viva:
2393 677 2421 705 ››
2472 657 2669 725 (Joan.,
2716 674 2809 724 vn,
2860 661 2947 725 37,
2999 663 3105 729 38).
3141 661 3280 714 Item
3312 660 3423 714 illic
3463 662 3626 731 ipse:

2005 767 2033 795 ‹‹
2072 747 2185 800 Nisi
2232 748 2465 803 ederitis
2509 767 2742 805 carnem
2794 752 2915 804 Filii
2968 753 3239 820 hominis,
3292 754 3347 806 et
3372 752 3631 809 hiberitis

2001 841 2122 910 ejus
2176 844 2538 913 sanguinem,
2588 860 2703 899 non
2755 845 3035 901 habebitis
3079 845 3255 900 vitam
3302 847 3359 900 in
3399 848 3555 902 vobis
3600 872 3628 897 ››

2002 936 2180 1006 (Joan.
2198 977 2211 1003 ,
2243 954 2317 1004 v1,
2347 941 2456 1009 53).

1999 1090 2127 1145 CAP.
2152 1091 2323 1147 XXIII.
2353 1122 2420 1131 —
2447 1092 2604 1159 Quod
2629 1094 2702 1147 ad
2720 1109 2943 1161 regnum
2965 1096 3212 1148 caelorum
3246 1095 3419 1161 magis
3448 1099 3630 1163 gentes

2461 1185 2623 1242 quam
2661 1174 2840 1228 Judaei
2852 1176 3171 1245 perveniant

2069 1298 2130 1350 In
2160 1297 2467 1367 Evangelio
2517 1298 2793 1353 Dominus
2823 1298 2961 1353 dicit
2999 1316 3012 1352 :
3064 1320 3091 1347 ‹‹
3121 1299 3279 1354 Multi
3306 1300 3539 1355 venient
3562 1300 3630 1354 ab

1995 1390 2221 1447 Oriente
2250 1394 2306 1445 et
2347 1377 2670 1459 occidente,
2719 1396 2777 1447 et
2822 1393 3159 1448 recumbent
3183 1410 3315 1448 cum
3342 1394 3630 1448 Abraham

1998 1487 2055 1538 et
2108 1486 2262 1539 Isaac
2304 1490 2359 1540 et
2403 1485 2574 1540 Jacob
2622 1486 2679 1540 in
2724 1502 2902 1557 regno
2943 1487 3240 1555 caelorum,
3291 1487 3391 1542 lilii
3435 1491 3630 1542 autem

1995 1578 2159 1649 regni
2199 1578 2435 1633 exibunt
2458 1578 2516 1632 in
2550 1579 2815 1634 tenebras
2856 1580 3182 1635 exteriores.
3216 1581 3332 1635 Illic
3370 1583 3478 1637 erit
3513 1582 3630 1652 plo-

1994 1672 2138 1726 ratio
2167 1675 2224 1726 et
2252 1672 2465 1727 stridor
2492 1673 2753 1728 dentium
2787 1675 3032 1745 (Μίιιίιιη
3064 1692 3174 1743 vni,
3203 1678 3293 1743 11,
3322 1675 3410 1745 12)

1996 1824 2120 1878 CAP.
2168 1825 2340 1879 XXIV.
2370 1856 2439 1865 ——
2476 1826 2629 1893 Quod
2670 1827 2782 1881 solo
2826 1828 2923 1881 hoc
2946 1827 3127 1882 Judaei
3147 1830 3383 1898 accipere
3410 1831 3626 1883 veniam

2063 1907 2271 1974 possint
2315 1905 2627 1960 delictorum
2665 1922 2907 1969 suorum,
2951 1910 3001 1962 si
3042 1912 3365 1976 sanguinem
3425 1908 3630 1963 Christi

2066 1987 2227 2039 occisi
2276 1986 2537 2055 baptismo
2593 1986 2705 2054 ejus
2774 1988 3074 2055 uoluerint,
3132 1994 3183 2043 et
3230 1992 3291 2042 in
3339 1990 3628 2044 Ecclesiam

2066 2066 2179 2134 ejus
2224 2071 2585 2129 transeuntes,
2626 2070 2914 2137 praeceptis
2952 2069 3068 2136 ejus
3120 2069 3625 2139 obtemperaverint.

2064 2195 2227 2265 Apud
2271 2196 2475 2249 Isaiam
2527 2197 2636 2266 (22)
2690 2196 2961 2250 Dominus
3010 2196 3145 2251 dicit
3189 2213 3201 2250 :
3257 2218 3285 2245 α
3328 2200 3455 2252 Jam
3512 2216 3627 2253 non

1992 2288 2190 2343 laxabo
2210 2289 2257 2323 92
2288 2291 2517 2358 peccata
2539 2292 2741 2344 vestra.
2771 2292 2911 2345 Cum
2931 2290 3300 2344 extenderitis
3331 2307 3534 2345 manus
3555 2294 3624 2360 93,

1992 2387 2244 2436 avertam
2289 2382 2495 2436 faciem
2514 2384 2561 2417 9‘
2601 2400 2633 2436 a
2663 2383 2820 2437 vobis
2869 2402 2886 2452 ;
2922 2387 2980 2437 et
3021 2385 3066 2437 si
3114 2383 3628 2455 multiplicaveritis

1991 2493 2210 2547 preces,
2253 2493 2369 2530 non
2415 2476 2712 2531 exaudiam
2745 2494 2860 2531 vos.
2897 2480 3089 2532 Manus
3115 2480 3317 2532 vestrae
3346 2480 3626 2550 sanguine

1992 2573 2170 2642 plenas
2197 2576 2347 2625 sunt.
2373 2571 2686 2639 Lavamini,
2717 2571 2916 2626 mundi
2943 2576 3140 2642 estote,
3173 2574 3395 2627 auferte
3418 2576 3623 2646 nequi-

1990 2665 2095 2720 tias
2136 2664 2206 2719 ab
2247 2664 2457 2719 animis
2485 2664 2683 2718 vestris
2712 2682 2744 2717 a
2770 2672 3075 2735 conspectu
3122 2666 3419 2720 oculorum
3464 2683 3624 2721 meo-

1990 2775 2138 2827 rum,
2198 2764 2407 2813 cessate
2460 2776 2494 2813 a
2544 2758 2812 2829 nequitiis
2857 2760 3077 2814 vestris.
3149 2759 3351 2814 Discite
3405 2760 3621 2815 bonum

1989 2853 2195 2922 facere,
2244 2852 2522 2924 exquirite
2580 2853 2885 2923 judicium,
2947 2858 3278 2908 conservate
3339 2870 3475 2908 eum
3526 2855 3624 2926 qui

1987 2946 2257 3017 injuriam
2307 2946 2542 3017 patitur,
2600 2946 2852 3016 judicate
2927 2948 3139 3019 pupillo
3205 2953 3260 3002 et
3321 2948 3625 3018 justiﬁcate

1987 3040 2243 3107 viduam,
2278 3047 2333 3095 et
2375 3040 2587 3106 venite,
2635 3039 3013 3110 disputemus,
3062 3041 3196 3096 dicit
3222 3041 3496 3096 Dominus
3528 3060 3539 3097 :
3570 3047 3626 3097 et

248 3138 411 3192 niam
440 3153 553 3190 non
590 3139 675 3191 est
716 3135 905 3206 inopia
949 3135 1029 3190 eis
1069 3135 1168 3206 qui
1196 3151 1326 3189 eum
1356 3138 1644 3190 metuunt.
1675 3135 1887 3189 Divites
1909 3127 1963 3201 C
1989 3137 2035 3189 si
2082 3134 2298 3189 fuerint
2348 3138 2576 3205 peccata
2627 3138 2809 3189 vestra
2838 3137 2899 3188 ut
2924 3135 3283 3205 phoeniceum
3307 3136 3354 3170 9⁵
3398 3137 3529 3205 (23),
3562 3144 3625 3191 ut

245 3234 540 3302 eguerunt
563 3235 619 3284 et
646 3230 971 3284 esurierunt
1000 3246 1012 3283 :
1063 3229 1161 3300 qui
1206 3235 1402 3283 autem
1446 3229 1741 3300 inquirunt
1772 3231 1884 3283 Do-

244 3326 481 3379 minum
518 3340 633 3378 non
676 3324 1021 3394 indigebunt
1066 3323 1223 3377 omni
1268 3323 1418 3377 bono
1465 3325 1629 3395 (Psal.
1692 3340 1882 3391 xxxm,

245 3419 427 3483 9-11).
450 3439 477 3467 ››
494 3417 683 3490 694
703 3417 913 3472 ltemin
937 3416 1240 3487 Evangelio
1263 3421 1384 3470 cata
1403 3420 1679 3472 Joannem
1699 3419 1885 3472 Domi-

1987 3230 2178 3283 nivem
2234 3229 2528 3295 exaltabo;
2568 3233 2623 3283 et
2673 3229 2718 3282 si
2764 3229 2979 3283 fuerint
3024 3229 3184 3299 quasi
3229 3229 3525 3284 coccinum
3548 3232 3596 3264 95

1986 3327 2048 3378 ut
2080 3324 2271 3378 lanam
2318 3322 2602 3377 inalbabo.
2653 3324 2723 3376 Et
2771 3322 2817 3376 si
2871 3322 3159 3377 volueritis
3219 3328 3274 3377 et
3329 3323 3624 3379 audieritis

1985 3435 2079 3473 me
2102 3419 2170 3486 97,
2197 3418 2345 3472 bona
2374 3421 2543 3472 terrae
2574 3417 2776 3472 edetis.
2798 3417 2857 3472 Si
2885 3422 3074 3471 autem
3099 3417 3399 3472 nolueritis
3428 3421 3621 3473 etnon

244 3528 364 3567 nus
389 3511 565 3566 dicit:
598 3533 626 3561 «
663 3515 780 3581 Ego
823 3527 952 3565 sum
978 3510 1142 3581 panis
1182 3510 1328 3564 vitae.
1376 3511 1480 3575 Qui
1512 3512 1668 3565 venit
1694 3511 1766 3565 ad
1794 3528 1884 3566 me
1982 3512 2279 3567 audieritis
2335 3528 2448 3578 me,
2505 3512 2724 3583 gladius
2769 3527 2865 3565 vos
2913 3514 3212 3566 consumet
3229 3513 3298 3565 9⁸.
3345 3513 3416 3567 Os
3471 3514 3622 3567 enim

245 3623 369 3661 non
422 3606 649 3667 esuriet.
704 3610 760 3660 et
808 3605 903 3676 qui
948 3604 1007 3659 in
1063 3620 1153 3659 me
1207 3604 1516 3659 crediderit
1565 3622 1682 3659 non
1734 3605 1885 3660 sitiet

1985 3605 2211 3660 Domini
2245 3606 2499 3660 locutum
2530 3610 2615 3660 est
2642 3605 2748 3659 ista
2777 3606 2824 3639 99
2859 3625 2886 3654 ››
2922 3607 3070 3674 (Isa.,
3102 3621 3139 3672 ι,
3168 3606 3373 3675 14-20).

1633 3745 1842 3810 Variae
1899 3746 2240 3811 lectiones.

313 3884 356 3918 οι
381 3883 614 3934 Voeavit
635 3895 837 3932 nomen
873 3881 993 3931 Thu.
1062 3880 1103 3915 3‘
1126 3881 1196 3931 Ut
1225 3881 1337 3931 sint
1361 3880 1556 3930 salvati
1580 3881 1720 3929 Lam.
1742 3880 1850 3932 ΝΟ.
1884 3884 1925 3932 1.
1956 3882 2085 3933 Bod.
2113 3888 2158 3931 2.
2227 3882 2267 3916 ⁸³
2292 3882 2440 3933 Ecce
2471 3883 2569 3946 qui
2602 3882 2861 3932 serviunt
2886 3881 3044 3939 mihi.
3070 3881 3281 3943 bibent,
3310 3894 3409 3932 vos
3433 3887 3619 3935 autem

248 3957 461 4009 sitietis
489 3958 630 4006 Lam.
656 3954 764 4005 ΝΟ.
795 3954 839 4002 1.
871 3954 995 4002 Bod.
1028 3955 1075 4010 1,
1105 3953 1154 4011 2,
1178 3953 1226 4014 3,
1256 3954 1304 4003 4.

1392 3951 1846 4003 “Nominabitur
1883 3967 2150 4018 magnum
2188 3953 2326 4002 Lam.
2366 3954 2472 4003 ΝΟ.
2520 3955 2566 4002 1.
2611 3952 2735 4004 Bod.
2776 3953 2821 4002 2.
2859 3958 2943 4003 Ar.
3032 3950 3073 3985 ⁸⁷
3096 3952 3286 4016 Ignem
3323 3953 3381 4001 in
3422 3960 3615 4017 gentes

244 4030 378 4081 Bod.
417 4029 459 4077 -l.
488 4028 724 4089 Lignum
752 4024 947 4089 Rigalt.
982 4028 1164 4073 contra
1207 4024 1361 4086 ﬁdem
1391 4038 1557 4073 exeas.
1589 4027 1639 4073 et
1673 4039 1791 4072 mss.
1824 4026 1966 4074 Lam.
2000 4026 2115 4074 Lin.
2146 4024 2255 4074 ΝΟ.
2284 4026 2330 4085 1,
2357 4024 2402 4074 2.
2445 4023 2571 4073 Bod.
2610 4025 2658 4085 2,
2691 4026 2739 4084 3,
2770 4025 2816 4073 4.
2860 4025 2983 4074 Tha.
3014 4025 3149 4073 Foss.
3186 4023 3330 4072 Corb.
3370 4024 3604 4088 Signum

249 4104 415 4152 Oxon.
506 4096 551 4131 ⁸⁸
569 4094 828 4146 Attrahet
856 4094 979 4143 illas
1002 4096 1141 4144 Foss.

244 4170 379 4223 Bod.
410 4170 451 4218 1.

241 4244 288 4279 ⁸³
314 4242 514 4292 Manus
543 4241 753 4288 vestras
780 4236 903 4285 Bod.
930 4239 976 4297 3,
1009 4239 1057 4286 4.

244 4327 454 4365 meam.

1235 4092 1275 4126 ⁸⁸
1296 4092 1417 4143 Cito
1448 4094 1671 4143 venient
1698 4097 1837 4145 Lam.
1866 4096 1976 4146 NG.
2002 4098 2047 4146 1.
2077 4096 2189 4145 Lin.
2233 4095 2356 4144 Bod.
2392 4096 2439 4145 2.

544 4166 883 4228 9'Quoniam
929 4167 1116 4216 suavis
1162 4167 1249 4215 Ar.
1290 4166 1434 4214 Lam.
1477 4164 1584 4215 ΝΟ.
1629 4167 1673 4215 1.
1727 4168 1853 4217 Ηοᾰ.
1905 4169 1953 4229 1,
1999 4167 2047 4226 2,
2090 4166 2138 4226 3,

1127 4236 1171 4269 δ”
1192 4237 1368 4286 Meam
1396 4236 1521 4286 Bod.
1554 4236 1598 4297 1,
1641 4237 1689 4285 4.
1730 4238 1865 4286 Vert.
1901 4239 2043 4300 Spir.
2075 4235 2241 4288 Remb.
2270 4238 2424 4286 Erae.
2462 4236 2667 4286 Mor-ett.
2699 4238 2854 4286 Oxon.
2885 4237 3035 4287 Deest
3061 4238 3113 4285 in
3148 4239 3377 4301 impress.
3407 4240 3617 4299 nuperis

555 4312 595 4343 '55
617 4308 791 4371 Quasi
831 4322 1084 4358 russeum
1123 4309 1233 4357 Ver.
1275 4308 1435 4370 quasi
1467 4322 1686 4357 roseum
1722 4308 1857 4356 Vert.
1900 4310 2069 4355 Beneo.
2117 4307 2229 4355 Ver.
2257 4309 2453 4357 Manut.

2529 4096 2569 4126 9"
2592 4096 2864 4146 Virtutem
2892 4095 3053 4159 panis
3081 4100 3135 4145 et
3156 4095 3417 4146 virtutem
3444 4092 3605 4160 aqua:

2241 4165 2585 4216 9'Relaxabo
2615 4167 2739 4216 Bod.
2781 4168 2831 4228 2,
2880 4166 2929 4228 3,
2968 4168 3014 4215 4.
3064 4167 3205 4228 Spir.
3246 4169 3380 4217 Rem.
3414 4168 3617 4217 Erasm.

2550 4307 2591 4338 ⁹⁶
2615 4307 2789 4369 Quasi
2814 4320 3046 4358 coccum
3093 4308 3214 4358 Tim.
3253 4310 3393 4358 Foss.
3432 4311 3606 4359 Benev.

259 4386 370 4432 Ver.
402 4384 599 4432 Manut.
682 4377 722 4413 ’7
744 4379 1118 4433 Obaudieritis
1148 4392 1236 4430 me
1265 4378 1389 4427 Bod.
1416 4379 1460 4428 4.
1492 4379 1614 4429 Non
1642 4376 2007 4428 obaudieritis
2037 4377 2164 4428 Bod.
2192 4378 2240 4427 4.
2327 4377 2369 4413 98
2389 4380 2501 4429 Vos
2527 4378 2785 4430 comedet
2820 4380 2933 4428 Lin.
3010 4378 3052 4413 π
3074 4380 3348 4431 Locutum
3386 4385 3468 4442 est
3493 4380 3619 4431 haee

246 4455 377 4506 Bod.
408 4458 452 4505 1.

1578 4528 1803 4610 Steph.
1837 4528 2081 4591 Baluzii
2113 4534 2309 4593 notae.

315 4656 417 4717 (22)
442 4655 591 4718 Apud
618 4654 833 4704 Isaiam.
862 4652 940 4702 Ita
962 4664 1141 4715 usque
1168 4651 1237 4701 ad
1262 4652 1435 4715 Igitur
1460 4652 1659 4702 extollo
1684 4651 1883 4701 desunt

251 4730 312 4777 in
342 4727 484 4777 libro
515 4726 787 4775 Lamonii.

316 4799 414 4857 (23)
458 4796 801 4846 Phwniceum.
842 4794 1059 4845 Dubius
1104 4808 1228 4843 sum
1276 4809 1345 4844 an
1395 4794 1689 4845 lectionem
1723 4795 1885 4844 istam

248 4870 504 4933 praeferre
552 4866 784 4917 debeam
815 4867 865 4918 ei
896 4880 1023 4931 qua:
1073 4870 1252 4917 exstat
1286 4867 1344 4917 in
1393 4865 1727 4929 quibusdam
1768 4880 1887 4915 ma-

1985 4652 2305 4716 nuscriptis,
2332 4653 2385 4701 in
2419 4651 2625 4716 quibus
2649 4652 2914 4715 scriptum
2942 4656 3027 4702 est
3060 4653 3221 4716 quasi
3258 4665 3489 4702 rosseum
3522 4654 3607 4703 vel

1987 4736 2208 4781 roseum,
2231 4738 2399 4787 quam
2420 4722 2716 4773 lectionem
2738 4737 2859 4773 esse
2876 4723 3162 4773 meliorem
3187 4723 3407 4773 videtur
3432 4723 3615 4787 colligi

1987 4807 2148 4857 posse
2199 4808 2267 4844 ex
2317 4793 2680 4854 Tertulliano,
2728 4792 2875 4856 apud
2925 4808 3094 4858 quem
3135 4794 3229 4844 lib.
3262 4806 3320 4846 1v
3364 4794 3623 4845 adversus

1986 4868 2313 4917 Marcionem
2337 4866 2539 4930 legitur
2565 4878 2721 4927 quas:
2754 4879 2976 4916 roseum.
