3998 6194
471 303 574 356 723

1382 295 1437 351 S.
1477 295 1794 351 CYPRIANI
1835 294 2115 352 OPERUM
2156 296 2328 351 PARS
2367 296 2432 351 ll.
2464 324 2536 336 —
2563 295 2930 352 OPUSCULA.

3726 305 3826 361 ’724

1389 613 2908 745 TESTIMONIORUM

1827 847 2061 913 LIBER
2106 847 2510 914 SECUNDUS

911 1274 1328 1348 695-696
1351 1275 1686 1331 CAPITULA

475 1395 515 1448 Ι.
552 1394 820 1449 Christum
849 1395 1269 1463 primogenitum
1305 1408 1429 1457 esse,
1476 1397 1524 1446 et
1551 1395 1734 1462 ipsum
1753 1407 1860 1446 esse
1899 1393 2110 1461 sapien-

550 1491 680 1542 tium
719 1490 834 1552 Dei,
863 1503 960 1556 per
984 1503 1136 1556 quem
1168 1489 1347 1540 omnia
1373 1489 1527 1553 facta
1547 1493 1697 1540 sunt.

483 1583 548 1636 II.
579 1582 731 1648 Quod
749 1583 1022 1650 sapientia
1045 1583 1139 1635 [)ei
1170 1581 1413 1635 Christus
1440 1587 1515 1634 est
1541 1582 1581 1641 ι,
1611 1586 1660 1634 et
1690 1581 1754 1634 de
1781 1584 2112 1634 sacramento

551 1677 946 1729 incarnationis
973 1674 994 1708 ²
1027 1675 1142 1742 ejus
1163 1681 1211 1729 et
1239 1676 1506 1744 passionis
1535 1679 1585 1728 et
1611 1675 1794 1728 colicis
1815 1680 1865 1727 et
1891 1675 2111 1735 altaris,

557 1776 606 1824 et
635 1771 998 1839 apostolorum
1025 1771 1122 1839 qui
1146 1771 1295 1823 missi
1327 1769 1792 1838 praedicaverunt.

479 1865 571 1919 III.
606 1864 757 1930 Quod
783 1864 1026 1918 Christus
1050 1863 1192 1916 idem
1219 1865 1290 1917 sit
1321 1869 1370 1916 et
1392 1878 1565 1916 sermo
1595 1864 1693 1915 Dei
1714 1864 1755 1915 ³.

491 1958 576 2012 IV.
609 1956 763 2024 Quod
793 1957 934 2011 idem
965 1957 1208 2014 Christus
1237 1956 1377 2010 idem
1405 1959 1476 2010 sit
1504 1972 1696 2010 manus
1715 1958 1733 1990 ⁸
1760 1961 1810 2010 et
1839 1957 2117 2010 brachium

560 2053 672 2105 Dei.

488 2144 549 2198 V.
579 2144 732 2210 Quod
756 2144 900 2198 idem
932 2145 1156 2212 angelus
1194 2149 1244 2197 et
1275 2146 1412 2198 Deus
1433 2145 1474 2196 ⁵.

487 2238 572 2291 VI.
602 2238 754 2303 Quod
789 2239 930 2293 Deus
957 2237 1220 2292 Christus.

489 2331 602 2388 VII.
635 2332 791 2398 Quod
823 2331 1070 2389 Christus
1107 2334 1248 2386 Deus
1289 2337 1551 2387 venturus
1598 2335 1726 2387 esset
1780 2331 2120 2386 illuminator

561 2433 612 2480 et
639 2426 881 2481 salvator
905 2428 1109 2494 generis
1135 2427 1380 2480 humani.

494 2525 625 2579 VIII.
658 2525 812 2591 Quod
851 2540 970 2578 cum
1014 2541 1048 2576 a
1075 2525 1340 2594 principio
1363 2524 1385 2558 ⁸
1411 2524 1577 2578 Filius
1602 2526 1694 2578 Dei
1720 2525 1934 2591 fuisset,
1961 2539 2116 2594 gene-

558 2621 678 2672 rari
705 2619 878 2672 denuo
905 2619 1124 2672 haberet
1151 2618 1446 2671 secundum
1472 2633 1706 2672 carnem.

494 2713 577 2766 IX.
625 2712 778 2780 Quod
822 2714 916 2766 hoc
939 2715 1195 2779 futurum
1239 2717 1370 2766 esset
1398 2715 1612 2781 signum
1651 2714 1960 2766 nativitatis
1986 2710 2118 2780 ejus.

561 2813 621 2860 ut
651 2807 716 2861 de
740 2809 953 2875 virgine
1001 2813 1313 2861 nasceretur
1342 2806 1494 2860 homo
1522 2813 1573 2860 et
1598 2809 1760 2870 Deus,
1791 2807 2020 2860 hominis
2071 2811 2120 2858 et

564 2903 663 2954 Dei
679 2902 844 2969 filius.

491 2994 552 3049 X.
588 2996 742 3060 Quod
769 2995 920 3050 homo
970 2999 1021 3050 et
1067 2996 1243 3048 Deus7
1294 2993 1538 3050 Christus
1589 3009 1656 3048 ea:
1681 2998 1908 3063 utroque
1936 3009 2124 3063 genere

565 3096 852 3151 concretus,
893 3096 954 3143 ut
995 3089 1261 3143 mediator
1297 3091 1442 3143 essetl
1488 3091 1630 3143 inter
1683 3104 1776 3143 nos
1815 3093 1864 3143 et
1911 3091 2125 3142 Patrem

563 3190 763 3254 posset.

494 3280 578 3334 XI.
631 3278 784 3345 Quod
813 3278 878 3332 de
925 3279 1121 3331 semine
1166 3277 1345 3330 David
1398 3277 1694 3331 secundum
1720 3292 1932 3331 carnem
1976 3281 2132 3330 nasci

567 3373 804 3427 haberet.

498 3467 607 3520 XII.
643 3466 796 3533 Quod
826 3467 882 3518 in
909 3465 1210 3520 Bethlehem
1231 3470 1555 3518 nasceretur.

496 3561 624 3614 XIII.
660 3559 810 3627 Quod
839 3560 1059 3614 humilis
1084 3562 1143 3612 in
1170 3562 1344 3628 primo
1372 3559 1609 3612 adventu
1633 3573 1729 3612 suo
1755 3561 1980 3612 veniret.

501 3657 626 3709 XIV.
683 3655 835 3720 Quod
862 3648 990 3723 ipse
1035 3656 1107 3708 sit
1127 3653 1311 3722 justus
1337 3654 1358 3686 9
1410 3669 1565 3722 quem
1589 3654 1767 3707 Judaei
1793 3657 2022 3708 occisuri
2048 3670 2126 3708 es-

574 3755 714 3803 sent.

501 3844 606 3898 XV.
638 3843 791 3908 Quod
817 3845 928 3912 ipse
967 3843 1144 3896 dictus
1186 3843 1259 3895 sit
1300 3843 1411 3896 ovis
1441 3842 1560 3896 et‘o
1607 3857 1798 3910 agnus,
1838 3844 1936 3912 qui
1964 3844 2134 3897 occidi

574 3938 811 3992 haberet.
840 3941 908 3992 Et
946 3937 1010 3990 de
1033 3942 1367 3991 sacramento
1391 3937 1748 4004 “passionis.

505 4033 633 4086 XVI.
669 4032 820 4098 Quod
842 4031 983 4085 idem
1005 4037 1054 4085 et
1075 4031 1216 4100 lupis
1237 4031 1412 4084 dictus
1441 4017 1550 4084 sit.

509 4127 662 4181 XVII.
707 4126 861 4192 Quod
901 4126 1095 4179 deinde
1122 4125 1263 4178 idem
1309 4125 1449 4194 lapis
1473 4141 1624 4178 mons
1645 4127 1794 4194 ﬁeret
1820 4131 1868 4179 et
1897 4128 2140 4195 impleret

581 4226 748 4274 totum
779 4227 998 4274 terram.

507 4315 688 4369 XVIII.
719 4314 870 4381 Quod
901 4316 956 4367 in
993 4315 1292 4368 novissimis
1323 4313 1647 4382 temporibus
1673 4314 1812 4368 idem
1842 4330 1993 4368 mons
2017 4331 2138 4369 ma.-

577 4411 950 4476 nifesturetur,
1003 4423 1166 4477 super
1205 4423 1358 4477 quem
1416 4411 1597 4476 gentes
1655 4410 1930 4472 venirent,
1978 4414 2028 4464 et
2080 4411 2138 4462 in

581 4517 734 4573 quem
744 4502 890 4572 justi
915 4501 1281 4558 ascenderent.

2136 1274 2343 1359 AXIX.
2395 1273 2550 1338 Quod
2589 1277 2703 1344 ipse
2732 1275 2805 1328 sit
2832 1288 3079 1343 sponsus.
3131 1272 3431 1328 Ecclesium
3469 1272 3661 1328 habens
3692 1287 3836 1343 spon-

2285 1384 2422 1429 sam,
2451 1367 2518 1422 de
2543 1382 2652 1438 qua
2677 1368 2782 1437 ﬁlii
2804 1368 3131 1437 spiritaliter
3157 1372 3534 1420 nascerentur.

2213 1463 2316 1516 XX.
2357 1464 2509 1530 Quod
2535 1464 2683 1516 cruci
2710 1463 2869 1516 illum
2892 1463 3059 1531 ﬂeturi
3087 1466 3259 1515 essent
3284 1459 3486 1514 Judaei.

2213 1557 2338 1611 XXI.
2373 1558 2534 1624 Quod
2561 1559 2619 1610 in
2641 1559 2892 1627 passione
2919 1557 3091 1610 erucis
3117 1560 3167 1609 et
3194 1557 3353 1609 siano
3382 1557 3558 1608 virtus
3583 1557 3740 1608 omnis
3779 1558 3838 1610 sit

2289 1657 2339 1704 et
2364 1656 2626 1720 potestas.

2216 1746 2369 1800 XXII.
2421 1745 2574 1812 Quod
2619 1747 2677 1798 in
2703 1746 2798 1800 hoc
2823 1746 2975 1812 signo
3005 1745 3178 1798 crucis
3203 1743 3355 1799 salus
3395 1745 3468 1797 sit
3507 1743 3739 1797 omnibus
3758 1746 3841 1812 qui

2286 1841 2345 1893 in
2383 1840 2660 1906 frontibus
2694 1845 2970 1894 notentur.

2216 1935 2404 1988 XXIII.
2443 1935 2596 2000 Quod
2627 1934 2803 1988 medio
2829 1933 2916 1987 die
2959 1935 3019 1986 in
3055 1934 3309 2002 passione
3362 1931 3476 2001 ejus
3519 1930 3738 1986 tenebra
3760 1933 3838 1998 fu-

2292 2039 2427 2088 turae
2455 2035 2645 2086 essent.

2217 2128 2383 2182 XXIV.
2443 2128 2484 2194 Q
2500 2125 2609 2180 uod
2635 2140 2668 2178 a
2698 2127 2866 2178 morte
2891 2137 2996 2176 non
3019 2123 3345 2184 vinceretur,
3375 2136 3470 2176 nec
3495 2120 3640 2191 apud
3665 2121 3839 2187 inferos

2289 2234 2640 2276 remunsurus
2667 2222 2823 2272 esset.

2218 2316 2368 2369 XXV.
2404 2314 2565 2382 Quod
2583 2313 2652 2367 ab
2689 2313 2887 2378 inferis
2916 2311 3073 2364 tertio
3099 2309 3187 2364 die
3217 2314 3547 2379 resurgeret.

2218 2407 2387 2462 XXVI.
2441 2406 2598 2474 Quod
2654 2421 2775 2459 cum
2834 2405 3236 2470 resurrexisset,
3307 2404 3575 2472 acciperet
3619 2416 3651 2455 a
3692 2401 3836 2455 Patre

2293 2517 2497 2556 omnem
2523 2503 2860 2569 potestatem,
2891 2504 2941 2552 et
2965 2502 3200 2568 potestas
3227 2497 3342 2566 ejus
3363 2503 3568 2550 aeterna
3589 2497 3674 2550 sit.

2221 2597 2419 2650 XXVII.
2459 2594 2612 2661 Quod
2623 2593 2899 2662 perveniri
2917 2607 3020 2645 non
3045 2593 3212 2662 possit
3237 2592 3316 2645 ad
3342 2593 3505 2646 Deum
3523 2591 3728 2644 Patrem
3747 2588 3840 2641 nisi

2295 2706 2392 2758 per
2421 2689 2619 2743 Filium
2654 2687 2787 2755 ejus,
2815 2688 2992 2740 Iesum
3033 2685 3331 2742 Christum.

2220 2784 2440 2841 XXVIII.
2485 2781 2640 2848 Quod
2669 2783 2783 2850 ipse
2803 2779 2980 2849 judea:
2999 2786 3266 2834 venturus
3286 2781 3376 2834 sit.
3545 2845 3558 2857 ι

2223 2882 2394 2937 XXIX.
2426 2880 2580 2948 Quod
2605 2881 2719 2949 ipse
2745 2880 2818 2932 sit
2849 2894 2945 2932 rea:
2973 2880 3032 2932 in
3051 2882 3312 2932 aternum
3342 2881 3680 2947 regnaturus.

2223 2977 2377 3032 XXX.
2410 2975 2566 3040 Quod
2591 2976 2703 3043 ipse
2723 2975 2793 3027 sit
2821 2977 2872 3027 et
2898 2972 3074 3041 judea:
3098 2975 3149 3026 et
3173 2987 3292 3027 rem.

2224 3095 2350 3149 Car.
2384 3093 2422 3146 I.
2455 3121 2522 3131 —
2555 3090 2824 3146 Christum
2845 3090 3272 3159 primogenitum
3307 3103 3438 3154 esse,
3467 3093 3516 3143 et
3539 3091 3704 3157 ipsum
3741 3100 3830 3140 esse

2366 3172 2689 3240 sapientiam
2709 3170 2824 3231 Dei,
2850 3183 2947 3238 per
2975 3183 3129 3238 quem
3158 3170 3343 3222 omnia
3370 3170 3524 3235 facta
3549 3172 3684 3222 sunt.

2298 3281 2464 3352 Apud
2491 3281 2856 3336 Salomonem
2900 3280 2958 3332 in
3004 3279 3324 3334 Proverbiis
3353 3280 3461 3349 (24)
3497 3296 3509 3333 :
3539 3300 3567 3328 ‹‹
3596 3277 3831 3332 Dominus

2227 3375 2484 3430 condidit
2512 3390 2604 3428 me
2632 3374 2692 3427 in
2723 3373 2886 3427 initio
2917 3373 3139 3427 viarum
3171 3389 3431 3442 suarum,
3477 3372 3530 3426 in
3564 3387 3724 3442 opera
3749 3385 3832 3422 sua

2229 3476 2358 3523 ante
2387 3469 2662 3522 saeculum
2699 3467 2960 3521 fundavit
2990 3482 3102 3521 me.
3155 3468 3214 3520 In
3249 3467 3530 3538 principio
3557 3472 3830 3535 antequam

2230 3569 2442 3618 terram
2487 3564 2698 3617 faceret
2748 3568 2803 3616 et
2855 3564 3163 3632 antequam
3211 3561 3446 3633 abyssos
3477 3559 3828 3621 constitueret,

2231 3659 2566 3730 priusquam
2627 3656 3005 3727 procederent
3030 3656 3074 3690 ¹²
3120 3657 3310 3711 fontes
3360 3671 3652 3727 aquarum,
3700 3656 3832 3704 aute-

2232 3768 2402 3823 quam
2434 3755 2655 3804 montes
2696 3750 3128 3816 collocarentur,
3171 3756 3308 3804 ante
3338 3766 3536 3805 omnes
3579 3748 3732 3801 colles
3755 3759 3831 3814 ge-

2231 3846 2354 3900 nuit
2374 3861 2466 3900 me
2485 3844 2778 3898 Dominus.
2804 3843 2958 3898 Fecit
2985 3844 3251 3914 regiones
3273 3845 3384 3913 (25)
3411 3851 3465 3898 et
3494 3844 3548 3897 in
3576 3838 3824 3895 inhabita-

2230 3939 2431 3994 biIia13
2476 3943 2533 3992 et
2579 3937 2720 3992 lines
2753 3937 3158 3992 inhabitabiles
3188 3939 3291 3991 sub
3323 3938 3483 3993 coelo.
3514 3937 3646 3991 Cum
3697 3945 3834 4003 para-

2157 4025 2323 4098 Cret
2369 4033 2593 4100 coelum,
2639 4033 2873 4086 aderam
2921 4031 3022 4101 illi,
3077 4038 3133 4086 et
3175 4049 3303 4086 cum
3359 4031 3667 4086 secerneret
3701 4038 3832 4079 suam

2241 4127 2460 4181 sedem.
2509 4129 2648 4182 Cum
2698 4142 2868 4196 super
2893 4129 3092 4180 ventos
3137 4125 3350 4180 validas
3396 4126 3600 4181 Iaceret
3629 4121 3836 4188 desuper

2240 4221 2444 4287 nubes,
2491 4223 2548 4274 et
2592 4235 2724 4274 cum
2767 4219 3132 4274 conﬁrmatos
3187 4220 3443 4291 ponebat
3485 4215 3723 4273 fontes“
3749 4208 3832 4264 sub

2241 4314 2402 4382 coelo,
2459 4314 2688 4385 quando
2732 4313 2898 4367 fortia
2953 4313 3199 4368 faciebat
3253 4314 3621 4368 fundamenta
3676 4311 3831 4367 terra).

2241 4425 2399 4466 eram
2429 4424 2606 4479 penes
2633 4407 2793 4462 illum
2840 4406 3166 4478 disponens.
3195 4410 3314 4480 Ego
3363 4423 3518 4464 eram
3555 4403 3638 4460 cui
3656 4400 3833 4470 adgau-

2241 4503 2428 4558 debat.
2497 4501 2756 4566 Quotidie
2825 4506 3023 4557 autem
3077 4502 3439 4572 jucundabar
3487 4501 3611 4555 ante
3655 4493 3829 4550 faciem

1889 4671 2098 4736 Variae
2149 4672 2491 4736 lectiones.

572 4803 586 4832 ¹
606 4800 690 4848 Sic
746 4798 866 4848 Bod.
903 4799 946 4857 1,
974 4799 1019 4848 2.
1050 4798 1149 4848 Est
1170 4799 1310 4848 deest
1339 4800 1390 4848 in
1428 4799 1583 4848 Oxon.
1651 4801 1670 4831 ⁸
1693 4797 2196 4850 Concarnationlsl

2235 4815 2316 4849 im.
2353 4799 2467 4848 Lin.
2497 4798 2605 4849 ΝΟ.
2635 4800 2681 4859 1,
2706 4798 2752 4848 2.
2784 4798 2910 4848 Bod.
2943 4799 2988 4860 1,
3013 4797 3063 4859 ἒ,
3090 4799 3139 4859 3,
3175 4799 3221 4849 4.
3265 4798 3388 4850 Thu.
3439 4797 3599 4844 Veron.
3663 4786 3822 4838 sIdem

510 4875 564 4922 et
589 4885 771 4922 sermo
798 4870 926 4922 Bod.
968 4873 1010 4932 I,
1041 4870 1088 4930 2,
1123 4870 1170 4929 3,
1191 4871 1240 4920 4.
1325 4871 1346 4902 ⁴
1369 4869 1520 4920 Idem
1550 4883 1748 4920 manus
1779 4870 1902 4921 Bod.
1925 4873 1969 4931 1,
2001 4872 2049 4932 2,
2076 4873 2124 4932 3,
2153 4874 2198 4922 4.
2284 4875 2301 4904 ⁵
2324 4872 2474 4922 Deus
2505 4869 2558 4918 in
2591 4868 2794 4918 Genesi
2829 4867 2957 4916 Bod.
2994 4869 3038 4916 1.

513 4943 789 5007 principio
822 4942 942 4990 Bod.
977 4943 1020 4990 1.
1086 4939 1109 4973 ⁷
1131 4941 1293 5002 Quod
1325 4945 1379 4991 et
1407 4942 1575 4992 homo
1597 4945 1649 4992 et
1677 4943 1828 4992 Deus
1860 4942 1984 4990 Bod.
2017 4945 2063 5001 1,
2085 4943 2133 5003 2,
2163 4943 2210 5003 3,
2241 4944 2288 4992 4.
2373 4941 2395 4976 ⁸
2417 4941 2485 4992 Ut
2510 4939 2782 4989 mediator
2801 4942 2941 4987 esset
2975 4937 3121 4988 Corb.
3159 4939 3285 4990 Bod.
3316 4938 3364 4998 2,
3475 5005 3495 5010 _
3514 4937 3532 4964 ε’
3553 4937 3700 5010 Quin
3727 4938 3792 5010 ξιξ

1748 5013 1787 5046 ὀ
1816 5014 1937 5078 Ipse
1973 5014 2158 5064 dictus
2201 5014 2271 5063 sit
2307 5013 2444 5062 ovis.
2483 5015 2621 5062 Lam.
2661 5012 2769 5062 ΝΟ.
2813 5011 2858 5059 1.
2900 5010 3012 5058 Lin.
3064 5010 3185 5061 Bod.
3232 5010 3282 5070 2,
3311 5011 3360 5070 3,
3396 5009 3446 5078 4.
3475 5004 3689 5078 Ipseus-i}
3722 5006 3818 5078 οῘιἈιε

507 5015 578 5062 sit
610 5012 865 5064 Christus
891 5024 1059 5075 quem
1083 5011 1265 5062 Judaei
1297 5013 1437 5062 Lam.
1466 5015 1573 5064 Νι).
1612 5015 1652 5060 1.

515 5087 674 5134 Oxon.
748 5086 784 5114 "
806 5084 886 5133 De
913 5087 1263 5134 sacramento
1291 5082 1495 5133 Christi
1521 5085 1628 5132 Lin.
1719 5085 1755 5114 "
1777 5077 2106 5148 Priusquam
2136 5082 2468 5148 produceret
2503 5085 2642 5132 Lam.
2671 5082 2781 5133 NG.
2821 5081 2866 5141 1,
2897 5080 2947 5130 2.
2975 5080 3099 5131 Bod.
3133 5080 3177 5129 2.
3213 5083 3349 5131 Foss.
3394 5077 3510 5129 Thu.

3129 4867 3151 4902 ⁸
3174 4868 3336 4930 Quod
3375 4864 3632 4917 Dominus
3666 4869 3774 4930 cum
3798 4865 3822 4899 a

3514 4934 3532 4964 9
3553 4928 3700 4994 Quod
3727 4927 3820 4988 ipse

3593 5075 3626 5104 υ
3645 5067 3820 5130 Regio-

510 5168 611 5204 nes
633 5159 688 5206 et
721 5152 1047 5203 habitabilis
1074 5158 1128 5203 et
1157 5152 1297 5203 ﬁnes
1329 5155 1502 5203 Veron.
1573 5155 1611 5185 ¹⁴
1630 5155 1876 5205 Ponebat
1900 5160 2116 5206 montes
2144 5154 2267 5206 Bod.
2301 5157 2346 5205 1.

1817 5283 2040 5365 Steph.
2087 5281 2334 5346 Baluzii
2377 5286 2573 5345 nota.

565 5423 662 5486 (θαι)
689 5425 748 5472 Ῐη
769 5422 1081 5484 Proverbiis.
1105 5423 1183 5472 Ita
1206 5424 1517 5484 emendavi,
1547 5427 1678 5491 quia
1702 5427 1831 5478 item
1863 5429 2133 5491 scriptum
2155 5421 2212 5492 D
2239 5423 2337 5474 biis
2389 5424 2658 5488 scriptum
2703 5435 2826 5474 esse
2875 5423 2932 5472 in
2983 5422 3223 5486 vulgati
3265 5417 3588 5492 editionibuf
3613 5427 3638 5492 ;_
3669 5402 3814 5492 εὶίξξξιί

509 5477 622 5544 vidi
650 5477 708 5544 in
739 5477 1074 5558 quibusdam
1104 5495 1259 5545 libris
1286 5477 1580 5554 veteribus:
1614 5499 1670 5546 in
1700 5477 1867 5548 veteri
1895 5477 2135 5547 editione
2156 5477 2208 5492 ὐ
2241 5495 2460 5546 codices
2501 5477 2621 5544 non
2668 5495 2880 5545 faciunt
2930 5477 3276 5544 mentionem
3319 5493 3481 5554 hujus
3525 5484 3648 5558 libri
3684 5477 3813 5558 θῆρ’

509 5567 738 5627 Veneta,
769 5567 824 5616 in
860 5580 924 5616 ea
962 5580 1128 5630 quam
1175 5566 1496 5617 Remboltus
1530 5569 1731 5630 emisit,
1762 5574 1816 5618 et
1863 5569 1920 5618 in
1968 5569 2139 5618 Eras-

507 5639 670 5700 mica,
705 5645 760 5689 et
779 5639 910 5704 quia
931 5639 1079 5704 apud
1108 5639 1512 5690 Tertullianum
1544 5643 1599 5690 in
1626 5641 1767 5691 libro
1798 5641 1860 5690 de
1879 5641 2138 5691 Pudicitia

504 5711 648 5775 lego,
701 5711 833 5760 Nam
877 5717 933 5760 ut
980 5711 1230 5762 Salomon
1283 5715 1340 5760 in
1387 5711 1684 5774 proverbiis
1725 5726 1841 5776 quae
1886 5728 2141 5776 παροιμιας

503 5783 788 5832 dicimus:
842 5783 1069 5846 quidam
1117 5783 1338 5834 codices
1377 5783 1586 5833 habent
1646 5783 1927 5846 parzemiis.
1982 5785 2140 5834 Hanc

494 5853 797 5906 lectionem
841 5854 1082 5921 prmtulit
1129 5853 1426 5914 Pamelius,
1461 5855 1638 5903 fassus
1688 5859 1871 5903 tamen
1914 5866 2139 5918 prover-

2242 5569 2440 5628 monis,
2502 5569 2646 5617 sicut
2703 5581 2810 5619 nec
2879 5568 3153 5618 editiones
3218 5548 3443 5618 Manutii
3499 5563 3550 5611 et
3601 5548 3810 5606 Morellli

2246 5639 2518 5702 Rigaltius
2541 5644 2596 5688 et
2624 5640 2792 5704 Anin
2817 5640 3162 5704 scripserunt
3192 5640 3247 5689 in
3275 5633 3542 5704 par-atmiis.
3601 5703 3605 5704 ί
3683 5695 3710 5704 η

2303 5698 2403 5774 (Ξ5)
2451 5709 2594 5761 Fecit
2645 5698 2899 5775 regiones.
2928 5698 3029 5762 -Ita
3080 5712 3245 5764 etiam
3275 5698 3438 5776 'apud
3490 5698 3808 5756 Lactantium.

2238 5781 2335 5835 lib.
2374 5795 2453 5846 Iv,
2484 5795 2603 5848 cap.
2636 5783 2686 5835 6.
