3998 6194
147 212 236 265 ⁸725
1166 202 1721 261 TESTIMONIORUM
1761 202 1917 257 ADV.
1958 202 2229 257 JUDA'JOS
2269 203 2394 257 LIB.
2434 203 2498 256 II.

3393 207 3496 259 726

144 335 251 405 ejus
276 333 338 387 in
364 332 526 387 omni
552 335 809 403 tempore
836 347 967 386 cum
999 330 1286 385 laetaretur
1311 329 1444 384 orbe
1476 329 1770 399 perfecto»
1798 338 1856 410 Α
1879 327 2017 398 ipsis
2050 329 2241 381 autem
2270 326 2479 380 vocatis
2505 327 2710 381 Iudaeis
2747 332 2803 382 et
2837 328 3041 382 Graecis
3076 328 3361 385 Christum
3394 328 3495 382 Dei

145 429 335 497 (Prov.,
389 442 509 493 VIII,
544 425 654 496 22).
707 426 845 479 Item
891 424 1044 496 apud
1088 423 1357 477 eumdem
1388 423 1447 476 in
1480 421 1769 476 Ecclesias-

143 522 279 575 tico:
320 542 347 568 ‹‹
378 521 505 591 Ego
554 536 617 573 ex
663 535 758 573 ore
802 518 1070 574 Altissimi
1116 516 1336 590 prodivi
1389 515 1771 587 primogenita

142 613 239 686 (26)
282 618 423 667 ante
482 629 712 667 omnem
756 615 1100 666 creaturam.
1134 612 1251 681 Ego
1300 610 1359 664 in
1386 609 1539 664 coelis
1576 609 1681 663 feci
1713 612 1772 661 ut

142 708 381 762 oriretur
406 709 610 763 lumen
631 706 981 771 indeficiens,
1011 709 1067 760 et
1092 704 1307 759 nebula
1329 704 1438 759 texi
1464 704 1507 737 ¹⁵
1535 719 1768 757 omnem

142 806 363 856 terram.
424 803 547 872 Ego
587 802 646 855 in
675 799 863 873 697
894 799 1021 853 altis
1046 800 1090 833 ¹⁶
1144 798 1414 865 habitavi,
1448 800 1502 851 et
1530 797 1769 851 thronus

140 912 290 950 meus
347 896 410 950 in
464 896 726 950 columna
777 894 964 948 nubis.
1016 894 1231 964 Gyrum
1276 892 1398 948 coeli
1444 890 1764 959 circuivi”,

140 997 187 1045 et
232 991 293 1044 in
338 989 694 1061 profundum
744 988 931 1059 abyssi
982 987 1289 1058 penetravi,
1324 992 1377 1042 et
1419 986 1477 1040 in
1503 986 1767 1040 ﬂuctibus

139 1084 304 1138 maris
332 1083 644 1149 ambulavi,
674 1086 732 1137 et
760 1082 818 1136 in
859 1082 1017 1136 omni
1050 1086 1203 1135 terra
1251 1080 1400 1148 steti,
1431 1084 1487 1134 et
1514 1080 1571 1134 in
1611 1079 1768 1133 omni

138 1179 339 1249 populo
400 1185 459 1234 et
510 1180 570 1232 in
615 1178 772 1233 omni
816 1180 986 1249 gente
1031 1176 1340 1247 primatum
1392 1176 1658 1241 habui”,
1711 1178 1769 1229 et

138 1274 391 1328 omnium
430 1272 826 1327 excellentium
855 1274 911 1325 et
936 1271 1241 1326 humilium
1271 1270 1441 1325 corda
1473 1270 1701 1341 propria
1722 1270 1766 1303 ¹⁹

136 1366 331 1421 virtute
362 1366 595 1421 calcavi.
625 1368 686 1422 In
715 1381 807 1420 me
841 1366 1025 1419 omnis
1058 1381 1182 1435 spes
1209 1365 1338 1418 vitm
1367 1369 1421 1418 et
1448 1363 1668 1417 virtutis
1695 1363 1765 1417 ²⁰.

134 1462 381 1515 Transite
440 1462 513 1515 ad
557 1477 669 1528 me,
731 1476 933 1514 omnes
989 1460 1087 1529 qui
1140 1458 1537 1529 concupiscitis
1589 1473 1682 1511 me
1737 1479 1765 1507 η

138 1556 336 1626 (Eccli.,
388 1570 542 1623 xxw,
591 1558 664 1623 5).
718 1556 859 1609 Item
906 1553 964 1606 in
1011 1554 1232 1608 Psalmo
1275 1568 1513 1606 1.xxxv1n
1561 1568 1573 1605 :
1632 1574 1657 1599 ιι
1701 1550 1769 1604 Et

138 1665 233 1720 ego
296 1648 749 1719 primogenitum
821 1664 1029 1718 ponam
1093 1663 1225 1701 eum
1283 1647 1368 1715 ²¹,
1422 1646 1760 1699 altissimum

1875 422 2141 475 virtutem
2170 423 2227 474 et
2254 421 2352 473 Dei
2378 420 2716 490 sapientiam
2751 442 2777 471 ››
2809 424 2846 491 tl
2872 422 3014 483 Cor.,
3045 438 3080 488 ι,
3109 422 3220 492 22).

1869 573 1992 625 ΟΜ).
2036 572 2101 624 II.
2142 600 2211 609 —
2250 571 2403 636 Quod
2440 570 2711 637 sapientia
2756 571 2849 622 Dei
2894 570 3163 631 Christus;
3207 574 3255 623 et
3295 571 3358 623 de
3405 585 3497 623 sa-

1940 658 2212 706 cramento
2250 653 2646 706 Incarnationis
2687 650 2733 683 ’9
2773 650 2884 717 ejus
2920 657 2971 703 et
3003 653 3287 713 Passionis,
3324 656 3373 703 ct
3412 666 3499 703 ea-

1942 734 2058 787 licis
2083 738 2133 786 et
2158 733 2369 797 altaris,
2393 737 2441 786 et
2471 731 2833 801 apostolorum
2858 734 2954 799 qui
2988 733 3139 785 missi
3164 731 3493 799 prmdz‘cave-

1932 820 2081 868 runt.

1939 920 2101 990 Apud
2161 919 2519 974 Salomonem
2573 919 2631 972 in
2685 916 2993 971 Proverbiis
3054 933 3065 969 :
3125 937 3150 964 ί(
3209 916 3497 986 Sapientia

1869 1014 2163 1069 aediﬁcavit
2212 1013 2316 1068 sibi
2367 1014 2646 1079 domum,
2704 1016 2759 1066 et
2807 1010 3055 1065 subdidit
3108 1011 3154 1043 ³ο
3204 1011 3500 1064 columnas

1869 1114 2105 1179 septem.
2137 1107 2394 1162 Mactavit
2421 1104 2612 1178 698
2642 1122 2772 1158 suas
2810 1105 3027 1159 hostias
3072 1105 3140 1171 δι,
3178 1104 3400 1157 miscuit
3437 1103 3496 1157 in

1868 1208 2089 1257 cratera
2118 1201 2310 1255 vinum
2343 1216 2509 1254 suum
2538 1201 2583 1233 ³2
2616 1204 2671 1253 et
2696 1198 2910 1269 paravit
2935 1214 3095 1251 suam
3134 1214 3410 1263 mensam,
3440 1201 3498 1250 et

1870 1296 2026 1351 misit
2071 1312 2263 1349 servos
2308 1311 2436 1347 suos
2476 1309 2792 1347 convocans
2840 1308 2969 1345 cum
3014 1292 3235 1346 excelsa
3292 1291 3492 1360 prendi-

1869 1391 2090 1445 catione
2118 1389 2190 1443 ad
2228 1392 2506 1442 craterem
2550 1388 2778 1441 dicens:
2816 1386 2921 1449 Qui
2968 1390 3052 1439 est
3089 1385 3360 1455 insipiens
3397 1386 3499 1439 de-

1868 1484 2039 1538 clinet
2085 1483 2157 1537 ad
2218 1499 2326 1536 me.
2380 1484 2443 1536 Et
2496 1481 2796 1551 egentibus
2846 1496 3015 1533 sensu
3068 1479 3246 1533 dixit:
3280 1480 3496 1545 Venite,

1868 1578 2016 1633 edite
2046 1577 2117 1631 de
2147 1577 2289 1631 meis
2316 1575 2577 1646 panibus,
2608 1578 2665 1628 et
2694 1573 2868 1628 bibite
2895 1574 3089 1627 vinum
3120 1572 3267 1643 quod
3302 1572 3498 1625 miscui

1867 1672 2041 1726 vobis.
2088 1670 2470 1739 Derelinquite
2509 1668 2830 1732 stultitiam,
2871 1671 2928 1720 et
2966 1666 3203 1737 quaerite
3242 1666 3494 1736 pruden-

170 1714 193 1720 ν
296 1714 314 1719 -
500 1714 523 1718 -
822 1714 837 1718 -
1419 1741 1426 1749 .
1481 1739 1490 1749 ⁸
1604 1740 1613 1749 ⁸
1720 1738 1729 1748 ⁸
1878 1714 2041 1726 ...μω
2088 1714 2470 1739 -.ωνηηῚ-.-ν
2509 1714 2830 1732 υ-κ.--------,
2875 1714 2927 1720 --
2970 1714 3201 1737 γαπ---
3242 1714 3463 1736 Γπ---

137 1743 271 1814 apud
306 1760 478 1813 reges
508 1745 693 1797 terna
728 1744 789 1796 In
820 1746 1099 1795 {amulum
1144 1740 1376 1794 servabo
1415 1741 1508 1834 11h,
1539 1755 1760 1793 ""50""
1788 1714 1840 1784 B
1865 1765 2019 1832 tiam,
2052 1772 2105 1819 et
2134 1762 2403 1834 corrigite
2432 1762 2726 1816 scientiam
2754 1761 2811 1813 in
2844 1760 3130 1814 intellectu
3155 1760 3201 1793 ³³
3236 1781 3261 1808 ››
3294 1760 3499 1829 (PrOr.,

138 1836 378 1891 cordiam
410 1853 600 1891 meam
629 1839 687 1889 et
715 1838 1121 1891 testamentum
1155 1851 1344 1889 meum
1386 1833 1549 1888 fidele
1580 1834 1679 1900 illi,
1709 1838 1766 1887 et

139 1947 331 2001 ponam
360 1932 423 1984 in
462 1931 737 1985 saeculum
782 1930 968 1984 saeculi
1016 1946 1213 1984 semen
1258 1929 1380 1999 ejus
1413 1929 1481 1982 2’.
1513 1928 1565 1982 Si
1596 1928 1762 1981 derc-

140 2025 397 2096 liquerint
424 2023 529 2078 filii
574 2025 696 2094 ejus
726 2026 915 2095 legem
942 2040 1151 2089 meam,
1182 2028 1238 2077 et
1275 2023 1333 2077 in
1360 2022 1593 2092 judiciis
1624 2022 1765 2075 meis

141 2135 239 2172 non
293 2118 737 2182 ambulaverint,
789 2117 835 2171 si
879 2117 1315 2187 justiticationes
1360 2132 1516 2169 meas
1573 2116 1760 2185 profa-

140 2213 385 2266 naverint
417 2218 479 2266 et
506 2215 793 2282 praecepta
820 2228 947 2266 mea
984 2228 1099 2265 non
1140 2210 1584 2273 observaverint’,
1632 2208 1761 2261 visi-

140 2308 256 2362 tabo
294 2310 351 2362 in
387 2309 553 2378 virga
593 2309 843 2362 facinora
871 2324 1069 2362 eorum
1108 2312 1162 2361 et
1194 2306 1249 2360 in
1285 2306 1523 2377 ﬂagellis
1558 2306 1764 2359 delicta

145 2419 347 2457 eorum.
384 2401 826 2457 Misericordiam
856 2406 1048 2457 autem
1078 2418 1267 2456 meam
1295 2417 1411 2455 non
1443 2400 1761 2470 dispergam

144 2495 203 2549 ab
227 2496 325 2551 eis.
356 2519 383 2545 ››
416 2498 561 2550 Item
598 2496 657 2550 in
692 2496 997 2567 Evangelia
1034 2498 1158 2549 cata
1181 2496 1454 2549 Joannem
1490 2492 1765 2548 Dominus

145 2589 305 2644 dicit:
342 2611 367 2642 ει
401 2593 531 2644 Haec
559 2600 753 2644 autem
788 2594 873 2645 est
906 2590 1021 2644 vita
1058 2592 1291 2658 interna,
1324 2594 1384 2642 ut
1418 2590 1767 2658 cognoscant

144 2687 191 2737 te
221 2683 403 2738 solum
449 2690 505 2738 et
550 2700 747 2738 verum
791 2685 992 2750 Deum,
1022 2688 1078 2738 et
1106 2699 1277 2755 quem
1317 2681 1541 2747 misisti,
1572 2683 1765 2737 Jesum

146 2776 441 2832 Christum.
478 2779 593 2849 Ego
638 2783 691 2831 te
732 2776 1034 2831 clariﬁcavi
1080 2776 1137 2831 in
1179 2782 1333 2831 terra
1359 2776 1428 2843 2³,
1459 2791 1601 2846 opus
1639 2791 1767 2844 per-

146 2872 240 2924 feci
271 2873 314 2906 "
347 2872 510 2943 quod
541 2871 747 2926 dedisti
774 2871 917 2925 mihi
949 2876 1008 2925 ut
1035 2870 1255 2925 faciam.
1295 2872 1361 2925 Et
1395 2886 1543 2924 nunc
1573 2875 1632 2923 tu
1659 2870 1768 2922 cla-

147 2965 286 3021 ritica
330 2984 427 3021 me
464 2967 512 3000 ²⁵
539 2966 689 3038 apud
738 2968 793 3019 te
838 2965 1027 3036 ipsum
1076 2965 1331 3019 claritate
1373 2980 1542 3035 quam
1593 2962 1765 3017 habui

1863 1876 1937 1927 1x,
1972 1864 1987 1914 1
2025 1860 2202 1929 seqq.)

1974 2012 2103 2063 CAP.
2140 2008 2230 2061 III.
2260 2036 2327 2044 —
2357 2005 2510 2072 Quod
2538 2004 2778 2059 Christus
2810 2004 2950 2057 idem
2974 2005 3043 2056 sit
3069 2017 3238 2056 sermo
3270 2004 3382 2055 Dei.

1936 2113 1993 2165 In
2020 2112 2242 2165 Psalmo
2266 2126 2383 2164 xmv
2414 2126 2427 2162 :
2463 2130 2489 2157 ‹‹
2522 2106 2805 2161 Eructavit
2832 2123 2929 2160 cor
2960 2122 3149 2159 meum
3173 2121 3499 2158 sermonem

1864 2205 2104 2271 bonum,
2136 2205 2257 2257 dico
2286 2219 2394 2274 ego
2423 2218 2597 2272 opera
2642 2218 2765 2255 mea
2803 2199 2945 2270 regi.
2976 2222 3003 2248 »
3037 2200 3203 2267 (PsaI.
3244 2215 3389 2265 XLIV,
3426 2202 3495 2265 1).

1866 2302 2002 2354 Item
2032 2300 2089 2353 in
2123 2298 2346 2353 Psalmo
2376 2313 2519 2351 xxxn
2544 2314 2557 2350 :
2584 2316 2608 2346 ‹‹
2632 2296 2909 2350 Sermone
2930 2294 2974 2327 3‘
2997 2293 3092 2347 Dei
3122 2292 3242 2346 costi
3272 2292 3500 2346 solidati

1865 2397 2017 2459 sunt,
2065 2396 2123 2446 et
2169 2391 2378 2462 Spiritu
2429 2390 2543 2445 oris
2592 2390 2712 2459 ejus
2759 2388 2945 2441 omnis
2995 2387 3169 2440 virtus
3215 2402 3414 2440 eorum
3467 2408 3493 2435 η

1866 2488 2032 2555 (Ρειιι.
2073 2502 2239 2553 xxxn,
2280 2487 2351 2554 6).
2383 2486 2521 2537 Item
2559 2483 2713 2553 apud
2748 2482 2952 2535 Isaiam
2982 2497 2996 2534 :
3026 2502 3053 2529 «
3084 2479 3330 2533 Verbum
3360 2496 3493 2533 con-

1865 2596 2167 2635 summans
2195 2584 2250 2633 et
2286 2577 2546 2631 breviaus
2585 2576 2642 2629 in
2673 2575 2931 2645 justitia;
2969 2574 3243 2644 quoniam
3280 2590 3493 2627 sermo-

1863 2692 1994 2730 nem
2030 2673 2344 2727 breviatum
2388 2671 2559 2725 faciet
2611 2670 2754 2724 Deus
2798 2669 2854 2722 in
2906 2670 3025 2721 toto
3070 2667 3208 2721 orbe
3257 2672 3424 2721 terra}
3461 2688 3487 2716 ››

1867 2772 2018 2837 (Isa.,
2054 2784 2159 2833 xvx,
2191 2770 2303 2833 23).
2334 2767 2471 2819 Item
2500 2765 2557 2818 in
2591 2764 2813 2817 Psalmo
2854 2780 2939 2817 ενι
2974 2778 2985 2815 :
3027 2783 3053 2809 «
3094 2761 3239 2817 Misit
3277 2777 3491 2815 sermo-

1865 2879 1999 2917 nem
2031 2878 2195 2915 suum
2234 2862 2279 2893 35
2307 2866 2361 2914 et
2395 2858 2606 2913 curavit
2640 2858 2765 2911 illos
2803 2878 2829 2908 »
2863 2859 3032 2928 (Psal.
3064 2874 3171 2923 ενι,
3210 2855 3318 2925 20).
3352 2858 3495 2910 Item

1864 2958 1923 3011 in
1971 2954 2273 3024 Evangelio
2331 2958 2457 3007 cata
2500 2955 2820 3005 Joannem:
2864 2974 2889 3000 ‹‹
2939 2954 3002 3005 In
3045 2949 3323 3021 principio
3373 2966 3468 3003 ora

148 3060 284 3129 apud
314 3068 366 3116 te
396 3061 735 3132 priusquam
767 3059 1017 3114 mundus
1045 3059 1205 3113 ﬁeret
1234 3079 1260 3109 »
1290 3060 1491 3126 (Joan.,
1524 3074 1654 3123 xvn,
1685 3057 1758 3124 3).
1786 3080 1840 3153 C
1867 3051 2061 3105 Sermo
2093 3049 2160 3115 ³⁸,
2196 3051 2251 3101 et
2280 3047 2477 3102 Sermo
2518 3052 2638 3099 erat
2673 3045 2825 3115 apud
2863 3047 3060 3111 Deum,
3091 3048 3147 3097 et
3187 3044 3329 3097 Deus
3374 3048 3496 3096 erat

147 3152 268 3208 Item
305 3156 515 3210 Paulus
550 3156 619 3209 ad
657 3148 1012 3209 Colossenses
1042 3171 1054 3207 :
1094 3174 1120 3205 ‹‹
1150 3152 1251 3217 Qui
1301 3156 1386 3206 est
1428 3153 1620 3221 imago
1670 3151 1764 3204 Dei
1791 3137 1840 3153 υ
1866 3145 2084 3200 Sermo.
2121 3143 2214 3196 Hic
2244 3141 2287 3174 ³⁷
2313 3146 2432 3195 erat
2473 3140 2529 3193 in
2560 3139 2835 3210 principio
2876 3138 3027 3209 apud
3062 3140 3259 3191 Deum.
3292 3137 3495 3191 Omnia

149 3246 431 3303 invisibilis
450 3255 505 3304 et
527 3249 943 3321 primogenitus
967 3247 1135 3302 totius
1167 3252 1439 3302 creatura:
1465 3268 1491 3295 »
1516 3247 1761 3311 (001035.,

151 3356 181 3406 ι,
232 3344 330 3411 15).
392 3346 538 3398 Item
586 3344 743 3397 illic:
788 3364 814 3391 ‹‹
865 3340 1283 3412 Primogenitus
1322 3358 1354 3393 a
1392 3340 1650 3407 mortuis,
1703 3344 1765 3392 ut

146 3434 292 3492 tieret
316 3438 371 3492 in
420 3436 685 3492 omnibus
718 3435 835 3506 ipse
866 3436 1171 3506 primatum
1213 3438 1429 3488 tenens.
1467 3457 1492 3483 »
1524 3437 1667 3488 Item
1704 3433 1761 3486 in

146 3532 464 3603 Apocalypsi
506 3548 518 3585 :
557 3533 672 3601 Ego
707 3547 830 3585 sum
862 3546 892 3577 α
918 3534 975 3584 et
1014 3546 1073 3597 ω,
1112 3528 1337 3583 initium
1373 3535 1427 3583 et
1456 3528 1601 3581 finis.
1648 3529 1761 3598 Ego

148 3623 339 3679 sitienti
368 3625 520 3679 dabo
547 3626 617 3679 de
653 3626 805 3678 fonte
844 3640 1007 3694 aqum
1049 3623 1175 3677 vita:
1204 3622 1251 3656 ²⁶
1282 3622 1457 3692 gratis
1488 3643 1513 3671 ››
1548 3622 1758 3690 (Apso,

148 3732 241 3783 xxx,
271 3721 341 3787 6).
376 3719 542 3783 Quod
580 3718 731 3773 idem
776 3719 847 3773 sit
884 3724 937 3772 et
978 3716 1254 3788 sapientia
1301 3720 1357 3770 et
1408 3716 1582 3769 virtus
1635 3716 1760 3770 Dei.

147 3809 333 3865 Paulus
389 3812 460 3866 ad
513 3812 831 3866 Corinthios
869 3813 889 3866 Ι
932 3828 943 3865 :
982 3834 1009 3860 ‹‹
1052 3810 1331 3876 Quoniam
1374 3810 1555 3864 Jndmi
1599 3810 1761 3877 signa

151 3901 458 3959 desiderant
485 3904 547 3973 ⁵³⁷,
576 3912 629 3959 et
656 3905 832 3961 Graeci
862 3906 1225 3975 prudentiam
1253 3904 1300 3938 ³⁸
1332 3908 1619 3974 quaerunt.
1652 3905 1761 3957 Nos

150 3999 318 4051 autem
379 3999 758 4070 prazdicamus
817 4000 1105 4054 Christum
1154 3998 1507 4065 cruciﬁxum,
1553 3997 1761 4051 Iudaeis

149 4090 360 4158 quidem
428 4093 783 4159 scandalum,
849 4093 1115 4163 gentibus
1182 4097 1374 4147 autem
1439 4092 1755 4159 stultitiam,

1864 3256 1966 3310 per
1993 3238 2179 3309 ipsum
2211 3237 2350 3290 facta
2387 3240 2539 3302 sunt,
2573 3239 2629 3288 et
2666 3233 2785 3287 sine
2826 3234 2945 3303 ipso
2981 3234 3190 3286 factum
3230 3236 3314 3285 est
3352 3230 3495 3283 nihil

1864 3332 2018 3403 quod
2052 3332 2262 3386 factum
2288 3334 2389 3383 est.
2421 3332 2480 3383 In
2510 3328 2606 3382 illo
2636 3328 2749 3382 vita
2778 3333 2902 3381 erat
2930 3327 2997 3395 ³⁸,
3024 3330 3081 3380 et
3109 3326 3223 3379 vita
3251 3330 3371 3377 erat
3398 3326 3494 3377 lux

1866 3426 2204 3492 hominum;
2257 3430 2313 3478 et
2364 3424 2455 3476 lux
2504 3423 2657 3476 lucet
2702 3422 2757 3475 in
2819 3420 3084 3487 tenebris,
3137 3425 3193 3474 et
3241 3418 3494 3473 tenebrae

1864 3522 2016 3574 illam
2050 3520 2095 3553 3°
2127 3536 2242 3573 non
2272 3516 2850 3588 comprehenderunt.
2884 3536 2910 3563 ››
2944 3516 3143 3585 (Joan.,
3175 3530 3212 3580 ι,
3251 3516 3319 3581 1).
3358 3515 3493 3567 Item

1864 3616 1922 3668 in
1964 3611 2297 3684 Apocalypsi
2331 3628 2342 3665 :
2380 3632 2406 3659 ί(
2452 3612 2518 3663 Et
2560 3609 2673 3663 vidi
2714 3610 2915 3662 emlum
2959 3614 3239 3679 apertum,
3273 3610 3329 3659 et
3368 3622 3495 3661 ecce

1862 3725 2042 3779 equus
2084 3707 2281 3774 albus;
2324 3711 2379 3759 et
2421 3704 2516 3775 qui
2556 3703 2791 3757 sedebat
2819 3718 2990 3772 super
3017 3718 3149 3756 eum
3190 3700 3495 3754 vocabatur

1861 3801 2045 3855 ﬁdelis
2077 3804 2133 3854 et
2169 3816 2355 3866 verus,
2403 3813 2631 3867 azquum
2666 3796 3005 3866 justumque
3034 3794 3297 3865 judicans
3328 3795 3395 3861 ‘0,
3438 3802 3493 3846 et

1861 3894 2223 3967 praeliabatur
2248 3896 2322 3961 ⁸¹;
2351 3895 2585 3961 eratque
2610 3898 2910 3960 coopertus
2939 3893 3089 3942 veste
3113 3904 3413 3958 conspersa
3442 3888 3487 3922 ⁶²

1861 3988 2172 4058 sanguine;
2234 3992 2290 4041 et
2343 3984 2551 4039 dicitur
2607 4000 2816 4038 nomen
2872 3984 2992 4053 ejus
3047 3982 3243 4035 Sermo
3296 3982 3396 4036 Dei
3460 4003 3487 4031 ››

1860 4085 2029 4153 (Apoc
2058 4124 2074 4144 ,
2101 4097 2209 4147 ιιι,
2242 4080 2347 4149 11).

1500 4265 1707 4329 Varize
1765 4265 2107 4328 lectiones.

204 4419 236 4452 ³⁵
257 4422 338 4471 Sic
394 4424 537 4472 Lam.
588 4421 695 4475 NC.
752 4424 797 4481 1,
851 4421 900 4470 2.
954 4422 1062 4470 Lin.
1116 4421 1237 4471 Bod.
1288 4426 1350 4479 2,
1401 4421 1449 4483 3,
1491 4420 1539 4468 4.
1598 4419 1756 4470 Nube
1815 4419 1939 4469 Bod.
2004 4420 2048 4467 1.

816 4491 854 4525 ¹⁷
875 4491 1118 4543 Circuivi
1157 4493 1273 4543 sola
1311 4494 1455 4542 Lam.
1507 4490 1630 4541 Bod.
1667 4490 1715 4549 2,
1758 4494 1802 4538 3.
1847 4489 1957 4539 ΝΟ.
1998 4491 2042 4538 1.

144 4488 272 4541 Lam.
296 4495 409 4543 Lin.
436 4493 545 4543 ΝΟ.
576 4495 622 4553 1,
647 4492 695 4541 2.

148 4558 328 4612 virtute
351 4563 568 4614 calcavi
600 4562 723 4611 Tim.
758 4562 903 4611 Corb.
934 4565 1113 4612 Benev.
1154 4563 1264 4612 Ver.

147 4641 245 4689 pra:
272 4632 494 4697 regibus
525 4637 682 4682 terra;
712 4632 823 4682 ΝΟ.
848 4632 895 4682 2.

150 4702 327 4753 terram
357 4706 492 4754 [/zm.
522 4704 632 4754 ΝΟ.
667 4706 709 4753 1.

148 4771 271 4821 viva:
308 4777 477 4839 gratis
515 4776 623 4824 NI).
669 4778 714 4833 1,
759 4776 805 4824 2.
850 4776 987 4824 Lam.
1117 4774 1158 4807 ³⁷
1184 4775 1351 4839 Signa
1397 4778 1593 4837 petunt
1632 4776 1742 4823 Lin.

147 4840 195 4909 In
238 4844 405 4895 Greco
456 4845 618 4905 σοφία.
677 4844 1027 4894 Prudentium
1075 4848 1309 4909 Impress.
1383 4849 1433 4893 et
1486 4860 1600 4891 mss.
1658 4845 1791 4907 pler.

1013 4920 1051 4948 ³¹
1089 4916 1259 4965 Suam
1314 4916 1551 4965 hostiam
1611 4916 1732 4963 Tim.
1796 4916 1930 4965 Foss.
1985 4914 2131 4963 Caro.

1511 4985 1551 5019 ³³
1576 4985 1846 5048 Percipite
1902 4985 2193 5036 scientiam
2245 4988 2299 5034 et
2358 4984 2782 5046 intelligentiam
2835 4982 2956 5032 Bod.
3017 4985 3076 5042 1,
3133 4984 3179 5032 4.

148 4908 442 4965 ’θεαθεὶᾱίι
490 4918 626 4965 Lam.
674 4915 781 4965 NC.
835 4918 878 4964 1.

150 4979 244 5030 NC.
294 4987 413 5035 Bod.
467 4988 530 5045 -t,
581 4987 647 5045 2,
707 4987 761 5035 in
814 4992 1083 5037 craterem
1141 4987 1261 5035 Bod.
1321 4991 1366 5035 3.

1366 4564 1407 4591 '°
1430 4563 1490 4611 In
1526 4575 1617 4612 me
1647 4562 1736 4610 via
1762 4561 1891 4609 vita:
1914 4561 2027 4608 Lin.
2064 4572 2190 4623 Spes
2231 4561 2357 4609 vitae
2394 4558 2530 4607 F033.

995 4635 1036 4665 ³³
1059 4632 1263 4683 Semen
1289 4634 1427 4696 ejus,
1460 4636 1510 4682 et
1554 4633 1815 4682 thronum
1860 4633 1983 4693 ejus
2016 4632 2163 4681 sicut
2202 4632 2318 4681 dies
2363 4631 2487 4680 caeli
2524 4631 2629 4680 ΝΟ.
2667 4628 2715 4678 2.

806 4705 849 4737 ’⁸
872 4704 1049 4767 Opere
1080 4708 1469 4755 consummato
1494 4705 1605 4754 Lin.
1638 4718 1749 4767 quo
1780 4703 1978 4754 dedisti
2005 4704 2144 4753 mihi
2171 4704 2309 4751 Foss.

2106 4418 2303 4468 Nubila
2353 4421 2507 4468 Oxon.
2661 4418 2699 4451 ¹⁶
2719 4420 2779 4467 In
2828 4419 3112 4469 altissimis
3162 4417 3281 4467 Bod.
3338 4422 3394 4479 1,
3442 4419 3490 4468 2.

2147 4487 2502 4539 1“Primatum
2551 4490 2705 4539 tenui
2747 4489 2865 4537 Bod.
2912 4489 2957 4538 2.
3006 4489 3148 4537 Lam.
3252 4488 3289 4521 ¹⁹
3309 4488 3489 4539 Corda

2628 4557 2667 4591 "
2695 4560 2900 4607 Ponam
2933 4571 3082 4617 eum,
3119 4562 3171 4607 et
3204 4559 3489 4609 excelsum

2815 4633 2854 4661 ³³
2879 4629 3190 4680 Clariﬁcavi
3237 4635 3289 4679 te
3324 4644 3489 4693 super

2405 4704 2445 4731 ³⁵
2465 4699 2722 4749 Clariﬁca
2747 4713 2835 4748 me
2864 4703 3014 4761 pater
3044 4700 3152 4747 Lin.
3247 4701 3289 4731 ’⁵
3309 4703 3489 4761 Aqua?

1874 4774 1916 4807 ³⁸
1936 4774 2275 4838 Sapientiam
2318 4772 2494 4835 legunt
2544 4772 2663 4820 Bod.
2718 4774 2760 4820 1.
2817 4772 2947 4819 Voss.
2994 4772 3040 4821 3.
3084 4771 3288 4819 Murali.
3352 4775 3485 4821 Tert.

1923 4843 2443 4895 “Concarnationis
2498 4844 2605 4891 Lin.
2666 4842 2777 4891 ΝΟ.
2835 4842 2884 4891 2.
2955 4841 3073 4889 Tim.
3140 4841 3262 4889 Bod.
3322 4842 3382 4896 3.
3438 4846 3485 4890 4.

2265 4914 2387 4961 3"In
2443 4918 2655 4962 cratere
2708 4913 2902 4961 vinum
2960 4913 3097 4960 Lam.
3163 4912 3283 4960 Thu.
3340 4912 3484 4961 Corb.

2265 4988 2299 5030 at
2358 4984 2782 5030 intelligentiam
2835 4982 2956 5030 Bod.
3017 4985 3076 5030 1.
3133 4984 3179 5030 4.
3332 4986 3373 5015 ³⁴
3400 4983 3484 5030 Sic

3332 4986 3373 5015 ³⁴
3400 4986 3485 5031 Sic

151 5049 257 5102 Bod.
305 5057 349 5105 3.
410 5058 552 5105 F033.
617 5056 757 5119 Spir.
816 5056 979 5105 Remo.
1036 5059 1183 5105 Eros.
1240 5056 1423 5107 Verbo
1470 5056 1571 5106 Dei
1625 5056 1846 5105 solidati
1908 5060 2037 5104 sunt
2093 5056 2273 5117 nuperi
2330 5056 2556 5116 lmpress.
2607 5058 2655 5102 et
2709 5069 2823 5101 mss.
2877 5055 3006 5113 pler.
3069 5053 3295 5102 Firmati
3357 5058 3490 5101 sunt

155 5120 288 5174 Oxon.
396 5132 434 5161 ³⁵
463 5127 709 5178 Verbum
768 5141 929 5176 suum
976 5128 1097 5177 Bod.
1152 5129 1195 5177 2.
1253 5130 1390 5177 Lam.
1441 5128 1549 5177 ΝΟ.
1603 5128 1650 5176 2.

153 5194 212 5239 sic
236 5195 475 5261 deinceps.

153 5332 371 5389 “Verus
396 5344 448 5390 et
487 5354 615 5390 cum
653 5340 866 5401 justitia
900 5339 1025 5391 Bod.
1068 5341 1111 5387 1.

155 5482 399 5543 sanguine
430 5482 549 5531 Tha.
583 5482 733 5533 (ἔον-ὸ.

1768 5127 1806 5160 ³⁸
1836 5127 1967 5175 Erat
2018 5124 2263 5175 Verbum
2313 5124 2420 5175 ΝΟ.
2474 5125 2516 5181 1,
2572 5123 2617 5172 2.
2661 5125 2801 5172 Lam.
2857 5122 2980 5171 Bod.
3037 5124 3081 5177 1,
3132 5124 3181 5180 2,

579 5197 618 5230 ³⁷
640 5199 758 5247 Hoc
794 5202 907 5247 erat
932 5200 1070 5247 Lam.
1116 5198 1223 5253 ΝΟ.
1264 5200 1308 5257 1,
1336 5200 1384 5247 2.
1418 5200 1526 5248 Lin.
1558 5200 1694 5247 Foss.
1728 5197 1853 5248 Bod.
1900 5199 1940 5256 l,
1976 5198 2024 5257 2,
2051 5198 2099 5257 3,
2125 5200 2169 5246 4.

163 5261 255 5311 Ver.
294 5269 463 5317 Benev.
506 5270 642 5317 Man.
687 5268 851 5329 Quod
890 5269 1096 5317 factum
1141 5273 1225 5319 est
1266 5270 1321 5317 in
1360 5269 1457 5318 illo
1500 5270 1610 5318 vita
1653 5273 1770 5318 erat
1808 5270 1949 5316 Pam.
2003 5269 2112 5329 Ri‘g.

1234 5344 1273 5373 ⁴¹
1301 5341 1386 5390 Sic
1424 5342 1557 5389 Mor.
1597 5342 1735 5390 Man.
1777 5338 2178 5388 Prasliabantur
2216 5341 2359 5387 Pam.
2406 5338 2512 5398 ltig.
2560 5336 2839 5386 Przeliator
2874 5336 3013 5383 Lam.
3054 5336 3163 5383 Lin.
3198 5335 3310 5387 ΝΟ.
3354 5337 3399 5396 1,
3436 5338 3484 5384 2.

157 5404 263 5456 Bod.
290 5412 331 5471 1,
363 5412 408 5473 2,
442 5412 492 5471 3,
522 5412 571 5460 4.
618 5411 753 5458 Voss.
791 5416 835 5459 3.
886 5411 1005 5461 Tha.
1037 5410 1182 5461 Corb.
1219 5411 1490 5463 Judicans
1530 5416 1585 5462 et
1624 5410 1974 5474 prmliaturus
2010 5411 2147 5460 Foss.
2183 5410 2322 5472 Spir.
2376 5410 2508 5457 Rem.
2551 5407 2702 5456 Eras.

2313 5124 2420 5175 ΝΕ.
2474 5125 2516 5181 1,
2572 5124 2617 5172 2.
2661 5125 2801 5172 Lam.
2857 5124 2980 5171 Bod.
3037 5124 3081 5177 1,
3132 5124 3181 5180 2,
3230 5124 3277 5181 3,
3321 5124 3367 5171 4.
3425 5124 3493 5171 Et

2272 5197 2312 5230 ³⁸
2340 5197 2467 5244 Vita
2494 5200 2576 5245 est
2610 5196 2730 5244 Bod.
2766 5196 2811 5254 1,
2848 5195 2893 5251 2,
2934 5194 2980 5240 4.
3024 5195 3142 5242 Tha.
3176 5195 3311 5242 Foss.
3342 5194 3488 5243 Coro.

2217 5267 2253 5300 ³³
2278 5267 2345 5316 Et
2384 5267 2624 5316 tenebras
2672 5280 2800 5315 eum
2846 5265 2967 5313 Bod.
3006 5266 3053 5324 1,
3096 5265 3141 5314 4.
3180 5266 3300 5313 Tha.
3336 5265 3484 5315 Carb.

2802 5406 2845 5438 ⁴²
2862 5406 3087 5456 Vestem
3132 5419 3485 5469 consparsam

1430 5572 1654 5654 Steph.
1703 5571 1949 5635 Baluzii
1992 5574 2187 5632 notas.

208 5702 297 5767 (26)
322 5708 695 5772 Primogem’ta.
720 5706 1069 5758 Vocabulum
1100 5708 1245 5759 istud
1272 5708 1521 5760 additum
1547 5722 1577 5758 a
1603 5708 1766 5758 nobis

162 5776 237 5823 est
272 5790 336 5830 ex
378 5779 569 5833 codice
618 5779 973 5844 Burgundico
1016 5785 1068 5833 et
1108 5794 1174 5834 ex
1216 5781 1479 5832 Fuxensi.
1512 5779 1767 5832 Habetur

1866 5708 2052 5756 autem
2083 5704 2138 5753 in
2164 5703 2419 5754 versione
2442 5702 2677 5767 Vulgata
2702 5702 2837 5759 libri
2864 5701 3230 5765 Ecclesiastici,
3255 5702 3355 5753 sed
3382 5712 3495 5751 non

1868 5779 2050 5830 exstat
2078 5776 2136 5828 in
2164 5775 2424 5828 versione
2458 5774 2609 5827 LXX
2635 5776 3039 5855 Interpretum.
