3998 6194
487 294 593 350 727

1380 297 1435 352 S.
1477 298 1791 354 CYPRIANI
1830 300 2106 356 OPERUM
2144 299 2319 356 PARS
2358 299 2425 355 II.
2466 328 2535 340 --
2571 299 2941 356 OPUSCULA.

3730 302 3824 358 728

473 420 601 476 CAP.
646 421 730 475 IV.
761 450 828 461 —
866 419 1020 488 Quod
1059 419 1304 513 Christus
1517 438 1714 479 manus
1750 430 1801 479 et
1840 425 2117 480 brachium
2138 439 2196 513 Α
2218 424 2444 480 Domini
2476 424 2608 480 fecit
2651 423 2756 478 ista
2799 423 2857 478 et
2885 426 3112 479 sanctus
3152 422 3329 478 Israel
3372 421 3670 477 ostendit»
3701 425 3823 488 Ιεα..

1187 505 1281 557 Dei
1303 505 1393 557 sit.

549 610 714 681 Apud
756 611 960 667 Isaiam
1002 628 1016 666 :
1058 613 1405 684 «Numquid
1433 630 1550 670 non
1586 615 1736 670 valet
1772 631 1972 670 manus
2016 616 2112 671 Dei

474 709 541 760 ut
565 705 745 759 salvos
772 705 988 761 faciat?
1016 708 1115 761 aut
1140 708 1396 778 gravavit
1436 724 1635 763 aurem
1678 713 1740 763 ut
1774 726 1885 764 non
1932 724 2109 765 exau-

476 798 630 854 diat?
669 798 781 854 Sed
818 806 1049 871 peccata
1083 805 1270 856 vestra
1295 802 1342 836 ‘3
1383 802 1530 858 inter
1571 819 1670 858 vos
1710 806 1768 857 et
1808 805 1989 859 Deum
2032 821 2111 858 se-

476 898 705 965 parant,
746 896 804 947 et
839 897 1076 966 propter
1110 900 1342 966 peccata
1375 902 1562 952 vestra
1594 899 1639 932 “
1665 898 1869 952 avertit
1910 898 2114 953 faciem

477 1003 643 1042 suam
688 1004 722 1041 a
764 987 923 1042 vobis
968 1005 1040 1043 ne
1072 989 1444 1046 misereatur.
1493 993 1685 1047 Manus
1719 992 1871 1048 enim
1912 998 2113 1047 vestras

478 1081 793 1153 inquinatas
822 1087 955 1136 sunt
986 1083 1270 1153 sanguine
1308 1085 1378 1151 ‘5,
1411 1089 1466 1139 et
1496 1084 1661 1157 digiti
1686 1087 1857 1141 vestri
1891 1087 1950 1141 in
1980 1102 2110 1158 pec-

478 1176 635 1231 catis.
681 1175 849 1230 Labia
891 1181 1087 1231 autem
1137 1180 1319 1231 vestra
1364 1178 1555 1234 locuta
1598 1183 1733 1234 sunt
1770 1181 2015 1250 facinus,
2057 1184 2115 1236 et

476 1268 681 1340 lingua
707 1272 891 1324 vestra
915 1269 1256 1340 injustitiam
1287 1271 1589 1327 meditatur
1620 1274 1686 1327 ⁴⁶.
1720 1275 1898 1329 Nemo
1925 1274 2109 1346 loqui-

474 1365 572 1418 tur
596 1379 755 1430 vera,
789 1379 977 1434 neque
1016 1369 1101 1418 est
1124 1364 1408 1434 judicium
1444 1383 1661 1422 verum.
1695 1368 1902 1422 Fidunt
1929 1370 1984 1422 in
2015 1386 2112 1423 va-

476 1455 565 1512 nis
620 1455 887 1529 699⁸⁷
922 1460 979 1511 et
1029 1457 1344 1529 loquuntur
1386 1460 1579 1515 inania
1636 1462 1733 1532 qui
1784 1463 2113 1532 parturiunt

476 1550 734 1605 dolorem
762 1551 809 1585 ⁸³
837 1554 895 1604 et
928 1551 1156 1621 pariunt
1192 1553 1410 1607 facinus
1442 1576 1468 1604 »
1508 1556 1662 1623 (Isa.,
1704 1572 1816 1621 1.1x,
1858 1557 1930 1625 1).
1976 1558 2114 1611 Item

473 1642 624 1699 illic:
665 1663 693 1692 ‹‹
736 1644 998 1710 Domine,
1042 1646 1168 1716 quis
1214 1646 1461 1701 credidit
1506 1648 1730 1703 auditui
1776 1650 2011 1704 nostro?
2062 1654 2119 1704 et

470 1736 771 1792 brachium
797 1737 893 1793 Dei
922 1738 1010 1792 cui
1034 1741 1348 1794 revelatum
1371 1745 1452 1795 est
1480 1764 1507 1791 ››
1528 1743 1678 1805 (Isa.,
1704 1759 1816 1809 LIII,
1852 1743 1939 1814 i)?
1972 1746 2113 1799 Item

2215 534 2321 588 XLI,
2358 519 2557 589 i5-20).

2212 613 2345 668 CAP.
2379 613 2437 667 V.
2464 642 2532 655 -—
2562 613 2719 681 Quod
2751 613 2895 667 idem
2929 612 3155 682 angelus
3193 615 3245 666 et
3272 612 3417 665 Deus
3444 610 3680 669 Christus
3704 615 3823 685 (28).

2282 708 2345 761 In
2382 707 2583 762 Genesi
2610 706 2683 762 ad
2713 706 3002 762 Abraham
3030 722 3044 760 :
3079 726 3108 755 ‹‹
3144 706 3211 759 Et
3246 703 3467 759 vocavit
3500 720 3627 760 eum
3662 709 3824 780 Ange-

2211 800 2299 855 lus
2326 800 2551 855 Domini
2578 801 2647 856 de
2684 801 2847 867 coelo,
2881 804 2940 856 et
2980 799 3122 854 dixit
3148 798 3230 853 illi
3278 814 3292 853 ε
3326 797 3633 868 Abraham,
3664 784 3825 856 lbra:

2213 895 2367 949 ham.
2415 895 2512 949 Ille
2559 898 2751 950 autem
2800 894 2946 949 dixit
2978 910 2991 949 :
3022 896 3163 949 Ecce
3212 908 3344 965 ego.
3392 893 3458 947 Et
3504 891 3641 948 dixit
3674 911 3686 948 :
3717 895 3820 950 Noli

2212 989 2511 1061 imponere
2538 1005 2774 1043 manum
2804 992 2959 1043 tuam
2989 1004 3162 1060 super
3197 1002 3469 1059 puerum,
3494 1002 3669 1059 neque
3694 988 3823 1044 fece-

2212 1083 2289 1138 ris
2308 1083 2386 1137 illi
2407 1083 2734 1155 quicquam.
2757 1084 2917 1138 Nunc
2943 1082 3100 1137 enim
3121 1081 3365 1154 cognovi
3384 1080 3651 1153 quoniam
3670 1082 3819 1139 times

2212 1178 2389 1232 Deum
2416 1180 2578 1231 tuum
2614 1181 2675 1246 ⁸³,
2709 1178 2768 1230 et
2804 1192 2920 1231 non
2957 1174 3265 1248 pepercisti
3306 1174 3424 1229 tilio
3467 1180 3566 1230 tuo
3605 1174 3822 1230 dilectis-

2215 1270 2355 1325 simo
2379 1270 2427 1306 ⁸⁵
2454 1275 2690 1341 propter
2717 1286 2810 1325 me
2841 1291 2868 1320 ››
2906 1270 3085 1341 (Gen.,
3116 1285 3244 1336 χχιι,
3292 1272 3379 1335 11,
3419 1268 3524 1340 I2).
3555 1270 3689 1324 Item
3720 1271 3820 1326 illic

2216 1364 2286 1419 ad
2316 1363 2481 1418 Iacob
2512 1381 2525 1417 :
2551 1384 2578 1415 α
2612 1365 2679 1418 Et
2711 1364 2851 1418 dixit
2884 1362 3029 1417 mihi
3065 1363 3304 1433 angelus
3349 1361 3572 1417 Domini
3608 1364 3664 1417 in
3695 1380 3822 1418 som-

2216 1458 2342 1512 nis:
2377 1460 2494 1528 Ego
2519 1475 2644 1512 sum
2674 1459 2821 1513 Deus
2850 1473 3026 1529 quem
3059 1454 3254 1529 700
3286 1455 3478 1511 vidisti
3497 1456 3555 1509 in
3585 1456 3700 1512 loco
3717 1458 3818 1525 Dei,

2216 1547 2312 1602 ubi
2338 1549 2381 1590 l7
2414 1546 2615 1601 unxisti
2641 1547 2782 1601 mihi
2813 1547 3042 1601 titulum
3066 1547 3386 1617 lapideum,
3409 1550 3465 1600 et
3485 1546 3675 1601 vovisti
3700 1548 3821 1601 mihi

2216 1644 2411 1695 votum
2448 1662 2470 1690 ι)
2505 1641 2682 1710 (Gem,
2720 1657 2871 1707 xxxi,
2923 1641 3031 1709 13).
3071 1641 3212 1694 Item
3254 1640 3314 1694 in
3351 1639 3542 1694 Exodo
3581 1655 3595 1692 :
3637 1661 3663 1687 «
3699 1641 3826 1695 Deus

2218 1743 2409 1789 autem
2437 1734 2677 1807 praeibat
2702 1751 2816 1800 eos,
2847 1733 2940 1788 die
2962 1734 3194 1805 quidem
3218 1749 3322 1804 per
3343 1734 3659 1788 columnam
3678 1734 3822 1788 nubis

472 1832 625 1902 apud
657 1832 949 1899 eumdem,
978 1856 1005 1882 ‹‹
1034 1833 1122 1888 Sic
1162 1834 1299 1888 dicit
1330 1835 1615 1890 Dominus
1657 1855 1670 1890 :
1712 1837 1928 1892 ccelum
1970 1839 2113 1893 mihi
2135 1818 2189 1889 B
2213 1828 2511 1884 ostendere
2537 1828 2772 1884 illisiter
2791 1836 2851 1896 η,
2871 1834 3041 1883 noctu
3062 1832 3255 1883 autem
3282 1827 3344 1883 in
3367 1827 3629 1882 columna
3644 1828 3776 1899 ignis
3794 1850 3820 1877 ››

473 1926 736 1993 thronus,
767 1931 823 1980 et
844 1932 997 1981 terra
1037 1928 1469 1999 suppedaneum
1498 1929 1715 2000 pedum
1754 1948 2012 1986 meorum
2043 1934 2110 1987 ‘9.

475 2019 655 2084 Quam
687 2019 827 2074 mihi
857 2020 1055 2074 sedem
1085 2022 1432 2076 mdiﬁcabitis
1466 2024 1552 2078 ‘0?
1576 2030 1673 2079 aut
1699 2025 1826 2095 quis
1853 2025 2010 2079 locus
2043 2027 2115 2080 ad

472 2112 732 2184 requiem
764 2113 947 2168 mihi?
973 2114 1173 2169 Omnia
1204 2115 1357 2169 enim
1390 2116 1495 2169 ista
1522 2117 1655 2172 fecit
1683 2135 1887 2173 manus
1922 2137 2048 2173 mea
2082 2142 2107 2168 η

478 2205 633 2278 (Isa.,
665 2222 807 2274 LXVI,
839 2206 913 2279 1).
946 2209 1089 2262 Item
1116 2209 1265 2279 apud
1296 2211 1597 2266 eumdem:
1627 2213 1920 2267 «Domine
1945 2216 2111 2275 Deus,

478 2299 655 2354 altum
708 2304 792 2355 est
842 2300 1135 2355 brachium
1182 2305 1364 2371 tuum,
1396 2308 1451 2358 et
1491 2320 1606 2359 non
1656 2305 1938 2374 sciebant;
1985 2324 2113 2361 cum

474 2393 847 2464 cognoverint
895 2400 1111 2461 autem,
1154 2397 1581 2452 coufundentur
1610 2399 1651 2433 ⁶¹
1697 2420 1724 2448 ››
1770 2402 1924 2467 (130.,
1966 2418 2110 2467 xxvx,

480 2488 589 2559 11).
618 2488 753 2543 Item
782 2488 935 2559 apud
963 2489 1229 2543 eumdem
1263 2507 1275 2543 :
1312 2512 1338 2539 ‹‹
1367 2493 1652 2546 Revelavit
1686 2493 1961 2547 Dominus
1996 2495 2116 2548 bra-

475 2582 671 2636 chium
716 2598 884 2636 suum
925 2582 1088 2636 illum
1121 2590 1381 2638 sanctum
1429 2586 1489 2639 in
1526 2591 1807 2657 conpectu
1849 2589 2112 2642 omnium

477 2676 759 2747 gentium.
815 2677 1100 2733 Videbunt
1165 2694 1364 2733 omnes
1428 2682 1625 2749 gentes
1681 2681 1799 2751 ipsa
1845 2698 2113 2752 suprema

474 2773 644 2824 terrm
685 2770 925 2825 salutem
968 2789 999 2825 a
1037 2773 1153 2827 Deo
1180 2772 1429 2844 "(Ibid.,
1481 2790 1577 2841 LII,
1615 2777 1718 2841 l0).
1763 2776 1901 2829 Item
1951 2776 2109 2829 illic:

477 2884 507 2913 «
535 2864 672 2918 Ecce
714 2865 821 2919 feci
863 2871 919 2919 te
965 2866 1075 2935 (27)
1128 2868 1269 2920 sicut
1318 2872 1465 2920 rotas
1504 2867 1748 2921 vehiculi
1801 2869 2116 2923 triturantis

475 2974 650 3013 novas
696 2959 754 3013 in
791 2976 849 3015 se
888 2963 1205 3014 retornatas
1237 2960 1313 3027 '3;
1354 2967 1409 3015 et
1456 2962 1746 3015 triturabis
1786 2965 2028 3025 montes,
2059 2969 2116 3017 et

478 3052 813 3107 extenuabis
839 3053 1029 3120 colles,
1062 3058 1125 3108 et
1152 3054 1294 3108 sicut
1319 3055 1655 3125 lanuginem
1691 3072 1869 3126 pones
1899 3060 1955 3111 et
1986 3073 2115 3111 ven-

475 3146 685 3213 tilabis,
716 3150 772 3200 et
798 3152 1000 3202 veritus
1025 3148 1324 3218 occupabit
1351 3148 1491 3215 illos,
1528 3155 1581 3202 et
1615 3151 1866 3219 procella
1905 3151 2114 3221 disper-

478 3241 591 3310 get.
639 3241 720 3293 'I‘u
765 3245 953 3294 autem
1001 3240 1411 3311 jucundaberis
1461 3243 1516 3295 in
1571 3244 1779 3296 sanctis
1828 3244 2015 3307 Israel,
2060 3247 2118 3297 et

477 3333 813 3389 exultabunt
850 3333 1050 3405 inopes
1086 3341 1141 3389 et
1181 3335 1367 3406 egeni.
1400 3337 1665 3399 Quaerent
1700 3336 1854 3390 enim
1885 3354 2112 3407 aquam,

481 3428 538 3480 et
564 3442 679 3480 non
715 3428 844 3505 erit.
878 3427 1094 3499 Lingua
1124 3429 1279 3493 enim
1312 3446 1512 3483 eorum
1543 3446 1574 3482 a
1600 3430 1693 3483 siti
1719 3430 1963 3484 siccabit.
1999 3432 2113 3501 Ego

479 3519 757 3575 Dominus
798 3521 961 3590 Deus,
1003 3538 1110 3593 ego
1148 3522 1453 3576 exaudiam
1496 3524 1643 3577 Deus
1683 3524 1872 3592 Israel,
1912 3529 1967 3578 et
1998 3541 2113 3579 non

481 3612 877 3686 derelinquam
900 3631 1025 3681 eos;
1050 3617 1148 3670 sed
1175 3616 1428 3687 aperiam
1454 3616 1604 3670 inter
1631 3621 1857 3671 montes
1877 3618 2116 3672 flumina

481 3714 538 3763 et
557 3708 617 3762 in
636 3707 840 3762 mediis
857 3709 1075 3780 campis
1095 3710 1301 3765 fontes.
1322 3711 1545 3766 Faciam
1564 3711 1789 3766 deserta
1806 3712 1863 3766 in
1881 3728 2119 3766 nemora

479 3817 709 3873 aquosa,
743 3808 801 3857 et
830 3802 1113 3859 sitientem
1141 3809 1356 3858 terram
1387 3803 1446 3859 in
1478 3806 1862 3877 aqumductus.
1909 3808 2118 3861 Ponam

478 3895 541 3950 in
576 3895 908 3968 inaquosam
947 3902 1156 3952 terram
1196 3897 1426 3952 cedrum
1456 3903 1513 3953 et
1537 3898 1757 3954 buxum
1785 3902 1841 3953 et
1867 3903 2118 3971 myrtum

479 3993 539 4046 et
558 4006 887 4063 cypressum
912 3997 957 4031 ⁸⁸
978 3996 1036 4046 et
1063 3992 1286 4046 ulmum
1316 3997 1373 4048 et
1393 3993 1691 4065 populum,
1719 3998 1784 4048 ut
1808 3994 2039 4053 videant
2066 3998 2123 4049 et

481 4087 830 4157 cogndscant
864 4089 919 4141 et
946 4085 1125 4140 sciant
1165 4088 1225 4141 et
1261 4086 1499 4142 credant
1536 4087 1705 4142 simul
1738 4087 1871 4160 quia
1919 4104 2123 4142 manus

2136 3191 2190 3264 C

2218 1924 2437 1993 (Exod,
2468 1940 2582 1991 χιιι,
2611 1923 2721 1994 2t).
2751 1923 2820 1977 Et
2844 1925 3038 1994 postea
3073 1922 3188 1977 illic
3217 1940 3234 1976 :
3267 1941 3297 1970 ι(
3337 1922 3624 1977 Promovit
3649 1925 3817 1977 autem

2215 2018 2452 2088 angelus
2502 2017 2596 2071 Dei
2646 2016 2744 2087 qui
2799 2016 3160 2088 praecedebat
3221 2015 3539 2071 exercitum
3598 2015 3818 2071 ﬁliorum

2216 2111 2384 2165 Israel
2405 2132 2430 2159 ››
2450 2110 2633 2179 (Ibid,
2652 2126 2760 2179 xlv,
2784 2110 2890 2179 i9).
2915 2110 3056 2165 Item
3071 2109 3187 2164 illic
3206 2125 3221 2164 :
3241 2110 3424 2164 «Ecce
3443 2125 3547 2180 ego
3561 2110 3816 2181 praemitto

2215 2205 2498 2275 Angelum
2543 2220 2735 2258 meum
2774 2207 2908 2259 ante
2946 2203 3148 2258 faciem
3187 2208 3387 2273 tuam,
3425 2202 3499 2258 ad
3531 2203 3817 2259 custodien-

2218 2298 2354 2352 dum
2382 2303 2438 2353 te
2470 2298 2527 2352 in
2553 2297 2777 2365 itinere,
2817 2303 2876 2352 ut
2916 2302 2972 2352 te
3012 2297 3250 2353 inducat
3279 2297 3341 2352 in
3370 2303 3579 2353 terram
3604 2298 3647 2333 ⁵⁸
3671 2313 3817 2369 quam

2216 2393 2318 2446 tibi
2347 2392 2677 2463 praeparavi.
2715 2392 2960 2447 Observa
2994 2408 3128 2447 eum
3170 2393 3243 2460 6°,
3278 2395 3337 2448 et
3373 2391 3578 2447 obaudi
3611 2407 3746 2459 eum,
3770 2394 3817 2445 et

2216 2502 2287 2541 ne
2312 2486 2491 2540 fueris
2518 2486 2893 2541 inobaudiens
2917 2486 2990 2555 ei,
3018 2491 3075 2542 et
3110 2503 3226 2541 non
3258 2486 3445 2541 deerit
3471 2487 3590 2541 tibi.
3627 2486 3814 2540 Nomen

2218 2582 2370 2635 enim
2398 2597 2591 2634 meum
2632 2580 2689 2633 in
2718 2580 2813 2635 illo
2852 2586 2938 2635 est
2970 2602 2997 2631 ››
3045 2581 3231 2651 (Ibid.,
3261 2596 3411 2649 χχιιι,
3447 2580 3644 2650 20-21).
3680 2579 3815 2635 Unde

2217 2674 2335 2745 ipse
2380 2674 2439 2728 in
2489 2674 2794 2745 Evangelio
2844 2674 3027 2729 dicit:
3073 2694 3107 2726 α
3156 2676 3278 2746 Ego
3337 2675 3483 2729 veni
3516 2675 3574 2729 in
3616 2673 3815 2729 nomine

2216 2768 2392 2822 Patris
2420 2768 2553 2834 mei,
2581 2772 2639 2822 et
2664 2785 2781 2823 non
2806 2768 3104 2839 recepistis
3131 2784 3246 2823 me.
3280 2769 3425 2825 Cum
3455 2769 3597 2823 alius
3621 2768 3816 2822 venerit

2216 2863 2273 2916 in
2320 2862 2551 2916 nomine
2591 2879 2723 2929 suo,
2775 2862 2937 2917 illum
2980 2862 3275 2934 accipietis
3327 2883 3355 2912 ››
3412 2866 3608 2929 (Joan.,
3646 2877 3693 2928 v,
3720 2862 3808 2929 i3).

2216 2959 2283 3012 Et
2326 2956 2533 3012 iterum
2576 2956 2636 3011 in
2680 2956 2901 3011 Psalmo
2951 2971 3097 3012 cxvu
3127 2973 3141 3010 :
3174 2977 3203 3006 ‹‹
3246 2957 3575 3012 Benedictus
3619 2959 3697 3010 est
3733 2954 3811 3025 qui

2214 3051 2370 3106 venit
2396 3050 2453 3105 in
2485 3049 2717 3105 nomine
2742 3050 2989 3107 Domini.
3018 3071 3046 3099 η
3076 3052 3215 3105 Item
3244 3051 3305 3105 in
3329 3050 3593 3106 Malachia
3615 3051 3656 3085 ⁶¹
3685 3048 3807 3119 (29);

2220 3167 2249 3194 ‹‹
2288 3146 2711 3199 Testamentum
2762 3161 2959 3200 meum
3005 3144 3116 3200 fuit
3167 3161 3302 3199 cum
3344 3145 3460 3200 vita
3500 3150 3554 3199 et
3595 3159 3734 3215 pace,
3766 3145 3812 3196 et

2218 3240 2348 3293 dedi
2378 3240 2460 3293 illi
2486 3240 2533 3274 ⁶²
2565 3240 2827 3294 timorem
2856 3244 2922 3293 ut
2945 3239 3177 3294 timeret
3210 3226 3389 3307 me,'a
3425 3239 3563 3294 facie
3597 3236 3809 3292 nominis

2216 3334 2333 3387 mei
2361 3333 2642 3403 proﬁcisci
2668 3333 2848 3387 illum.
2874 3333 2985 3387 Lex
3013 3333 3274 3388 veritatis
3295 3332 3402 3387 fuit
3431 3332 3489 3386 in
3516 3348 3608 3386 ore
3633 3331 3739 3401 ejus
3755 3331 3807 3395 ⁸³,

2216 3432 2272 3481 et
2298 3427 2574 3497 injustitia
2600 3443 2713 3481 non
2747 3430 2831 3481 est
2856 3426 3086 3481 inventa
3122 3427 3181 3481 in
3223 3426 3389 3483 labiis
3432 3421 3568 3497 ejus.
3599 3426 3657 3479 In
3698 3437 3808 3493 pace

2215 3519 2429 3591 linguae
2461 3521 2508 3554 ⁸⁸
2542 3521 2832 3591 corrigens
2856 3520 3170 3574 ambulavit
3211 3520 3524 3587 nobiscum,
3551 3521 3605 3571 et
3636 3516 3811 3570 multos

2217 3614 2423 3668 avertit
2485 3614 2555 3668 ab
2620 3614 2916 3685 injustitia.
2984 3614 3266 3678 Quoniam
3337 3614 3485 3669 labia
3545 3607 3808 3666 sacerdotis

2218 3708 2525 3762 servabunt
2573 3707 2887 3778 scientiam,
2948 3710 3006 3762 et
3057 3708 3248 3779 legem
3295 3708 3586 3779 exquirant
3627 3704 3690 3758 ab
3731 3716 3807 3755 ore

2219 3802 2370 3873 ejus,
2438 3802 2712 3874 quoniam
2780 3802 3017 3874 angelus
3080 3800 3125 3837 ⁶⁸
3188 3798 3598 3873 Omnipotentis
3648 3801 3736 3852 est.
3782 3814 3802 3840 η

2224 3897 2465 3966 (Malae,
2492 3912 2571 3964 ιιι,
2601 3896 2732 3965 5-7).
2994 3964 3007 3973 ⁸

2553 3989 2684 4046 CAP.
2715 3989 2799 4043 VI.
2830 4020 2899 4029 —
2920 3989 3075 4056 Quod
3100 3992 3235 4046 Deus
3259 3990 3518 4047 Christus.

2293 4087 2357 4141 In
2386 4083 2589 4140 Genesi
2630 4099 2644 4137 :
2682 4103 2711 4134 ‹‹
2756 4083 2910 4138 Dixit
2950 4089 3146 4139 autem
3187 4085 3341 4140 Deus
3390 4083 3463 4140 ad
3500 4079 3652 4138 Iacob
3701 4094 3713 4131 :
3745 4076 3805 4130 Ex

1852 4242 2064 4307 Variae
2120 4241 2459 4307 lectiones.

542 4364 587 4398 ⁴³
609 4364 843 4415 Peccata
867 4368 1053 4416 nostra
1084 4367 1211 4417 Bod.
1241 4368 1287 4417 3.
1386 4368 1429 4400 ⁴⁴
1455 4367 1681 4431 PrOpter
1711 4368 1899 4419 debita
1941 4370 2113 4418 Veron.

2213 4369 2254 4401 ⁸⁵
2276 4368 2473 4417 Manus
2513 4368 2709 4416 vestras
2732 4365 2916 4430 plena
2953 4369 3085 4416 sunt
3126 4367 3400 4431 sanguine
3424 4365 3530 4418 NG.
3564 4361 3608 4411 2.
3634 4357 3741 4431 Bod.
3766 4357 3802 4431 β.

479 4436 525 4470 1⁸
545 4436 882 4499 Injustitiam
913 4435 1273 4487 meditabitur
1311 4438 1431 4487 Tha.
1499 4436 1544 4470 ⁴⁷
1563 4428 1868 4489 Conﬁdunt
1894 4441 1950 4488 in
1976 4439 2137 4488 vanis
2166 4438 2292 4488 Bod.
2322 4438 2366 4485 1.
2444 4434 2488 4469 ⁴⁸
2507 4436 2617 4498 Qui
2643 4428 2973 4500 concipiunt
2999 4428 3255 4486 dolorem
3276 4435 3402 4488 Bod.
3432 4438 3475 4484 1ο.
3545 4431 3588 4467 ⁴⁰
3610 4428 3807 4482 Scabel-

480 4504 600 4559 lum
626 4507 832 4572 pedum
860 4507 983 4556 Bod.
1018 4508 1061 4568 I,
1085 4506 1135 4568 2,
1162 4509 1208 4557 3.
1241 4509 1381 4557 Lam.
1409 4509 1516 4560 NC.
1544 4510 1588 4558 1.

483 4580 868 4644 cognoverunt
901 4577 1317 4628 confundantur
1342 4580 1450 4628 ιιή.

486 4652 609 4701 Tim.
652 4651 789 4701 Foss.
835 4648 988 4701 Corb.
1041 4651 1216 4700 Benev.
1274 4652 1383 4701 Ver.
1420 4652 1562 4714 Spir.
1620 4653 1675 4700 V.
1714 4654 1905 4702 Innom.
1959 4650 2122 4698 Remb.
2168 4651 2314 4697 Erae.
2361 4649 2559 4695 Manut.

1628 4725 1669 4756 5‘
1693 4720 1979 4786 Myrrhum
2036 4724 2088 4770 et
2146 4730 2474 4782 cupressum
2520 4719 2667 4767 Pam.
2717 4718 2829 4780 Rig.
2878 4716 2948 4766 Et
2992 4716 3208 4766 ulmum
3255 4721 3311 4767 et
3347 4714 3599 4780 populum
3642 4703 3797 4786 NQ}.

481 4722 747 4772 formatas
813 4720 945 4768 Voss.
1002 4721 1033 4770 4
1083 4735 1199 4770 uss.
1252 4720 1299 4768 2.
1351 4721 1496 4769 Pam.

1688 4508 1730 4543 5°
1748 4510 1987 4559 Domum
2026 4508 2375 4559 aediﬁcabitis
2406 4508 2549 4556 Lam.
2586 4509 2693 4558 ΝΟ.
2732 4509 2776 4556 1.
2817 4505 2944 4556 Bod.
2988 4507 3036 4556 2.
3065 4508 3203 4556 F033.

3299 4510 3341 4541 5'
3362 4506 3471 4569 Qui
3507 4508 3675 4554 autem
3712 4510 3801 4569 non

1544 4583 1588 4613 ⁵³
1611 4579 1865 4632 Salutare
1894 4580 1996 4629 Dei
2025 4578 2150 4628 Bod.
2181 4578 2230 4635 3,
2262 4579 2309 4627 4.
2341 4578 2464 4638 Qua:
2492 4581 2774 4641 sequuntur
2809 4577 2990 4626 desunt
3018 4579 3069 4625 in
3102 4577 3246 4626 Lam.
3284 4568 3397 4627 Lm.
3423 4576 3527 4625 ΝΟ.
3566 4576 3603 4622 1.
3630 4568 3739 4622 Bod.
3769 4570 3803 4612 2.

2660 4650 2700 4680 ⁵³
2721 4646 2785 4696 In
2823 4659 3031 4697 serram
3083 4647 3257 4694 Veron.
3302 4651 3350 4696 et
3393 4648 3561 4695 Benev.
3598 4642 3647 4690 in
3681 4646 3801 4687 seres

485 4790 607 4840 Bod.
646 4793 692 4851 1,
724 4793 770 4849 3,
802 4791 849 4840 4.
937 4790 977 4824 ⁸⁵
1005 4790 1194 4840 Times
1222 4791 1530 4841 Dominum
1560 4793 1733 4842 Deum
1748 4774 1925 4842 "tuum
1959 4791 2084 4840 Bod.
2116 4792 2161 4848 l,
2188 4774 2239 4850 2;
2266 4791 2310 4840 3.
2397 4791 2437 4821 ⁵⁸
2464 4789 2605 4839 Filio
2634 4793 2732 4838 tuo
2766 4774 2971 4839 dilecto
3016 4788 3127 4838 Bod
3166 4790 3211 4848 1,
3244 4788 3292 4838 3.
3338 4774 3445 4836 Ver.
3475 4786 3632 4835 Beacv.
3686 4774 3798 4851 Δξ”ῐιι

478 4858 605 4912 loco
629 4859 728 4910 ubi
758 4859 880 4908 Bod.
912 4861 960 4910 3.
1053 4859 1095 4893 ⁵⁸
1114 4859 1430 4911 Ostendens
1458 4862 1567 4911 illis
1598 4863 1702 4911 iter
1731 4862 1857 4911 Bod.
1886 4862 1931 4908 2.
2023 4859 2065 4895 ⁵ο
2088 4862 2148 4911 In
2179 4864 2382 4910 terram
2414 4859 2617 4909 bonam
2645 4858 2766 4907 Bod.
2808 4860 2851 4908 1.

485 4933 607 4982 Tha.
639 4932 775 4981 Fou.
809 4930 953 4979 Corb.
986 4931 1072 4990 Ei,
1113 4944 1224 4981 non
1256 4932 1403 4981 enim
1442 4931 1566 4981 Bod.
1608 4933 1654 4993 I,
1691 4934 1739 4983 4.
1791 4931 1917 4983 Tha.
1963 4930 2106 4983 Eorb.
2158 4932 2296 4995 Spir.

485 5005 538 5052 in
602 5003 716 5052 Ben.
766 5007 818 5051 et
871 5002 982 5051 Ver.
1037 5003 1178 5051 Lam.
1230 5002 1338 5052 ΝΟ.
1399 5002 1443 5051 1.
1500 5002 1609 5051 Lin.
1667 5003 1788 5053 Bod.
1856 5004 1914 5063 1,
1977 5006 2024 5050 2.
2085 5002 2150 5052 V.
2208 5002 2401 5050 lanam.
2470 5015 2587 5049 mss.
2651 5001 2705 5049 R.
2771 4999 2893 5049 11m.
2973 4999 3110 5047 Foss.
3170 4997 3321 5048 Corb.

1234 5069 1276 5104 ⁸³
1304 5071 1441 5134 Ejus
1491 5074 1545 5122 et
1592 5073 1864 5137 injustitia
1910 5073 2037 5123 Bod.
2087 5075 2130 5123 1.

479 5074 676 5123 timere
725 5085 815 5122 me
879 5071 1004 5121 Bod.
1056 5072 1105 5121 3.

482 5141 610 5193 Bod.
642 5143 688 5203 1,
714 5140 763 5204 2,
789 5142 839 5191 4.

2950 4858 2994 4889 ⁸⁰
3012 4858 3157 4907 Eum
3184 4870 3255 4908 ne
3294 4857 3458 4907 fueris
3484 4847 3799 4904 inobaudiens

2423 4930 2466 4965 ⁸⁸
2494 4931 2634 4981 Item
2668 4929 2726 4979 in
2765 4927 2890 4979 Mal.
2934 4930 3046 4978 Haec
3081 4930 3130 4976 et
3177 4929 3434 4993 sequentia
3471 4919 3792 4992 desiderantur

2470 5015 2587 5041 nun-
2651 5001 2705 5041 Β.
2772 4999 2892 5041 ἸΙυι-
2975 4999 3110 5041 Fons.
3170 4997 3320 5041 Corb.
3494 4991 3533 5026 ⁸⁸
3567 4986 3690 5041 Dedi
3732 4980 3795 5031 1111

2259 5047 2400 5121 "an;
2433 5047 2586 5136 pii.
2614 5047 2895 5135 corrigens
2942 5069 3052 5119 ΝΟ.
3100 5068 3149 5118 2.
3185 5047 3191 5048 ί
3278 5069 3320 5102 σε
3348 5063 3580 5132 Angelus
3611 5047 3797 5111 Domini

1792 5224 2019 5307 Steph.
2069 5224 2315 5289 Baluzii
2358 5229 2556 5289 notae.

546 5354 645 5417 (27)
665 5355 793 5405 Item
821 5354 931 5406 illic
956 5370 974 5404 .·
999 5356 1129 5405 Ecce
1152 5355 1253 5418 feci
1282 5360 1343 5405 te.
1381 5356 1505 5407 Hoc
1528 5360 1886 5421 segmentum
1917 5359 2131 5423 primus

483 5425 621 5476 huic
644 5426 814 5490 capiti
849 5429 1084 5477 attexuit
1111 5424 1415 5478 Morellius.
1445 5428 1549 5478 Pro
1579 5442 1645 5480 eo
1676 5434 1863 5480 autem
1893 5430 2044 5495 quod
2073 5431 2130 5480 in

487 5499 609 5562 ejus
650 5496 894 5549 editione
937 5499 1142 5564 legitur
1181 5500 1239 5549 in
1278 5513 1332 5551 se
1371 5505 1693 5563 retentatae,
1729 5504 1863 5566 quia
1903 5501 2132 5566 quidam

2152 5389 2210 5461 D

2297 5359 2394 5421 (ΞΒ)
2449 5358 2595 5419 Quod
2636 5356 2887 5407 Christus.
2932 5354 3073 5406 Vide
3114 5354 3333 5407 Erasini
3373 5346 3714 5403 adnotationes
3750 5337 3794 5386 in

2233 5433 2399 5494 caput
2424 5430 2665 5493 primum
2688 5427 2978 5492 Evangelii
3000 5426 3312 5478 secundum
3340 5425 3603 5476 Joannem.

2296 5487 2389 5563 (29)
2410 5487 2535 5550 item
2562 5500 2622 5549 in
2643 5487 2935 5550 Malachi'a.
2967 5499 3077 5549 Ista
3105 5503 3159 5549 et
3187 5511 3312 5563 quas
3341 5487 3795 5563 εθςιιιιιριυτηξὲδφξθ

484 5555 615 5620 libri
653 5572 867 5620 veteres
902 5555 1047 5635 quos
1090 5571 1370 5622 Pamelius
1413 5572 1646 5635 viderat,
1678 5555 2046 5637 praeferebant
2077 5574 2135 5622 in
2233 5555 2310 5621 ad.
2334 5555 2505 5622 ﬁnem
2531 5570 2781 5633 capituli,
2807 5555 3285 5622 desiderantur-in
3320 5555 3793 5638 antiquis

484 5653 540 5691 se
565 5652 648 5691 res
679 5621 968 5705 formata},
1008 5642 1143 5706 quia
1174 5621 1403 5707 quidam
1429 5621 2135 5695 nniiﬁéioi'inni'nionoi
2218 5643 2326 5694 bus
2387 5648 2443 5692 et
2493 5643 2550 5691 in
2595 5621 2934 5707 quibusdam
2986 5640 3275 5692 codicibus
3322 5621 3792 5707 manuscrilgtisingtj

484 5711 655 5764 editio
679 5691 1043 5776 'Anglicann,‘
1065 5691 2136 5767 egisiinii‘ai‘nineii‘n;sanandas
2219 5691 2409 5765 "sinu;
2431 5691 2866 5765 annotatum’est
2889 5713 2948 5763 in
2972 5691 3217 5765 editione
3242 5709 3543 5776 Anglicana.
3560 5691 3789 5754 noramus

482 5794 608 5834 esse
642 5782 696 5856 in
743 5795 951 5856 serram
993 5781 1279 5856 formatas.
1317 5785 1434 5851 Ego
1481 5799 1590 5837 non
1636 5785 1860 5853 d'spuln
1899 5799 1968 5836 an
2012 5786 2137 5838 hac
2236 5786 2455 5856 adjecit.

440 5912 447 5915 ,
482 5852 798 5909 emendatio
823 5853 974 5908 bona
998 5854 1088 5908 sit.
