3998 6194
245 290 355 348 729

1283 293 1835 355 TESTIMONIORUM
1873 294 2029 352 ADV.
2069 294 2337 353 JUD/EOS
2366 296 2491 353 LIB.
2532 296 2600 352 II.

3510 286 3616 349 730

245 436 442 491 surge,
497 422 553 475 et
599 420 844 476 ascende
891 420 953 476 in
1007 421 1197 477 locum
1231 421 1278 457 ⁸⁵
1308 422 1531 490 Bethel;
1584 425 1642 478 et
1687 422 1882 479 habita
1903 427 2139 510 Aterea
2177 425 2337 479 unxit
2377 430 2432 479 te
2475 427 2639 493 Deus,
2682 426 2829 481 Deus
2875 428 3025 491 tuus,
3078 425 3203 480 oleo
3247 422 3612 479 exultationis

242 515 385 582 illic,
419 518 477 570 et
501 515 591 571 fac
617 515 729 570 illic
756 516 932 571 altare
958 515 1040 570 illi
1074 516 1185 569 Deo
1211 516 1309 587 qui
1339 516 1439 570 tibi
1460 517 1729 588 apparuit
1752 534 1881 572 cum

240 610 483 681 fugeres
517 626 550 665 a
590 610 733 665 facie
777 611 917 664 Esau
962 610 1148 664 fratris
1189 610 1270 664 tui
1313 631 1341 660 »
1391 612 1564 682 (Gem,
1597 628 1755 679 xxxv,
1801 612 1875 681 1).

238 704 386 758 Item
428 704 579 775 apud
622 703 865 759 Isaiam:
902 723 929 753 ‹‹
966 704 1052 758 Sic
1093 704 1229 759 dicit
1273 705 1551 759 Dominus
1594 706 1739 759 Dens
1776 705 1881 760 Sa-

236 797 421 851 baoth
454 815 467 852 :
504 798 754 869 Fatigata
784 802 867 853 est
902 800 1196 869 Egyptus,
1224 804 1279 854 et
1319 800 1627 870 negotiatio
1662 800 1877 854 {Ethio-

1982 535 2155 591 super
2194 518 2495 590 participes
2535 524 2661 574 tuos
2702 521 2749 554 3°
2784 538 2811 570 ››
2863 522 3025 588 (Psal.
3065 536 3207 588 xLiv,
3255 523 3308 590 7,
3348 518 3425 587 8).
3469 520 3612 574 Item

1980 613 2040 667 in
2082 614 2304 668 Psalmo
2353 630 2455 668 XLv
2497 629 2509 667 :
2545 633 2572 662 «
2615 615 2812 668 Vacate
2858 619 2914 669 et
2966 615 3288 684 cognoscite
3336 600 3609 684 quoniam

1981 723 2090 778 ego
2117 723 2241 761 sum
2274 709 2438 762 Deus.
2491 707 2792 761 Exaltabor
2836 708 2893 761 in
2941 707 3200 778 gentibus
3240 711 3294 763 et
3323 706 3612 762 exaltabor

1980 801 2040 855 in
2078 807 2288 856 terra»
2321 802 2487 872 (Psal.
2532 818 2651 868 va,
2702 800 2810 872 11).
2851 802 2991 855 Item
3040 801 3097 854 in
3138 801 3361 855 Psalmo
3404 816 3605 854 Lxxx1:

236 907 405 962 pum,
442 896 501 947 et
527 891 759 947 Sabaim
788 892 893 947 viri
933 892 1033 947 alti
1070 894 1140 948 ad
1178 898 1232 947 te
1274 894 1792 964 transgredientur,
1822 897 1881 947 et
1983 914 2011 947 ι(
2037 896 2160 949 Νοιι
2193 898 2586 966 cognoverunt
2623 897 2667 929 ⁸⁷
2701 909 2885 966 neque
2916 893 3342 959 intellexerunt,
3379 893 3437 947 in
3479 910 3609 947 um~

236 986 324 1039 tui
381 990 555 1041 erunt
607 986 773 1055 servi,
825 989 884 1040 et
932 991 1060 1056 post
1109 991 1166 1041 te
1194 989 1239 1022 ⁸⁷
1274 987 1655 1042 ambulabunt
1706 987 1875 1041 vincti
1976 989 2081 1045 bra
2124 989 2566 1045 deambulabunt
2610 991 2656 1024 ⁸⁸
2703 1009 2730 1042 »
2792 989 2961 1060 (Psal.
3016 1004 3194 1054 Lxxxl,
3244 987 3317 1058 5).
3365 989 3505 1042 Item
3550 987 3610 1042 in

235 1080 637 1151 compedibus,
668 1085 724 1135 et
749 1080 1067 1135 adorabunt
1092 1084 1167 1149 te,
1197 1081 1342 1135 etin
1370 1085 1423 1135 te
1460 1080 1871 1152 precabantur;
1976 1084 2197 1139 Psalmo
2252 1100 2392 1139 van
2445 1101 2459 1137 :
2519 1100 2547 1134 «
2596 1085 2831 1138 Cantate
2895 1085 3038 1149 Deo;
3103 1081 3324 1153 psallite
3391 1080 3610 1135 nomini

232 1174 515 1245 quoniam
544 1174 604 1227 in
640 1179 695 1229 te
737 1175 887 1229 Deus
926 1179 1029 1241 est,
1075 1177 1134 1228 et
1173 1191 1291 1229 non
1339 1178 1426 1229 est
1466 1176 1611 1229 Deus
1659 1175 1802 1228 alius
1827 1175 1875 1209 ⁸⁸
1977 1178 2116 1249 ejus,
2148 1178 2300 1233 viam
2341 1178 2510 1233 facite
2549 1178 2600 1232 ei
2626 1177 2724 1248 qui
2767 1177 3019 1233 ascendit
3059 1177 3118 1231 in
3146 1191 3430 1230 occasum.
3460 1176 3609 1229 Deus

230 1272 459 1338 praeter
487 1271 564 1321 te.
586 1268 667 1322 Tu
695 1268 847 1322 enim
877 1284 935 1323 es
961 1269 1122 1336 Deus,
1147 1274 1206 1324 et
1230 1285 1343 1324 non
1371 1269 1701 1337 sciebamus,
1731 1270 1877 1325 Deus
1975 1288 2189 1327 nomen
2230 1273 2311 1326 illi
2338 1272 2383 1307 ⁸9
2418 1293 2445 1322 ››
2480 1273 2649 1344 (Psal.
2684 1287 2848 1340 van,
2895 1272 2967 1342 3).
3013 1274 3153 1326 Item
3200 1269 3258 1324 in
3304 1270 3609 1339 Evangelio

234 1362 414 1416 Israel
452 1362 716 1417 salvator.
745 1361 1179 1418 Confundentur
1216 1369 1273 1419 et
1300 1364 1714 1419 reverebuntur
1747 1380 1873 1419 om-
1976 1372 2099 1422 cata
2146 1368 2420 1421 Joannem
2467 1384 2479 1420 :
2528 1387 2555 1416 «
2609 1367 2666 1420 In
2720 1365 3002 1437 principio
3057 1370 3179 1420 erat
3229 1365 3426 1420 Sermo
3457 1363 3528 1430 9°,
3556 1368 3612 1418 et

233 1472 343 1510 nes
398 1456 497 1527 qui
540 1457 908 1511 adversantur
952 1456 1078 1525 tibi,
1119 1460 1178 1512 et
1224 1458 1427 1512 cadent
1479 1457 1539 1512 in
1584 1459 1873 1515 confusio-
1976 1462 2174 1517 Sermo
2222 1466 2348 1516 erat
2396 1461 2548 1532 apud
2598 1461 2797 1524 Deum,
2845 1465 2900 1514 et
2955 1460 3100 1514 Deus
3155 1461 3277 1513 erat
3320 1458 3521 1513 Sermo
3578 1478 3607 1507 »

232 1566 377 1605 nem
396 1551 445 1584 ⁶⁹
465 1550 571 1621 (30)
587 1572 613 1599 η
642 1551 793 1622 (Isa.,
819 1566 942 1618 va,
967 1552 1049 1620 14,
1077 1552 1182 1619 16).
1208 1552 1346 1606 Item
1375 1551 1529 1623 apud
1556 1552 1827 1607 eumdem
1857 1568 1870 1606 :
1976 1556 2178 1627 (Joan.,
2213 1573 2251 1625 ι,
2284 1555 2356 1625 1).
2388 1558 2533 1610 Item
2558 1555 2618 1609 in
2647 1555 2851 1609 eodem
2884 1553 3149 1629 Dominus
3179 1553 3251 1608 ad
3280 1554 3560 1607 Thomam
3594 1570 3606 1606 :

236 1663 265 1694 α
298 1645 421 1699 Vox
454 1644 751 1699 clamantis
780 1644 841 1699 in
869 1646 1098 1701 deserto
1127 1663 1140 1699 :
1175 1644 1360 1717 701
1406 1646 1455 1681 ⁷ο
1490 1647 1687 1701 Parata
1727 1647 1874 1702 viam
1975 1649 2145 1720 Injice
2172 1650 2282 1704 huc
2314 1649 2560 1720 digitum
2589 1650 2698 1720 (81)
2728 1652 2911 1718 tuum,
2943 1651 2999 1702 et
3025 1648 3155 1702 vide
3196 1662 3398 1701 manus
3428 1661 3605 1701 meas.

230 1738 469 1794 Domini
510 1740 580 1806 ⁷⁷,
608 1741 789 1795 rectas
824 1739 990 1795 facite
1033 1739 1267 1794 semitas
1304 1740 1404 1795 Dei
1446 1740 1644 1796 nostri.
1675 1739 1874 1795 Omnis
1976 1749 2030 1798 et
2059 1743 2176 1798 noli
2202 1760 2321 1798 esse
2356 1743 2703 1810 incredulus,
2737 1742 2835 1796 sed
2871 1741 3071 1795 ﬁdelis.
3118 1739 3429 1811 RcSpondit
3462 1738 3608 1793 Tho-

230 1832 391 1887 rivus
422 1832 470 1867 ⁷³
502 1832 853 1904 implebitur,
889 1838 946 1889 et
981 1834 1166 1888 omnis
1194 1850 1364 1889 mons
1400 1839 1459 1889 et
1493 1834 1647 1888 collis
1682 1834 1873 1888 humi-
1895 1814 1952 1886 Β
1976 1853 2119 1905 mas,
2171 1842 2228 1891 et
2271 1836 2407 1891 dixit
2451 1835 2574 1891 illi:
2608 1836 2884 1891 Dominus
2926 1852 3088 1890 meus
3130 1832 3325 1906 702
3368 1838 3424 1887 et
3462 1835 3608 1888 Deus

232 1926 498 1998 liabitur,
532 1931 589 1982 et
622 1929 793 1981 erunt
821 1927 1015 1981 omnia
1050 1932 1304 1983 tortuosa
1348 1929 1395 1963 ⁷³
1424 1929 1482 1983 in
1509 1927 1787 1983 directum
1820 1931 1877 1983 et
1975 1948 2159 1987 meus.
2210 1929 2351 1985 Dicit
2394 1930 2474 1985 illi
2520 1932 2677 1985 Jesus
2717 1947 2730 1985 :
2774 1929 2914 1994 Quia
2946 1928 3133 1984 vidisti
3171 1944 3264 1983 me
3305 1927 3377 1994 9⁷,
3419 1925 3606 1981 credi-

234 2036 447 2091 aspera
470 2021 531 2075 in
549 2036 819 2091 campum
838 2022 907 2089 ⁷⁴,
927 2026 985 2076 et
1009 2021 1291 2077 videbitur
1312 2022 1536 2077 claritas
1558 2022 1781 2077 Domini
1803 2023 1872 2090 ⁷⁵,

233 2121 293 2171 et
321 2114 538 2170 videbit
567 2114 755 2169 omnis
782 2130 911 2170 caro
943 2117 1190 2171 salutare
1228 2116 1342 2184 Dei,
1374 2117 1650 2188 quoniam
1679 2116 1872 2172 Domi-

232 2225 346 2263 nus
388 2209 612 2264 locutus
644 2214 729 2263 est
767 2229 795 2259 ››
833 2209 985 2279 (Isa.,
1026 2226 1116 2277 xL,
1163 2211 1299 2279 3-5).
1349 2212 1489 2265 Item
1531 2211 1686 2281 apud
1724 2213 1875 2266 Iere-

233 2303 419 2358 miam
449 2321 461 2356 :
498 2323 527 2353 ‹‹
556 2302 656 2357 Hic
687 2302 835 2357 Deus
864 2308 1060 2358 noster
1087 2304 1157 2373 ⁷⁸,
1187 2308 1243 2359 et
1282 2320 1398 2358 non
1432 2304 1795 2375 deputabitur
1825 2304 1871 2337 ⁷⁷

232 2397 378 2451 alius
406 2396 622 2468 absque
650 2397 768 2464 illo,
801 2397 900 2468 qui
926 2397 1146 2453 invenit
1170 2413 1401 2452 omnem
1429 2398 1582 2453 viam
1616 2398 1872 2469 pruden-

231 2492 349 2561 tiae,
379 2496 435 2546 et
463 2491 620 2546 dedit
648 2507 774 2546 eam
802 2483 1039 2547 Iacob”
1056 2507 1234 2563 puero
1260 2508 1363 2546 suo
1394 2497 1450 2547 et
1476 2493 1647 2546 Israel
1668 2492 1874 2547 dilecto

232 2584 361 2639 sibi.
395 2587 531 2640 Post
556 2586 677 2640 hinc
706 2585 762 2640 in
793 2587 959 2641 terris
987 2587 1135 2641 visus
1162 2592 1266 2655 est,
1297 2593 1352 2641 et
1377 2602 1506 2640 cum
1544 2586 1874 2641 hominibus

230 2682 608 2733 conversatus
636 2684 721 2734 est
748 2702 777 2731 ››
810 2680 1082 2747 (Baruch.,
1123 2697 1206 2748 ιιι,
1246 2683 1354 2748 35).
1388 2682 1527 2735 Item
1571 2679 1724 2751 apud
1771 2682 1872 2734 Za-

232 2773 492 2828 chariam
519 2773 662 2828 Deus
689 2773 824 2827 dicit
853 2791 867 2828 :
900 2794 928 2825 (ι
960 2776 1029 2829 Et
1062 2774 1388 2830 transibunt
1432 2792 1535 2845 per
1573 2791 1734 2829 mare
1766 2791 1870 2828 an-

234 2869 493 2938 gustum,
551 2873 606 2922 et
658 2868 978 2939 percutient
1028 2869 1086 2923 in
1128 2868 1272 2923 mari
1316 2870 1541 2938 ﬂuctus,
1587 2872 1646 2922 et
1686 2869 1869 2923 arefa-

233 2961 385 3019 cient
415 2962 465 2995 ⁷9
496 2976 699 3016 omnes
730 2961 1061 3017 altitudines
1096 2962 1424 3028 ﬂuminum,
1460 2962 1868 3023 et,confunde-

233 3061 329 3109 tur
390 3055 583 3110 omnis
648 3055 858 3126 injuria
912 3057 958 3090 ⁸ο
1008 3056 1398 3127 Assyriorum,
1463 3059 1520 3111 et
1581 3061 1871 3127 sceptrum

232 3150 461 3220 Egypti
494 3150 538 3183 ⁸⁷
578 3150 886 3217 auferetur,
919 3156 974 3205 et
1014 3151 1343 3206 confortabo
1386 3166 1483 3206 eos
1524 3150 1582 3205 in
1623 3151 1869 3205 Domino

236 3242 347 3297 Deo
389 3243 666 3313 ipsorum,
701 3246 754 3297 et
787 3243 844 3297 in
887 3244 1123 3298 nomine
1168 3245 1288 3315 ejus
1337 3244 1750 3315 gloriabuntur,
1782 3244 1864 3298 di-

233 3337 309 3390 cit
334 3336 608 3391 Dominus
636 3359 663 3387 »
698 3339 900 3408 (Zach.,
933 3354 986 3405 x,
1022 3342 1108 3406 11,
1143 3342 1247 3407 12).
1270 3339 1414 3393 Item
1439 3339 1592 3409 apud
1619 3338 1760 3395 Osee
1788 3338 1869 3393 di-

231 3430 306 3484 cit
337 3430 612 3484 Dominus
641 3447 655 3484 :
690 3450 716 3482 ‹‹
744 3432 866 3486 Νοιι
906 3430 1108 3485 faciam
1144 3432 1307 3502 juxta
1342 3432 1483 3487 iram
1523 3432 1865 3503 indignatio-

230 3523 319 3579 nis
352 3540 518 3593 meaa,
553 3540 669 3579 non
698 3524 885 3579 sinam
915 3524 1092 3580 deleri
1129 3525 1380 3593 Etlraim,
1414 3525 1685 3598 quoniam
1722 3527 1870 3581 Deus

232 3634 342 3689 ego
375 3633 527 3687 sum,
561 3624 617 3673 et
645 3635 763 3674 non
792 3619 966 3674 homo
1003 3618 1062 3673 in
1100 3621 1159 3674 te
1195 3622 1425 3675 sanctus
1453 3621 1520 3690 ⁸⁷,
1554 3626 1747 3676 etnon
1780 3620 1865 3676 in-

232 3710 424 3766 troibo
456 3713 503 3747 ⁸³
537 3712 599 3767 in
634 3712 940 3781 civitatem,
975 3717 1107 3784 post
1133 3714 1308 3769 Deum
1335 3713 1429 3769 ibo
1457 3734 1485 3765 ››
1511 3716 1677 3786 (Osee,
1709 3730 1785 3783 ιι,
1814 3717 1867 3783 9,

236 3806 345 3878 10).
377 3808 518 3861 Item
545 3806 605 3861 in
630 3807 850 3862 Psalmo
875 3823 999 3863 xuv
1029 3823 1042 3862 :
1072 3828 1101 3856 ‹‹
1128 3807 1386 3863 Thronus
1411 3814 1561 3878 tuus,
1605 3810 1767 3877 Deus,
1810 3809 1870 3864 in

233 3900 449 3956 secula
473 3901 839 3971 saeculorum,
876 3902 1036 3973 virga
1062 3902 1365 3974 aequitatis,
1387 3902 1545 3975 virga
1571 3903 1737 3975 regni
1764 3904 1865 3958 tui.

233 3994 489 4050 Dilexisti
510 3995 811 4067 justitiam,
846 4001 901 4052 et
932 3995 1100 4051 odisti
1132 3996 1178 4031 ⁸⁴
1210 3995 1571 4069 iniquitatem
1601 3997 1669 4052 ⁸⁵.
1691 3999 1865 4070 Prop-

1976 2025 2128 2080 disti.
2176 2024 2387 2079 Felices
2443 2024 2542 2095 qui
2578 2040 2693 2078 non
2740 2022 3009 2078 viderunt
3051 2026 3110 2076 et
3162 2021 3527 2076 crediderunt
3576 2040 3604 2070 ii

1977 2120 2178 2191 (Joan.,
2229 2135 2321 2185 xx,
2368 2122 2456 2185 27,
2508 2117 2622 2187 29).
2682 2119 2822 2172 Item
2877 2116 3085 2171 Paulus
3135 2115 3203 2170 ad
3261 2117 3548 2169 Romanos
3589 2130 3603 2166 :

1977 2235 2006 2264 ‹‹
2048 2212 2324 2285 Optabam
2356 2228 2467 2283 ego
2508 2212 2630 2283 ipse
2678 2212 2983 2266 anathema
3029 2226 3149 2265 esse
3192 2226 3225 2263 a
3256 2208 3478 2265 Christo
3504 2224 3609 2279 pro

1971 2307 2243 2361 fratribus
2290 2305 2657 2377 cognatisque
2707 2306 2852 2359 meis
2897 2306 2944 2341 9³
2982 2303 3294 2359 secundum
3342 2318 3608 2369 carnem,

1976 2401 2073 2471 qui
2112 2405 2246 2454 sunt
2282 2399 2568 2464 Israelitce,
2612 2415 2855 2470 quorum
2901 2398 3132 2469 adoptio
3176 2400 3234 2452 et
3281 2396 3508 2451 claritas
3551 2399 3607 2450 et

1974 2497 2376 2549 testamentum
2425 2499 2482 2547 et
2523 2493 2666 2564 legis
2714 2491 3041 2546 constitutio
3087 2497 3144 2546 ct
3191 2490 3503 2545 famulatus
3553 2492 3611 2543 et

1972 2587 2396 2659 promissiones,
2446 2604 2689 2659 quorum
2736 2592 2922 2658 patres
2963 2588 3032 2657 9³,
3068 2603 3138 2640 ex
3180 2585 3387 2656 quibus
3416 2582 3605 2639 Chris-

1971 2687 2064 2737 tus
2093 2682 2408 2736 secundum
2450 2697 2706 2747 carnem,
2754 2680 2851 2752 qui
2896 2686 2980 2735 est
3024 2696 3194 2751 super
3232 2677 3424 2733 omnia
3458 2678 3607 2730 Deus

1972 2775 2301 2830 benedictus
2330 2777 2436 2847 (32)
2470 2776 2527 2829 in
2558 2775 2765 2829 saecula
2794 2796 2820 2824 »
2853 2776 3044 2843 (Rom,
3079 2789 3150 2841 ix,
3192 2772 3331 2844 3-5).
3378 2773 3520 2825 Item
3546 2770 3607 2823 in

1971 2869 2308 2941 Apocalypsi
2338 2886 2351 2924 :
2387 2890 2414 2917 ‹‹
2446 2871 2564 2940 Ego
2611 2885 2737 2922 sum
2766 2890 2798 2922 α
2823 2874 2878 2923 et
2912 2892 2952 2921 ω
2980 2868 3051 2936 9⁵,
3078 2866 3311 2921 initium
3357 2870 3413 2920 et
3453 2863 3603 2918 finis.

1972 2964 2091 3034 Ego
2120 2963 2331 3017 sitienti
2360 2963 2507 3017 dabo
2537 2963 2605 3017 de
2644 2964 2805 3017 fonte
2843 2978 3003 3033 aqum
3032 2961 3161 3014 vitae
3188 2960 3235 2994 9⁵
3265 2958 3462 3030 gratis.
3498 2957 3604 3021 Qui

1971 3057 2168 3111 vicerit
2206 3057 2254 3091 95
2286 3056 2595 3127 possidebit
2632 3072 2699 3111 ea
2741 3061 2795 3110 et
2834 3072 3032 3109 eorum
3076 3053 3508 3118 hmreditatem;
3549 3055 3608 3105 et

1972 3167 2070 3205 ero
2098 3151 2222 3221 ejus
2250 3152 2413 3217 Deus,
2444 3153 2500 3205 et
2529 3150 2625 3204 ille
2664 3150 2774 3203 erit
2808 3148 2949 3203 mihi
2986 3149 3133 3202 tilius
3173 3168 3200 3197 ››
3243 3146 3458 3217 (Apoc.,
3491 3161 3602 3207 xxr,

1972 3248 2024 3312 6,
2054 3246 2131 3313 7).
2163 3247 2305 3299 Item
2339 3246 2395 3298 in
2438 3246 2657 3301 Psalmo
2687 3260 2848 3299 Lxxxi
2883 3260 2895 3297 :
2929 3265 2956 3293 «
2987 3245 3131 3297 Deus
3158 3241 3314 3295 stetit
3350 3240 3411 3293 in
3437 3256 3603 3310 syna-

1970 3355 2117 3411 goga
2141 3338 2397 3405 deorum,
2420 3338 2482 3393 in
2504 3338 2691 3393 medio
2718 3344 2910 3392 autem
2942 3336 3078 3391 deos
3107 3336 3453 3389 discernens.
3476 3353 3504 3382 »
3540 3333 3608 3385 Et

1968 3433 2179 3488 iterum
2206 3433 2319 3488 illic
2347 3451 2361 3489 :
2402 3453 2428 3482 ‹‹
2460 3434 2582 3504 Ego
2625 3432 2741 3487 dixi
2776 3449 2790 3485 :
2822 3431 2903 3485 Dii
2932 3431 3065 3486 estis
3095 3434 3151 3484 et
3184 3428 3285 3483 ﬁlii
3327 3426 3604 3500 Altissimi

1970 3543 2196 3594 omnes;
2229 3543 2326 3582 vos
2350 3531 2543 3582 autem
2574 3526 2718 3581 sicut
2742 3525 3005 3581 homines
3029 3521 3357 3578 moriemini
3380 3542 3409 3569 ‹‹
3430 3521 3601 3593 (Psal.

1969 3638 2148 3690 LXXXI,
2198 3626 2248 3690 1,
2297 3625 2347 3690 6,
2400 3621 2473 3691 7).
2507 3621 2669 3685 Quod
2713 3620 2760 3674 si
2794 3620 2940 3691 justi
2989 3618 3088 3691 qui
3124 3616 3340 3672 fuerint
3378 3620 3436 3671 et
3466 3630 3607 3686 prae-
3671 3668 3676 3673 .

1970 3715 2148 3787 ceptis
2197 3714 2399 3770 divinis
2448 3713 3012 3786 obtemperaverint,
3064 3711 3142 3767 dii
3190 3710 3298 3767 dici
3346 3711 3602 3781 possunt,

1970 3815 2188 3882 quanto
2252 3809 2441 3882 magis
2503 3808 2759 3865 Christus
2814 3809 2965 3863 Deus
3017 3806 3117 3862 Dei
3164 3805 3338 3861 Filius
3387 3804 3468 3858 97?
3517 3801 3605 3858 Sic

1969 3904 2090 3976 ipse
2113 3901 2157 3937 ³⁸
2188 3903 2247 3959 in
2287 3903 2596 3975 Evangelia
2643 3905 2767 3957 cata
2802 3904 3077 3957 Joannem
3103 3899 3259 3976 dicit
3287 3920 3298 3952 :
3335 3918 3364 3948 «
3399 3898 3603 3952 Nonne

1971 3997 2246 4069 scriptum
2276 4002 2361 4054 est
2386 3997 2448 4052 in
2473 3997 2601 4069 lege
2637 4019 2647 4051 :
2675 3996 2959 4061 Quoniam
2989 4010 3098 4067 ego
3124 3991 3237 4049 dixi
3269 3990 3391 4049 :Dii
3429 3989 3602 4047 estis?

1602 4152 1813 4217 Variae
1863 4151 2201 4217 lectiones.

290 4287 334 4321 ⁸⁸
361 4288 652 4340 Descende
678 4289 736 4340 in
777 4290 965 4341 locum
988 4291 1131 4340 Lam.
1166 4290 1281 4341 MC.
1322 4292 1366 4340 1.
1432 4289 1475 4324 ⁸⁷
1499 4290 1573 4341 Et
1612 4294 1806 4353 postea
1849 4289 2214 4342 ambulabant
2255 4290 2395 4341 Foss.
2460 4290 2503 4324 ⁸³
2535 4289 2607 4341 Et
2635 4303 2747 4341 non
2786 4292 2867 4339 est
2912 4288 3055 4339 alius
3092 4284 3213 4336 Bod.
3254 4285 3299 4345 1,
3343 4281 3390 4331 3.
3454 4278 3499 4353 °_9
3539 4278 3602 4353 In

231 4359 561 4410 confusione
593 4360 715 4409 Thu.
766 4361 904 4409 F088.
970 4359 1013 4394 το
1042 4361 1104 4410 In
1138 4373 1327 4411 eremo
1372 4361 1482 4411 NC.
1509 4363 1554 4410 ι.
1594 4348 1736 4411 iam.
1786 4361 1914 4412 Bod.
1952 4363 1997 4420 ι,
2026 4362 2076 4419 2,
2118 4363 2167 4412 4.
2233 4360 2276 4396 τί
2306 4362 2469 4413 Viam
2506 4363 2750 4413 Domino
2783 4359 2908 4412 Bod.
2938 4362 2987 4422 ε,
3012 4359 3057 4408 4.
3100 4358 3219 4407 Thu.
3271 4357 3407 4406 Foss.
3453 4348 3602 4400 Corb-

225 4428 268 4463 ⁷³
299 4428 495 4480 Omnis
527 4430 686 4480 vallis
709 4430 819 4480 ΝΟ.
841 4431 890 4480 2.
953 4431 995 4465 ⁷³
1032 4431 1231 4483 Omnia
1269 4446 1436 4495 prava
1465 4432 1573 4482 ΝΟ.
1617 4434 1664 4482 2.
1730 4430 1773 4465 ⁷⁴
1802 4435 1870 4483 As

1972 4447 2011 4483 'a
2041 4435 2096 4482 in
2126 4434 2245 4483 vias
2289 4435 2485 4497 planas
2513 4436 2621 4485 ΝΟ.
2652 4434 2701 4483 2.
2764 4429 2809 4464 ⁷⁵
2837 4421 3034 4481 Omnis
3058 4429 3280 4480 claritas
3306 4424 3432 4477 Bod.
3466 4427 3513 4497 ἓ.
3549 4421 3600 4469 4-

234 4501 374 4549 Foss.
440 4498 483 4532 7°
510 4500 616 4551 Hic
641 4505 727 4552 est
752 4502 905 4553 Deus
952 4516 1111 4553 meus
1163 4503 1289 4553 Bod.
1319 4504 1368 4553 3.
1434 4502 1476 4537 ⁷⁷
1513 4506 1633 4554 Νοιι
1668 4494 2082 4566 computabitur
2118 4505 2231 4553 Lz'n.
2290 4494 2340 4537 ⁷⁸
2386 4506 2455 4555 Et
2492 4504 2639 4555 dedit
2682 4501 2855 4552 Jacob
2902 4501 3022 4551 Tim.
3060 4501 3275 4549 Dilecto
3317 4509 3418 4546 suo
3451 4494 3598 4553 Foss-

226 4571 275 4644 797
300 4571 638 4644 Etrareﬂent
662 4585 858 4644 omnes
886 4573 993 4622 ΝΟ.
1024 4574 1071 4623 2.
1141 4571 1182 4606 ⁸ο
1224 4572 1609 4625 Confundetur
1644 4587 1837 4625 omnes
1864 4575 2081 4644 injurias
2119 4577 2254 4625 Fors.
2323 4575 2361 4607 ⁸¹
2401 4575 2623 4638 Egypti
2666 4573 3026 4644 transferetur
3056 4569 3178 4644 poti.
3212 4570 3266 4644 _t.
3290 4566 3590 4644 evertetur

228 4643 338 4693 Nc.
367 4643 505 4691 Lam.
532 4643 656 4693 Bod.
682 4644 729 4693 2.
796 4643 838 4677 οι
870 4644 1050 4694 Homo
1078 4645 1220 4695 inter
1245 4649 1468 4697 sanctos
1488 4648 1630 4696 Lam.
1665 4644 1791 4697 Bod.
1817 4644 1862 4695 2.
1896 4634 2017 4696 r'lm.
2050 4641 2162 4697 Lm.
2201 4648 2306 4697 NG.
2342 4648 2384 4695 ι.
2449 4634 2641 4695 liTuon
2662 4644 2755 4694 ibo
2786 4644 2903 4693 Tim.
2967 4643 3012 4676 υ
3044 4640 3184 4691 Odio
3212 4634 3456 4687 habuisti
3485 4634 3597 4682 Lm.

236 4714 366 4763 Tim.
397 4713 539 4762 Corb.
607 4714 649 4748 ⁸⁵
702 4716 1035 4778 Injustitiam
1079 4717 1203 4765 Bod.
1244 4719 1289 4779 t,
1332 4718 1376 4766 4.
1440 4716 1482 4751 93
1515 4718 1746 4768 Laetitia:
1791 4731 1904 4782 prae
1933 4718 2287 4769 consortibus
2336 4717 2447 4766 tuis
2498 4716 2603 4764 ΝΟ.
2635 4714 2681 4762 2.
2718 4713 2917 4762 11011.3.

2988 4710 3028 4743 ⁸⁷
3055 4710 3448 4773 Cognoverunt
3504 4716 3595 4752 me

232 4797 416 4847 neque
447 4783 568 4833 Bod.
608 4787 649 4834 1.
716 4774 1288 4837 ω’ΒθεωῦιιΙαῐιιΝΟί
1334 4789 1375 4836 1.
1402 4788 1541 4836 Lam.
1578 4774 2092 4837 Deambulaverunt
2120 4790 2225 4838 Li'n.
2292 4787 2334 4820 ⁸⁸³
2370 4786 2582 4835 Nomen
2611 4784 2690 4832 illi
2748 4787 2833 4832 est
2871 4781 2992 4829 Bod.
3028 4782 3072 4842 1,
3105 4782 3152 4829 4.
3217 4776 3260 4811 ⁹⁰
3288 4776 3350 4825 In
3386 4774 3599 4839 princi-

230 4855 323 4918 pio
360 4855 462 4905 fuit
492 4855 613 4904 Tim.
641 4857 779 4906 Foss.
814 4854 960 4905 Corb.
996 4856 1244 4907 Verbum
1288 4859 1425 4906 Lam.
1459 4857 1579 4907 Bod.
1612 4858 1661 4917 2,
1691 4858 1739 4920 3,
1766 4860 1814 4908 4.
1852 4858 1958 4908 NC.
1996 4861 2037 4917 1,
2073 4860 2119 4908 2.

2188 4860 2228 4889 9'
2270 4857 2487 4917 Vidisti,
2535 4856 2816 4909 credidisti
2869 4854 2986 4904 Bod.
3034 4855 3080 4912 1,
3109 4857 3158 4908 2,
3189 4856 3211 4900 li
3257 4849 3460 4901 Vidisti
3486 4860 3597 4905 me,

234 4917 447 4974 Thoma
475 4926 588 4974 ιιή.
642 4926 768 4976 Bod.
818 4926 863 4976 3.
905 4925 1147 4977 Credent
1175 4928 1313 4976 Lam.
1364 4927 1472 4977 ΝΟ.
1528 4928 1572 4976 1.
1606 4917 1735 4976 Bod.
1775 4932 1820 4976 2.
1887 4927 1928 4961 9³
1961 4929 2246 4977 Fratribus
2298 4928 2543 4990 cognatis
2591 4928 2729 4975 meis
2789 4926 2929 4974 Lam.
2983 4923 3110 4973 Bod.
3151 4924 3196 4983 1,
3228 4923 3274 4972 2.
3311 4919 3519 4990 Νοιι,
3549 4917 3598 4990 2.

231 4995 343 5044 Li’n.
380 4996 501 5045 Tha.
543 4996 689 5045 Corb.
753 4996 794 5029 ³³
844 4996 1095 5059 Quorum
1138 5001 1319 5060 patres
1354 5001 1478 5046 sunt
1506 4998 1612 5048 ΝΟ.
1658 5001 1700 5049 1.
1749 5000 1888 5049 Lam.
1956 5000 1998 5032 9"
2026 5000 2143 5064 Ego
2181 5015 2212 5046 α
2242 5002 2295 5048 et
2342 4987 2399 5058 οἵ,
2430 4998 2550 5046 Bod.
2585 5000 2628 5055 1,
2656 4998 2702 5046 2.
2768 4996 2809 5029 95
2840 4999 3017 5060 Aqua:
3044 4994 3184 5044 vivae
3212 4994 3347 5043 FOSS-
3414 4987 3455 5022 ³⁸
3488 4987 3598 5051 Qui

232 5066 435 5117 biberit
458 5067 566 5116 ΝΟ.
602 5068 645 5117 1.
683 5067 826 5116 Lam.
896 5065 938 5099 97
969 5065 1224 5117 Christus
1262 5066 1364 5118 Dei
1395 5066 1543 5117 ﬁlius
1570 5069 1707 5118 Foss.
1774 5069 1817 5103 ⁸8
1840 5070 1997 5122 Sicut
2030 5071 2147 5132 ipse
2177 5070 2286 5119 ιιή.
2312 5070 2419 5119 ΝΟ.
2458 5070 2501 5127 1,
2527 5069 2572 5118 2.
2612 5067 2735 5118 Thu.
2761 5068 2895 5117 Fors.
2931 5065 3080 5116 Corb.

1555 5186 1779 5267 Steph.
1829 5186 2074 5250 Baluzii
2118 5192 2315 5249 notae.

295 5290 389 5355 (30)
421 5290 625 5342 Cadent
656 5292 712 5340 in
745 5291 1116 5354 confusionem.
1154 5292 1217 5341 In
1259 5293 1438 5356 capite
1473 5295 1536 5344 44
1571 5293 1856 5359 Epitomes
1877 5342 1929 5360 π
1961 5295 2371 5346 illustrissimus
2423 5295 2718 5360 episcopus
2765 5294 3113 5347 Oxoniensis.
3164 5292 3274 5345 Sed
3295 5295 3475 5344 exstat
3540 5292 3593 5343 in

230 5342 507 5414 Lactantii
536 5362 748 5413 editum
777 5342 862 5413 est
887 5363 945 5412 in
978 5342 1368 5426 confessionem.
1404 5342 1858 5418 Ριάὲδτῖᾞόιῖἱίίὶ
1877 5342 1935 5414 Ῑ)
1958 5342 2400 5431 iiiﬁéi'i‘i'iié’giiié,
2657 5342 2739 5417 “in
2778 5342 3109 5431 quindecim
3153 5342 3194 5415 εἷ
3216 5342 3514 5426 ’ώὲᾮίειθ
3543 5342 3595 5415 et

231 5433 535 5498 legendum
592 5434 822 5484 forsitan
877 5446 1000 5484 esse
1067 5431 1444 5496 confusionem.
1495 5434 1682 5485 Recte.
1730 5436 1869 5486 Nam

232 5505 575 5568 Lactantius,
620 5506 716 5556 lib.
748 5519 825 5568 iv,
875 5520 997 5570 cap.
1048 5505 1128 5569 13,
1169 5505 1325 5557 hunc
1375 5505 1634 5557 eumdem
1682 5507 1869 5557 locum

232 5579 501 5640 referens,
528 5578 749 5643 scripsit
777 5578 1153 5641 confusionem.

294 5649 393 5712 (31)
433 5649 597 5713 Injice
637 5650 734 5700 huc
770 5650 1007 5714 digitum.
1055 5650 1223 5701 Hunc
1257 5651 1445 5703 locum
1488 5665 1558 5703 ex
1602 5654 1710 5704 alia
1745 5666 1867 5703 ver-

238 5720 389 5772 sione
417 5721 587 5772 refert
616 5721 812 5771 Avitus
846 5722 1007 5786 epist.
1038 5721 1087 5772 3.

299 5790 402 5855 (32)
433 5792 571 5842 Deus
606 5790 921 5844 benedictus.
954 5791 1181 5844 Certum
1214 5797 1301 5845 est
1334 5807 1531 5845 vocem
1578 5797 1715 5846 Deus
1755 5809 1869 5846 non

241 5866 452 5915 enters
480 5862 539 5915 in
580 5862 774 5918 codice
816 5862 1153 5931 Fossatensi,
1179 5868 1242 5918 ut
1275 5864 1611 5933 jampridem
1651 5868 1870 5923 monuit

1968 5440 2025 5489 in
2056 5439 2392 5490 editionibus
2428 5440 2661 5490 Manutii
2700 5444 2755 5490 et
2797 5438 3047 5489 Morellii.
3076 5438 3139 5486 In
3178 5437 3427 5503 margine
3468 5449 3598 5486 vero

1970 5509 2226 5561 editionis
2252 5523 2378 5575 quia
2403 5510 2605 5561 dicitur
2631 5510 2822 5562 Gravii
2850 5509 2927 5559 ita
2966 5508 3035 5560 ad
3076 5508 3229 5560 hunc
3271 5509 3458 5559 locum
3493 5507 3599 5558 ad-

1970 5585 2221 5632 notatum
2261 5585 2383 5633 est:
2436 5601 2464 5627 «
2504 5582 2706 5632 Mirum
2747 5585 2830 5632 est
2868 5583 2926 5631 in
2974 5580 3384 5645 exemplaribus
3431 5579 3597 5628 etiam

1970 5654 2360 5705 vetustissimis
2398 5667 2509 5704 non
2557 5653 2683 5704 addi
2722 5654 2893 5716 Deus,
2925 5666 3099 5719 quum
3139 5653 3211 5702 sit
3256 5651 3403 5715 apud
3444 5650 3600 5701 Gree-

1971 5738 2065 5777 cos
2095 5741 2105 5774 :
2138 5742 2167 5772 «
2196 5724 2406 5776 Eadem
2435 5738 2543 5775 vox
2576 5728 2758 5776 exstat
2792 5727 2964 5780 etiam
3005 5722 3153 5786 apud
3197 5722 3598 5773 Tertullianum

1969 5796 2197 5870 i_n1i_bro
2242 5797 2499 5849 adversus
2547 5796 2835 5870 Pramum,
2866 5797 2967 5850 ubi
3007 5794 3174 5846 refert
3216 5793 3369 5845 hunc
3409 5791 3600 5843 locum

1971 5867 2153 5923 Pauli.
