3998 6194
4 5793 164 5929 ῖς.

287 273 393 336 731

1181 273 1239 331 S.
1281 276 1599 334 CYPRIANI
1637 276 1914 335 OPERUM
1953 277 2124 334 PARS
2164 278 2230 332 ll.
2271 306 2339 317 —
2376 274 2748 335 OPUSCULA.

3547 278 3661 334 732

289 401 344 456 Si
375 399 504 456 illos
531 399 674 456 dixit
699 399 838 454 deos
859 401 906 437 ⁸³
930 398 1000 454 ad
1042 414 1184 471 quos
1220 415 1408 455 sermo
1449 400 1547 457 Dei
1589 401 1764 456 factus
1806 408 1910 471 est,
1935 403 2132 487 Alum
2178 417 2342 456 suum
2390 418 2424 456 a
2471 401 2711 473 peccatis
2759 415 2956 456 eorum
3010 422 3038 450 ››
3068 401 3310 472 (Matth,
3342 417 3381 470 1,
3423 404 3491 456 20
3537 401 3656 470 2t).

288 499 346 550 et
372 511 488 550 non
515 498 699 566 potest
739 493 879 548 solvi
917 492 1226 564 Scriptura,
1256 511 1429 567 quem
1475 497 1640 551 Pater
1679 498 1922 552 sanctiﬁ-

291 589 438 644 cavit
465 592 523 643 et
557 587 710 644 misit
746 587 806 641 in
834 588 1124 656 saeculum,
1145 605 1244 644 vos
1273 589 1455 644 dicitis
1481 591 1749 661 quoniam
1782 591 1921 646 blas-

289 681 533 752 phemas
564 681 604 747 ²,
635 681 767 752 quia
811 681 930 736 dixi
978 698 992 736 :
1039 682 1210 737 Filius
1261 683 1360 738 Dei
1414 699 1562 739 sum.
1597 685 1753 749 Quod
1802 685 1848 740 si
1897 687 1918 720 ³

287 789 407 828 non
435 774 579 829 facio
619 775 769 829 facta
801 775 993 843 Patris,
1025 776 1200 831 nolite
1241 777 1385 832 mihi
1423 778 1651 834 credere
1681 779 1734 847 3;
1765 780 1920 851 quod

291 867 338 922 si
369 868 516 923 facio
543 872 602 923 et
628 868 769 925 mihi
814 885 931 924 non
974 869 1140 924 vultis
1194 871 1444 939 credere,
1483 872 1646 928 factis
1682 874 1917 945 credite,

291 962 351 1015 et
383 961 700 1034 cognoscite
739 963 1016 1034 quoniam
1050 963 1109 1018 in
1151 979 1243 1020 me
1283 968 1368 1020 est
1406 967 1587 1031 Pater,
1624 971 1680 1022 et
1711 983 1818 1039 ego
1860 967 1919 1022 in

287 1053 383 1109 illo
414 1074 443 1104 ››
484 1054 684 1127 (Joan.,
715 1071 769 1124 x,
813 1056 922 1127 34).
969 1059 1110 1112 Item
1157 1057 1213 1112 in
1257 1059 1564 1130 Evangelio
1607 1063 1732 1115 cata
1778 1063 1916 1119 Mat-

287 1148 507 1204 thaeum
527 1165 540 1203 :
564 1170 593 1198 ‹‹
615 1150 682 1205 Et
701 1150 971 1206 vocabitis
998 1167 1210 1206 nomen
1239 1152 1360 1222 ejus
1387 1154 1744 1223 Emmanuel,
1765 1155 1918 1228 quod

293 1244 378 1296 est
405 1243 841 1314 interpretatum
871 1243 1175 1300 Nobiscum
1214 1246 1360 1300 Deus
1390 1268 1416 1297 »
1453 1249 1696 1318 (Matth.,
1733 1264 1772 1316 1,
1805 1250 1915 1319 23).

290 1367 420 1422 CAP.
468 1367 579 1424 VII.
635 1399 704 1409 —-
758 1369 911 1435 Quod
973 1369 1218 1427 Christus
1272 1375 1411 1427 Deus
1470 1379 1730 1428 venturus
1787 1381 1920 1430 esset

513 1449 853 1505 illuminator
876 1456 924 1506 et
953 1450 1208 1508 Salvator
1233 1455 1438 1521 generis
1469 1454 1697 1508 humani

362 1568 520 1638 Apud
548 1569 748 1624 Isaiam
790 1589 800 1624 :
838 1592 866 1618 α
906 1572 1340 1641 Confortamini,
1380 1590 1585 1628 manus
1629 1575 1917 1638 resolutae,

293 1663 350 1715 et
393 1678 584 1732 genua
627 1663 856 1731 debilia,
904 1666 1284 1721 exhortamini
1311 1669 1350 1722 ⁴.
1383 1667 1488 1732 Qui
1522 1669 1654 1722 estis
1689 1670 1916 1739 pusilla-

2022 497 2160 550 ltem
2190 499 2314 550 cata
2341 497 2548 550 Lucam
2579 511 2592 550 :
2625 516 2652 545 «
2684 496 2753 550 Et
2775 495 3071 550 Zacharias
3097 495 3363 566 impletus
3403 499 3491 550 est
3519 495 3659 566 Spi-

2022 589 2135 643 ritu
2167 593 2382 660 sancto,
2413 595 2470 645 et
2507 589 2866 660 prophetavit
2903 589 3139 644 dicens:
3172 589 3504 644 Benedictus
3544 591 3659 644 Do-

2020 683 2208 738 minus
2236 685 2384 739 Deus
2410 684 2599 753 Israel,
2633 683 2728 754 qui
2771 683 3063 754 prospexit
3101 682 3565 754 redemptionem
3607 684 3657 717 ”

2021 778 2231 848 populo
2274 793 2399 845 suo,
2447 782 2503 832 et
2543 777 2809 832 excitavit
2848 776 2891 810 ¹⁸
2920 777 3083 832 nobis
3128 792 3307 831 cornu
3357 776 3554 831 salutis
3593 776 3658 830 in

2021 871 2192 926 domo
2241 871 2411 926 David
2455 871 2621 943 pueri
2647 871 2733 924 sui
2761 892 2788 920 »
2820 873 2995 941 (Luc.,
3027 887 3063 938 1,
3093 874 3182 938 67,
3215 870 3328 940 68).
3361 871 3500 925 Item
3539 870 3663 925 illic

2021 965 2257 1037 angelus
2301 965 2373 1020 ad
2415 970 2707 1037 pastores:
2751 986 2779 1015 ‹‹
2816 967 2896 1021 Ne
2939 965 3269 1020 timueritis.
3312 965 3453 1020 Ecce
3496 965 3660 1019 enim

2019 1060 2298 1115 annuntio
2337 1059 2491 1115 vobis
2522 1060 2793 1131 quoniam
2823 1063 2988 1114 natus
3022 1063 3108 1115 est
3141 1058 3301 1114 vobis
3328 1058 3501 1114 hodie
3546 1058 3662 1113 sal-

2019 1158 2195 1224 vator,
2237 1154 2337 1226 qui
2389 1159 2475 1210 est
2519 1153 2775 1210 Christus
2823 1156 3004 1222 Jesus,
3046 1153 3105 1208 in
3154 1152 3380 1208 civitate
3419 1151 3594 1208 David
3626 1173 3658 1202 ιι

2021 1248 2210 1318 (Ibid,
2241 1264 2298 1315 11,
2322 1253 2374 1317 ‘7,
2407 1248 2484 1318 8).

2019 1365 2147 1420 CAP.
2178 1366 2310 1420 VIII.
2335 1395 2403 1404 —
2429 1363 2583 1430 Quod
2611 1380 2730 1419 cum
2757 1381 2791 1419 a
2812 1365 3085 1434 principio
3111 1363 3282 1418 Filius
3307 1365 3404 1418 Dei
3431 1364 3656 1430 fuisset,

2198 1447 2450 1514 generari
2474 1445 2650 1499 denuo
2680 1445 2896 1499 haberet
2923 1444 3216 1500 secundum
3243 1459 3476 1498 carnem.

2090 1560 2151 1611 In
2193 1558 2413 1611 Psalmo
2455 1574 2488 1610 ll
2535 1573 2547 1612 :
2594 1579 2621 1605 ‹‹
2661 1556 2939 1610 Dominus
2978 1555 3122 1610 dixit
3165 1555 3237 1610 ad
3287 1571 3377 1610 me
3420 1572 3433 1609 :
3478 1554 3662 1608 Filius

2022 1667 2183 1705 meus
2213 1667 2273 1706 es
2299 1657 2379 1718 tu,
2410 1667 2516 1722 ego
2551 1651 2718 1705 hodie
2751 1650 2924 1721 genui
2963 1655 3016 1705 te
3047 1651 3113 1705 η.
3137 1650 3362 1704 Postula
3395 1665 3428 1703 a
3460 1665 3550 1702 me
3583 1647 3658 1714 ⁸⁷,

291 1753 477 1809 nimes
503 1756 546 1825 ⁵,
577 1757 752 1812 nolite
795 1762 1072 1814 metuere.
1108 1761 1250 1814 Deus
1287 1767 1482 1815 noster
1514 1762 1795 1833 judicium
1835 1779 1920 1816 re-

2026 1750 2075 1799 et
2111 1744 2256 1800 dabo
2285 1744 2384 1800 tibi
2413 1747 2612 1815 gentes
2641 1743 3036 1800 hatreditatem
3064 1748 3217 1798 tuam
3257 1749 3314 1798 et
3347 1743 3664 1814 possessio-

290 1847 524 1916 tribuet,
563 1850 683 1921 ipse
722 1852 913 1906 veniet
941 1856 999 1907 et
1023 1854 1200 1908 salvos
1227 1855 1392 1910 faciet
1438 1872 1558 1910 nos.
1590 1857 1745 1911 Tunc
1779 1873 1917 1927 ape-

287 1941 509 1996 rientur
555 1944 700 1998 oculi
743 1961 1045 2015 caecorum,
1085 1946 1279 2020 703
1312 1954 1369 2003 et
1401 1966 1567 2004 aures
1615 1950 1918 2004 surdorum

291 2035 547 2090 audient.
577 2037 733 2093 Tunc
774 2039 936 2094 saliet
969 2040 1201 2096 claudus
1240 2043 1382 2097 sicut
1422 2059 1639 2111 cervus,
1674 2047 1730 2099 et
1755 2044 1922 2116 plana

288 2128 396 2182 erit
433 2128 631 2201 lingua
676 2138 1004 2204 mutorum;
1049 2136 1186 2206 quia
1232 2142 1398 2208 rupta
1445 2143 1530 2192 est
1582 2139 1643 2192 in
1697 2139 1920 2193 deserto

291 2239 458 2293 aqua,
488 2229 543 2278 et
579 2225 731 2280 rivus
772 2227 829 2280 in
861 2233 1013 2284 terra
1051 2229 1266 2284 sitienti
1305 2251 1331 2282 it
1373 2233 1526 2303 (Isa,
1569 2249 1729 2299 xxxv,
1777 2234 1918 2301 3-6).

291 2318 436 2370 Item
464 2317 578 2372 illic
611 2335 625 2373 :
661 2340 688 2369 ‹‹
718 2321 838 2375 Non
866 2322 1076 2390 senior,
1114 2341 1297 2396 neque
1339 2327 1576 2398 angelus
1602 2328 1645 2396 ⁸,
1674 2327 1769 2381 sed
1801 2326 1920 2397 ipse

290 2410 568 2466 Dominus
612 2412 876 2470 liberabit
916 2415 1074 2486 illos;
1128 2419 1258 2489 quia
1303 2419 1506 2491 diliget
1547 2418 1691 2475 eos'
1717 2426 1771 2476 et
1800 2438 1922 2492 par-

292 2510 377 2558 cet
421 2505 521 2568 eis,
564 2509 622 2562 et
659 2507 778 2578 ipse
811 2509 1058 2565 redimet
1099 2528 1194 2566 eos
1223 2534 1250 2563 ››
1280 2516 1432 2584 (Isa.,
1480 2531 1630 2584 1.x1u,
1677 2513 1751 2585 9).
1781 2515 1922 2568 Item

289 2596 406 2652 illic
436 2615 449 2654 :
484 2621 512 2649 ει
545 2601 665 2672 Ego
694 2602 965 2658 Dominus
991 2605 1138 2660 Deus
1164 2608 1361 2662 vocavi
1410 2613 1466 2662 te
1506 2608 1564 2662 in
1585 2608 1828 2679 justitia,
1859 2613 1924 2662 ut

288 2695 515 2747 teneam
544 2711 781 2750 manum
811 2699 990 2766 tuam,
1024 2706 1080 2753 et
1108 2701 1445 2756 confortabo
1477 2705 1567 2769 te;
1607 2709 1664 2756 et
1705 2702 1834 2756 dedi
1867 2705 1922 2756 te

289 2781 350 2835 in
401 2785 800 2840 testamentum
839 2789 1067 2858 generis
1115 2791 1249 2855 mei,
1297 2791 1352 2845 in
1396 2792 1590 2846 lumen
1636 2797 1917 2863 gentium,

289 2877 510 2946 aperire
570 2879 761 2934 oculos
812 2897 1092 2937 caecorum
1120 2926 1133 2953 ,
1196 2884 1508 2955 producere
1553 2903 1583 2939 a
1629 2886 1866 2941 vinculis
1901 2894 1924 2929 ³

289 2969 522 3038 vinctos,
554 2977 612 3028 et
638 2972 709 3027 de
739 2973 910 3030 domo
957 2978 1194 3033 carceris
1239 2979 1504 3034 sedentes
1548 2980 1608 3034 in
1649 2980 1918 3035 tenebris.

291 3063 410 3134 Ego
435 3065 709 3121 Dominus
739 3069 906 3138 Deus,
937 3070 1041 3125 hoc
1082 3072 1223 3126 mihi
1264 3090 1471 3128 nomen
1509 3079 1592 3129 est
1616 3081 1656 3129 ο.
1687 3075 1920 3130 Clarita-

2020 1854 2153 1892 nem
2179 1841 2335 1892 tuam
2365 1838 2635 1892 terminos
2661 1844 2829 1892 terra:
2851 1858 2878 1887 ››
2911 1839 3079 1908 (Psat.
3113 1853 3169 1906 11,
3202 1842 3256 1904 7,
3295 1837 3372 1905 8).
3412 1839 3550 1892 Item
3595 1837 3662 1890 in

2020 1932 2330 2004 Evangelio
2375 1938 2500 1987 cata
2534 1935 2740 1988 Lucam
2771 1949 2784 1987 :
2827 1953 2855 1982 «
2883 1934 2950 1986 Et
2994 1932 3210 1986 factum
3241 1936 3326 1986 est
3375 1932 3442 2000 η,
3477 1935 3538 1985 ut
3563 1948 3666 1984 au-

2021 2026 2160 2081 divit
2202 2026 2600 2081 salutationem
2649 2026 2834 2082 Mariae
2881 2024 3188 2092 Elisabeth,
3229 2024 3533 2080 exsultavit
3573 2023 3666 2078 in-

2021 2121 2148 2174 fans
2187 2121 2248 2174 in
2293 2123 2455 2175 utero
2486 2120 2628 2190 ejus,
2676 2126 2734 2174 et
2777 2119 3010 2190 impleta
3054 2123 3140 2173 est
3181 2119 3392 2190 Spiritu
3434 2121 3660 2183 sancto,

2023 2212 2216 2286 ’704
2235 2220 2291 2269 et
2316 2214 2653 2268 exclamavit
2678 2230 2812 2268 voce
2843 2230 3050 2283 magna
3070 2219 3126 2268 et
3145 2212 3290 2267 dixit
3314 2229 3327 2266 :
3357 2212 3664 2266 Benedicta

2023 2311 2081 2362 tu
2109 2307 2262 2362 inter
2287 2308 2574 2376 mulieres,
2610 2315 2667 2363 et
2692 2307 3025 2362 benedictus
3053 2307 3270 2361 fructus
3303 2306 3514 2362 ventris
3549 2305 3660 2359 tui.

2023 2398 2089 2451 Et
2110 2397 2260 2452 unde
2281 2398 2387 2452 hoc
2409 2398 2550 2452 mihi
2571 2397 2854 2468 contingit
2874 2403 2933 2450 ut
2951 2397 3135 2451 veniat
3151 2402 3338 2450 mater
3357 2395 3585 2450 Domini
3612 2395 3664 2429 ¹⁹

2022 2491 2133 2544 mei
2166 2492 2235 2546 ad
2279 2508 2366 2547 me
2389 2513 2416 2542 ››
2449 2493 2623 2561 (Luc.,
2657 2508 2694 2560 1,
2726 2491 2960 2558 Iit-t3)?
2986 2492 3122 2545 Item
3161 2491 3369 2545 Paulus
3398 2489 3468 2543 ad
3497 2489 3660 2543 Gala-

2023 2591 2147 2639 tas:
2179 2604 2207 2636 ti
2250 2590 2320 2640 At
2355 2585 2452 2640 ubi
2491 2585 2722 2640 advenit
2770 2585 3027 2654 impletio
3069 2583 3346 2654 temporis
3390 2584 3460 2649 ³ο,
3503 2582 3662 2636 misit

2022 2680 2170 2733 Deus
2212 2679 2413 2734 Filium
2455 2695 2623 2733 suum
2668 2682 2867 2733 natum
2906 2679 2978 2732 de
3017 2678 3257 2732 muliere
3286 2678 3331 2712 ἰ
3360 2699 3388 2727 ››
3424 2677 3662 2747 (Galat.,

2022 2788 2094 2839 1v,
2127 2773 2202 2840 4).
2244 2774 2387 2827 Item
2432 2773 2488 2827 in
2538 2773 2782 2844 Epistola
2815 2771 3086 2827 Joannis:
3128 2793 3156 2820 α
3189 2771 3383 2826 Omnis
3426 2769 3665 2841 spiritus

2021 2866 2120 2938 qui
2173 2865 2476 2921 conﬁtetur
2513 2869 2706 2921 Jesuin
2751 2866 3037 2920 Christum
3086 2865 3144 2918 in
3193 2880 3361 2919 carne
3399 2863 3664 2931 venisse,

2024 2959 2094 3014 de
2131 2961 2248 3014 Deo
2292 2965 2398 3016 est.
2429 2960 2539 3025 Qui
2583 2963 2775 3014 autem
2811 2963 2988 3030 negat
3024 2958 3080 3013 in
3109 2975 3282 3013 carne
3310 2958 3555 3025 venisse,
3588 2957 3664 3012 de

2023 3054 2137 3108 Deo
2166 3070 2277 3108 non
2309 3059 2394 3108 est
2419 3054 2492 3123 π,
2521 3054 2617 3109 sed
2651 3057 2736 3109 est
2775 3053 2845 3108 de
2886 3052 3204 3111 antichristi
3240 3051 3441 3123 spiritu
3473 3051 3588 3122 (33)
3633 3073 3662 3100 ››

290 3161 406 3231 tem
458 3175 646 3214 meam
696 3161 790 3216 alii
849 3181 961 3219 non
1011 3165 1192 3232 dabo,
1244 3183 1430 3238 neque
1483 3169 1716 3223 virtutes
1767 3156 1998 3230 measC
2028 3146 2062 3217 (l
2092 3148 2272 3209 Ῑοαηυ
2311 3163 2384 3214 ιν»
2415 3150 2468 3216 2t
2499 3149 2570 3216 3)-

290 3251 646 3322 sculptilibus
667 3276 693 3304 »
719 3255 873 3325 (Isa.,
909 3274 1036 3327 xLu,
1073 3259 1204 3330 6-8).
1239 3261 1378 3314 Item
1409 3260 1468 3315 in
1499 3262 1718 3316 Psalmo
1750 3279 1875 3316 xxiv
1905 3279 1918 3316 :

295 3363 321 3396 ti
372 3346 502 3399 Vias
546 3350 689 3415 tuas,
737 3350 997 3418 Domine,
1041 3354 1273 3408 ostende
1325 3355 1465 3408 milii
1497 3356 1563 3424 ¹⁰,
1596 3363 1652 3409 et
1691 3356 1922 3410 semitas

291 3444 418 3492 tuas
449 3439 621 3496 edoce
649 3459 762 3510 me,
803 3447 860 3498 et
889 3445 1072 3499 deduc
1099 3463 1191 3500 me
1223 3448 1296 3501 ad
1327 3449 1627 3502 veritatem
1655 3452 1836 3516 tuam,
1866 3456 1923 3504 et

293 3531 432 3586 doce
471 3550 582 3601 me,
625 3537 902 3607 quoniam
947 3544 1010 3592 tu
1055 3556 1131 3606 es,
1190 3541 1358 3609 Deus,
1407 3543 1649 3596 salvator
1698 3560 1913 3597 meus»

291 3627 458 3696 (Psal.
488 3643 633 3696 xx1v,
662 3630 796 3699 4-5).
839 3631 1000 3687 Unde
1041 3632 1099 3686 in
1137 3635 1442 3705 Evangelio
1481 3639 1604 3690 cata
1641 3637 1919 3692 Joannem

290 3719 562 3776 Dominus
609 3722 746 3778 dicit
794 3741 807 3778 :
851 3746 879 3773 «
926 3728 1042 3797 Ego
1083 3743 1209 3782 sum
1251 3727 1445 3783 lumen
1495 3731 1695 3784 mundi
1727 3731 1920 3795 “.Qui

289 3829 383 3867 me
427 3821 652 3870 secutus
681 3818 873 3885 fuerit,
916 3837 1031 3875 non
1073 3821 1388 3877 ambulabit
1424 3823 1481 3878 in
1523 3825 1791 3892 tenebris,
1822 3826 1921 3880 sed

287 3906 523 3962 habebit
561 3910 759 3966 lumen
802 3914 930 3969 vita:
977 3937 1004 3964 ››
1055 3917 1256 3987 (Joan.,
1305 3933 1422 3986 vui,
1470 3919 1577 3990 12).
1620 3921 1758 3974 Item
1795 3925 1922 3974 cata

287 4002 617 4059 Matthteum
656 4006 880 4063 Gabriel
929 4010 1166 4081 angelus
1215 4011 1285 4066 ad
1325 4012 1537 4084 Joseph
1569 4029 1581 4066 :
1617 4035 1644 4063 ι(
1685 4014 1917 4085 Joseph,

287 4095 367 4150 ﬁli
434 4098 632 4167 David,
701 4117 772 4155 ne
825 4104 1096 4158 metueris
1159 4105 1204 4140 ¹²
1249 4122 1536 4161 assumere
1591 4107 1822 4162 Mariam
1873 4109 1918 4142 ¹⁸

287 4206 522 4245 uxorem
551 4195 727 4248 tuam.
757 4196 916 4259 Quod
945 4197 1102 4252 enim
1141 4214 1208 4253 ex
1248 4199 1345 4254 illa
1387 4206 1586 4255 natum
1622 4201 1813 4270 fuerit,
1849 4201 1919 4256 de

289 4283 500 4355 Spiritu
547 4292 741 4342 sancto
769 4293 872 4343 est.
903 4291 1092 4346 Pariet
1134 4296 1323 4347 autem
1360 4293 1562 4363 tilium,
1603 4300 1660 4351 et
1695 4295 1919 4351 vocabis

287 4392 505 4435 nomen
549 4379 671 4453 ejus
711 4382 924 4440 Iesum.
955 4383 1054 4441 Hic
1098 4385 1253 4443 enim
1282 4387 1500 4443 salvum
1537 4388 1706 4444 faciet
1733 4406 1917 4462 popu-

2020 3272 2144 3327 CAP.
2173 3273 2254 3327 IX.
2278 3303 2346 3313 —
2367 3273 2520 3338 Quod
2546 3275 2639 3328 hoc
2661 3274 2914 3339 futurum
2943 3277 3075 3327 esset
3102 3275 3315 3340 signum
3344 3274 3662 3326 nativitatis

2091 3355 2222 3421 ejus,
2253 3361 2314 3408 ut
2348 3355 2414 3408 de
2447 3357 2667 3422 Virgine
2694 3361 3004 3409 nasceretur
3030 3357 3196 3410 Homo
3227 3360 3277 3409 et
3305 3356 3445 3408 Deus
3490 3354 3661 3407 homi-

2091 3436 2177 3487 nis
2203 3438 2252 3488 et
2278 3437 2376 3488 Det
2399 3435 2584 3489 Filius.

2091 3544 2257 3616 Apud
2303 3545 2500 3600 Isaiam
2544 3561 2556 3600 :
2601 3566 2627 3593 «
2680 3546 2746 3600 Et
2795 3545 3002 3616 adjecit
3059 3545 3333 3600 Dominus
3384 3546 3540 3617 loqui
3582 3545 3660 3600 ad

2020 3639 2201 3711 Achaz
2232 3639 2425 3693 dicens
2463 3640 2510 3673 ³³
2542 3655 2554 3693 :
2588 3640 2719 3694 Pete
2760 3638 2861 3692 tibi
2901 3639 3128 3710 signum
3176 3656 3209 3693 a
3253 3641 3367 3694 Deo
3415 3639 3659 3694 Domino

2021 3737 2118 3786 tuo
2144 3732 2198 3786 in
2231 3732 2595 3786 altitudinem
2635 3733 2682 3767 ²⁴
2723 3749 2949 3786 sursum
2979 3739 3035 3788 et
3067 3733 3123 3786 in
3165 3732 3524 3787 altitudinem
3557 3732 3656 3786 de-

2020 3842 2230 3880 orsum.
2263 3827 2330 3881 Et
2357 3827 2496 3880 dixit
2533 3827 2712 3880 Achaz
2747 3843 2760 3881 :
2789 3843 2902 3880 non
2941 3832 3155 3898 petam,
3186 3831 3243 3881 et
3271 3843 3386 3880 non
3429 3827 3658 3881 tentabo

2020 3920 2328 3974 Dominum
2375 3921 2553 3974 Deum
2595 3937 2808 3975 meum.
2859 3922 2927 3974 Et
2975 3920 3162 3974 dixit:
3197 3919 3395 3976 Audite
3442 3920 3656 3990 itaque,

2021 4013 2223 4068 domus
2269 4013 2442 4068 David
2487 4014 2555 4068 ’5.
2611 4017 2734 4070 Non
2785 4014 3058 4086 pusillum
3087 4015 3137 4049 ²⁶
3165 4013 3322 4069 vobis
3361 4016 3658 4068 certamen

2019 4123 2151 4162 cum
2195 4107 2551 4175 hominibus,
2598 4108 2875 4180 quoniam
2923 4110 3070 4164 Deus
3117 4112 3346 4180 praestat
3389 4124 3657 4179 agonem.

2019 4202 2254 4272 Propter
2302 4201 2412 4256 hoc
2454 4201 2610 4256 dabit
2649 4204 2795 4257 Deus
2839 4203 2958 4274 ipse
3011 4201 3165 4256 vobis
3213 4201 3466 4272 signum.
3519 4202 3659 4256 Ecce

2019 4295 2178 4366 virgo
2203 4295 2264 4349 in
2301 4300 2524 4351 uterum
2552 4295 2792 4368 accipiet
2826 4301 2884 4352 et
2926 4296 3110 4368 pariet
3153 4295 3355 4364 filium,
3397 4299 3455 4350 et
3496 4311 3659 4350 voca-

2018 4387 2151 4445 bitis
2195 4389 2243 4424 ³⁷
2291 4405 2505 4445 nomen
2551 4389 2672 4461 ejus
2716 4389 3079 4447 Emmanuel.
3130 4390 3401 4462 Butyrum
3447 4392 3504 4446 et
3546 4389 3663 4444 mel

1665 4586 1874 4652 Variae
1930 4586 2269 4651 lectiones.

347 4727 388 4762 ⁸⁵
415 4728 570 4780 Dixit
595 4729 730 4782 deos
757 4734 812 4783 et
840 4745 951 4783 non
981 4737 1164 4798 potest
1181 4736 1320 4786 Lam.
1348 4735 1454 4786 ΝΟ.
1490 4738 1534 4793 1,
1565 4738 1612 4784 9.
1638 4735 1744 4785 Lt‘n.
1773 4734 1900 4786 Bod.
1925 4733 1973 4793 1,
1997 4733 2048 4792 2,
2071 4735 2118 4782 4.
2142 4732 2265 4782 Thu.
2309 4734 2444 4784 Van.
2473 4734 2621 4785 Corb.
2697 4737 2712 4766 ί
2736 4731 3145 4797 Blasphemaris
3194 4729 3316 4781 Bod.
3348 4731 3392 4780 ί.
3464 4730 3483 4761 ³
3517 4730 3656 4781 Sum

288 4797 348 4849 Si
371 4813 485 4850 non
518 4803 662 4853 facio
696 4802 817 4853 Tha.
850 4806 990 4855 Foss.
1021 4804 1170 4854 Corb.
1248 4808 1266 4837 ³
1289 4807 1467 4856 Nolite
1501 4805 1638 4854 mihi
1662 4803 1908 4866 credere,
1942 4802 2039 4854 sed
2073 4804 2121 4852 1i
2164 4803 2302 4854 mihi
2339 4819 2453 4856 non
2485 4806 2653 4856 vultis
2695 4803 2940 4865 credere,
2965 4803 3090 4854 Thu.
3165 4803 3304 4852 Foss.
3370 4800 3394 4834 ⁸
3428 4800 3660 4852 Exhor-

284 4871 496 4934 tamini,
528 4875 624 4938 qui
654 4875 786 4925 estis
814 4876 1157 4938 pusillanimi
1199 4877 1308 4926 Ver.
1345 4878 1516 4926 Benev.
1589 4879 1606 4908 ⁵
1635 4875 1812 4926 Nolite
1855 4876 2068 4934 timere,
2100 4873 2269 4924 nolite
2307 4881 2560 4927 metuere
2605 4875 2725 4925 Thu.
2767 4876 2902 4924 Foss.
2965 4873 2988 4907 ⁸
3010 4871 3208 4922 Senior
3244 4884 3357 4919 non
3403 4873 3658 4934 Angelus

285 4941 426 4991 Lam.
463 4947 632 5008 atque
660 4945 787 4996 Bod.
820 4949 847 4994 3
932 4946 953 4979 ⁷
977 4947 1171 5013 Diligit
1194 4962 1289 4999 eos
1328 4949 1464 4997 Foss.
1495 4950 1641 4998 Lam.
1671 4961 1785 5005 eos,
1819 4950 1872 4996 et
1925 4946 2044 5008 ipse
2086 4941 2320 4995 redimet
2358 4949 2463 4998 Tltu
2491 4945 2638 4998 σον-ὁ.
2702 4944 2725 4978 ⁸
2751 4943 3060 5013 Producere
3097 4955 3130 5013 e
3161 4940 3408 5013 vinculis
3448 4941 3571 4989 80d.
3610 4944 3655 5013 ς.

285 5013 308 5048 ⁸
337 5018 504 5070 Deus.
537 5019 858 5072 Claritatem
887 5024 1027 5072 Fou.
1099 5011 1140 5056 3°
1172 5023 1342 5073 Notas
1370 5023 1457 5074 fac
1483 5023 1618 5073 milii
1648 5022 1756 5073 ΝΟ.
1784 5022 1832 5072 2.
1903 5023 1939 5053 ¹¹
1970 5019 2087 5082 Ego
2117 5032 2241 5068 sum
2279 5017 2374 5066 lux
2423 5019 2618 5068 mundi
2645 5016 2772 5068 Bod.
2802 5015 2848 5065 3.
2921 5011 2961 5045 "
2990 5013 3067 5062 Ne
3093 5011 3348 5060 itmueris
3379 5011 3517 5059 Lam.
3545 5012 3658 5062 ΝΟ.

288 5087 338 5136 2.
373 5089 488 5138 Lt'n.
522 5091 645 5140 Bod.
673 5091 793 5153 3,4.
866 5096 903 5125 ”
936 5093 1162 5144 Mariam
1191 5095 1486 5158 conjugem
1517 5096 1624 5145 ΝΟ.
1655 5095 1703 5155 1,
1737 5095 1782 5143 2.
1812 5095 1958 5142 Lam.

2032 5093 2070 5122 ¹⁴
2101 5089 2209 5150 Qui
2235 5089 2367 5138 fecit
2397 5090 2836 5152 redemptionem
2863 5084 2992 5134 ΝΟ.
3028 5084 3075 5132 2.
3149 5084 3187 5115 ³⁵
3218 5082 3523 5132 Suscitavit
3546 5083 3656 5132 NC-

288 5159 337 5207 2.
410 5159 448 5192 ’⁸
471 5161 651 5210 Hodie
677 5163 922 5225 generali
954 5165 1084 5215 Bod.
1133 5167 1180 5216 4.
1252 5152 1311 5199 ’⁷⁷
1338 5152 1512 5218 Posce
1543 5181 1574 5217 a
1609 5152 1697 5216 me
1721 5167 1836 5215 Lt'n.
1878 5165 2005 5217 Bod.
2037 5162 2082 5210 1.
2125 5161 2247 5210 Thu.
2298 5162 2438 5210 Foss.
2469 5161 2601 5210 Pete
2643 5158 2752 5209 ΝΟ.
2773 5157 2831 5227 72.
2901 5152 2940 5227 [³
2975 5153 3208 5227 [factum
3237 5156 3327 5227 est
3375 5152 3659 5227 quoning

291 5227 505 5278 audivit
534 5215 738 5292 304.1,
767 5233 814 5294 2,
844 5232 894 5295 3,
919 5235 966 5283 4.
999 5235 1123 5284 Tim.
1150 5215 1306 5284 δυνά.
1340 5215 1685 5287 νάξίῑεῖιουξ
1729 5235 1768 5270 ιο
1791 5237 1860 5286 Ut
1879 5215 2058 5286 inater
2091 5233 2316 5287 Domini
2352 5227 2536 5289 Bod.l,
2566 5229 2613 5286 2,
2642 5230 2688 5278 4.
2725 5226 2847 5276 Tim.
2887 5221 3034 5273 Corb.
3087 5219 3143 5296 f0
3168 5218 3500 5296 Adimpletio
3524 5215 3658 5296 μνία.

288 5305 426 5372 Ροεσ.
457 5301 602 5352 Corb.
637 5286 934 5355 Plenitudo
960 5306 1067 5355 Li'n.
1098 5307 1282 5358 Bod.3.
1347 5286 1391 5340 7"
1438 5309 1640 5358 Natum
1670 5309 1740 5359 de
1770 5309 1983 5372 virgine
2012 5286 2126 5358 ιίή.
2158 5307 2280 5356 Bod.
2309 5305 2356 5362 3,
2388 5303 2437 5350 4.
2507 5286 2549 5330 ³⁷³
2580 5298 2800 5372 Βερεξο
2826 5289 3344 5372 μελῳδεεῑβθάρεῐ
3370 5286 3664 5372 antichris-

287 5375 378 5419 tus
400 5371 522 5421 Bod.
552 5372 599 5421 3.
668 5375 712 5405 υ
741 5354 927 5425 Αοὴεὶ
973 5354 1640 5439 ροίέῂιάῖιιτοεεξῦἆοῐ
1676 5354 1980 5440 maia;
1999 5354 2067 5429 ἱ
2094 5354 2278 5426 Vit—Ini
2321 5354 2617 5426 altitudine
2661 5367 2791 5440 Bod.
2821 5362 3201 5440 κρῖ-μείξιιῆ
3231 5354 3660 5440 ροωυεη-ἶεξρξ)

289 5443 435 5492 Lam.
469 5445 594 5494 Bod.
621 5447 666 5506 1,
692 5445 739 5507 2,
769 5447 817 5508 3,
848 5449 897 5497 4.
928 5425 1037 5498 Ν“σ.
1069 5425 1113 5498 ἱ.
1130 5425 1254 5500 "Litt.
1301 5425 1665 5501 “sistimus
1685 5425 1939 5502 Biitv'dbl

2026 5425 2116 5500 vc.
2148 5425 2335 5500 ίξιίηζ
2369 5443 2496 5496 Bod.
2544 5441 2666 5504 1,2,
2693 5441 2742 5502 3,
2769 5439 2815 5488 4.
2886 5432 2928 5466 π
2951 5431 3021 5483 Et
3040 5429 3274 5482 vocabis
3296 5439 3500 5478 nomen
3539 5425 3664 5474 Tim.

302 5518 444 5567 Fou.
475 5515 618 5566 εον-ὁ.
641 5519 950 5570 vocabitur.
987 5521 1112 5571 Bod.
1147 5522 1195 5572 3.
1221 5522 1386 5573 Jesus
1407 5521 1529 5573 Bod.
1562 5523 1609 5573 3.

1588 5707 1814 5789 Steph.
1860 5708 2109 5773 Baluzii
2155 5710 2351 5770 notae.

353 5866 448 5933 (33)
469 5866 547 5918 De
568 5866 874 5920 antichristi
895 5867 1112 5934 spiritu.
1135 5866 1280 5922 Vide
1300 5865 1517 5920 Erasini
1536 5865 1920 5921 adnotationes
1951 5866 2012 5918 in
2037 5865 2192 5919 hunc
2215 5864 2406 5918 locum
2430 5860 2595 5916 Petri.
