3998 6194
242 206 349 263 733

1255 203 1805 261 TESTIMONIORUM
1844 202 2001 259 ADV.
2040 203 2314 260 JUDEOS
2356 204 2484 260 LIB.
2527 206 2595 261 ΙΙ.

3502 206 3609 269 ’734

240 332 621 388 manducabit
657 332 706 367 ³³
752 331 1088 403 priusquam
1124 331 1262 387 sciat
1308 333 1615 404 reprobare
1661 332 1877 387 malum
1901 344 1959 416 Α
1980 332 2297 404 imaginem
2326 333 2451 403 ejus
2481 332 2577 404 qui
2608 332 2678 386 de
2705 332 2842 389 limo
2876 337 2980 403 est,
3012 336 3302 406 portemus
3329 337 3384 388 et
3410 332 3613 403 imagi—

242 432 304 482 et
335 426 546 497 eligere
576 426 795 480 bonum
822 426 867 462 ιθ
900 448 928 475 ››
976 428 1131 497 (Isa.,
1160 443 1249 496 vn,
1296 427 1507 496 10-15).
1540 428 1649 480 Hoc
1686 441 1880 480 semen

238 520 599 591 praedixerat
624 522 769 575 Deus
802 520 871 574 de
902 519 1140 574 muliere
1165 520 1495 591 procedere,
1522 521 1674 591 quod
1706 520 1881 574 calca—

236 619 334 669 ret
365 619 537 687 caput
584 613 819 669 diaboli.
862 616 924 668 In
971 614 1214 669 Genesi:
1272 635 1299 663 ‹‹
1348 616 1500 669 Tunc
1549 614 1691 669 dixit
1735 615 1881 669 Deus

236 709 316 763 ad
356 710 689 780 serpentem
722 725 734 762 :
774 707 915 772 Quia
954 714 1014 762 tu
1056 709 1162 762 hoc
1207 706 1410 776 fecisti,
1438 709 1773 763 maledictus
1817 713 1881 763 tu

235 802 312 857 ab
348 803 510 857 omni
537 818 752 873 genere
785 802 832 835 ³ο
861 802 1177 857 bestiarum
1215 804 1401 857 terrae.
1429 804 1664 858 Pectore
1694 807 1789 856 tuo
1826 804 1882 857 et

236 902 442 953 ventre
486 913 673 968 repes,
706 899 763 951 et
802 896 910 951 erit
952 895 1056 951 tibi
1106 899 1258 950 terra
1306 896 1464 951 cibus
1506 897 1566 950 in
1612 896 1880 951 omnibus

235 991 450 1047 diebus
481 990 610 1045 vita:
640 996 772 1045 tum.
805 991 873 1045 Et
911 1006 1120 1062 ponam
1164 991 1524 1045 inimicitiam
1561 991 1713 1045 inter
1744 996 1799 1045 te
1825 994 1882 1045 et

229 1086 547 1140 mulierem
573 1088 630 1140 et
655 1084 805 1140 inter
833 1101 1045 1140 semen
1077 1086 1121 1119 ³¹
1151 1085 1293 1156 ejus.
1329 1087 1453 1156 Ipse
1485 1089 1649 1139 tuum
1688 1084 1877 1139 obser-

233 1181 402 1235 vabit
450 1180 496 1215 ³²
543 1182 731 1249 caput,
780 1183 839 1234 et
884 1182 946 1233 tu
1002 1179 1329 1234 observabis
1383 1179 1713 1235 calcaneum
1756 1179 1879 1250 ejus

239 1276 534 1345 (Gen.,1u,
574 1273 657 1341 14,
689 1274 797 1341 15).
833 1295 861 1323 »

238 1388 383 1443 CAP.
412 1388 474 1440 x.
506 1417 575 1427 -—
602 1386 756 1452 Quod
778 1392 827 1443 et
851 1388 1018 1440 Homo
1047 1390 1097 1439 et
1122 1388 1262 1440 Deus
1281 1386 1543 1453 Christus,
1568 1402 1635 1441 ea:
1652 1393 1881 1457 utroque

312 1483 510 1535 genere
554 1471 849 1529 concretus,
898 1471 959 1520 ut
1010 1466 1277 1521 mediator
1331 1482 1436 1522 esse
1488 1468 1632 1521 inter
1683 1482 1779 1522 nos
1831 1472 1881 1522 et

316 1551 539 1605 Patrem
566 1554 761 1619 posset.

309 1651 479 1722 Apud
522 1650 830 1706 Jeremiam
862 1650 909 1685 ³³
940 1666 954 1705 :
1001 1671 1029 1700 (ι
1073 1652 1139 1705 Et
1177 1650 1350 1705 homo
1381 1655 1483 1719 est,
1511 1654 1568 1705 et
1590 1651 1715 1722 quis
1742 1667 1876 1722 cog-

233 1716 441 1800 noscet
485 1761 621 1799 eum
667 1766 695 1795 »
740 1747 975 1815 (Jerem.,
1008 1759 1141 1813 xvu,
1172 1745 1275 1814 9)?
1302 1746 1444 1799 Item
1468 1716 1535 1798 in
1567 1716 1871 1800 N-umeris':
1898 1716 1955 1789 B
1985 1754 2070 1819 12,
2138 1754 2222 1819 14,
2288 1753 2394 1823 16).
2458 1716 2602 1805 uein
2681 1750 2832 1820 apud
2890 1716 3094 1802 Isaiam
3138 1764 3151 1801 :

1979 442 2116 480 nem
2147 427 2267 496 ejus
2295 426 2393 497 qui
2424 426 2491 481 de
2522 425 2660 480 ccelo
2690 430 2828 479 est»
2860 430 2901 499 (Ι
2937 428 3082 492 ϐοτη
3115 444 3203 496 xv,
3236 425 3453 498 47-49).

1980 541 2103 595 CAP.
2138 539 2222 592 Xl.
2251 568 2321 578 —
2352 538 2503 606 Quod
2535 538 2601 592 de
2629 541 2825 592 semine
2855 540 3033 594 David
3066 540 3353 595 secundum
3396 554 3609 594 carnem

2596 621 2748 673 nasci
2772 620 3009 673 haberet.

2052 720 2110 773 In
2156 716 2403 771 Basilion
2447 716 2698 771 secundo
2733 733 2745 770 :
2797 736 2825 765 ‹‹
2859 717 2926 770 Et
2967 716 3077 770 fuit
3105 716 3342 771 verbum
3384 715 3609 770 Domini

1980 811 2054 866 ad
2099 811 2324 865 Nathan
2371 810 2608 865 dicens:
2652 811 2781 864 Haec
2822 809 2963 863 dicit
3006 809 3326 864 Dominus:
3376 809 3499 863 Non
3546 812 3607 864 tu

1980 904 2287 960 mdiﬁcabis
2313 904 2456 959 mihi
2486 905 2724 959 domum
2749 904 2819 958 ad
2846 902 3285 959 inhabitandum
3309 920 3322 968 ;
3354 903 3452 957 sed
3479 902 3609 973 erit,

1980 1016 2112 1054 cum
2157 999 2383 1070 impleti
2430 999 2647 1054 fuerint
2699 998 2817 1053 dies
2862 997 2967 1067 tui,
3019 1001 3075 1051 et
3125 995 3426 1051 dormieris
3478 1011 3609 1050 cum

1980 1093 2234 1165 patribus
2278 1093 2408 1161 tuis,
2439 1092 2725 1147 suscitabo
2765 1108 2963 1146 semen
3014 1097 3175 1145 tuum
3221 1092 3350 1162 post
3401 1094 3474 1157 te,
3506 1089 3607 1160 qui

1981 1188 2089 1243 erit
2113 1188 2181 1243 de
2210 1191 2372 1241 utero
2404 1193 2522 1255 tuo,
2556 1192 2611 1241 et
2638 1186 2849 1258 parabo
2884 1201 3133 1256 regnum
3166 1184 3308 1255 ejus.
3342 1183 3442 1237 Hic
3475 1183 3609 1238 mdi-

1980 1281 2168 1336 ﬁcabit
2196 1281 2340 1335 mihi
2382 1280 2620 1335 domum
2665 1280 2725 1333 in
2767 1279 3004 1333 nomine
3040 1295 3171 1333 meo
3204 1279 3271 1345 ‘9,
3305 1283 3361 1332 et
3390 1276 3613 1348 erigam

1980 1376 2253 1430 thronum
2287 1376 2410 1446 ejus
2439 1390 2616 1446 usque
2643 1375 2701 1427 in
2733 1374 3026 1428 saeculum.
3056 1374 3121 1426 Et
3165 1388 3274 1443 ego
3316 1388 3412 1425 ero
3455 1371 3508 1425 ei
3554 1371 3612 1426 in

1980 1475 2229 1540 patrem,
2264 1472 2322 1523 et
2349 1468 2469 1540 ipse
2497 1468 2604 1523 erit
2631 1467 2773 1522 mihi
2812 1467 2871 1521 in
2901 1467 3120 1535 tilium;
3173 1472 3230 1520 et
3272 1465 3445 1519 ﬁdem
3477 1481 3609 1518 con-

1982 1566 2247 1635 sequetur
2302 1563 2508 1623 domus
2562 1562 2705 1633 ejus,
2758 1567 2815 1616 et
2860 1577 3105 1632 regnum
3156 1560 3277 1630 ejus
3321 1576 3500 1630 usque
3553 1558 3613 1611 in

1979 1658 2250 1712 saeculum
2299 1657 2357 1711 in
2401 1662 2707 1726 conspectu
2751 1672 2881 1709 meo
2927 1678 2953 1704 ι»
3007 1656 3075 1725 (ΙΙ
3122 1658 3272 1724 Reg.,
3315 1669 3411 1716 vu,
3458 1654 3513 1719 4,
3557 1656 3610 1719 5,

3219 1768 3247 1797 (ι
3320 1748 3389 1800 Et
3442 1745 3620 1800 exibit

234 1859 267 1890 κ
327 1838 562 1894 Orietur
609 1839 774 1893 stella
824 1855 891 1893 ex
938 1838 1129 1907 Jacob,
1176 1843 1233 1892 et
1271 1841 1542 1910 exsurget
1589 1839 1762 1894 homo
1807 1855 1876 1895 ex
1975 1845 2137 1916 virga
2179 1846 2227 1880 ⁵ο
2275 1844 2344 1899 de
2396 1845 2585 1900 radice
2633 1848 2807 1913 Iesse,
2854 1849 2910 1897 et
2956 1842 3061 1897 ﬂos
3122 1841 3194 1895 de
3232 1840 3436 1899 fradice
3491 1840 3613 1909 ejus

231 1934 439 1987 Israel.
480 1954 507 1981 ››
548 1934 689 1986 item
738 1932 887 1987 illic:
925 1954 953 1982 ‹‹
999 1932 1272 1987 Procedet
1314 1934 1494 1987 homo
1541 1933 1611 1989 de
1656 1933 1875 1988 semine

237 2028 392 2098 ejus,
429 2029 487 2080 et
516 2026 906 2081 dominabitur
937 2026 1246 2081 multarum
1288 2027 1547 2097 gentium
1575 2032 1631 2082 et
1658 2027 1875 2082 exalta-

234 2121 402 2176 bitur
445 2125 721 2191 tanquam
752 2121 800 2155 3‘
849 2121 969 2191 Gog
1017 2135 1260 2192 regnum
1307 2121 1501 2191 ipsius,
1545 2127 1601 2176 et
1646 2120 1869 2192 augebi-

232 2219 341 2270 tur
393 2213 586 2286 705
634 2230 877 2285 regnum
920 2215 1063 2285 ejus,
1114 2220 1171 2270 et
1206 2216 1353 2270 Deus
1391 2216 1585 2271 eduxit
1630 2232 1765 2271 eum
1809 2216 1887 2270 ex'

234 2310 492 2380 Egypto
524 2308 610 2375 35;
659 2308 823 2379 quasi
863 2308 1086 2363 claritas
1117 2309 1403 2363 unicornis
1448 2310 1499 2363 ei
1545 2311 1613 2378 ³⁸,
1653 2314 1709 2364 et
1752 2309 1880 2365 edet

240 2408 455 2474 gentes
484 2401 853 2457 inimicorum
885 2419 1121 2457 suorum
1146 2404 1215 2465 ³⁷,
1248 2407 1305 2457 et
1331 2403 1734 2458 crassitudines
1766 2404 1881 2457 illo-

234 2513 378 2551 rum
429 2496 819 2565 emedullabit,
863 2501 920 2551 et
966 2496 1179 2551 balistis
1228 2498 1343 2552 suis
1398 2498 1641 2568 configet
1688 2497 1877 2552 inimi-

234 2607 374 2645 cum
404 2591 472 2643 ³⁸.
523 2591 820 2647 Recubans
865 2592 908 2625 '9
956 2591 1239 2662 requievit
1278 2592 1440 2663 quasi
1478 2592 1567 2647 leo
1616 2597 1672 2647 et
1715 2592 1880 2663 quasi

238 2684 469 2740 catulus
495 2683 695 2739 leonis.
724 2684 858 2747 Quis
885 2684 1183 2739 suscitabit
1203 2701 1335 2740 eum
1353 2687 1380 2740 ?
1403 2686 1510 2750 Qui
1534 2686 1879 2741 benedicunt

242 2783 302 2833 te
332 2779 385 2813 ⁴⁰
416 2778 703 2833 benedicti
732 2782 885 2847 sunt,
916 2784 971 2833 et
996 2779 1093 2849 qui
1122 2780 1471 2834 maledicunt
1499 2785 1552 2834 te
1592 2779 1881 2834 maledicti

243 2876 382 2927 sunt
430 2893 457 2921 »
510 2872 714 2943 (Nam,
762 2888 907 2941 xxiv,
946 2875 1029 2940 17,
1066 2873 1209 2943 7-9).
1254 2876 1401 2929 Item
1442 2874 1592 2945 apud
1634 2874 1877 2929 Isaiam:

249 2988 277 3015 ιι
322 2966 568 3037 Spiritus
609 2966 833 3021 Domini
875 2982 1047 3037 super
1091 2983 1209 3021 me.
1244 2970 1481 3038 Propter
1517 2968 1669 3038 quod
1718 2968 1883 3022 unxit

1978 1938 2169 2012 706
2196 1939 2543 2008 ascendet“,
2564 1941 2621 1993 et
2649 1938 2965 2009 requiescet
2993 1950 3165 2005 super
3202 1950 3334 1989 eum
3374 1933 3607 2004 spiritus

1978 2033 2224 2103 Domini,
2276 2032 2510 2103 spiritus
2554 2032 2851 2103 sapientia
2898 2034 2954 2084 et
2998 2029 3336 2095 intellectus,
3384 2027 3613 2097 spiritus

1978 2127 2201 2183 consilii
2232 2132 2289 2181 et
2317 2126 2687 2193 fortitudinis,
2719 2124 2949 2196 spiritus
2980 2122 3233 2177 scientia:
3268 2125 3325 2176 et
3366 2120 3607 2192 pietatis,

1979 2226 2036 2278 et
2063 2220 2326 2292 implebit
2352 2236 2482 2274 eum
2513 2219 2747 2291 spiritus
2777 2216 3000 2272 timoris
3044 2215 3266 2272 Domini
3294 2215 3341 2249 ⁵³
3384 2236 3411 2265 ››
3458 2216 3612 2285 (Isa.,

1978 2333 2060 2384 x1,
2104 2314 2245 2385 1-3).
2293 2316 2434 2369 Item
2492 2314 2549 2367 in
2599 2313 2822 2367 Psalmo
2873 2327 3079 2367 cxxxi:
3136 2331 3165 2360 «
3210 2308 3422 2365 Juravit
3468 2309 3616 2363 Deus

1979 2410 2088 2481 ipsi
2117 2408 2287 2462 David
2313 2408 2635 2473 veritatem,
2672 2411 2729 2460 et
2759 2422 2873 2460 non
2904 2404 3227 2476 reprobavit
3262 2418 3388 2457 eam
3414 2403 3459 2436 δ’
3493 2418 3506 2455 :
3540 2402 3614 2456 De

1981 2505 2167 2558 fructu
2198 2502 2409 2557 ventris
2434 2501 2514 2555 tui
2543 2516 2754 2571 ponam
2795 2515 2964 2569 super
2991 2498 3265 2553 thronum
3294 2511 3487 2551 meum
3507 2495 3553 2529 ⁵⁸
3582 2516 3609 2543 ››

1980 2598 2357 2668 (Psal.cxxx1,
2399 2594 2508 2667 11).
2538 2597 2681 2649 Item
2724 2593 2783 2647 in
2833 2592 3143 2662 Evangelio
3189 2593 3315 2645 cata
3360 2589 3611 2644 Lucam:

1983 2712 2009 2742 ‹‹
2059 2694 2126 2747 Et
2176 2691 2320 2745 dixit
2363 2688 2605 2760 angelus
2651 2688 2721 2741 ad
2776 2687 2972 2741 illam:
3028 2687 3107 2739 Ne
3160 2684 3382 2750 timeas,
3418 2681 3612 2736 Maria.

1980 2784 2251 2843 Invenisti
2281 2783 2436 2839 enim
2470 2781 2718 2854 gratiam
2752 2786 2887 2835 ante
2924 2781 3119 2835 Deum.
3149 2780 3287 2833 Ecce
3328 2775 3616 2846 concipies

1980 2881 2040 2934 in
2071 2883 2232 2934 utero
2262 2878 2330 2945 ⁵⁵,
2362 2882 2417 2931 et
2441 2876 2632 2947 paries
2658 2875 2864 2940 filium,
2892 2876 2952 2927 et
2988 2871 3207 2926 vocabis
3234 2885 3449 2925 nomen
3492 2869 3615 2940 ejus

1980 2975 2193 3028 .lesum.
2226 2972 2322 3026 Hic
2355 2972 2464 3025 erit
2490 2986 2753 3040 magnus,
2789 2970 2846 3021 et
2875 2967 3043 3021 Filius
3084 2964 3359 3020 Altissimi
3389 2961 3613 3016 vocabi-

244 3077 341 3114 me
376 3062 448 3128 δι,
478 3060 628 3113 bene
660 3060 929 3115 nuntiare
959 3061 1310 3132 pauperibus
1341 3062 1495 3117 misit
1538 3078 1653 3130 me,
1681 3078 1881 3117 curare
1904 3086 1959 3160 ρ
1984 3071 2096 3135 tur,
2139 3070 2199 3120 et
2249 3064 2407 3120 dabit
2453 3064 2535 3118 illi
2583 3062 2854 3117 Dominus
2910 3059 3059 3115 Deus
3110 3060 3383 3113 thronum
3438 3054 3616 3110 David

246 3153 659 3208 contribulatos
688 3154 859 3208 corde
892 3156 959 3222 ‘3,
990 3156 1297 3225 praedicare
1331 3156 1567 3227 captivis
1595 3155 1879 3211 remissio-

245 3264 390 3302 nem
425 3252 481 3301 el
526 3248 689 3301 caecis
714 3248 897 3302 visum
926 3250 990 3316 ‘3,
1022 3265 1224 3304 vocare
1265 3266 1481 3304 annum
1515 3250 1736 3306 Domini
1785 3266 1881 3305 ac-

247 3340 594 3413 ceptabilem
642 3345 698 3395 et
737 3341 891 3396 diem
933 3343 1328 3397 retributionis
1368 3364 1395 3393 ››
1441 3346 1597 3415 (Isa.,
1626 3362 1732 3411 Lxl,
1771 3345 1878 3415 12).

246 3435 411 3490 Unde
442 3436 501 3489 in
541 3436 847 3507 Evangelio
894 3443 1018 3492 cata
1061 3438 1265 3491 Lucam
1313 3438 1539 3494 Gabriel
1571 3441 1617 3473 ⁴⁴
1654 3439 1723 3493 ad
1764 3440 1879 3494 Ma-

246 3531 396 3583 riam
428 3530 477 3563 “
508 3547 521 3583 :
554 3551 581 3578 «
612 3531 680 3584 Et
728 3530 1082 3601 respondens
1120 3533 1359 3602 angelus
1397 3533 1540 3587 dixit
1578 3534 1647 3587 ad
1676 3534 1831 3587 illam
1865 3549 1878 3587 :

246 3622 496 3693 Spiritus
539 3629 764 3677 sanctus
806 3625 1171 3694 superveniet
1213 3628 1272 3680 in
1303 3631 1381 3689 te,
1412 3632 1467 3682 et
1495 3626 1674 3681 virtus
1712 3627 1879 3681 Altis-

247 3716 379 3770 simi
411 3717 778 3772 obumbrabit
806 3720 859 3773 te
882 3720 949 3773 "5.
977 3720 1336 3790 Quapropter
1356 3723 1401 3756 ‘7
1439 3723 1592 3793 quod
1619 3726 1883 3777 nascetur

250 3828 317 3865 ex
348 3815 404 3864 te
450 3817 710 3865 sanctum
758 3812 1049 3866 vocabitur
1093 3813 1261 3867 Filius
1293 3815 1393 3868 Dei
1425 3837 1451 3864 ››
1503 3816 1671 3884 (Luc.,
1701 3834 1739 3883 ι,
1768 3816 1879 3884 35).

258 3906 401 3958 ltem
431 3905 491 3957 in
518 3905 768 3975 Epistola
794 3906 950 3959 Pauli
977 3906 1048 3960 ad
1077 3907 1401 3963 Corinthios
1436 3908 1664 3980 priore:
1698 3930 1723 3959 ‹‹
1761 3910 1877 3964 Pri-

249 4014 380 4051 mus
411 3998 585 4051 homo
614 3999 683 4053 de
703 4002 869 4053 terra!
885 3999 1043 4063 limo,
1066 4001 1348 4056 secundus
1370 4002 1541 4057 homo
1563 4003 1633 4057 de
1654 4003 1791 4059 coelo
1810 4005 1876 4056 ⁸⁸.

243 4090 439 4155 Qualis
465 4092 560 4146 ille
587 4093 655 4147 de
684 4092 843 4162 limo,
867 4095 1005 4148 tales
1036 4098 1094 4149 et
1131 4095 1229 4167 qui
1272 4096 1340 4150 de
1381 4097 1522 4152 limo
1549 4114 1562 4165 ;
1598 4101 1654 4152 et
1695 4098 1881 4169 qualis

242 4186 502 4255 caelestis,
548 4186 689 4243 tales
741 4192 797 4242 et
849 4188 1127 4244 cmlestes.
1175 4190 1474 4255 Quomodo
1526 4192 1879 4263 portavimus

1983 3160 2166 3233 patris
2208 3159 2316 3227 sui,
2351 3162 2408 3214 et
2452 3157 2794 3229 regnabit“
2841 3171 3014 3225 super
3059 3153 3293 3208 domum
3338 3149 3510 3205 Jacob
3554 3148 3613 3202 in

1984 3255 2189 3311 szecula
2210 3254 2281 3323 ⁵⁷,
2332 3258 2392 3307 et
2438 3252 2605 3323 regni
2646 3251 2771 3321 ejus
2818 3266 2931 3304 non
2974 3247 3083 3303 erit
3121 3247 3250 3300 finis
3292 3266 3320 3295 ››
3370 3246 3545 3315 (Luc.,
3574 3258 3613 3310 ι,

1982 3351 2190 3420 30-33).
2219 3350 2363 3404 Item
2408 3347 2467 3401 in
2513 3343 2897 3417 Apocalypsi:
2948 3364 2976 3392 ι(
3020 3343 3087 3395 Et
3134 3340 3250 3395 vidi
3292 3338 3507 3393 librum
3554 3337 3614 3390 in

1984 3443 2222 3497 dextera
2248 3442 2352 3496 Dei
2383 3439 2634 3495 sedentis
2660 3454 2833 3509 super
2860 3437 3135 3491 thronum
3164 3434 3441 3504 scriptum
3460 3432 3618 3485 intus

1982 3544 2037 3591 et
2061 3544 2216 3591 retro
2249 3536 2318 3602 5°,
2363 3534 2657 3606 signatum
2687 3531 2863 3603 signis
2893 3532 2941 3565 5°
2969 3532 3228 3602 septem;
3260 3530 3320 3581 et
3346 3526 3460 3581 vidi
3511 3541 3612 3579 an-

1982 3631 2179 3702 gelum
2231 3631 2442 3685 fortem
2498 3627 2907 3699 praedicantem
2957 3640 3091 3679 voce
3144 3638 3355 3692 magna
3406 3638 3419 3675 :
3480 3620 3617 3684 Quis

1983 3725 2191 3797 dignus
2217 3730 2301 3779 est
2340 3722 2596 3793 accipere
2638 3721 2850 3775 librum
2891 3724 2947 3773 et
2990 3716 3217 3789 aperire
3247 3716 3412 3786 signa
3450 3714 3617 3785 ejus?

1982 3820 2093 3873 Nec
2122 3823 2423 3889 quisquam
2453 3819 2669 3887 poterat
2712 3828 2898 3884 neque
2940 3812 2996 3866 in
3029 3811 3191 3877 coelo,
3221 3824 3407 3880 neque
3448 3824 3618 3878 super

1980 3915 2190 3967 terram
2212 3912 2283 3979 ⁵ο,
2329 3926 2516 3981 neque
2544 3908 2645 3963 sub
2691 3911 2846 3962 terra
2873 3908 2945 3973 6‘,
2992 3904 3214 3976 aperire
3253 3902 3486 3970 librum,
3518 3901 3619 3954 sed

1979 4022 2171 4077 neque
2196 4005 2521 4076 perspicere
2553 4019 2707 4057 eum.
2736 4004 2803 4057 Et
2829 4017 2936 4071 ego
2957 3999 3165 4054 ﬂebam
3197 3998 3444 4051 multum
3466 3996 3614 4066 quod

1980 4116 2155 4155 nemo
2186 4098 2396 4169 dignus
2427 4098 2472 4133 ⁶²
2502 4102 2760 4167 repertus
2787 4097 2937 4150 esset
2976 4093 3073 4165 qui
3112 4092 3366 4163 aperiret
3404 4088 3616 4144 librum

1979 4198 2077 4248 aut
2103 4192 2323 4249 videret
2342 4192 2523 4247 illum.
2558 4193 2625 4249 Et
2649 4204 2794 4244 unus
2826 4204 2894 4246 ex
2920 4186 3244 4244 senioribus
3270 4184 3415 4241 dixit
3440 4183 3616 4239 mihi:

1630 4445 1841 4511 Variae
1905 4448 2246 4513 lectiones.

310 4628 355 4706 ξε
381 4628 651 4706 (ξρωθᾶθζ.
678 4631 798 4706 Lin._
854 4633 895 4668 ι’
918 4635 1255 4700 Priusquam
1291 4643 1592 4703 cognoscat
1618 4643 1681 4691 ut
1716 4643 1972 4706 prmferat
1998 4642 2165 4702 mala,
2198 4639 2566 4693 commutabit
2598 4638 2809 4689 bonum
2862 4636 2997 4706 Voss.
3025 4635 3074 4695 3,
3103 4635 3151 4685 4.
3178 4633 3302 4706 Tha.
3332 4631 3448 4681 Cor.
3476 4630 3621 4706 Lam.

251 4702 359 4751 ΝΟ.
389 4703 502 4751 Lin.
532 4703 661 4754 Bod.
702 4705 746 4763 1,
776 4704 824 4761 2,
873 4711 919 4767 3,
953 4711 995 4755 4.
1032 4699 1187 4757 Oxon.
1216 4699 1537 4762 Comfnutat
1579 4699 1785 4764 Voss-3.
1812 4716 1856 4764 4.
1888 4716 2071 4765 Benev.
2111 4699 2462 4765 Commutato
2497 4711 2609 4759 Ver.
2654 4708 2884 4770 lmpress.
2920 4704 3073 4755 Sciat
3100 4702 3392 4767 reprobate
3414 4699 3622 4750 malum

252 4776 305 4823 et
332 4772 534 4835 eligere
559 4775 771 4824 bonum
838 4776 878 4809 ³ο
897 4778 981 4826 Tu
1002 4778 1069 4827 ab
1090 4780 1241 4829 omni
1262 4794 1479 4843 pecore,
1507 4786 1561 4832 et
1575 4782 1644 4832 ab
1663 4784 1801 4833 Lam.
1849 4786 1963 4834 Lin.
1994 4784 2116 4835 Bod.
2146 4784 2254 4833 NO.
2276 4786 2319 4833 1.
2350 4781 2473 4832 Bod.
2503 4784 2547 4839 1,
2571 4785 2620 4839 2,
2650 4785 2696 4839 3,
2726 4781 2771 4829 4.
2809 4778 2933 4828 Tha.
2961 4780 3101 4829 Foss.
3132 4773 3281 4825 Corb.
3345 4776 3391 4806 “
3437 4773 3621 4822 Tuum

255 4846 310 4893 et
342 4844 487 4894 inter
511 4858 700 4896 semen
724 4848 861 4897 Lam.
891 4850 1003 4897 Lin.
1028 4850 1136 4899 ΝΟ.
1170 4852 1212 4900 1.
1243 4852 1369 4902 Bod.
1400 4854 1445 4913 1,
1487 4851 1536 4914 2,
1566 4854 1615 4915 3,
1644 4856 1691 4904 4.
1733 4857 1856 4906 Tha.

1982 4872 2061 4905 )SS.
2091 4854 2240 4906 Corb.
2311 4856 2349 4885 ³³
2376 4853 2496 4914 ipsa
2532 4856 2691 4899 tuum
2722 4848 3035 4899 observabit
3062 4849 3240 4897 Benev.
3277 4847 3391 4895 Ver.
3574 4846 3619 4892 1.

257 4915 395 4962 Lam.
425 4915 549 4964 Bod.
586 4917 634 4976 2,
676 4918 722 4968 3.

827 4921 1181 4971 3’Jeremiam
1221 4923 1425 4973 dicitur
1461 4925 1605 4973 Lam.
1648 4926 1756 4975 ΝΟ.
1796 4928 1842 4985 1,
1890 4928 2014 4976 Bod.
2057 4927 2105 4985 2,
2146 4927 2194 4986 3,
2233 4927 2279 4974 4.

2384 4913 2423 4953 ³⁸
2444 4919 2797 4970 Exaltabitur
2827 4919 2964 4981 Gog.
3012 4919 3169 4967 Oxon.
3207 4916 3378 4978 Gigas
3412 4913 3542 4964 Bod.
3579 4915 3618 4963 1.

255 4987 297 5056 is
317 4985 553 5048 λΕεγρίο
579 4988 753 5050 gloria
780 4991 902 5052 ejus
926 4991 1051 5039 Βοά-
1080 4992 1125 5053 1,
1197 4993 1236 5025 ³⁵
1258 4993 1556 5044 Unicornis
1583 5000 1638 5045 et
1663 4996 1787 5046 edet
1815 4982 1921 5046 NO.
1957 5000 2006 5056 1,
2031 4982 2245 5046 2.’La'm.
2281 4996 2390 5045 Lin.
2418 4993 2537 5041 Tha.
2565 4992 2700 5039 Fors.
2786 4990 2825 5023 ³⁷
2854 4990 3063 5040 Carnes
3092 4987 3451 5056 inimicorum
3482 4982 3620 5056 Foss.

253 5053 297 5088 ⁸³
322 5056 645 5120 Confringet
672 5060 791 5107 Bod.
822 5062 867 5109 1.
901 5060 1187 5113 Conﬁciet.
1220 5066 1331 5113 Lin.
1364 5064 1409 5112 2.
1463 5066 1589 5115 Bod.
1630 5066 1684 5124 3,
1715 5068 1761 5115 4.

1864 5067 1902 5100 ³9
1929 5054 2012 5117 Sic
2044 5066 2169 5115 Bod.
2213 5068 2256 5125 1,
2297 5064 2345 5123 2,
2381 5064 2428 5114 3.
2471 5065 2610 5112 Lam.
2652 5063 2764 5110 Lin.
2810 5062 2931 5111 T/iu.
2976 5061 3111 5109 Foss.
3164 5058 3277 5107 Cor.
3329 5054 3434 5105 ΝΟ.
3490 5055 3533 5112 1,
3573 5054 3618 5103 2.

259 5127 615 5199 Recumbens
644 5131 799 5179 Oxon.
866 5130 909 5163 ⁴⁰
933 5133 1276 5184 Benedicent
1302 5137 1442 5185 Lam.
1476 5138 1589 5185 Lz'n.
1621 5137 1727 5187 ΝΟ.
1758 5140 1801 5186 1.
1836 5138 1957 5187 Bod.
1993 5140 2041 5199 2,
2070 5138 2121 5197 3,
2155 5140 2202 5187 4.
2270 5138 2311 5168 ⁴¹
2344 5132 2506 5196 Quod
2534 5133 2684 5181 misit
2710 5146 2800 5181 me
2830 5131 3041 5180 bonum
3073 5127 3194 5199 Bod.
3230 5127 3279 5176 3.
3325 5125 3626 5199 _“_Sﬂpal‘9

256 5198 661 5249 contribulatos
691 5202 825 5248 Lam.
853 5202 957 5250 NO.
994 5205 1037 5251 1.
1072 5203 1191 5253 Bod.
1220 5205 1266 5253 2.

1365 5207 1407 5238 ⁴³
1436 5205 1616 5256 Οωοὶε
1642 5208 1822 5256 visum
1857 5209 2143 5258 restituere
2172 5207 2277 5257 ΝΟ.
2307 5207 2353 5254 2.
2444 5205 2485 5235 ⁴⁴
2512 5201 2737 5253 Gabriel
2759 5200 2989 5262 angelus
3019 5198 3144 5248 Bod.
3178 5198 3223 5245 1.

3318 5196 3359 5227 ‘5
3380 5194 3533 5244 Dixit
3556 5191 3625 5242 ad

256 5270 484 5319 Mariam
510 5270 779 5334 virginem
808 5272 929 5322 Bod.
964 5274 1009 5334 3,
1041 5276 1087 5324 4.
1157 5276 1201 5307 ⁴⁶
1224 5276 1595 5327 Adumbrabit
1622 5279 1723 5329 tibi
1753 5279 1873 5327 Bod.
1907 5284 1953 5328 2.
1994 5281 2133 5329 Lam.
2170 5280 2280 5328 Li'n.
2315 5276 2421 5327 ΝΟ.
2452 5276 2498 5332 1,
2528 5273 2576 5322 2.
2656 5269 2700 5303 ‘7
2726 5270 3074 5332 Quapropter
3110 5267 3215 5316 hoc
3252 5265 3402 5330 quod
3435 5276 3623 5315 nasce-

257 5342 345 5409 tur
368 5352 434 5388 ex
463 5344 515 5389 te
536 5346 793 5391 sanctum
818 5344 959 5391 Lam.
992 5345 1098 5395 ΝΟ.
1133 5347 1177 5407 1,
1206 5347 1254 5396 2.
1280 5349 1391 5395 Lin.
1427 5348 1549 5396 Bod.
1587 5350 1626 5409 1,
1658 5349 1706 5408 3,
1735 5351 1779 5397 4.
1817 5348 1937 5398 leu.
1981 5353 2117 5399 Voss.
2154 5348 2299 5398 Corb.

254 5408 567 5480 “pomum
614 5414 842 5463 nomine
889 5427 1015 5463 meo
1064 5415 1184 5464 Thu.
1244 5418 1376 5465 Voss.
1431 5417 1580 5467 Corb.
1616 5408 1766 5468 Lam.
1819 5420 1926 5466 Lin.
1981 5421 2086 5470 NO.
2136 5422 2179 5480 1,
2225 5419 2271 5469 2.
2314 5416 2440 5467 Bod.
2488 5415 2536 5474 2,
2579 5413 2627 5474 2,
2676 5415 2718 5460 ι.

1428 5491 1467 5521 ⁵⁸
1494 5490 1733 5540 Timoris
1776 5491 1878 5539 Dei
1929 5491 2047 5540 Tha.
2094 5489 2243 5541 Corb.

256 5479 532 5533 5'Radice
574 5484 693 5547 ejus
744 5484 1094 5537 descendens
1145 5488 1295 5538 Coro.

256 5561 385 5599 eum
423 5554 559 5602 Voss.

254 5620 377 5669 Bod.
405 5621 451 5672 3.

258 5693 397 5741 terra
433 5693 560 5743 Bod.
592 5698 633 5758 1,
662 5697 710 5759 2,
733 5697 780 5759 3,
805 5698 853 5747 4.
886 5700 1026 5754 Lam.
1058 5700 1168 5751 Lin.
1201 5701 1311 5753 NG.
1343 5704 1387 5753 1.

259 5762 369 5814 Lin.
403 5764 510 5819 ΝΟ.
534 5767 579 5819 1.

660 5557 701 5588 ⁵⁴
728 5554 907 5619 Super
932 5556 1197 5607 thronum
1230 5562 1392 5609 tuum
1432 5561 1587 5609 Oxon.

1688 5564 1727 5594 ⁵⁵
1753 5561 1814 5609 In
1854 5564 2010 5611 utero
2047 5565 2140 5612 tuo
2185 5559 2308 5611 Bod.
2339 5560 2387 5609 3.

582 5624 626 5659 ⁵⁸
653 5624 933 5689 Scriptum
977 5627 1126 5677 intus
1162 5632 1217 5679 et
1260 5634 1475 5681 secreto
1518 5630 1625 5680 ΝΟ.
1670 5631 1717 5681 2.
1761 5631 1893 5681 foris
1941 5632 2062 5682 Bod.
2096 5633 2139 5681 1.

1486 5702 1530 5733 ⁸³
1562 5699 1680 5753 Sub
1719 5705 1925 5754 terram
1953 5703 2077 5754 Bod-
2111 5704 2157 5767 2:
2193 5702 2241 5765 θ’
2274 5706 2317 5752 ⁴ο

2401 5345 2444 5379 ⁴⁸
2469 5341 2768 5395 Secundus
2806 5339 2874 5389 de
2915 5339 3058 5389 ccelo
3098 5338 3237 5386 Lam.
3275 5337 3385 5385 Lz‘n.
3423 5335 3530 5384 NO.
3578 5334 3620 5381 1.

2401 5416 2439 5456 i-
2488 5415 2535 5456 ρ-
2579 5413 2626 5456 2-
2676 5415 2718 5456 ι.
2850 5411 2891 5443 5°
2919 5408 3107 5456 Exivit
3136 5406 3280 5456 Coro.
3316 5407 3477 5456 Exiet
3504 5404 3620 5453 Tim.

2374 5416 2440 5464 id.
2488 5415 2536 5474 2,
2579 5413 2627 5474 2,
2676 5415 2718 5460 ι.
2850 5411 2891 5443 ⁵ο
2919 5408 3107 5459 Exivit
3136 5408 3280 5458 Corb.
3316 5408 3477 5456 Exiet
3504 5408 3622 5453 Tim.

2374 5490 2413 5520 ⁵³
2440 5486 2509 5536 Et
2549 5497 2661 5533 non
2712 5480 2999 5531 frustrabit
3036 5480 3142 5531 ΝΟ.
3186 5479 3232 5527 2.
3265 5474 3629 5541 Reprobravit

2379 5594 2387 5606 .
2484 5556 2527 5590 ⁵⁸
2552 5556 2623 5606 Et
2662 5567 2895 5617 regnum
2945 5552 3084 5605 Voss.
3183 5550 3222 5583 ⁵⁷
3249 5551 3310 5599 In
3356 5552 3625 5598 aeternum

2379 5628 2543 5666 εσίιιίιι
2585 5626 2703 5666 Rud.
2746 5628 2789 5666 4.
2847 5627 2984 5666 Lam-
3024 5624 3135 5666 Lin.
3179 5622 3287 5666 ΝΟ.
3324 5622 3370 5666 1.
3497 5617 3538 5650 ⁸ο
3564 5618 3627 5666 In

2271 5630 2311 5665 5'
2336 5628 2543 5694 Sigillis
2578 5626 2704 5678 Bod.
2746 5628 2791 5676 1.
2842 5627 2985 5678 Lam.
3019 5624 3135 5674 Lin.
3178 5622 3287 5671 ΝΟ.
3324 5622 3370 5669 1.
3497 5622 3538 5650 ⁸ο
3564 5622 3625 5666 In

2274 5706 2317 5752 4.
2417 5699 2458 5734 ⁸³
2487 5700 2658 5755 Nemo
2696 5697 2904 5762 dignus
2928 5698 2989 5751 in
3025 5698 3172 5745 terra
3203 5691 3327 5746 Bod.
3362 5691 3457 5740 1-4.
3489 5689 3625 5741 Lam.
