3998 6194
283 308 384 362 735

1222 309 1280 364 S.
1320 308 1636 366 CYPRIANI
1674 309 1951 366 OPERUM
1988 310 2160 366 PARS
2199 310 2266 367 II.
2310 340 2377 352 —
2414 312 2781 371 OPUSCULA.

3540 313 3647 368 736

281 434 361 487 Ne
406 431 646 501 ﬂeveris,
686 447 815 486 ecce
851 431 983 486 vicit
1026 432 1136 487 Leo
1189 433 1257 488 de
1313 435 1469 489 tribu
1518 435 1685 501 Juda,
1739 435 1915 489 Radix
1938 447 2168 521 Arum,
2199 439 2255 491 et
2278 436 2387 491 fuit
2413 438 2559 492 Deus
2585 439 2632 472 79
2661 437 2956 492 auxiliator
2981 452 3141 491 meus
3170 454 3198 485 »
3229 438 3383 506 (Isa.,
3413 452 3462 506 L,
3494 440 3548 503 5,
3568 438 3649 505 7).

285 527 484 594 David,
525 526 747 596 aperire
788 525 998 580 librum
1035 531 1090 581 et
1128 527 1342 582 solvere
1385 530 1429 567 ⁸³
1479 534 1704 599 septem
1751 529 1918 599 signa

287 620 408 689 ejus
438 641 467 669 »
498 620 714 690 (Apoc.,
746 637 795 688 v,
831 625 881 689 1,
920 621 995 689 5).

438 738 564 791 CAP.
593 737 697 791 XII.
731 767 792 777 —
832 739 983 805 Quod
1010 741 1069 791 in
1101 738 1399 793 Bethlehem
1427 746 1761 795 nasceretur.

350 840 515 910 Apud
543 839 844 894 Michzeam
872 857 884 894 :
918 862 943 890 «
976 842 1041 895 Et
1069 845 1128 895 tu
1160 842 1514 910 Bethlehem,
1539 842 1745 897 domus
1763 844 1809 878 6‘
1835 844 1922 898 Ef-

282 932 445 1001 frata,
476 949 589 987 non
610 934 817 1005 exigua
837 950 915 1003 es,
938 938 998 989 ut
1025 935 1391 990 constitueris
1410 937 1468 990 in
1494 937 1743 991 millibus
1762 939 1924 993 Juda.

287 1008 363 1081 Es
389 1031 445 1082 te
483 1028 625 1081 mihi
664 1028 933 1099 procedet
965 1033 1025 1083 ut
1053 1030 1123 1084 sit
1151 1031 1197 1064 ⁸⁵
1240 1031 1508 1101 princeps
1549 1032 1698 1101 apud
1732 1034 1922 1095 Israel,

289 1124 346 1175 et
371 1122 757 1191 processiones
798 1123 920 1192 ejus
950 1125 998 1158 ⁶⁶
1029 1141 1060 1177 a
1095 1124 1374 1195 principio
1406 1141 1439 1179 a
1476 1125 1671 1179 diebus
1737 1126 1928 1180 saeculi

291 1215 501 1285 (Mich.,
527 1232 581 1282 v,
602 1218 674 1285 2).
698 1218 839 1271 Item
861 1217 920 1270 in
936 1218 1266 1288 Evangelio:
1286 1239 1312 1267 ‹‹
1338 1220 1552 1273 Etcum
1582 1222 1739 1274 Iesus
1759 1223 1927 1274 natus

287 1312 434 1364 esset
460 1309 520 1363 in
548 1309 881 1365 Bethlehem
908 1311 1067 1365 ludas
1093 1312 1153 1365 in
1181 1311 1380 1367 diebus
1402 1315 1447 1348 6⁷
1488 1314 1733 1368 Herodis
1754 1315 1925 1385 regis,

288 1418 417 1457 ecce
451 1404 601 1474 magi
631 1404 701 1458 ab
731 1406 953 1460 oriente
981 1410 1260 1462 venerunt
1278 1408 1325 1439 6“
1359 1407 1817 1478 Hierosolymam
1844 1410 1926 1463 di-

288 1501 485 1550 centes
514 1513 527 1550 :
561 1497 663 1551 Ubi
691 1503 774 1552 est
804 1498 899 1569 qui
925 1505 1088 1552 natus
1115 1506 1198 1553 est
1226 1516 1323 1555 rex
1358 1502 1688 1556 Judaeorum
1710 1504 1735 1556 Τ
1767 1503 1925 1556 Vidi-

292 1604 427 1643 mus
472 1590 628 1644 enim
677 1591 895 1646 stellam
938 1593 1058 1663 ejus
1105 1595 1162 1647 in
1206 1595 1456 1662 Oriente,
1492 1600 1546 1649 et
1598 1596 1855 1650 venimus
1882 1598 1929 1631 ⁶⁹

291 1699 421 1738 cum
442 1684 776 1740 muneribus
807 1686 916 1757 (34)
939 1686 1179 1741 adorare
1209 1688 1372 1741 illum
1395 1689 1635 1757 (Mutth.,
1656 1707 1734 1759 ιιι,
1770 1692 1875 1761 2|).
1900 1714 1925 1739 ))

282 1797 481 1873 707
516 1800 645 1855 CAP.
675 1802 804 1856 XIII.
836 1832 903 1842 -ο
950 1804 1101 1869 Quod
1140 1805 1358 1858 humilis
1387 1807 1443 1858 in
1471 1806 1649 1873 primo
1689 1807 1925 1860 mlvcntu

936 1897 1031 1936 suo
1058 1885 1280 1936 veniret.

366 1992 534 2063 Apud
583 1992 830 2047 Isaiam:
881 2014 908 2041 ‹‹
956 1994 1207 2061 Domine,
1257 1996 1383 2065 quis
1428 1996 1667 2050 credidit
1704 1999 1923 2052 auditui

296 2091 509 2153 nostro,
554 2093 608 2139 et
650 2086 950 2141 brachium
979 2088 1203 2141 Domini
1239 2090 1286 2122 το
1313 2090 1403 2143 cui
1431 2092 1740 2144 revelatum
1792 2092 1923 2146 est?

296 2179 775 2235 Annuntiavimus
816 2198 1006 2235 coram
1036 2182 1157 2252 ipso
1187 2182 1329 2236 sicut
1362 2184 1543 2253 pueri,
1581 2185 1723 2238 sicut
1762 2187 1921 2240 radix

294 2273 358 2328 in
387 2276 541 2327 terra
569 2273 801 2327 sitienti.
834 2276 956 2329 Non
984 2282 1067 2328 est
1103 2276 1284 2346 ﬁgura
1316 2278 1437 2347 ejus
1470 2295 1658 2348 neque
1679 2280 1921 2345 claritas;

298 2371 356 2421 et
399 2366 643 2421 vidimus
693 2367 875 2434 illum,
927 2376 981 2423 et
1034 2387 1146 2423 non
1204 2371 1401 2424 habuit
1446 2372 1692 2441 ﬁguram
1736 2391 1923 2445 neque

298 2459 567 2532 speciem,
600 2462 694 2516 sed
737 2462 921 2532 ﬁgura
970 2464 1091 2533 ejus
1137 2464 1256 2517 sine
1299 2465 1511 2520 honore
1559 2470 1614 2519 et
1657 2467 1924 2522 deficiens

295 2556 508 2625 praeter
538 2559 771 2609 caeteros
806 2556 1083 2610 homines.
1120 2559 1292 2611 Homo
1321 2560 1378 2611 in
1414 2560 1582 2630 plaga
1620 2562 1834 2631 positus
1867 2567 1923 2615 et

224 2688 235 2695 .
298 2648 479 2702 sciens
523 2648 674 2703 ferre
719 2649 1169 2705 imbecillitatem
1222 2653 1306 2720 τίς
1348 2654 1482 2723 quia
1523 2672 1716 2709 aversa
1765 2661 1849 2709 est
1876 2658 1922 2690 τ²

6 5786 17 5799 Ι

2 5930 27 5949 οἳ

0 5948 237 6093 ἴ

297 2742 470 2797 facies
512 2742 653 2813 ejus,
688 2742 1058 2798 inhonoratus
1106 2752 1207 2811 est,
1241 2752 1294 2800 et
1340 2764 1454 2800 non
1498 2752 1581 2801 est
1608 2750 1650 2781 ⁷³
1696 2766 1925 2820 compu-

296 2840 444 2891 tatus
490 2839 642 2908 (Isu.,
697 2853 807 2903 LIII,
841 2840 963 2908 l-7).
1011 2839 1105 2891 llic
1151 2846 1379 2909 peccata
1428 2846 1618 2895 nostra
1662 2849 1850 2911 portat
1878 2847 1922 2876 ⁷⁵

299 2935 355 2984 et
400 2945 500 3000 pro
542 2930 705 2984 nobis
746 2930 899 2985 dolet
938 2932 1005 3002 ⁷⁵,
1052 2936 1105 2986 et
1157 2950 1255 2987 nos
1306 2936 1628 3004 putavimus
1665 2938 1709 2969 τί)
1759 2938 1922 2991 illum

298 3040 418 3080 esse
453 3024 512 3077 in
551 3024 742 3078 dolore
788 3028 844 3078 et
884 3025 940 3079 in
994 3027 1161 3097 plaga
1210 3031 1265 3081 et
1316 3029 1373 3081 in
1422 3031 1757 3099 vexatione;
1806 3034 1924 3103 ipse

297 3122 491 3172 autem
519 3119 844 3173 vulneratus
873 3124 956 3173 est
984 3128 1216 3192 propter
1246 3122 1500 3177 facinora
1526 3131 1738 3191 nostra,
1766 3132 1820 3180 et
1843 3128 1921 3181 in-

296 3212 555 3266 ﬁrmatus
583 3215 668 3266 est
698 3216 929 3284 propter
971 3220 1196 3284 peccata
1225 3221 1441 3270 nostra.
1478 3220 1741 3272 Doctrina
1770 3222 1921 3290 pacis
1943 3179 1998 3252 Ο

298 3308 511 3359 nostrae
541 3322 714 3376 super
741 3307 923 3373 illum,
957 3315 1009 3361 et
1042 3309 1219 3362 livore
1259 3310 1377 3379 ejus
1406 3311 1449 3343 ⁷⁷
1493 3313 1675 3364 sanati
1707 3331 1919 3367 smnus.

297 3400 508 3467 Omnes
536 3399 680 3454 sicut
707 3417 839 3454 oves
869 3401 1200 3468 erravimus,
1232 3403 1406 3457 homo
1436 3422 1464 3455 a
1499 3406 1586 3458 via
1628 3424 1729 3459 sua
1769 3424 1920 3462 erra-

297 3492 395 3547 vit.
426 3495 492 3548 Et
524 3496 672 3549 Deus
699 3494 929 3548 tradidit
970 3494 1127 3548 illum
1180 3513 1284 3567 pro
1333 3499 1572 3567 peccatis
1614 3502 1839 3568 nostris,
1871 3509 1926 3556 et

298 3586 421 3658 ipse
467 3594 771 3661 propterea
818 3588 970 3659 quod
1018 3593 1245 3643 vexatus
1283 3595 1386 3660 est,
1430 3608 1544 3646 non
1596 3596 1819 3664 aperuit
1865 3614 1925 3649 os

298 3697 465 3736 suum
497 3704 523 3731 »
559 3684 712 3752 (Isa.,
744 3699 851 3750 Lm,
884 3682 1014 3751 1-7).
1045 3684 1181 3737 Item
1211 3684 1363 3754 apud
1398 3686 1663 3741 eumdem
1695 3706 1706 3741 :
1747 3712 1773 3737 ‹‹
1804 3691 1925 3744 Non

298 3790 426 3829 sum
456 3780 779 3843 contumax,
809 3792 995 3847 neque
1038 3777 1401 3847 contradico;
1451 3780 1685 3835 dorsum
1731 3800 1924 3839 meum

296 3870 462 3940 posui
508 3870 580 3924 ad
623 3868 869 3941 ﬂagella,
899 3874 957 3924 et
985 3869 1238 3925 maxillas
1281 3888 1433 3927 meas
1462 3874 1529 3927 ad
1574 3878 1813 3945 palmas,
1847 3880 1927 3933 fa-

298 3962 443 4019 ciem
483 3966 675 4019 autem
711 3979 904 4018 meam
936 3964 983 3997 ⁷⁸
1023 3981 1139 4019 non
1168 3965 1345 4019 averti
1389 3984 1420 4021 a
1447 3967 1700 4024 foeditate
1729 3976 1923 4042 sputo-

2024 531 2165 584 Item
2192 531 2342 600 apud
2375 531 2642 586 eumdem
2673 548 2686 585 :
2724 552 2751 580 (ί
2780 532 2904 587 Non
2937 530 3204 586 clamabit
3238 546 3425 601 neque
3451 530 3656 585 audiet

2029 623 2154 694 quis
2188 625 2234 657 ⁸ο
2265 625 2324 678 in
2369 625 2565 696 plateis
2593 642 2788 680 vocem
2830 626 2971 695 ejus.
3018 625 3369 679 Arundinem
3412 640 3653 695 quassa-

2026 720 2141 772 tam
2188 734 2303 772 non
2347 718 2691 790 confringet,
2732 726 2785 774 et
2836 719 3015 773 linum
3060 719 3351 789 fumigans
3395 734 3509 771 non
3555 734 3659 771 ex-

2026 813 2296 882 stinguet,
2328 814 2422 867 sed
2459 812 2518 866 in
2552 813 2785 868 veritate
2816 814 2858 847 ⁸⁸
2896 812 3148 883 proferet
3189 811 3480 881 judicium.
3520 811 3659 865 Ful-

2029 906 2185 977 gebit
2231 914 2287 961 et
2333 924 2446 961 non
2489 907 2846 979 quassahitur
2890 907 3263 977 quoadusque
3310 909 3482 975 ponat
3509 906 3556 938 ⁸³
3596 906 3662 960 in

2030 1006 2177 1054 terra
2213 1001 2508 1071 judicium,
2541 1007 2598 1056 et
2640 1002 2697 1055 in
2738 1002 2973 1055 nomine
3016 1002 3139 1071 ejus
3170 1003 3371 1071 gentes
3417 1000 3665 1055 credent

2032 1095 2179 1164 (Isa.,
2208 1111 2335 1163 xw,
2359 1100 2411 1164 2,
2439 1096 2516 1164 4).
2536 1119 2564 1146 »
2595 1098 2738 1151 Item
2772 1096 2826 1149 in
2860 1096 3079 1149 Psalmo
3108 1111 3197 1151 xvx
3224 1111 3238 1147 :
3264 1114 3291 1145 ‹‹
3324 1096 3440 1165 Ego
3460 1098 3665 1149 autem

2030 1205 2155 1242 sum
2187 1189 2417 1257 vermis,
2443 1193 2501 1243 et
2529 1205 2642 1243 non
2685 1189 2881 1255 homo,
2920 1187 3290 1243 maledictum
3321 1188 3365 1224 ⁸³
3405 1187 3665 1242 hominis

2030 1285 2088 1336 et
2103 1282 2343 1352 abjeetio
2375 1284 2420 1317 ⁸⁵
2452 1284 2665 1354 populi.
2695 1282 2905 1337 Omnes
2929 1281 3027 1353 qui
3051 1298 3142 1337 me
3170 1281 3438 1336 videbant
3464 1281 3662 1352 despi-

2030 1375 2257 1430 ciebant
2284 1393 2373 1431 me
2406 1378 2475 1444 85,
2508 1383 2563 1431 et
2600 1376 2768 1430 locuti
2798 1379 2934 1429 sunt
2970 1374 3028 1429 in
3073 1375 3238 1429 labiis
3270 1376 3339 1441 ⁸⁵,
3370 1378 3427 1428 et
3456 1391 3662 1429 move-

2028 1475 2164 1524 runt
2189 1473 2358 1540 caput
2387 1489 2398 1523 :
2432 1470 2689 1540 Speravit
2719 1469 2777 1523 in
2804 1471 3062 1536 Domino,
3094 1469 3296 1539 eripiat
3336 1485 3468 1523 eum
3493 1485 3507 1536 ;
3541 1468 3663 1522 sal-

2030 1579 2165 1616 vum
2192 1564 2361 1618 faciat
2382 1580 2535 1630 eum,
2558 1563 2833 1634 quoniam
2850 1563 2967 1616 vult
3001 1579 3132 1616 eum
3155 1581 3183 1613 »
3220 1564 3385 1631 (Psal.
3401 1564 3663 1629 3131,7-9).

2030 1658 2170 1710 Item
2203 1657 2314 1711 illic
2340 1676 2353 1712 :
2389 1677 2415 1705 ‹‹
2445 1657 2602 1712 Aruit
2630 1657 2780 1711 velut
2810 1661 2950 1711 testa
2981 1658 3025 1690 ⁸⁷
3065 1656 3241 1710 virtus
3275 1672 3424 1723 mea,
3458 1662 3516 1710 et
3543 1656 3661 1709 lin-

2030 1766 2141 1820 gua
2177 1767 2309 1806 mea
2338 1752 2405 1818 “3,
2435 1751 2791 1821 agglutinato.
2831 1755 2915 1804 est
2955 1749 3209 1804 faucibus
3252 1750 3413 1804 meis.
3448 1769 3475 1799 ι)
3510 1752 3664 1804 Item

1946 1816 2003 1886 Β
2026 1816 2177 1915 apud
2204 1816 2580 1899 Zachariam:
2612 1846 2733 1898 «Et
2778 1844 3031 1898 ostendit
3068 1844 3211 1897 mihi
3256 1844 3531 1898 Dominus
3566 1844 3661 1898 Je—

2026 1954 2151 1992 sum
2218 1938 2569 1993 sacerdotem
2639 1938 2802 1992 illum
2872 1954 3152 2008 magnum
3206 1942 3452 1992 stantem
3519 1943 3657 1991 ante

2023 2032 2231 2086 faciem
2261 2033 2448 2102 angeli
2484 2032 2727 2098 Domini,
2754 2036 2812 2086 et
2839 2031 3098 2086 diabolus
3134 2031 3317 2085 stabat
3340 2032 3410 2086 ad
3448 2031 3653 2084 dexte-

2024 2142 2145 2179 ram
2196 2125 2317 2195 ejus
2366 2126 2647 2179 adversari
2689 2126 2735 2159 ⁸9
2788 2127 2859 2179 ei.
2914 2128 2978 2179 Et
3031 2126 3191 2179 Iesus
3245 2128 3367 2177 erat
3421 2124 3662 2177 indutus

2026 2219 2369 2273 vestimenta
2399 2220 2449 2252 9°
2492 2219 2745 2285 sordida,
2797 2225 2851 2274 et
2908 2219 3135 2273 stabant
3164 2219 3207 2252 9'
3267 2223 3398 2271 ante
3448 2218 3657 2271 faciem

2023 2313 2204 2383 ipsius
2230 2314 2436 2384 angeli,
2478 2317 2535 2368 et
2565 2313 2857 2384 respondit
2886 2319 2942 2367 et
2970 2314 3049 2367 ait
3087 2313 3157 2366 ad
3187 2329 3281 2366 eos
3308 2311 3404 2382 qui
3432 2312 3662 2366 stabant

2026 2414 2158 2461 ante
2180 2407 2382 2461 faciem
2412 2408 2532 2477 ejus
2561 2407 2757 2461 dicens
2789 2424 2802 2461 :
2833 2407 3061 2461 Auferte
3090 2407 3137 2440 ⁹²
3168 2407 3507 2461 vestimenta
3532 2422 3658 2460 sor-

2025 2502 2153 2555 dida
2179 2501 2247 2554 ab
2277 2518 2365 2555 eo.
2416 2503 2483 2556 Et
2527 2501 2673 2554 dixit
2711 2500 2784 2554 ad
2815 2517 2945 2554 eum
2977 2518 2990 2554 :
3031 2502 3170 2554 Ecce
3200 2500 3406 2554 abstuli
3442 2500 3659 2571 iniqui-

2024 2600 2171 2649 tates
2218 2600 2361 2649 tuas.
2391 2597 2456 2649 Et
2505 2595 2728 2649 induite
2776 2611 2909 2648 eum
2949 2595 3222 2665 poderem
3249 2595 3313 2660 9³,
3356 2592 3551 2666 708
3601 2597 3662 2648 et

2025 2689 2306 2760 imponite
2325 2689 2565 2743 Cidarim
2584 2689 2861 2743 mundam
2881 2704 3053 2760 super
3072 2688 3374 2759 caputejus
3400 2710 3427 2737 ››
3453 2689 3658 2759 (ΖιιςΙι,

2025 2799 2102 2850 ιιι,
2136 2788 2187 2851 1,
2219 2786 2271 2852 3,
2320 2786 2391 2853 5).
2441 2784 2575 2837 Item
2626 2783 2829 2836 Paulus
2876 2783 2949 2836 ad
2988 2782 3379 2853 Philippenses
3411 2798 3423 2834 :
3456 2802 3481 2828 ‹‹
3526 2782 3656 2846 Qui,

2026 2878 2083 2931 in
2127 2878 2314 2947 ﬁgura
2363 2877 2458 2930 Dei
2496 2878 2857 2945 constitutus,
2888 2893 3005 2930 non
3050 2876 3313 2947 rapinam
3347 2877 3659 2930 arbitratus

2025 2975 2110 3025 est
2156 2988 2275 3025 esse
2315 2988 2372 3025 se
2411 2972 2697 3041 {aqualem
2742 2972 2872 3038 Deo,
2906 2970 3001 3024 sed
3050 2971 3421 3041 semetipsum
3461 2972 3661 3024 exina-

2027 3065 2166 3118 nivit
2192 3066 2261 3133 9‘,
2302 3066 2542 3118 formam
2586 3064 2727 3117 servi
2773 3064 3073 3134 accipiens,
3111 3065 3170 3117 in
3216 3064 3659 3119 similitudinem

2024 3159 2326 3212 hominum
2359 3160 2406 3191 9⁵
2437 3160 2639 3225 factus,
2665 3164 2721 3212 et
2760 3158 2956 3212 habitu
2984 3158 3250 3212 inventus
3281 3161 3342 3211 ut
3383 3159 3553 3212 homo
3583 3160 3654 3211 96.

2026 3254 2349 3307 Humiliavit
2394 3270 2472 3319 se,
2516 3254 2695 3306 factus
2739 3252 3009 3305 obediens
3052 3268 3226 3322 usque
3269 3252 3341 3305 ad
3385 3256 3656 3318 mortem,

2026 3353 2274 3402 mortem
2306 3350 2496 3400 autem
2526 3346 2721 3399 crucis.
2760 3348 2994 3416 Propter
3029 3346 3181 3416 quod
3223 3350 3280 3399 et
3321 3347 3466 3400 Deus
3501 3347 3656 3400 exal-

2026 3441 2169 3494 tavit
2199 3440 2384 3503 illum,
2420 3445 2477 3493 et
2504 3440 2734 3495 donavit
2760 3440 2836 3493 illi
2866 3455 3078 3493 nomen
3109 3442 3155 3473 9⁷
3186 3440 3337 3510 quod
3370 3444 3455 3493 est
3481 3456 3660 3510 super

2028 3552 2201 3589 omne
2231 3550 2462 3601 nomen,
2486 3537 2549 3587 ut
2577 3533 2633 3587 in
2666 3534 2898 3587 nomine
2926 3535 3056 3588 Jesu
3079 3549 3248 3588 omne
3274 3534 3321 3567 9⁸
3354 3550 3502 3604 genu
3529 3534 3660 3588 ﬂec-

2025 3634 2178 3683 tatur
2233 3629 2567 3695 coelestium,
2626 3629 2983 3683 terrestrium
3037 3631 3096 3681 et
3149 3628 3543 3696 infernorum,
3603 3633 3660 3683 et

2028 3723 2213 3777 omnis
2243 3723 2441 3793 lingua
2466 3723 2800 3776 confiteatur
2826 3724 2959 3793 quia
2984 3723 3258 3777 Dominus
3281 3724 3442 3777 Jesus
3467 3721 3656 3778 Chris-

2026 3820 2117 3871 tus
2147 3816 2205 3871 in
2245 3816 2424 3887 gloria
2453 3817 2500 3851 99
2532 3822 2616 3871 est
2655 3816 2751 3871 Dei
2795 3816 2974 3870 Patris
3010 3817 3293 3887 (Philipp,
3322 3833 3383 3883 ιι,
3411 3816 3592 3884 6-14).
3624 3838 3652 3864 n

1670 4145 1879 4211 Variae
1921 4148 2260 4212 lectiones.

354 4276 397 4308 ⁸³
423 4276 493 4326 Et
520 4279 732 4340 septem
761 4278 899 4327 Lam.
934 4278 1037 4329 ΝΟ.
1066 4281 1110 4341 1,
1138 4285 1181 4328 2.
1214 4281 1336 4331 Bod.
1381 4284 1427 4341 1,
1458 4287 1505 4344 2,
1544 4284 1593 4343 3,
1629 4286 1674 4334 4.
1724 4286 1845 4334 Tim.
1874 4288 2022 4337 Corb.

296 4345 417 4395 Tim.
446 4348 582 4397 Foss.
613 4346 759 4395 Corb.
789 4350 1063 4413 numquid
1090 4352 1287 4415 exigua
1324 4353 1448 4402 110d.
1484 4355 1529 4413 l,
1549 4354 1597 4416 3,
1628 4357 1673 4405 4.
1705 4357 1817 4405 Lin.
1848 4358 1957 4407 ΝΟ.
1982 4359 2029 4408 2.

291 4417 401 4466 ΝΟ.
431 4418 477 4465 1.
567 4416 610 4450 ⁸⁷
630 4417 915 4468 Bethleem
944 4420 999 4467 in
1027 4420 1224 4469 diebus
1254 4421 1389 4470 Foss.

294 4556 335 4590 ⁷²
364 4557 509 4620 Quia
538 4574 695 4611 versa
726 4565 807 4610 est
835 4562 1006 4612 facies
1042 4564 1160 4611 Tim.
1209 4564 1453 4615 Adversa
1498 4568 1642 4617 Foss.

1488 4423 1530 4454 ⁸⁸
1561 4426 1924 4475 Advenerunt
1949 4427 2089 4476 Lam.
2136 4428 2262 4477 God.
2299 4428 2346 4487 1,
2382 4427 2430 4487 2,
2462 4429 2507 4476 4.
2542 4428 2655 4475 Lin.
2686 4426 2794 4477 ΝΟ.
2827 4428 2876 4485 1,
2916 4427 2963 4476 2.

291 4488 400 4537 ΝΟ.
428 4488 474 4538 2.
505 4488 647 4539 Cum
679 4490 1003 4540 muneribus
1027 4491 1185 4541 abest.
1220 4494 1375 4541 Oxon.
1441 4494 1483 4526 ⁷ο
1508 4495 1804 4547 Brachium
1836 4499 1938 4547 Dei
1972 4499 2091 4547 Tim.
2125 4499 2520 4548 annuntiatum
2550 4502 2636 4548 est
2666 4499 2772 4547 Lz'n.

1743 4568 1783 4601 ⁷³
1816 4568 1940 4618 Non
1982 4574 2065 4619 est
2100 4576 2474 4623 commutatus
2512 4573 2637 4622 Bod.
2680 4576 2726 4635 1,
2771 4579 2821 4625 2.

2120 4287 2163 4320 ⁶⁴
2188 4285 2512 4337 Bethlehem
2555 4285 2756 4337 domus
2795 4286 2946 4336 illius
2991 4287 3097 4335 Lz‘n.
3142 4284 3267 4336 Bod.
3315 4287 3361 4345 1,
3393 4291 3440 4336 4.
3472 4284 3579 4334 ΝΟ.
3606 4284 3653 4334 2.

2126 4359 2173 4390 6⁵
2204 4358 2314 4419 Qui
2350 4358 2424 4406 sit
2463 4356 2724 4419 princeps
2765 4357 2902 4405 Foss.
3003 4356 3048 4389 ⁵⁸
3072 4357 3488 4419 Progressiones
3513 4356 3656 4404 Lam.

2136 4428 2262 4476 God.
2299 4428 2346 4476 1.
2382 4427 2430 4476 2.
2462 4429 2507 4476 4.
2542 4428 2655 4475 Lin.
2686 4426 2794 4476 ΝΟ.
2827 4428 2876 4476 1.
2916 4427 2963 4476 2.
3062 4425 3104 4459 σθ
3131 4426 3201 4476 Et
3235 4439 3365 4476 ecce
3402 4426 3665 4475 venimus

2862 4496 2905 4530 ⁷³
2924 4498 3088 4548 Ferre
3115 4497 3506 4547 inﬁrmitatem
3544 4498 3655 4546 La’n.

2922 4573 2963 4606 ⁷⁸
2989 4574 3237 4623 Portavit
3278 4572 3399 4621 Bod.
3446 4574 3491 4633 1,
3531 4571 3582 4632 2,
3607 4573 3656 4622 3.

298 4627 339 4662 ⁷⁵
365 4629 563 4706 Doluit
587 4631 716 4706 βοᾷ.
742 4636 795 4706 l_._
823 4633 1181 4706 Dolensiliod.
1206 4635 1251 4683 3.
1339 4633 1379 4667 7°
1412 4636 1749 4687 Putabamus
1780 4638 1925 4687 Cora.

2036 4639 2052 4671 7
2073 4641 2268 4691 Livore
2302 4645 2420 4706 ejus
2446 4656 2549 4693 nos
2575 4627 2770 4693 omnes
2800 4644 2940 4693 Lam.
2968 4644 3077 4693 Lin.
3101 4645 3207 4695 ΝΟ.
3242 4644 3286 4693 1.
3360 4641 3403 4675 ⁷⁸
3432 4627 3659 4692 Faciem

290 4712 472 4750 meam
505 4701 626 4750 Bod.
662 4704 703 4751 1.
741 4704 859 4751 Thu.

288 4767 331 4802 ⁸³
352 4770 595 4822 Ponatur
620 4773 745 4822 Bod.
776 4774 821 4823 3.
920 4774 960 4807 ⁸³
992 4773 1172 4823 Homo
1197 4775 1552 4838 opprobrium
1582 4780 1697 4827 Lz‘n.

948 4703 1083 4777 79131
1115 4706 1217 4754 fuit
1251 4706 1521 4777 Dominus
1553 4707 1697 4757 ϐίη-ὸ.
1786 4709 1825 4742 ⁸⁸
1855 4712 1943 4759 Au

2031 4717 2093 4761 :et
2125 4703 2422 4777 quisquam
2444 4716 2588 4767 Lam.
2626 4716 2731 4765 NG.
2768 4716 2813 4769 1,
2836 4716 2883 4764 2.

1797 4778 1836 4810 ³⁴
1868 4780 2183 4831 Maledictio
2222 4784 2345 4832 Bod.
2385 4785 2431 4834 3.
2471 4785 2797 4835 Maledictus
2845 4785 2967 4834 Bod.
3005 4788 3048 4834 1.
3086 4783 3269 4835 Plebis
3307 4786 3418 4832 Lin.
3450 4784 3576 4832 Bod.
3607 4785 3655 4833 3.

2980 4714 3024 4749 ⁸·
3048 4715 3109 4765 In
3134 4714 3425 4764 veritatem
3451 4713 3579 4763 Bod.
3607 4715 3654 4763 4.

288 4839 542 4904 Abjectio
568 4843 859 4893 hominum
894 4844 1015 4893 Tim.
1051 4846 1186 4893 Foss.
1213 4846 1356 4894 Coro.
1424 4846 1463 4878 ⁸⁵
1492 4846 1921 4899 Subsannabant
1955 4865 2044 4901 me
2072 4854 2179 4902 Lz'n.
2205 4855 2308 4905 ΝΟ.
2340 4857 2384 4906 2.
2453 4856 2495 4889 ⁸⁸
2518 4857 2648 4907 Suis
2676 4857 2837 4906 labiis
2872 4857 2992 4906 Bod.
3024 4859 3064 4906 ι.
3132 4855 3172 4888 ³⁷
3197 4855 3361 4905 Testa
3390 4855 3659 4905 fortitudo

289 4911 395 4962 ΝΟ.
428 4916 570 4964 Lam.
597 4914 725 4965 30d.
764 4916 810 4975 t,
853 4915 901 4974 2,
946 4918 990 4962 4.
1038 4916 1157 4963 Tha.
1202 4915 1346 4965 Corb.
1387 4916 1614 4967 Testum
1666 4922 1779 4970 Ver.

298 5123 424 5174 Tim.
470 5127 616 5177 Corb.
712 5127 757 5162 9⁵
782 5128 1049 5177 Inventus
1074 5127 1242 5177 homo
1274 5128 1395 5176 Tim.

1877 4922 1918 4955 ⁸⁸
1946 4923 2202 4975 Adhaesit
2230 4928 2337 4976 Lin.
2381 4929 2488 4978 NC.
2519 4928 2566 4977 Ξ.

286 4980 329 5012 ⁹⁰
354 4983 518 5035 Veste
546 4986 680 5034 Foss.
748 4986 788 5015 9'
819 4984 1050 5035 Stabant
1079 4986 1199 5035 T/zu.
1237 4989 1379 5036 (.‘orb.
1413 4988 1550 5037 Foss.
1578 4988 1781 5039 Stabat.
1813 4992 1969 5041 Oxon.

426 5054 501 5129 1η
538 5054 589 5129 9t
606 5055 725 5129 Sed
744 5069 805 5129 se
831 5056 1139 5129 exinanivit
1164 5057 1270 5104 Lm.
1307 5059 1417 5129 Ver.
1453 5058 1557 5129 NQ.
1592 5061 1647 5119 1,
1670 5062 1717 5108 2.
1746 5062 1888 5110 Lam.
1919 5064 1944 5112 ι

2031 5068 2044 5113 γ.
2080 5067 2199 5129 1,2,
2231 5069 2279 5119 3.

1486 5128 1528 5161 ’7
1559 5130 1771 5180 Nomen
1797 5136 1859 5181 ut
1889 5135 1961 5183 sit
1998 5137 2109 5186 Lz’n.
2160 5139 2282 5188 Tha.
2325 5138 2472 5189 (,orb.
2514 5140 2691 5190 Benev.
2727 5143 2839 5191 Ver.

2663 4927 2703 4961 ⁸9
2733 4928 3031 4979 Adversari
3068 4928 3121 4977 ei
3153 4927 3320 4989 coepit
3349 4924 3499 4974 Corb.
3542 4928 3656 4974 Ver.

2057 4994 2099 5027 "
2124 4999 2372 5048 Avertite
2398 5000 2725 5050 vestimenta
2757 5001 2879 5061 ejus
2906 4997 3032 5047 Bod.
3066 4999 3112 5047 1.
3190 4997 3231 5030 9³
3266 4996 3480 5046 Pedere
3508 4997 3653 5043 Lam.

2360 5068 2400 5101 95
2428 5068 2860 5119 Similitudinem
2885 5068 3126 5117 hominis
3155 5069 3297 5116 Lam.
3329 5068 3440 5115 ιιή.
3468 5065 3575 5115 NO.
3610 5066 3654 5113 1.

2364 5138 2472 5189 arb.
2514 5140 2691 5190 Benev.
2727 5143 2839 5191 Ver.
2937 5138 2980 5172 ⁸⁸
3003 5138 3209 5190 Omnes
3246 5152 3392 5203 genu
3428 5137 3657 5187 ﬂectant

294 5193 430 5276 Lam.
461 5198 569 5249 ΝΟ.
598 5199 644 5247 1.
682 5198 809 5247 Bod.
832 5203 877 5248 2.
903 5198 1021 5247 Thu.
1053 5197 1202 5248 Corb.
1237 5197 1484 5249 Curvent
1524 5201 1633 5250 ιιή.
1670 5202 1781 5253 NC.
1801 5207 1849 5251 2.
1882 5205 2003 5255 Bod.
2034 5209 2145 5266 1,4.
2190 5212 2299 5261 Ver.
2387 5209 2430 5245 9’
2450 5211 2613 5262 Jesus
2648 5212 2706 5261 in
2735 5211 2912 5276 gloria
2944 5211 3047 5262 Dei
3079 5193 3411 5262 Patriszod.
3446 5211 3492 5269 1,
3523 5211 3570 5267 2,
3605 5207 3655 5267 3,

288 5268 336 5318 4.
368 5267 507 5318 Foss.

1590 5392 1816 5475 Steph.
1862 5394 2108 5460 Baluzii
2152 5402 2347 5462 notae.

351 5516 453 5580 (34)
499 5515 629 5566 Cum
670 5514 995 5567 muneribus.
1042 5514 1244 5566 Addidi
1299 5517 1425 5568 haec
1475 5517 1587 5569 duo
1642 5520 1916 5571 vocabula

284 5590 444 5653 juxta
475 5592 690 5640 veteres
733 5589 1029 5650 editiones,
1060 5589 1118 5638 in
1154 5587 1362 5653 quibus
1402 5589 1568 5641 etiam
1611 5605 1757 5655 pono
1799 5593 1915 5644 Ma—

286 5658 574 5709 nutianam
626 5663 682 5711 et
733 5659 1133 5711 Morellianam.
1191 5660 1468 5711 Pamelius
1525 5663 1799 5726 expunxit
1854 5667 1918 5713 ut

288 5730 607 5796 superﬂua:
660 5731 742 5783 sic
798 5733 964 5782 etiam
1016 5732 1291 5798 Rigaltius
1342 5738 1399 5784 et
1443 5734 1628 5799 Angli.
1678 5734 1919 5785 Exstant

289 5807 478 5855 tamen
502 5803 560 5854 in
589 5802 732 5855 libro
758 5803 1095 5866 Fossatensi,
1125 5805 1182 5855 in
1212 5806 1477 5855 Beceensi
1518 5810 1575 5856 et
1615 5806 1691 5867 in,
1719 5810 1920 5858 vetus-

287 5874 505 5931 tissimo
562 5875 757 5933 codice
805 5877 866 5932 87
927 5875 1149 5946 Majoris
1194 5876 1509 5931 Monasterii
1559 5877 1921 5945 Turonensis,

2019 5522 2113 5575 Sic
2140 5526 2303 5576 etiam
2341 5525 2561 5589 legebat
2588 5529 2748 5577 vetus
2777 5530 2970 5576 auctor
2996 5524 3123 5577 libri
3162 5525 3226 5575 de
3251 5522 3655 5588 Rebaptismate,

2016 5609 2141 5660 pag.
2197 5597 2308 5648 359.
2368 5597 2544 5648 Immo
2594 5599 2651 5648 in
2707 5597 3025 5649 Missalibus
3079 5597 3325 5661 antiquis
3381 5599 3435 5646 et
3489 5596 3650 5646 novis

2017 5668 2216 5730 legitur
2246 5681 2489 5733 sequens
2527 5670 2831 5734 antiphona
2864 5670 2921 5719 in
2965 5668 3053 5720 die
3081 5668 3409 5734 Epiphaniae
3438 5682 3449 5715 :
3501 5667 3657 5717 Vidi-

2018 5752 2133 5788 mus
2158 5739 2363 5791 stellam
2388 5742 2503 5805 ejus
2527 5742 2584 5791 in
2614 5743 2843 5807 Oriente,
2873 5748 2924 5793 et
2948 5741 3182 5793 venimus
3204 5753 3321 5792 cum
3350 5739 3654 5791 muneribus

2019 5809 2253 5880 adorare
2282 5812 2579 5864 Dominum.
2828 5834 2835 5843 ι
