3998 6194
216 152 312 206 737

1211 126 1767 206 TESTIMONIORUM
1806 148 1957 204 ADV.
1995 147 2267 204 JUDASOS
2306 148 2431 204 LIB.
2473 147 2541 203 ιι.

3458 154 3559 207 738

215 275 337 329 CAP.
369 274 500 327 XIV.
522 302 591 314 —
620 273 775 340 Quod
802 275 916 343 ipse
941 275 1015 328 sit
1028 273 1213 343 justus
1241 275 1594 345 quemJudwi
1612 275 1838 329 occisuri
1860 286 1917 357 Α
1938 273 2042 339 est,
2065 275 2120 327 et
2151 270 2346 343 709
2382 271 2526 326 sicut
2572 288 2754 342 agnus
2780 288 2969 329 coram
2996 272 3270 329 tondente
3299 274 3320 309 θ
3348 290 3406 328 se
3437 274 3559 330 sine

930 360 1119 409 essent.

280 463 341 516 In
397 460 686 531 Sapientia
752 460 1079 515 Salomonis
1133 477 1146 515 :
1214 482 1241 510 ‹‹
1312 461 1839 516 Circumveniamus

206 556 447 625 justum,
471 553 742 625 quoniam
773 553 1018 607 insuavis
1051 555 1065 587 ί
1101 558 1186 609 est
1211 554 1397 617 nobis,
1427 559 1484 608 et
1518 554 1839 609 contrarius

215 654 295 702 est
319 646 588 717 operibus
633 647 863 716 nostris,
895 652 951 701 et
997 648 1307 719 exprobrat
1354 646 1558 701 nobis2
1609 652 1841 718 peccata

214 742 375 812 legis.
404 740 691 795 Promittit
718 740 1012 796 scientiam
1043 741 1142 796 Dei
1190 759 1249 795 se
1280 742 1513 809 habere,
1547 745 1602 795 et
1633 740 1837 795 Filium

215 834 305 889 Dei
335 852 394 889 se
443 835 719 889 nominat.
770 836 967 889 Factus
1008 838 1097 890 est
1125 835 1291 889 nobis
1330 835 1389 889 in
1439 835 1795 890 traductione
1823 846 1838 872 ³

214 929 625 999 cogitationum
680 934 1036 996 nostrarum;
1087 929 1271 999 gravis
1326 934 1409 984 est
1457 930 1620 984 nobis
1669 930 1839 985 etiam

215 1023 282 1077 ad
340 1022 678 1092 videndum,
731 1023 1001 1094 quoniam
1057 1023 1345 1078 dissimilis
1410 1028 1494 1078 est
1553 1022 1676 1078 aliis
1728 1024 1841 1079 vita

214 1116 381 1183 illius,
426 1120 481 1170 et
520 1119 754 1171 mutatis
797 1124 922 1171 sunt
964 1117 1065 1171 vim
1105 1117 1275 1172 illius.
1317 1118 1611 1188 Tanquam
1656 1134 1838 1189 nuga-

215 1227 297 1264 ces
328 1212 346 1244 δ
379 1211 647 1265 ωδὶὶιῐιθὶὶ
680 1227 878 1265 sumus
923 1211 993 1264 ab
1030 1210 1148 1279 illo,
1191 1217 1248 1265 et
1277 1212 1528 1266 continet
1578 1228 1635 1265 se
1683 1228 1717 1265 a
1745 1211 1841 1265 viis

215 1304 421 1359 nostris
449 1305 609 1376 quasi
637 1304 707 1358 ab
746 1304 1147 1372 immunditiis,
1178 1310 1232 1359 et
1263 1305 1498 1376 praefert
1536 1304 1844 1360 novissima

207 1399 517 1469 justorum,
547 1403 603 1453 et
650 1398 925 1469 gloriatur
968 1404 1192 1469 patrem
1237 1416 1297 1453 se
1339 1399 1551 1454 habere
1588 1401 1769 1454 Deum
1795 1401 1838 1455 ⁵.

214 1492 516 1547 Videamus
560 1507 698 1562 ergo
754 1493 799 1545 si
860 1508 1153 1547 sermones
1212 1493 1362 1547 illius
1413 1493 1530 1548 veri
1584 1498 1734 1561 sunt,
1786 1499 1843 1549 et

213 1587 502 1640 tentemus
523 1601 648 1655 quae
674 1589 915 1640 ventura
947 1589 1079 1640 sunt
1103 1586 1205 1641 illi.
1246 1586 1605 1642 Contumelia
1635 1590 1693 1641 et
1720 1591 1837 1641 tor-

1937 381 2095 431 voce,
2130 365 2209 419 sic
2238 382 2351 419 non
2381 365 2608 436 aperuit
2633 382 2693 420 os
2728 383 2917 422 suum.
2949 370 3014 422 In
3050 367 3371 424 humilitate
3401 368 3557 439 judi-

1939 459 2091 514 cium
2129 460 2250 529 ejus
2291 459 2577 514 sublatum
2632 465 2733 514 est.
2783 461 3142 518 Nativitatem
3176 463 3221 495 ¹⁰
3268 462 3389 533 ejus
3435 462 3562 533 quis

1941 552 2279 606 enarrabili
2321 553 2606 616 Quoniam
2654 554 2942 609 auferetur
2990 573 3022 609 a
3059 561 3214 610 terra
3256 556 3370 610 vita
3417 556 3560 627 ejus,

1939 646 2344 701 afacinoribus
2372 646 2565 717 populi
2604 648 2718 701 mei
2754 648 3029 702 adductus
3073 650 3253 703 estad
3292 653 3560 716 mortem,

1940 743 1997 795 et
2026 740 2172 794 dabo
2200 741 2381 795 malos
2406 756 2511 811 pro
2538 740 2831 811 sepultura
2860 742 2981 811 ejus
3025 747 3082 797 et
3108 743 3261 814 ipsos
3286 744 3488 799 divites
3516 744 3555 776 “

1939 851 2045 905 pro
2072 838 2257 888 morte
2288 834 2431 905 ejus,
2463 834 2596 905 quia
2622 835 2841 889 facinus
2872 852 2986 890 non
3012 835 3167 903 fecit,
3207 852 3393 908 neque
3426 836 3559 890 insi-

1942 928 2064 983 dias
2099 929 2142 962 ¹²
2173 945 2271 983 ore
2315 944 2439 984 suo.
2484 930 2794 999 Propterea
2832 929 2952 999 ipse
2991 934 3375 1001 consequetur
3424 931 3567 984 mul-

1940 1026 2026 1077 tos
2062 1024 2125 1090 ¹³,
2172 1025 2232 1076 et
2278 1022 2514 1077 fortium
2567 1022 2777 1079 dividet
2824 1024 3024 1095 spolia,
3066 1026 3370 1094 prOpterea
3417 1024 3568 1093 quod

1943 1116 2153 1171 tradita
2185 1122 2269 1171 est
2298 1117 2371 1171 ad
2400 1120 2644 1172 mortem
2677 1118 2872 1171 anima
2902 1118 3047 1190 ejus,
3077 1123 3133 1194 et
3172 1117 3320 1173 inter
3356 1118 3564 1173 facino-

1941 1227 2100 1266 rosos
2125 1210 2429 1281 deputatus
2455 1216 2556 1266 est.
2589 1212 2656 1264 Et
2681 1211 2799 1283 ipse
2834 1214 3064 1283 peccata
3091 1212 3401 1267 multorum
3429 1228 3564 1283 per-

1942 1305 2089 1371 tulit,
2139 1310 2196 1359 et
2246 1310 2480 1376 propter
2530 1306 2779 1360 facinora
2830 1305 3061 1361 illorum
3113 1307 3357 1361 traditus
3405 1311 3490 1361 est
3533 1325 3562 1357 ι)

1942 1400 2097 1469 (lsa.,
2126 1404 2307 1468 LIII,7,
2335 1402 2497 1467 9-12).
2530 1400 2671 1454 Item
2698 1400 2851 1471 apud
2876 1401 3213 1455 Jeremiam:
3247 1422 3273 1450 ‹‹
3302 1400 3563 1468 Domine,

1942 1492 2200 1564 signiﬁca
2230 1495 2273 1527 “
2315 1492 2477 1562 mihi,
2508 1496 2565 1548 et
2604 1509 2967 1565 cognoscam,
2996 1500 3131 1549 tunc
3171 1494 3286 1549 vidi
3324 1494 3566 1549 medita-

1944 1587 2126 1641 tiones
2156 1588 2200 1621 ¹δ
2229 1603 2450 1642 eorum.
2480 1588 2597 1658 Ego
2636 1587 2780 1642 sicut
2810 1603 2992 1658 agnus
3034 1587 3156 1642 sine
3188 1588 3401 1642 malitia
3431 1584 3565 1658 per-

214 1682 409 1733 niento
437 1679 865 1750 interrogemus
899 1694 1053 1748 eum,
1087 1685 1147 1734 ut
1189 1680 1433 1735 sciamus
1464 1681 1840 1735 reverentiam
1866 1656 1918 1728 Β
1944 1681 2147 1736 ductus
2177 1697 2302 1735 sum
2333 1681 2407 1735 ad
2437 1681 2760 1748 victimam;
2790 1680 2849 1735 in
2877 1698 2969 1737 me
2998 1682 3391 1753 cogitaverunt
3418 1680 3572 1751 cogi~

212 1773 355 1827 illius
386 1774 431 1840 δ,
459 1777 517 1826 et
541 1773 852 1843 probemus
878 1773 1208 1843 patientiam
1239 1774 1406 1828 illius.
1437 1775 1613 1830 Morte
1638 1774 1844 1845 turpis-

214 1867 350 1933 sima
379 1867 839 1921 condemnemus
865 1883 1017 1921 eum.
1050 1868 1178 1922 Haec
1222 1867 1636 1937 cogitaverunt,
1676 1874 1730 1923 et
1760 1884 1845 1923 er-

214 1966 497 2016 raverunt.
528 1961 838 2015 Excmcavit
867 1961 1025 2015 enim
1054 1962 1180 2015 illos
1227 1962 1444 2016 malitia
1479 1964 1755 2033 ipsorum,
1786 1967 1845 2017 et

213 2056 538 2109 nescierunt
563 2058 923 2109 sacramenta
952 2054 1046 2109 Dei
1091 2074 1118 2107 »
1154 2056 1330 2126 (Sap.,
1367 2073 1424 2123 ιι,
1469 2059 1675 2125 12-17).
1704 2058 1843 2111 Item

215 2148 357 2220 apud
405 2148 676 2203 Isaiam-:
724 2168 751 2201 ‹‹
800 2148 993 2203 Videte
1034 2150 1321 2220 quomodo
1357 2151 1546 2220 justus
1592 2151 1759 2221 perit,
1789 2153 1846 2205 et

215 2260 375 2297 nemo
401 2242 698 2313 intelligit,
726 2246 784 2296 et
807 2243 913 2296 viri
934 2243 1074 2313 justi
1106 2244 1406 2309 tolluntur,
1450 2249 1507 2298 et
1542 2260 1717 2298 nemo
1748 2260 1841 2297 re-

216 2337 523 2408 cognoscit.
552 2341 592 2390 A
620 2336 765 2390 facie
796 2338 951 2390 enim
985 2337 1278 2407 injustitize
1310 2338 1564 2392 sublatus
1608 2342 1689 2392 est
1718 2338 1837 2408 jus-

215 2437 316 2498 tus,
347 2434 405 2484 et
449 2431 558 2484 erit
599 2430 659 2483 in
704 2446 846 2501 pace
875 2432 893 2463 ⁷
944 2432 1239 2501 sepultura
1283 2432 1404 2502 ejus
1452 2433 1602 2501 (lsa.,
1631 2448 1758 2498 LVII,
1792 2435 1842 2496 1,

214 2525 283 2593 2).
318 2547 345 2574 »
382 2526 462 2578 De
490 2524 596 2578 hoc
616 2524 737 2594 ipso
765 2525 821 2578 in
844 2524 1035 2578 Exodo
1066 2528 1196 2579 ante
1218 2526 1559 2595 praedictum
1590 2544 1600 2578 :
1636 2544 1663 2577 «
1686 2527 1846 2579 Inno-

215 2624 433 2673 centem
454 2624 509 2673 et
528 2619 747 2689 justum
771 2635 884 2672 non
905 2618 1125 2673 occides
1144 2642 1169 2669 ››
1194 2620 1407 2684 (Εωοάη
1431 2636 1583 2687 xxm,
1609 2620 1685 2689 7).
1703 2621 1846 2674 Item

216 2713 268 2767 in
295 2713 603 2783 Evangelia
637 2729 649 2766 :
686 2733 712 2761 «
738 2713 930 2780 Iudas,
970 2713 1307 2783 poenitentia
1339 2714 1541 2768 ductus
1572 2714 1615 2779 ⁸,
1658 2728 1843 2767 sacer-

220 2806 443 2860 dotibus
470 2811 524 2861 et
580 2806 898 2860 senioribus
926 2806 1071 2860 dixit
1103 2824 1115 2860 :
1158 2808 1413 2875 Peccavi,
1446 2807 1676 2862 tradens
1717 2823 1843 2860 san-

220 2901 682 2971 guinemjustum
714 2901 952 2970 (Matth,
987 2917 1155 2968 xxvu,
1185 2904 1238 2967 3,
1268 2901 1346 2969 4).
1378 2922 1405 2949 ››

1942 1778 2129 1829 tatum
2170 1774 2463 1830 dicentes:
2504 1775 2725 1840 Venite,
2773 1775 3067 1832 mittamus
3104 1775 3328 1845 lignum
3371 1775 3428 1828 in
3464 1791 3565 1845 pa-

1942 1884 2076 1923 nem
2109 1868 2151 1905 τδ
2179 1868 2320 1939 ejus,
2352 1874 2408 1924 et
2436 1868 2743 1924 eradamus
2773 1869 2812 1901 ¹⁷
2854 1885 2888 1922 a
2929 1873 3079 1923 terra
3122 1867 3297 1922 vitam
3340 1868 3482 1937 ejus,
3514 1872 3572 1922 et

1944 1979 2157 2017 nomen
2187 1962 2309 2033 ejus
2334 1979 2448 2017 non
2486 1963 2595 2018 erit
2634 1963 2693 2017 in
2722 1963 3005 2018 memoria
3032 1962 3073 1995 ’⁸
3114 1960 3358 2033 amplius
3388 1982 3416 2011 »
3461 1961 3569 2030 (Je-

1942 2074 2098 2120 rem.,
2128 2074 2202 2127 ιιι,
2239 2058 2464 2126 18,19).
2510 2060 2654 2113 Item
2697 2057 2758 2111 in
2804 2057 2996 2112 Exodo
3027 2054 3069 2091 ¹⁹
3115 2057 3265 2111 Deus
3308 2055 3374 2109 ad
3421 2055 3571 2125 Moy-

1944 2168 2044 2206 sen
2090 2169 2102 2206 :
2146 2173 2173 2201 «
2222 2151 2522 2223 Accipiant
2578 2152 2687 2207 sibi
2742 2150 2953 2222 singuli
3007 2167 3172 2206 ovem
3226 2166 3330 2221 per
3371 2150 3574 2204 domos

1943 2246 2197 2300 tribuum
2227 2247 2299 2315 3°,
2324 2262 2486 2300 ovem
2516 2245 2636 2300 sine
2679 2246 2832 2313 vitio,
2864 2245 3203 2315 perfectum,
3235 2244 3571 2311 masculum,

1946 2340 2279 2395 anniculum
2310 2338 2352 2368 "
2382 2340 2490 2394 erit
2515 2340 2691 2394 vobis.
2719 2340 2800 2395 Ab
2826 2339 2990 2409 agnis
3022 2339 3173 2393 etab
3203 2338 3385 2392 haedis
3427 2338 3570 2391 acci-

1945 2436 2169 2505 pient’3
2218 2435 2286 2487 de
2334 2434 2608 2503 sanguine
2655 2434 2796 2503 ejus,
2842 2438 2898 2487 et
2942 2435 3160 2503 ponent
3205 2448 3377 2502 super
3431 2431 3574 2486 duos

1946 2534 2136 2598 postes
2164 2532 2219 2582 et
2246 2544 2420 2599 super
2444 2527 2624 2585 limen
2648 2527 2710 2581 in
2747 2526 3010 2580 domibus
3048 2527 3108 2580 in
3136 2525 3342 2596 quibus
3367 2541 3501 2579 eum
3528 2526 3573 2558 “

1948 2622 2123 2676 edent
2171 2623 2228 2676 in
2276 2622 2450 2693 ipsis;
2498 2629 2553 2676 et
2597 2622 2766 2676 edent
2811 2637 3007 2675 carnes
3048 2620 3173 2691 ipsa
3208 2622 3373 2673 nocte
3422 2636 3573 2674 assa-

1946 2722 2029 2770 tas
2056 2717 2195 2786 igni,
2225 2719 2281 2770 et
2310 2732 2503 2786 azyma
2533 2731 2661 2769 cum
2690 2714 3003 2785 picridibus
3029 2712 3073 2746 ’5
3103 2712 3216 2785 (35)
3244 2712 3437 2768 edent.
3455 2714 3576 2769 Non

1948 2810 2128 2864 edetis
2162 2809 2232 2863 de
2263 2809 2342 2863 eis
2393 2809 2647 2875 crudam,
2676 2824 2863 2881 neque
2904 2810 3124 2862 coctam
3172 2807 3230 2860 in
3275 2823 3439 2877 aqua,
3470 2804 3579 2859 nisi

1949 2908 2190 2957 assatam
2223 2903 2362 2973 igni,
2392 2909 2560 2973 caput
2604 2918 2734 2955 cum
2782 2900 3018 2973 pedibus
3045 2899 3089 2934 ’θ
3137 2904 3193 2953 et
3234 2900 3577 2966 interaneis;

218 3015 333 3069 CAP.
363 3014 474 3067 XV.
509 3042 576 3051 —
607 3013 761 3078 Quod
808 3014 924 3081 ipse
960 3014 1132 3067 dictus
1161 3016 1233 3067 sit
1277 3016 1388 3067 ovis
1432 3018 1480 3067 et
1530 3015 1720 3081 Agnus
1757 3014 1852 3082 qui
1872 3029 1927 3102 ρ
1953 2997 2096 3051 nihil
2127 2995 2318 3068 710
2349 2995 2760 3066 derelinquens
2789 2994 2829 3028 ’⁷
2860 3010 2926 3049 οι
2953 2995 3031 3048 eis
3059 2994 3119 3048 in
3150 3010 3339 3060 mane:
3368 2996 3425 3048 9t
3448 3008 3508 3098 οες
3532 2993 3578 3029 ³⁸

375 3094 553 3149 occidi
578 3094 820 3155 haberet,
852 3100 901 3148 et
927 3094 992 3147 de
1021 3100 1357 3148 sacramento
1387 3095 1677 3148 Passionis.

279 3195 445 3267 Apud
476 3195 677 3250 Isaiam
712 3217 722 3248 :
772 3216 799 3243 ‹‹
839 3194 997 3249 Sicut
1037 3196 1153 3250 ovis
1206 3196 1273 3250 ad
1312 3195 1605 3250 victimam
1647 3196 1848 3250 ductus

1952 3108 2067 3145 non
2096 3090 2469 3161 confringetis
2506 3106 2572 3143 ex
2614 3106 2702 3144 eo.
2733 3090 2867 3153 Quae
2907 3092 3099 3142 autem
3134 3088 3327 3142 relicta
3368 3086 3579 3143 fuerint

1950 3186 2019 3240 de
2049 3202 2115 3239 eo
2151 3200 2333 3255 usque
2378 3184 2434 3237 in
2484 3199 2674 3251 mane,
2704 3182 2827 3253 igni
2868 3186 3215 3237 crementur.
3246 3181 3338 3236 Sic
3380 3186 3577 3238 autem

1613 3337 1825 3403 Variae
1879 3334 2218 3399 lectiones.

278 3451 292 3479 ¹
320 3447 603 3511 Quoniam
636 3447 845 3497 inutilis
875 3451 957 3497 est
982 3446 1145 3497 nobis
1168 3446 1276 3497 ΝΟ.
1306 3447 1354 3497 2.
1423 3450 1442 3478 ²
1472 3447 1538 3496 Et
1572 3447 1905 3510 improperai
1934 3440 2083 3493 Corb.
2126 3441 2235 3511 Ver.
2308 3438 2325 3467 ³
2356 3436 2417 3511 In
2438 3434 2859 3511 traductionem
2876 3434 3275 3511 cogitationum
3300 3434 3439 3511 Lavi.
3468 3435 3581 3483 Lz'n.

216 3520 314 3570 ΝΟ.
343 3524 386 3568 1.
472 3520 492 3549 ⁴
518 3519 689 3582 Nugae
724 3519 979 3567 aestimati
1003 3521 1148 3568 Lam.
1175 3517 1302 3567 Bod.
1332 3518 1377 3566 2.
1415 3516 1601 3581 Nugas
1632 3516 1736 3567 ΝΟ.
1774 3518 1816 3564 1.

1897 3516 1915 3545 ⁵
1940 3515 2156 3563 Patrem
2182 3510 2361 3559 Deum
2390 3507 2511 3557 Bod.
2539 3509 2588 3557 4.
2621 3507 2768 3557 Corb.
2802 3506 2923 3556 Thu.
2947 3507 3124 3556 Benev.
3156 3508 3268 3556 Ver.
3350 3506 3369 3536 ⁶
3397 3505 3584 3557 Reve-

216 3590 446 3640 rentiam
466 3576 700 3638 illiusvet
731 3592 906 3639 morte
941 3586 1062 3637 Bod.
1097 3590 1142 3648 1,
1173 3588 1221 3637 3.
1288 3587 1307 3620 ⁷
1335 3588 1396 3637 In
1426 3576 1561 3651 pace
1590 3588 1694 3636 erit
1726 3586 1991 3635 memoria
2020 3582 2144 3632 Bod.
2178 3582 2225 3630 3.
2253 3581 2466 3651 Justus,
2501 3581 2558 3629 in
2584 3592 2724 3651 pace
2752 3579 2853 3651 erit
2892 3578 3053 3633 enim,
3076 3579 3216 3651 Lam.
3253 3576 3495 3651 Lz’q._l_VC.

217 3662 333 3713 Bod.
362 3663 413 3724 1,
442 3661 489 3710 4.
555 3660 576 3692 ⁸
600 3660 929 3709 Pmnitentia
963 3662 1118 3708 actus
1140 3659 1247 3709 ΝΟ.
1310 3664 1341 3710 2
1393 3648 1745 3715 9'Tondente,
1772 3658 1891 3705 sine
1922 3654 2044 3704 Bod.
2076 3655 2121 3703 3.
2159 3652 2296 3724 T/iu._
2312 3649 2459 3724 Cara.
2488 3648 2901 3724 'l_‘ro_ndentibus
2932 3649 3225 3724 eam_l{oss.

218 3738 377 3783 tatem
409 3735 593 3781 autem
622 3734 765 3782 Lam.
798 3730 901 3780 ΝΟ.
928 3732 972 3792 1,
1010 3731 1055 3779 2.
1090 3730 1206 3780 Bod.
1229 3726 1249 3777 i
1276 3780 1287 3791 ,
1314 3737 1360 3791 2,
1393 3732 1442 3789 3,
1468 3731 1498 3780 4
1554 3729 1676 3778 Thu.
1706 3730 1845 3778 Foss.

1953 3725 2022 3774 r'b.

220 3818 305 3853 ore
338 3805 461 3867 ejus
492 3802 624 3853 Bod.
658 3803 702 3852 3.
732 3789 1005 3852 Insidians
1034 3816 1127 3852 ore
1163 3789 1607 3850 Lm.1nsidiatur
1635 3800 1758 3849 Tha.
1807 3798 2042 3847 Insidias
2087 3808 2180 3845 ore
2219 3807 2323 3867 suo
2359 3793 2579 3867 locutus
2625 3794 2724 3867 est
2740 3789 2866 3839 Bod.
2913 3790 2958 3837 4.

1816 3872 1853 3902 '5
1886 3868 2017 3918 Vidi
2048 3866 2407 3929 cogitationes
2438 3864 2560 3910 T’m.

220 3875 421 3925 multos
455 3877 589 3924 Voss.

219 3948 350 3995 Lam.

218 4016 257 4050 ²⁰
280 4017 459 4068 Ovem
489 4028 584 4078 per
618 4015 793 4064 tribus
828 4014 953 4064 Bod.
986 4015 1031 4065 3.

678 3875 716 3906 “
742 3874 979 3923 Domine
1004 3871 1331 3935 signiﬁcasti
1362 3871 1468 3921 ΝΟ.
1505 3872 1551 3919 1.
1580 3871 1721 3919 Lam.

220 4089 257 4119 ³³
285 4088 353 4138 Et
378 4087 657 4149 accipient
692 4086 760 4135 de
786 4086 1058 4147 sanguine
1086 4089 1140 4135 et
1170 4085 1290 4134 Bod.
1322 4087 1368 4145 1,
1398 4085 1446 4145 2,
1478 4089 1524 4145 3,
1558 4086 1605 4133 4.

220 4157 283 4207 Et
312 4170 509 4208 carnes
539 4157 686 4220 ipsas
714 4156 835 4205 Bod.
864 4157 909 4216 1,
939 4156 987 4215 3,
1015 4158 1060 4204 4.
1095 4155 1245 4204 Corb.

222 4230 335 4279 Bod.
367 4232 415 4280 3.
445 4230 552 4279 ΝΟ.
582 4229 630 4278 2.
664 4228 969 4278 Interaneis
1000 4240 1134 4279 vero
1160 4227 1230 4277 ab
1273 4226 1383 4275 illis
1427 4227 1560 4274 Lam.
1605 4225 1710 4275 ΝΟ.
1739 4224 1786 4285 1,
1818 4224 1864 4273 2.

222 4301 387 4351 Lamb.
414 4300 552 4352 Ossa
580 4299 702 4362 afﬂ.
734 4298 821 4349 Ab
847 4310 914 4348 eo
936 4299 1077 4347 Lam.
1110 4298 1222 4347 [πη.
1253 4298 1359 4348 N0.
1390 4298 1434 4358 I,
1469 4297 1517 4346 2.
1548 4296 1669 4345 Bod.
1703 4295 1753 4355 1,
1780 4293 1828 4356 2,
1850 4295 1900 4344 4.

458 3944 496 3976 ¹⁷
527 3944 809 3994 Tollamus
834 3959 864 3993 a
897 3949 1037 3993 terra
1073 3942 1195 3992 Bod.
1236 3946 1279 3990 3.
1311 3943 1619 4005 Ejiciemus
1648 3943 1756 3992 Lin.
1794 3940 1941 3989 Curb.

1125 4016 1166 4045 ³¹
1191 4014 1508 4064 Anniculus
1541 4014 1645 4064 erit
1670 4012 1794 4061 Bod.
1823 4013 1869 4060 1.

1706 4084 1747 4115 ..
1778 4082 1848 4144 ρ,

1953 4094 1995 4131 l8
2025 4079 2322 4130 comedent
2354 4078 2493 4127 Lam.
2532 4076 2637 4125 ΝΟ.
2674 4078 2715 4125 1.
2743 4075 2884 4124 Istas
2922 4075 3041 4123 Tha.
3092 4072 3223 4121 Voss.
3259 4073 3348 4144 Pla
3376 4074 3479 4123 ΝΟ.
3532 4075 3582 4123 2.

1345 4158 1387 4187 ²⁵
1418 4152 1899 4205 Amaritudinibus
1926 4152 2031 4200 Lin.
2070 4149 2189 4199 Bod.
2222 4151 2270 4211 1,
2308 4149 2356 4197 4.
2390 4147 2533 4197 Corb.

3308 3646 3347 3679 1°
3372 3646 3581 3696 Nativi-

2108 3727 2144 3756 1'
2174 3724 2244 3772 Et
2268 3721 2468 3770 divites
2496 3721 2617 3769 Bod.
2649 3722 2695 3769 1.
2769 3721 2806 3750 ¹²
2831 3719 3023 3782 Neque
3045 3717 3204 3767 dolus
3236 3719 3491 3767 inventus
3521 3718 3579 3766 in

3065 3792 3102 3820 ¹³
3130 3789 3254 3851 Ipse
3289 3789 3582 3838 conﬁtetur

2645 3861 2680 3893 ¹⁶
2704 3862 2767 3909 In
2792 3874 2936 3923 pane
2962 3861 3083 3923 ejus
3117 3859 3240 3908 Thu.
3274 3859 3404 3907 Voss.
3435 3858 3582 3909 Corb.

2046 3938 2085 3973 ’⁸
2108 3928 2167 3988 In
2192 3935 2517 3985 memoriam
2551 3932 2673 3981 Rod.
2716 3934 2758 3993 1,
2785 3934 2830 3980 4.
2931 3930 2971 3964 ³9
3000 3928 3193 3979 Exodo
3226 3928 3365 3979 dixit
3398 3930 3503 3981 ΝΟ.
3532 3929 3581 3978 2.

1954 4010 1996 4041 ²¹
2027 4009 2205 4060 Omne
2232 4008 2436 4071 vulgus
2466 4005 2708 4053 ﬁliorum
2746 4004 2876 4052 Voss.
2901 4002 3097 4053 Omnis
3120 4002 3359 4064 populus
3386 4001 3508 4050 Bod.
3533 4002 3579 4049 3.

2636 4144 2679 4178 ³⁸
2700 4144 2939 4196 Pedibus
2970 4147 3092 4208 ejus
3128 4146 3269 4193 Lam.
3299 4142 3582 4193 lntestinis

1966 4221 2491 4285 "Derelinquentes
2537 4218 2660 4268 Thu.
2712 4217 2847 4265 Voss.
2889 4230 2959 4267 ex
3005 4229 3070 4267 eo
3105 4216 3216 4265 Lin.
3315 4213 3357 4248 ²⁸
3381 4213 3584 4266 Ossum

1515 4404 1741 4487 Steph.
1789 4402 2037 4467 Baluzii
2062 4408 2274 4487 notm.

283 4517 375 4578 (35)
423 4515 735 4567 Picridibus.
769 4516 849 4566 Ita
892 4518 1106 4597 veteres
1150 4513 1420 4595 editiones
1454 4518 1509 4564 et
1549 4517 1677 4597 pcto
1720 4512 2212 4597 libriDritudinis
2253 4510 2697 4597 cognominatur.
2726 4527 2774 4597 ’ξ
2827 4509 2966 4597 Vide
3010 4508 3452 4597 illustrissimum
3482 4505 3585 4597 qvi-

224 4591 447 4637 veteres.
498 4588 764 4637 Erasmus
805 4588 1025 4650 scripsit
1078 4586 1292 4635 lactucis
1346 4586 1657 4649 agrestibus,
1710 4598 1849 4648 quo-

228 4659 387 4709 modo
416 4661 646 4709 vertisse
689 4662 945 4709 sanctum
989 4658 1395 4721 Hieronymum
1432 4661 1622 4706 monet
1658 4656 1853 4705 Pame-

228 4728 366 4789 lius;
414 4730 561 4793 quod
608 4743 799 4779 verum
856 4733 937 4779 est
983 4744 993 4777 :
1046 4729 1143 4779 sed
1192 4728 1339 4778 idem
1384 4730 1761 4789 Hieronymus
1798 4728 1853 4776 in

228 4798 469 4862 Epistola
499 4802 567 4851 ad
606 4802 917 4851 Marcellam
952 4801 1021 4850 de
1060 4800 1408 4850 Munusculis
1439 4802 1697 4861 acceptis,
1735 4798 1811 4847 ait
1843 4812 1853 4844 :

231 4888 257 4917 (ι
286 4872 493 4922 Pascha
523 4872 728 4923 Christi
748 4887 875 4922 cum
908 4872 1379 4921 amaritudinibus
1404 4871 1805 4928 manducatur;
1830 4888 1858 4914 »

230 4944 371 4992 etin
416 4945 643 5007 epistola
684 4944 756 4993 ad
807 4944 1158 4993 Gaudentium
1209 4943 1277 4991 de
1314 4943 1603 4991 Infantulaa
1649 4940 1858 4990 educa—

229 5015 372 5065 tione
405 5031 416 5062 :
446 5033 471 5059 ‹‹
505 5016 713 5066 Pascha
737 5030 962 5080 quoque
987 5029 1117 5066 cum
1148 5014 1611 5065 amaritudinibus
1641 5011 1860 5062 comedi

223 5084 464 5145 jubetur.
512 5104 541 5132 »
596 5086 688 5136 Sic
736 5088 901 5136 etiam
956 5086 1051 5136 lib.
1103 5099 1139 5135 ιι
1197 5087 1450 5135 adversus
1499 5085 1856 5133 Iovinianum.

233 5155 418 5208 Codex
471 5158 899 5221 Moyssiacensis
953 5162 1007 5207 et
1062 5157 1607 5220 Gratianopolitanus
1654 5154 1863 5204 habent

232 5230 591 5279 amaritudine
646 5235 901 5280 tantum:
966 5229 1449 5294 Compendiensis,
1502 5226 1863 5277 amaritudine

235 5312 343 5349 cum
393 5302 725 5365 picridibus;
785 5301 1163 5361 Turonensis,
1220 5301 1576 5351 Corbeiensis
1635 5304 1689 5349 et
1754 5303 1862 5347 tres

236 5375 525 5437 Anglicani
573 5390 584 5423 :
634 5373 1122 5436 amaritudinibus,
1177 5373 1483 5435 Eligianus,
1528 5370 1865 5435 pinguetudi-

235 5446 385 5496 nibus
441 5446 865 5509 amaritudinis,
925 5444 1077 5494 LXX
1155 5445 1485 5508 Interpretes
1559 5444 1867 5508 posuerunt

237 5520 350 5579 μετὰ
374 5519 615 5584 πικρίδων.
676 5519 1052 5582 Hieronymus
1113 5518 1170 5566 in
1221 5517 1450 5581 prologo
1506 5515 1767 5578 Epistolas
1795 5513 1866 5564 ad

236 5590 545 5653 Algasiam:
592 5607 621 5637 «
662 5590 792 5640 Vidi
834 5602 936 5653 ego
985 5601 1251 5639 nauseam
1304 5593 1359 5639 et
1405 5588 1598 5652 capitis
1644 5586 1869 5648 vertigi-

233 5673 359 5712 nem
397 5664 641 5714 antidoto
672 5670 800 5727 qum
846 5661 1155 5725 appellatur
1204 5661 1370 5725 πικρὰ,
1397 5672 1545 5723 saepe
1588 5658 1789 5709 sanari.
1840 5671 1869 5703 »

234 5730 462 5802 Plinius,
494 5735 588 5787 lib.
624 5746 770 5799 χχιι,
802 5745 921 5800 cap.
945 5732 1009 5782 22
1040 5748 1052 5782 :
1084 5747 1114 5781 ς
1149 5730 1324 5784 Picris
1364 5729 1435 5781 ab
1468 5730 1677 5797 insigni
1717 5739 1871 5780 ame-

1958 4599 2079 4634 rum
2126 4575 2347 4634 Petrum
2387 4580 2680 4632 Danielem
2724 4579 2995 4629 Huetium
3041 4580 3097 4626 in
3129 4575 3588 4627 Observationibus

1960 4657 2013 4706 in
2072 4655 2481 4706 Commentaria
2533 4652 2807 4715 Origenis,
2862 4664 2983 4714 pag.
3036 4650 3112 4699 15.
3169 4647 3384 4697 Addam
3440 4647 3584 4707 istic,

1959 4741 2027 4777 ex
2054 4730 2284 4791 antiquo
2324 4725 2598 4775 ordinario
2638 4722 2892 4774 ecclesiae
2935 4721 3127 4771 Sancti
3167 4722 3371 4770 Aniani
3410 4721 3589 4791 Aure-

1958 4801 2223 4849 lianensis
2252 4797 2649 4858 manuscripto,
2682 4795 2870 4845 locum
2902 4794 2997 4855 qui
3026 4794 3180 4842 visus
3220 4794 3304 4840 est
3342 4790 3590 4840 difﬁcilis

1961 4870 2316 4933 quibusdam,
2348 4882 2489 4917 cum.
2512 4868 2569 4916 in
2604 4880 2667 4916 ea
2698 4866 2836 4917 urbe
2871 4878 3069 4915 essem.
3114 4864 3244 4913 Post
3285 4862 3591 4924 descriptas

1961 4941 2320 4991 caeremonias
2365 4952 2491 5001 quae
2526 4938 2669 4986 ﬁunt
2711 4939 2767 4986 in
2814 4937 2975 4987 tertia
3016 4936 3151 4985 feria
3196 4934 3588 4997 Rogationum,

1962 5017 2087 5075 post
2130 5011 2461 5073 descriptam
2505 5009 2915 5072 processionem
2957 5006 3027 5056 ad
3065 5006 3357 5057 ecclesiam
3400 5004 3593 5053 Sancti

1962 5084 2243 5143 Germani,
2271 5083 2471 5146 legitur
2502 5082 2617 5131 illic
2649 5096 2661 5129 :
2699 5098 2727 5129 «
2767 5081 2928 5130 Tunc
2977 5078 3186 5129 recedit
3216 5077 3494 5140 processio
3522 5075 3591 5125 ab

1964 5155 2201 5205 ecclesia
2257 5153 2533 5204 cantando
2582 5153 2844 5202 letaniam
2915 5163 3096 5214 usque
3161 5148 3230 5198 ad
3299 5149 3592 5199 ecclesiam

1965 5239 2143 5283 suam,
2172 5238 2238 5275 eo
2275 5225 2469 5274 ordine
2507 5238 2619 5288 quo
2664 5228 2950 5286 venerant,
2976 5222 3073 5272 illo
3111 5219 3461 5285 praecedente
3496 5220 3593 5283 qui

1967 5299 2146 5360 portat
2174 5295 2456 5354 lactucas;
2482 5310 2513 5344 »
2554 5309 2663 5345 non
2700 5300 2948 5359 poteram
2991 5306 3187 5357 capere
3219 5291 3355 5355 quid
3389 5292 3445 5340 in
3485 5290 3593 5339 hoc

1968 5370 2099 5419 loco
2128 5367 2440 5431 signiﬁcare
2486 5367 2700 5431 possint
2742 5367 2995 5416 lactucae.
3042 5366 3207 5414 Error
3244 5368 3327 5412 est
3365 5361 3591 5423 librarii,

1968 5440 2065 5502 qui
2110 5430 2339 5489 lactucas
2380 5430 2566 5502 posuit
2611 5452 2710 5501 pro
2747 5437 3023 5488 lectiones:
3071 5450 3201 5486 nam
3243 5447 3409 5497 supra
3454 5430 3593 5495 legi-

1970 5515 2097 5560 tur:
2126 5527 2155 5558 ‹‹
2185 5510 2430 5572 Quartus
2469 5513 2649 5574 portat
2681 5511 2887 5561 librum
2933 5512 2990 5561 in
3021 5523 3132 5574 quo
3173 5509 3333 5559 lectas
3368 5506 3596 5555 fuerunt

1970 5584 2272 5635 conciones
2310 5584 2379 5633 ad
2429 5583 2763 5634 Matutinum
2789 5600 2802 5643 ;
2829 5603 2856 5630 »
2903 5591 2959 5637 et
2997 5581 3164 5648 paulo
3192 5586 3336 5646 post,
3361 5595 3391 5627 «
3434 5579 3596 5628 Dicto

1973 5656 2336 5719 responsorio,
2357 5669 2495 5719 puer
2518 5669 2665 5707 unus
2686 5656 2822 5723 legit
2845 5658 3150 5714 lectionem
3177 5654 3237 5707 in
3265 5652 3405 5704 libro
3429 5659 3600 5716 quem

1971 5739 2166 5780 secum
2194 5727 2447 5794 portavit.
2472 5745 2503 5777 »
