3998 6194
333 255 436 310 739

1219 245 1277 308 S.
1319 251 1629 308 CYPRIANI
1669 246 1945 309 OPERUM
1987 254 2157 309 PARS
2199 249 2261 308 ll.
2303 283 2372 294 --
2409 252 2778 311 OPUSCULA.

3599 254 3707 310 740

335 377 646 434 comedetis
674 392 806 431 eum
837 392 850 430 :
883 374 1087 430 Lumbi
1121 375 1169 410 ³⁸
1197 376 1372 430 vestri
1405 375 1718 446 praecincti,
1749 382 1807 430 et
1832 375 1964 429 cali-
1987 388 2042 459 Α
2067 391 2197 430 eum
2220 373 2333 431 illic
2352 383 2548 432 contra
2561 377 2897 446 Dominum,
2925 377 2984 431 et
3005 375 3084 431 ait
3101 377 3261 432 Iesus
3283 377 3355 432 ad
3379 378 3661 448 populum
3689 396 3700 431 :

339 492 424 546 ga:
453 474 501 508 ³ο
531 474 731 525 vestras
761 469 819 523 in
853 468 1093 540 pedibus
1129 470 1349 537 vestris,
1383 474 1440 524 et
1473 468 1676 523 bacula
1708 474 1896 523 vestra
1921 470 1964 506 ³⁸

336 568 392 624 in
456 563 720 620 manibus
775 561 1014 629 vestris;
1069 565 1125 616 et
1177 561 1356 617 edetis
1407 579 1538 617 eum
1602 562 1964 629 festinanter,

335 661 548 718 Pascha
583 662 669 713 est
694 657 849 712 enim
880 657 926 691 ³³
967 656 1191 711 Domini
1237 676 1264 706 ιο
1308 657 1528 727 (Εωοά.,
1561 673 1659 725 xu,
1696 659 1749 722 3,
1791 656 1967 725 5-11).

334 758 477 812 Item
526 753 582 808 in
616 750 949 823 Apocalypsi
981 768 994 804 :
1031 771 1059 797 ιι
1103 749 1170 805 Et
1210 750 1320 804 vidi
1361 750 1418 804 in
1462 749 1651 804 medio
1694 749 1890 804 throni
1922 750 1970 784 ³⁸

338 854 394 905 et
434 850 677 920 quatuor
719 844 1060 899 animalium
1101 847 1156 898 et
1199 843 1259 898 in
1305 843 1499 898 medio
1542 843 1838 898 seniorum
1870 860 1968 914 ag-

337 958 476 997 num
537 942 782 995 stantem
859 939 1018 1010 quasi
1076 937 1342 1004 occisum,
1398 937 1708 992 habentem
1758 953 1973 992 cornua

338 1039 559 1108 septem
590 1040 648 1089 et
691 1035 883 1088 oculos
911 1037 1153 1104 septem,
1186 1032 1281 1103 qui
1315 1037 1446 1085 sunt
1478 1037 1696 1102 septem
1739 1031 1971 1102 spiritus

335 1130 435 1187 Dei
483 1127 644 1183 missi
694 1143 798 1198 per
840 1126 1044 1181 orbem
1087 1130 1274 1180 terras.
1323 1127 1390 1180 Et
1433 1125 1610 1193 venit,
1655 1129 1713 1179 et
1755 1130 1975 1196 accepit

337 1225 547 1280 librum
570 1223 640 1277 de
669 1221 905 1276 dextera
934 1219 1030 1275 Dei
1063 1221 1108 1254 ³⁸
1139 1220 1390 1274 sedentis
1408 1218 1467 1273 in
1496 1218 1728 1274 throno.
1756 1220 1822 1275 Et
1842 1235 1971 1274 cum

337 1318 646 1389 accepisset
709 1314 919 1369 librum
949 1356 963 1383 ,
1025 1319 1271 1386 quatuor
1336 1312 1603 1367 animalia
1659 1315 1718 1367 et
1769 1313 1971 1384 viginti

339 1418 583 1484 quatuor
634 1408 882 1465 seniores
931 1412 1362 1478 prostraverunt?
1409 1422 1468 1460 se
1521 1409 1657 1460 ante
1716 1408 1968 1478 Agnum,

340 1505 615 1561 habentes
655 1502 866 1573 singuli
909 1501 1152 1556 citharas
1199 1504 1258 1556 et
1286 1505 1516 1571 pateras
1544 1501 1590 1534 ³⁵
1618 1516 1818 1554 aureas
1847 1500 1968 1572 ple-

338 1616 440 1655 nas
466 1596 855 1653 odoramentis
903 1595 1402 1666 supplicationum,
1433 1611 1559 1665 qua:
1595 1600 1725 1648 sunt
1755 1594 1968 1649 oratio-

342 1709 444 1748 nes
497 1695 849 1759 sanctorum,
896 1693 952 1744 et
1006 1691 1382 1744 cantaverunt
1436 1688 1718 1743 canticum
1759 1703 1968 1742 novum

340 1787 640 1842 dicentes:
691 1785 906 1856 Dignus
951 1800 1032 1852 es,
1070 1782 1325 1846 Domine,
1363 1782 1618 1853 accipere
1654 1781 1864 1837 librum
1913 1759 2044 1837 etB

339 1881 558 1952 aperire
586 1879 749 1950 signa
781 1879 828 1912 ³⁸
864 1877 1005 1948 ejus,
1037 1877 1311 1947 quoniam
1348 1875 1562 1931 occisus
1608 1891 1665 1930 es
1697 1877 1756 1930 et
1797 1875 1963 1930 rede-

340 1973 496 2030 misti
528 1990 632 2028 nos
670 1971 947 2043 sanguine
993 1973 1089 2024 tuo
1120 1971 1165 2004 ³⁷
1209 1987 1277 2024 ex
1311 1969 1469 2025 omni
1501 1969 1651 2024 tribu
1685 1973 1742 2025 et
1777 1969 1969 2040 lingua

341 2072 399 2123 et
443 2067 652 2139 populo
698 2070 754 2120 et
801 2066 1060 2134 natione,
1089 2068 1145 2119 et
1186 2063 1367 2119 fecisti
1413 2080 1515 2118 nos
1564 2079 1807 2134 regnum
1853 2063 1969 2117 Deo

340 2167 551 2223 nostro,
596 2160 1030 2231 sacerdotesque
1075 2158 1279 2224 fecisti,
1332 2161 1390 2212 et
1432 2157 1757 2228 regnabant
1800 2173 1972 2228 super

341 2263 554 2310 terram
590 2278 616 2305 »
648 2256 860 2325 (Apoc.,
890 2271 941 2309 v.
973 2256 1146 2320 ϐο10).
1179 2254 1320 2306 Item
1351 2251 1409 2306 in
1438 2251 1744 2322 Evangelio
1775 2269 1789 2306 :
1823 2272 1850 2299 «
1876 2252 1968 2304 Al-

340 2354 460 2405 tera
513 2349 602 2404 die
645 2349 787 2402 vidit
832 2348 1076 2402 Joannes
1102 2347 1150 2381 ²⁸
1187 2349 1376 2401 Iesum
1423 2345 1746 2401 venientem
1796 2345 1864 2399 ad
1911 2360 1971 2398 se

339 2446 396 2498 et
423 2444 500 2498 ait
530 2461 543 2498 :
577 2444 717 2520 Ecce
746 2458 927 2513 agnus
957 2440 1057 2495 Dei
1089 2440 1135 2476 ³⁸
1170 2445 1228 2495 et
1254 2455 1381 2494 ecce
1402 2439 1498 2510 qui
1527 2440 1713 2494 aufert
1738 2444 1972 2510 peccata

341 2537 540 2594 mundi
571 2559 597 2586 ››
630 2539 832 2608 (Joan.,
863 2552 902 2603 ι,
932 2534 1046 2604 29).

496 2664 623 2718 CAP.
657 2663 788 2717 XVI.
823 2691 890 2700 —-
925 2659 1076 2726 Quod
1101 2659 1243 2714 idem
1269 2664 1319 2713 et
1347 2659 1489 2728 lapis
1513 2658 1689 2712 dictus
1712 2660 1802 2712 sit.

392 2789 558 2860 Apud
574 2787 777 2843 Isaiam
790 2787 870 2841 sic
884 2785 1020 2840 dicit
1035 2784 1326 2840 Dominus:
1340 2805 1367 2833 «
1382 2785 1521 2839 Ecce
1533 2799 1641 2854 ego
1658 2782 1906 2836 immitto
1924 2782 1972 2817 ⁸ο

341 2881 457 2956 ’71
476 2881 524 2954 1
565 2882 623 2936 in
654 2881 1030 2935 fundamenta
1049 2879 1180 2934 Sion
1200 2877 1452 2949 lapidem
1477 2877 1814 2949 pretiosum,
1831 2875 1972 2931 elec-

338 2983 462 3032 tum
508 2977 577 3042 ⁸¹,
615 2990 925 3040 summum,
963 2972 1322 3044 angularem,
1353 2971 1738 3032 honoratum;
1780 2974 1836 3024 et
1877 2969 1974 3041 qui

340 3068 718 3126 credideritin
736 3083 890 3135 eum,
912 3083 1028 3121 non
1049 3065 1434 3121 confundetur
1490 3063 1944 3134 (Isa.,xxvm,61)

339 3165 480 3220 Item
513 3163 569 3216 in
601 3162 827 3216 Psalmo
853 3175 992 3215 cxvn
1013 3176 1026 3213 :
1049 3178 1076 3210 (ι
1108 3157 1269 3229 Lapis
1313 3173 1481 3228 quem
1520 3156 1942 3228 reprobaverun

341 3257 712 3323 aedificantes,
745 3254 837 3309 hic
869 3254 1050 3308 factus
1091 3257 1175 3306 est
1225 3251 1282 3305 in
1321 3256 1488 3321 caput
1525 3250 1744 3321 anguli.
1773 3253 1813 3304 A
1854 3251 1964 3304 Do-

337 3351 498 3406 mino
531 3350 708 3403 factus
739 3352 824 3400 est
862 3347 964 3400 iste
993 3346 1062 3413 ",
1091 3351 1147 3399 et
1187 3347 1273 3400 est
1307 3343 1660 3398 admirabilis
1694 3345 1752 3398 in
1795 3343 1968 3397 oculis

341 3443 570 3499 nostris.
604 3443 709 3495 Iste
737 3441 859 3495 dies
887 3441 933 3474 ⁸³
965 3455 1135 3510 quem
1161 3438 1299 3492 fecit
1321 3437 1614 3503 Dominus,
1643 3436 1968 3491 exaltemus

344 3541 404 3592 et
425 3535 818 3608 jucundemur
841 3535 888 3569 ⁸⁸
927 3532 985 3587 in
1026 3549 1114 3588 ea.
1145 3533 1188 3588 0
1231 3531 1493 3598 Domine,
1515 3531 1665 3585 salva
1691 3531 1739 3565 ⁸⁸
1771 3529 1966 3601 igitur,

342 3647 376 3687 ο
417 3629 677 3696 Domine,
709 3626 890 3699 dirige
929 3626 1126 3699 igitur.
1159 3624 1495 3680 Benedictus
1545 3629 1630 3680 est
1676 3624 1774 3695 qui
1815 3623 1970 3678 venit

338 3724 398 3780 in
428 3723 665 3778 nomine
695 3721 915 3776 Domini
945 3742 972 3770 ››
1002 3721 1169 3790 (Psal.
1201 3735 1367 3788 cxvn,
1395 3720 1598 3789 22-26).
1635 3720 1776 3774 Item
1815 3715 1967 3788 apud

338 3816 669 3873 Zachariam
710 3833 723 3869 :
777 3836 804 3864 ‹‹
848 3815 988 3869 Ecce
1035 3829 1142 3884 ego
1187 3814 1407 3868 adduco
1459 3828 1703 3882 puerum
1749 3827 1963 3865 meum.

339 3913 541 3968 Oriens
574 3912 620 3946 ⁸⁵
651 3926 864 3965 nomen
893 3913 979 3963 est
1006 3907 1056 3963 ei
1083 3925 1098 3975 ;
1141 3907 1413 3978 quoniam
1451 3906 1594 3978 lapis
1630 3921 1802 3977 quem
1835 3904 1968 3959 dedi

337 4011 467 4062 ante
493 4003 693 4060 faciem
723 4006 874 4070 Iesu,
904 4018 1078 4074 super
1106 4001 1350 4072 lapidem
1399 4000 1585 4071 ipsum
1624 4015 1804 4053 unum
1842 4015 1964 4068 sep-

339 4106 455 4156 tem
482 4098 625 4154 oculi
658 4102 840 4152 sunt»
865 4094 1328 4168 (Zach.,m,8,9).
1360 4095 1500 4150 Item
1533 4094 1592 4148 in
1620 4095 1965 4149 Deuterono-

342 4196 455 4250 mio
489 4211 502 4249 :
539 4214 566 4244 α
597 4195 662 4248 Et
686 4191 898 4247 scribes
929 4185 974 4225 ⁸⁷
1001 4205 1173 4261 super
1212 4187 1462 4260 lapidem
1501 4202 1736 4242 onmem
1775 4187 1967 4258 legem

341 4289 490 4343 hanc
505 4287 804 4342 manifeste
833 4284 1001 4340 nimis
1016 4305 1043 4333 »
1064 4285 1267 4354 (Deut,
1283 4281 1542 4351 xxvu,8).
1559 4281 1702 4335 Item
1725 4277 1872 4351 apud
1885 4282 1970 4335 Ie-

339 4398 464 4438 sum
487 4384 632 4438 Nave
655 4396 668 4437 :
699 4401 728 4429 «
757 4381 822 4434 Et
845 4378 1058 4450 accepit
1087 4375 1344 4443 lapidem
1372 4390 1664 4446 magnam,
1687 4378 1746 4428 et
1774 4373 1971 4428 statuit

2070 470 2211 522 Ecce
2243 470 2386 541 lapis
2412 471 2520 524 iste
2550 471 2659 526 erit
2687 470 2841 526 vobis
2885 471 2942 525 in
2983 471 3378 525 testimonium
3424 471 3558 542 quia
3605 472 3715 525 iste

2071 561 2287 618 audivit
2313 565 2360 599 ⁸⁸
2390 564 2587 619 omnia
2618 581 2748 635 quae
2776 565 2927 619 dicta
2962 567 3098 619 sunt
3125 581 3158 619 a
3201 565 3469 630 Domino,
3497 567 3716 636 quanta

2068 661 2294 716 locutus
2321 662 2406 711 est
2431 658 2478 692 "
2505 657 2576 711 ad
2602 674 2700 712 vos
2726 658 2934 726 hodie;
2964 662 3022 712 et
3041 658 3148 713 erit
3176 657 3296 728 ipse
3326 657 3483 712 vobis
3513 657 3574 712 in
3603 661 3713 713 tes-

2072 750 2371 805 timonium
2401 751 2459 804 in
2485 750 2790 806 novissimo
2819 750 3064 820 dierum,
3095 751 3331 822 quando
3360 751 3714 806 recesseritis

2070 861 2101 899 a
2128 845 2239 899 Deo
2261 850 2447 900 vestro
2473 867 2499 895 »
2530 845 2723 917 (Iosue,
2754 861 2902 911 xxiv,
2934 849 3022 914 26,
3057 846 3166 915 27).
3202 846 3341 899 Item
3382 845 3441 899 in
3470 845 3710 899 Actibus

2072 939 2455 1010 apostolorum
2486 941 2688 994 Petrus
2729 961 2739 993 :
2777 961 2804 988 ‹‹
2832 938 3120 1010 Principes
3148 938 3339 1010 populi
3367 942 3425 993 et
3454 939 3714 993 seniores

2071 1033 2240 1086 Israel
2280 1032 2350 1100 5°,
2382 1032 2614 1088 audite:
2659 1035 2796 1088 Ecce
2837 1049 2943 1087 nos
2988 1032 3158 1088 hodie
3205 1033 3640 1103 interrogamur
3680 1049 3715 1086 a

2069 1126 2229 1181 vobis
2255 1143 2428 1198 super
2452 1126 2752 1182 benefacta
2781 1125 3030 1181 hominis
3050 1127 3095 1161 ⁸⁸
3123 1125 3338 1181 infirmi
3369 1127 3427 1180 in
3457 1142 3574 1198 quo
3605 1125 3715 1181 iste

2072 1221 2320 1276 salvatus
2361 1224 2466 1276 est.
2509 1221 2595 1276 Sit
2640 1220 2798 1276 vobis
2849 1221 3118 1276 omnibus
3168 1226 3374 1276 notum
3427 1227 3487 1276 et
3540 1220 3705 1276 omni

2069 1315 2287 1386 popqu
2316 1315 2486 1370 Israel
2515 1315 2649 1386 quia
2677 1315 2735 1370 in
2765 1316 2999 1370 nomine
3024 1317 3152 1371 Iesu
3182 1315 3388 1370 Christi
3410 1314 3714 1385 Nazareni,

2071 1424 2247 1480 quem
2305 1425 2404 1464 vos
2457 1408 2843 1478 crucifixistis,
2891 1425 3062 1480 quem
3122 1409 3268 1464 Deus
3320 1409 3617 1464 suscitavit
3671 1425 3704 1463 a

2070 1502 2310 1557 mortuis
2350 1503 2396 1538 ⁵³
2453 1503 2514 1558 in
2564 1502 2661 1558 illo
2708 1503 2814 1558 iste
2861 1503 2924 1558 in
2958 1509 3266 1575 conspectu
3307 1506 3491 1558 vestro
3537 1519 3709 1557 sanus

2072 1597 2261 1650 adstat
2291 1597 2360 1665 ⁸³,
2391 1597 2450 1651 in
2475 1596 2585 1651 alio
2610 1599 2802 1652 autem
2836 1597 3015 1652 nullo.
3046 1597 3142 1651 Hic
3170 1601 3256 1652 est
3285 1596 3427 1668 lapis
3456 1597 3556 1668 qui
3583 1613 3714 1651 con-

2071 1695 2325 1763 temptus
2352 1696 2437 1746 est
2479 1707 2513 1744 a
2551 1691 2706 1745 vobis
2737 1687 3153 1745 edifiéantibus
3179 1690 3248 1758 ⁸⁸,
3278 1691 3376 1762 qui
3420 1691 3606 1745 factus
3632 1693 3718 1744 est

2067 1791 2132 1848 in
2161 1791 2333 1858 caput
2377 1785 2595 1856 anguli.
2643 1785 2766 1840 Non
2807 1789 2894 1840 est
2939 1784 3093 1840 enim
3139 1800 3357 1839 nomen
3403 1784 3559 1839 aliud
3609 1783 3716 1838 sub

2067 1880 2209 1936 coelo
2237 1880 2434 1934 datum
2466 1878 2794 1934 hominibus
2821 1879 2880 1934 in
2913 1893 3027 1950 quo
3055 1881 3283 1948 oportet
3307 1877 3512 1933 salvari
3541 1894 3651 1932 nos
3681 1899 3709 1928 »

2069 1974 2236 2046 (Act,
2272 1989 2344 2041 iv,
2377 1976 2429 2041 8,
2469 1972 2576 2042 12).
2606 1972 2703 2026 llic
2730 1976 2815 2027 est
2840 1971 2980 2043 lapis
2998 1971 3054 2026 in
3077 1971 3281 2027 Genesi
3310 1971 3698 2043 (Gen.,xxvm)

2069 2084 2244 2140 quem
2292 2066 2452 2139 ponit
2480 2066 2650 2121 Iacob
2695 2065 2768 2120 ad
2801 2071 2973 2136 caput
3015 2082 3204 2130 suum,
3238 2066 3375 2137 quia
3409 2070 3580 2136 caput
3611 2065 3715 2120 viri

2070 2161 2350 2229 Christus,
2383 2166 2440 2215 et
2467 2160 2758 2216 dormiens
2793 2160 2947 2214 videt
2987 2161 3199 2214 scalam
3229 2160 3298 2213 ad
3340 2160 3546 2214 cmlum
3577 2175 3710 2229 per-

2073 2255 2421 2325 tingentem,
2451 2255 2510 2308 in
2536 2271 2646 2326 qua
2672 2254 3018 2310 constitutus
3047 2259 3166 2308 erat
3195 2253 3489 2322 Dominus,
3523 2259 3578 2308 et
3606 2269 3709 2306 an-

2076 2348 2188 2420 geli
2211 2347 2596 2404 ascendebant
2637 2351 2694 2402 et
2736 2347 3201 2414 descendebant;
3242 2363 3416 2418 quem
3457 2347 3710 2417 lapidem

2075 2443 2427 2499 consecravit
2457 2445 2515 2497 et
2538 2441 2704 2497 unxit
2727 2445 3088 2497 sacramento
3112 2441 3399 2496 unctionis
3429 2441 3498 2509 ⁸⁵,
3529 2441 3710 2498 Chris-

2070 2544 2196 2592 tum
2226 2536 2573 2608 signiticans.
2611 2536 2709 2590 Hic
2738 2541 2822 2590 est
2850 2536 2997 2607 lapis
3025 2534 3082 2590 in
3117 2536 3306 2590 Exodo
3335 2535 3552 2603 (Ea-od”
3574 2534 3708 2606 xvn)

2073 2648 2244 2702 super
2293 2647 2461 2702 quem
2514 2631 2656 2685 sedit
2707 2631 2922 2701 Moyses
2979 2630 3038 2684 in
3085 2629 3381 2684 cacumine
3435 2629 3595 2684 collis
3638 2629 3705 2696 ⁵⁸,

2073 2725 2302 2797 quando
2328 2726 2486 2779 Iesus
2511 2725 2656 2778 Nave
2688 2730 2888 2779 contra
2923 2723 3196 2778 Amalech
3222 2724 3268 2757 ⁵⁷
3297 2722 3608 2790 dimicavit,
3652 2729 3709 2776 et

2073 2824 2432 2875 sacramento
2460 2818 2668 2889 lapidis
2699 2823 2754 2872 et
2785 2817 3094 2874 stabilitate
3129 2817 3399 2873 sessionis
3437 2817 3709 2872 Amalech

2075 2918 2378 2985 superatus
2430 2915 2516 2967 est
2559 2912 2630 2966 ab
2667 2913 2819 2978 Iesu,
2869 2911 2930 2966 id
2978 2918 3082 2980 est,
3113 2911 3372 2967 diabolus
3410 2927 3442 2965 a
3485 2911 3708 2969 Christo

2074 3008 2253 3063 victus
2279 3011 2383 3062 est.
2421 3007 2516 3062 llic
2544 3012 2629 3062 est
2668 3004 2808 3077 lapis
2847 3021 3090 3076 magnus
3132 3005 3191 3060 in
3238 3005 3477 3060 Basilion
3520 3006 3708 3077 primo

1949 3104 1968 3209 ἑ
1989 3131 2044 3206 C
2077 3103 2113 3172 (ι
2144 3104 2296 3170 1189,,
2321 3101 2392 3172 ιν)
2435 3117 2606 3172 super
2639 3116 2810 3172 quem
2844 3100 3028 3171 posita
3067 3103 3155 3154 est
3192 3116 3322 3154 arca
3356 3100 3704 3168 testamenti,

2069 3195 2298 3267 quando
2325 3211 2453 3251 eam
2479 3195 2549 3249 ab
2571 3195 2616 3233 ⁵⁸
2643 3193 2929 3266 allophilis
2949 3193 3241 3249 remissam
3265 3199 3320 3248 et
3339 3194 3622 3249 redditum
3647 3196 3706 3249 in

2067 3290 2321 3361 plaustro
2335 3288 2509 3344 boves
2524 3290 2980 3360 reportaverunt.
2996 3289 3137 3342 Item
3157 3287 3246 3342 hic
3259 3287 3316 3359 7
3327 3285 3374 3360 1
3391 3286 3452 3362 2
3468 3288 3706 3359 estlapis

2068 3383 2127 3438 in
2157 3383 2401 3438 Basilion
2442 3383 2479 3451 (l
2524 3383 2677 3451 Reg.,
2707 3381 2838 3451 xvu)
2878 3397 2992 3453 quo
3027 3379 3199 3437 David
3243 3380 3490 3436 frontem
3533 3382 3706 3437 Goliae

2069 3477 2350 3548 percussit
2376 3480 2433 3531 et
2462 3475 2690 3545 occidit,
2719 3475 3048 3548 signiﬁcans
3089 3475 3381 3530 diabolum
3423 3479 3481 3530 et
3511 3493 3706 3531 servos

2069 3570 2195 3642 ejus
2220 3570 2351 3626 inde
2379 3570 2683 3642 prosterni,
2713 3569 2860 3626 victa
2890 3569 3103 3625 scilicet
3131 3586 3196 3624 ea
3237 3569 3436 3641 capitis
3469 3577 3633 3641 parte
3661 3572 3705 3608 ‘9

2069 3681 2240 3737 quam
2287 3664 2568 3736 signatam
2615 3681 2729 3720 non
2775 3664 2989 3720 habent
3014 3665 3084 3719 ⁶⁰.
3135 3663 3258 3729 Quo
3304 3664 3468 3736 signo
3508 3681 3617 3720 nos
3650 3669 3708 3721 et

2069 3759 2178 3813 tuti
2208 3775 2436 3829 semper
2475 3775 2672 3812 sumus
2697 3763 2754 3812 et
2792 3758 3050 3814 vivimus.
3081 3758 3175 3812 Hic
3215 3761 3300 3812 est
3342 3757 3490 3830 lapis
3530 3774 3704 3829 quem

2069 3868 2198 3907 cum
2231 3851 2585 3923 alienigenas
2633 3853 2803 3906 Israel
2845 3852 3085 3917 vicisset,
3129 3852 3328 3906 statuit
3361 3851 3618 3920 Samuel,
3649 3858 3705 3907 et

2067 3945 2371 4018 appellavit
2395 3963 2605 4000 nomen
2626 3946 2748 4016 ejus
2775 3945 3130 4015 Abennezer,
3162 3945 3217 4000 id
3246 3952 3328 4002 est
3367 3947 3510 4017 lapis
3539 3946 3700 4001 auxi-

2069 4041 2238 4096 liator
2259 4042 2304 4075 “
2333 4042 2372 4109 (l
2401 4043 2552 4109 899.,
2581 4057 2674 4107 vn,
2710 4040 2816 4113 12).

2068 4174 2197 4230 CAP.
2229 4175 2382 4231 XVII.
2415 4204 2484 4215 —
2514 4174 2668 4241 Quod
2697 4173 2895 4228 deinde
2920 4173 3062 4228 idem
3103 4174 3243 4244 lapis
3271 4189 3426 4229 mons
3461 4177 3612 4244 ﬁeret
3654 4178 3703 4228 et

2536 4256 2784 4325 impleret
2816 4259 2982 4309 totam
3011 4259 3229 4310 terram.

2141 4371 2307 4443 Apud
2337 4371 2626 4427 Danielem
2664 4388 2676 4426 :
2713 4392 2741 4424 α
2774 4373 2844 4428 Et
2877 4388 3006 4427 ecce
3041 4371 3234 4443 imago
3265 4371 3438 4427 nimis
3465 4386 3700 4442 magna,

1718 4580 1922 4644 Varia:
1976 4580 2314 4644 lectiones.

394 4779 438 4812 ¹⁹
467 4774 591 4828 Sint
627 4773 804 4826 lumbi
847 4770 972 4825 Bod.
1015 4774 1057 4822 1.

339 4855 379 4884 ³³
403 4849 612 4900 Throni
639 4850 880 4912 quatuor
904 4843 1163 4894 animalia
1195 4845 1337 4892 Lam.
1366 4842 1472 4892 ΝΟ.
1508 4843 1565 4912 1.
1585 4841 1709 4890 Bod.
1747 4843 1793 4912 1,

1160 4769 1199 4804 ³ο
1227 4771 1617 4822 Calceamenta
1665 4768 1804 4819 Lam.
1840 4767 1954 4817 ιιή.
1999 4766 2103 4817 NC.
2150 4768 2196 4816 1.

1981 4840 2023 4873 ³⁸
2051 4838 2133 4888 De
2163 4838 2356 4888 dextra
2399 4838 2642 4890 sedentis
2689 4840 2829 4888 Lam.
2874 4840 2986 4888 Lin.
3023 4838 3134 4888 ΝΟ.
3175 4839 3222 4887 1.
3266 4838 3391 4887 Bod.
3421 4839 3466 4898 1,
3496 4838 3546 4898 2,
3574 4837 3622 4898 3,
3654 4842 3697 4886 4.

2291 4764 2332 4800 ³¹
2364 4764 2558 4817 Baculi
2602 4767 2769 4817 vestri
2817 4765 2962 4814 Corb.
3073 4768 3114 4799 ³⁸
3139 4765 3238 4816 Est
3272 4765 3497 4816 Domini
3549 4765 3698 4817 Corb.

342 4922 462 4972 Thu.
489 4922 628 4971 Foss.
656 4906 674 4912 ’
700 4920 738 4950 ³⁵
761 4919 972 4967 Aureae
1005 4918 1059 4964 et
1087 4916 1302 4978 pateras
1330 4912 1468 4960 Lam.
1509 4911 1631 4962 Thu.
1674 4911 1793 4961 Bod.
1823 4911 1868 4968 1,
1895 4911 1945 4968 2,
1981 4909 2030 4958 3.
2068 4909 2172 4959 ΝΟ.
2207 4910 2250 4969 1,
2279 4909 2325 4958 2.
2359 4911 2466 4960 Lin.
2498 4909 2715 4959 Phialas
2745 4921 2942 4959 aureas
2975 4909 3096 4957 Bod.
3127 4910 3173 4957 1.
3205 4906 3350 4957 Corb.
3430 4909 3468 4942 ³⁸
3496 4906 3699 4971 Signa-

336 4993 462 5043 cula
492 4990 612 5040 Bod.
640 4991 688 5040 3.
718 4990 823 5039 ΝΟ.
851 4987 897 5036 2.
926 4987 1142 5049 Dignus
1165 4995 1224 5032 es
1248 4984 1498 5047 accipere
1527 4985 1668 5033 Lam.
1698 4981 1802 5032 ΝΟ.
1835 4983 1880 5043 1,
1902 4981 1949 5030 2.
1982 5024 1984 5029 .

2072 4993 2100 5028 ι.
2131 4981 2252 5029 Bod.
2294 4983 2337 5040 1,
2368 4981 2414 5029 2.

2517 4979 2556 5012 ³⁷
2578 4979 2882 5030 Redemisti
2917 4993 3020 5029 nos
3058 4979 3174 5029 Deo
3209 4978 3328 5028 Tim.
3368 4979 3498 5026 Voss.
3549 4978 3696 5028 Corb.

334 5063 526 5114 Emisti
567 5065 682 5112 Ver.
709 5061 827 5110 Deo
857 5061 1050 5107 nostro
1075 5059 1130 5104 et
1160 5053 1497 5113 sacerdotes,
1526 5058 1577 5104 et
1604 5052 1912 5117 regnabunt
1936 5053 2080 5100 Lam.
2113 5051 2223 5098 Li'n.
2263 5053 2366 5100 ΝΟ.
2398 5053 2444 5109 1,
2476 5051 2522 5100 2.
2563 5050 2683 5100 Bod.
2715 5051 2763 5111 2,
2789 5052 2834 5100 4.
2924 5051 2964 5084 ³⁸
2989 5050 3197 5100 Videns
3236 5051 3482 5100 Joannes
3503 5049 3699 5099 Iesum

336 5127 653 5186 venientem
705 5130 772 5181 ad
811 5143 889 5190 se,
921 5129 996 5178 ait
1034 5129 1173 5176 Lam.
1216 5125 1339 5174 Bod.
1379 5127 1426 5184 1,
1464 5126 1512 5174 2.
1556 5125 1664 5175 NC.
1705 5123 1752 5184 2,
1799 5123 1846 5172 4.
1892 5122 1982 5170 Lin

2072 5119 2195 5190 lidit
2223 5122 2384 5170 Joan.
2424 5124 2556 5171 Voss.
2593 5120 2738 5170 Caro.

2838 5121 2876 5154 ³⁸
2897 5121 3044 5171 Ecce
3081 5134 3256 5183 agnus
3291 5121 3412 5179 Dei,
3439 5133 3573 5170 ecce
3602 5123 3700 5186 qui

338 5206 516 5257 aufert
546 5206 685 5254 Lam.
715 5201 821 5252 ΝΟ.
857 5188 899 5249 1.
933 5197 1059 5250 Bod.
1093 5199 1139 5257 1,
1171 5198 1219 5258 2,
1255 5197 1304 5258 3,
1335 5198 1379 5245 4.
1426 5200 1558 5246 Voss.
1592 5195 1820 5246 Auferet
1849 5193 1971 5242 Thu.
2039 5188 2085 5223 ⁸ο
2102 5191 2220 5255 Ego
2255 5194 2417 5242 mitto
2445 5192 2569 5240 Bod.
2601 5193 2642 5240 1.
2711 5194 2750 5224 ⁸¹
2783 5191 3061 5252 Electum,
3094 5191 3385 5248 mundum,
3413 5205 3700 5242 summum

347 5276 467 5325 Bod.
492 5276 541 5324 2.
570 5275 706 5323 Lam.
743 5273 854 5320 Lin.

336 5346 461 5397 Bod.
496 5347 542 5395 3.
572 5345 680 5394 Li'n.
709 5342 818 5392 ΝΟ.
849 5345 896 5401 1,
923 5340 967 5390 2.

949 5271 992 5302 ⁸³
1019 5270 1250 5319 Factum
1288 5273 1371 5318 est
1409 5267 1552 5316 istud
1579 5271 1636 5316 et
1671 5268 1756 5316 est
1785 5262 2039 5313 mirabile
2073 5262 2188 5310 Lm.
2235 5263 2356 5311 Bod.
2396 5263 2440 5312 3.

1068 5342 1110 5373 ⁸⁵
1135 5338 1362 5388 Salvum
1396 5339 1501 5395 fac,
1540 5337 1682 5386 bene
1718 5345 2039 5397 prosperare
2075 5333 2184 5381 Lm.
2233 5335 2339 5384 ΝΟ.
2378 5333 2427 5381 2.
2469 5333 2594 5382 Bod.
2636 5334 2681 5381 1.
2721 5332 2865 5380 Corb.

2541 5265 2583 5294 ⁸³
2607 5263 2743 5312 Haec
2781 5267 2866 5312 est
2895 5261 3013 5312 dies
3049 5261 3175 5311 Bod.
3203 5261 3248 5310 3.
3349 5262 3392 5292 ⁸⁸
3420 5261 3701 5312 Lmtemur

2965 5332 3008 5364 “
3037 5332 3205 5382 Ortus
3239 5344 3442 5381 nomen
3471 5337 3556 5381 est
3583 5334 3700 5383 [πη.

335 5418 445 5468 NC.
475 5416 520 5466 2.
560 5415 682 5465 Thu.
720 5415 854 5462 Voss.
922 5410 965 5444 ⁸⁷
993 5409 1186 5461 Scribe
1217 5421 1383 5472 super
1416 5407 1544 5459 Bod.
1571 5408 1617 5457 3.
1647 5407 1692 5456 4.
1760 5404 1805 5438 ⁸⁸
1829 5404 1985 5464 Quod
2029 5405 2272 5454 audiatis
2302 5407 2489 5454 omnia
2540 5405 2672 5452 Voss.
2741 5403 2782 5437 ⁸ο
2807 5404 3050 5454 Locutus
3087 5408 3174 5453 est
3212 5402 3370 5453 vobis
3409 5404 3550 5452 Lam.
3583 5406 3698 5455 Li‘n.

334 5489 441 5540 ΝΟ.
480 5488 527 5550 1,
557 5487 604 5537 2.
646 5483 768 5534 Bod.
799 5485 844 5542 1,
873 5484 922 5545 2,
953 5483 1000 5543 3,
1029 5484 1074 5532 4.
1145 5479 1188 5513 5°
1213 5481 1465 5529 Seniores
1498 5478 1684 5538 Israel,
1718 5489 1848 5526 ecce
1883 5477 1984 5550 Lari

2072 5476 2161 5550 Sin.
2191 5476 2298 5525 ΝΟ.
2331 5478 2378 5550 ’1.
2401 5475 2539 5550 βοά.
2577 5477 2620 5534 1,
2647 5474 2695 5550 2,
2969 5474 3278 5550 Voss.__Crirb.
3348 5477 3386 5507 5'
3418 5474 3702 5550 Denei‘icio

332 5558 442 5608 hoc
471 5543 714 5608 hominis
738 5554 858 5604 Bod.
889 5543 937 5604 3.
1028 5556 1068 5586 ⁵³
1094 5554 1244 5603 Deus
1267 5551 1528 5601 excitavit
1557 5565 1586 5599 a
1613 5550 1844 5599 mortuis
1873 5547 2000 5598 Bod.
2040 5549 2086 5606 1,
2108 5549 2156 5606 3,
2187 5551 2233 5597 4.
2326 5547 2365 5577 ⁵³
2398 5543 2580 5593 Sanus
2611 5543 2820 5594 adstitit
2873 5547 3009 5595 Voss.
3097 5545 3140 5576 ⁵⁸
3171 5543 3310 5605 Qum
3349 5543 3702 5594 ediﬂcabitis

337 5629 462 5680 Bod.
493 5631 537 5678 1.
567 5625 714 5678 Corb.
770 5624 879 5673 Ver.
912 5625 1090 5673 Bmev.
1135 5623 1354 5672 Positus
1393 5625 1481 5671 est
1506 5622 1562 5670 in
1609 5624 1779 5682 caput
1804 5619 1949 5666 Lam.
1990 5618 2101 5666 Lz'n.
2136 5619 2242 5666 ΝΟ.
2283 5619 2325 5666 1.
2361 5616 2483 5665 Bod.
2515 5617 2568 5677 2,
2595 5616 2644 5676 3,
2674 5617 2720 5664 4.
2792 5618 2831 5648 ⁵⁸
2863 5615 3220 5666 Sacramento
3255 5614 3540 5666 Christum
3573 5616 3699 5666 Tha.

338 5702 379 5736 ⁵⁸
404 5701 711 5752 Cacumme
745 5696 947 5746 mentis
989 5696 1126 5744 Lam.
1157 5695 1262 5742 Lm.
1303 5692 1412 5742 ΝΟ.
1447 5693 1488 5740 1.
1522 5691 1647 5742 Bod.
1687 5689 1735 5751 2,
1759 5689 1808 5750 3,
1837 5690 1884 5739 4.
1955 5687 1994 5722 ⁵⁷
2022 5687 2292 5739 Amalech
2329 5687 2632 5736 dimicabat
2677 5687 2802 5737 Tim.
2843 5685 2987 5735 Coro.
3019 5687 3321 5736 Dimicavit
3348 5690 3702 5737 sacramento

338 5772 464 5824 Bod.
493 5773 540 5821 1.
608 5767 651 5803 ⁵⁸
676 5767 915 5832 Quando
943 5767 1014 5816 ab
1045 5767 1170 5814 Bod.
1201 5767 1250 5812 3.
1318 5767 1360 5796 5'
1390 5767 1582 5813 Victos
1601 5775 1710 5812 ean

337 5847 424 5901 ret
446 5843 571 5896 Lam
601 5841 717 5893 Lm.
747 5837 856 5892 ΝΟ.
886 5839 931 5890 1.
999 5834 1252 5901 "Lepsis
1280 5833 1499 5898 adjutor
1526 5831 1636 5885 ΝΟ.
1663 5831 1710 5882 2.

727 5766 915 5819 nando
943 5764 1014 5816 ab
1045 5763 1170 5814 Bod.
1201 5764 1250 5812 3.
1318 5761 1360 5796 ⁵ο
1390 5763 1582 5813 Victos
1601 5775 1723 5812 eam
1753 5762 1951 5827 capitis
1973 5765 2188 5826 partem
2214 5761 2356 5811 Lam.
2383 5757 2510 5811 Bod.
2539 5760 2585 5820 1,
2622 5759 2672 5822 2,
2699 5759 2731 5809 4
2785 5755 2982 5808 Victus
3008 5757 3128 5808 Boa'.
3168 5761 3215 5807 3.
3254 5755 3366 5806 Ver.
3433 5755 3477 5790 ⁸ο
3501 5756 3702 5816 Habe—
