  <div class='ocr_page' id='page_1' title='image "/cluster/home/n/w/nwhite01/storage/ocr_20150623/4/hvd.32044073549446/376.png"; bbox 0 0 3998 6194; ppageno 0'>
   <div class='ocr_carea' id='block_1_1' title="bbox 219 172 2537 237">
    <p class='ocr_par' dir='ltr' id='par_1_1' title="bbox 219 172 2537 237">
     <span class='ocr_line' id='line_1_1' title="bbox 219 172 2537 237; baseline 0.002 -4"><span class='ocrx_word' id='word_1_1' title='bbox 219 178 306 233; x_wconf 74' lang='grc'>741</span> <span class='ocrx_word' id='word_1_2' title='bbox 1214 174 1756 235; x_wconf 81' lang='lat' dir='ltr'>TESTIMONIORUM</span> <span class='ocrx_word' id='word_1_3' title='bbox 1797 172 1950 233; x_wconf 80' lang='lat' dir='ltr'>ADV.</span> <span class='ocrx_word' id='word_1_4' title='bbox 1990 177 2263 235; x_wconf 64' lang='lat' dir='ltr'>JUDzEOS</span> <span class='ocrx_word' id='word_1_5' title='bbox 2304 181 2431 237; x_wconf 85' lang='lat' dir='ltr'>LIB.</span> <span class='ocrx_word' id='word_1_6' title='bbox 2472 176 2537 237; x_wconf 91' lang='lat' dir='ltr'>Il.</span> 
     </span>
    </p>
   </div>
   <div class='ocr_carea' id='block_1_2' title="bbox 3461 190 3563 245">
    <p class='ocr_par' dir='ltr' id='par_1_2' title="bbox 3461 190 3563 245">
     <span class='ocr_line' id='line_1_2' title="bbox 3461 190 3563 245; baseline 0.01 -1"><span class='ocrx_word' id='word_1_7' title='bbox 3461 190 3563 245; x_wconf 81' lang='grc'>742</span> 
     </span>
    </p>
   </div>
   <div class='ocr_carea' id='block_1_3' title="bbox 216 304 3564 389">
    <p class='ocr_par' dir='ltr' id='par_1_3' title="bbox 216 304 3564 389">
     <span class='ocr_line' id='line_1_3' title="bbox 216 304 3564 389; baseline 0.003 -28"><span class='ocrx_word' id='word_1_8' title='bbox 216 310 267 361; x_wconf 88' lang='lat' dir='ltr'>et</span> <span class='ocrx_word' id='word_1_9' title='bbox 311 306 722 377; x_wconf 80' lang='lat' dir='ltr'>contemplatio</span> <span class='ocrx_word' id='word_1_10' title='bbox 767 306 888 376; x_wconf 85' lang='lat' dir='ltr'>ejus</span> <span class='ocrx_word' id='word_1_11' title='bbox 936 304 1202 375; x_wconf 80' lang='lat' dir='ltr'>imaginis</span> <span class='ocrx_word' id='word_1_12' title='bbox 1248 306 1551 360; x_wconf 87' lang='lat' dir='ltr'>metuenda</span> <span class='ocrx_word' id='word_1_13' title='bbox 1600 308 1655 359; x_wconf 90' lang='lat' dir='ltr'>et</span> <span class='ocrx_word' id='word_1_14' title='bbox 1694 305 1835 360; x_wconf 88' lang='lat' dir='ltr'>elata</span> <span class='ocrx_word' id='word_1_15' title='bbox 1859 305 2119 389; x_wconf 69' lang='lat' dir='ltr'>Asalem</span> <span class='ocrx_word' id='word_1_16' title='bbox 2151 322 2345 363; x_wconf 88' lang='lat' dir='ltr'>vocem</span> <span class='ocrx_word' id='word_1_17' title='bbox 2377 308 2689 365; x_wconf 68' lang='lat' dir='ltr'>laetantium</span> <span class='ocrx_word' id='word_1_18' title='bbox 2731 314 2788 366; x_wconf 90' lang='lat' dir='ltr'>et</span> <span class='ocrx_word' id='word_1_19' title='bbox 2827 327 3025 367; x_wconf 90' lang='lat' dir='ltr'>vocem</span> <span class='ocrx_word' id='word_1_20' title='bbox 3049 313 3441 384; x_wconf 88' lang='lat' dir='ltr'>gaudentium,</span> <span class='ocrx_word' id='word_1_21' title='bbox 3464 333 3564 371; x_wconf 85' lang='lat' dir='ltr'>vo-</span> 
     </span>
    </p>
   </div>
   <div class='ocr_carea' id='block_1_4' title="bbox 214 398 1835 470">
    <p class='ocr_par' dir='ltr' id='par_1_4' title="bbox 214 398 1835 470">
     <span class='ocr_line' id='line_1_4' title="bbox 214 398 1835 470; baseline -0.001 -17"><span class='ocrx_word' id='word_1_22' title='bbox 214 399 393 454; x_wconf 84' lang='lat' dir='ltr'>stabat</span> <span class='ocrx_word' id='word_1_23' title='bbox 435 404 630 454; x_wconf 87' lang='lat' dir='ltr'>contra</span> <span class='ocrx_word' id='word_1_24' title='bbox 677 404 761 465; x_wconf 90' lang='lat' dir='ltr'>te;</span> <span class='ocrx_word' id='word_1_25' title='bbox 809 400 971 469; x_wconf 84' lang='lat' dir='ltr'>cujus</span> <span class='ocrx_word' id='word_1_26' title='bbox 1018 402 1189 470; x_wconf 89' lang='lat' dir='ltr'>caput</span> <span class='ocrx_word' id='word_1_27' title='bbox 1217 399 1324 452; x_wconf 89' lang='lat' dir='ltr'>fuit</span> <span class='ocrx_word' id='word_1_28' title='bbox 1360 415 1428 453; x_wconf 87' lang='lat' dir='ltr'>ex</span> <span class='ocrx_word' id='word_1_29' title='bbox 1482 415 1620 453; x_wconf 91' lang='lat' dir='ltr'>auro</span> <span class='ocrx_word' id='word_1_30' title='bbox 1665 398 1835 467; x_wconf 91' lang='lat' dir='ltr'>bono,</span> 
     </span>
    </p>
   </div>
   <div class='ocr_carea' id='block_1_5' title="bbox 212 492 1838 564">
    <p class='ocr_par' dir='ltr' id='par_1_5' title="bbox 212 492 1838 564">
     <span class='ocr_line' id='line_1_5' title="bbox 212 492 1838 564; baseline 0.001 -18"><span class='ocrx_word' id='word_1_31' title='bbox 212 495 406 564; x_wconf 88' lang='lat' dir='ltr'>pectus</span> <span class='ocrx_word' id='word_1_32' title='bbox 433 496 489 546; x_wconf 91' lang='lat' dir='ltr'>et</span> <span class='ocrx_word' id='word_1_33' title='bbox 524 492 759 547; x_wconf 90' lang='lat' dir='ltr'>brachia</span> <span class='ocrx_word' id='word_1_34' title='bbox 786 492 909 562; x_wconf 87' lang='lat' dir='ltr'>ejus</span> <span class='ocrx_word' id='word_1_35' title='bbox 948 495 1242 563; x_wconf 90' lang='lat' dir='ltr'>argentea,</span> <span class='ocrx_word' id='word_1_36' title='bbox 1284 496 1486 546; x_wconf 81' lang='lat' dir='ltr'>venter</span> <span class='ocrx_word' id='word_1_37' title='bbox 1522 498 1579 546; x_wconf 88' lang='lat' dir='ltr'>et</span> <span class='ocrx_word' id='word_1_38' title='bbox 1615 493 1838 548; x_wconf 83' lang='lat' dir='ltr'>femora</span> 
     </span>
    </p>
   </div>
   <div class='ocr_carea' id='block_1_6' title="bbox 212 585 1836 658">
    <p class='ocr_par' dir='ltr' id='par_1_6' title="bbox 212 585 1836 658">
     <span class='ocr_line' id='line_1_6' title="bbox 212 585 1836 658; baseline -0.002 -15"><span class='ocrx_word' id='word_1_39' title='bbox 212 601 373 654; x_wconf 64' lang='lat' dir='ltr'>area,</span> <span class='ocrx_word' id='word_1_40' title='bbox 405 585 575 658; x_wconf 85' lang='lat' dir='ltr'>pedes</span> <span class='ocrx_word' id='word_1_41' title='bbox 605 590 797 641; x_wconf 89' lang='lat' dir='ltr'>autem</span> <span class='ocrx_word' id='word_1_42' title='bbox 826 601 895 639; x_wconf 93' lang='lat' dir='ltr'>ex</span> <span class='ocrx_word' id='word_1_43' title='bbox 922 592 1081 656; x_wconf 89' lang='lat' dir='ltr'>parte</span> <span class='ocrx_word' id='word_1_44' title='bbox 1112 585 1345 656; x_wconf 86' lang='lat' dir='ltr'>quidem</span> <span class='ocrx_word' id='word_1_45' title='bbox 1365 586 1554 652; x_wconf 86' lang='lat' dir='ltr'>ferrei,</span> <span class='ocrx_word' id='word_1_46' title='bbox 1582 603 1647 640; x_wconf 88' lang='lat' dir='ltr'>ex</span> <span class='ocrx_word' id='word_1_47' title='bbox 1676 591 1836 657; x_wconf 91' lang='lat' dir='ltr'>parte</span> 
     </span>
    </p>
   </div>
   <div class='ocr_carea' id='block_1_7' title="bbox 210 679 1837 751">
    <p class='ocr_par' dir='ltr' id='par_1_7' title="bbox 210 679 1837 751">
     <span class='ocr_line' id='line_1_7' title="bbox 210 679 1837 751; baseline -0.001 -17"><span class='ocrx_word' id='word_1_48' title='bbox 210 683 400 734; x_wconf 86' lang='lat' dir='ltr'>autem</span> <span class='ocrx_word' id='word_1_49' title='bbox 459 679 677 745; x_wconf 83' lang='lat' dir='ltr'>ﬁctiles,</span> <span class='ocrx_word' id='word_1_50' title='bbox 712 680 1083 751; x_wconf 86' lang='lat' dir='ltr'>quoadusque</span> <span class='ocrx_word' id='word_1_51' title='bbox 1135 679 1385 733; x_wconf 88' lang='lat' dir='ltr'>abscisus</span> <span class='ocrx_word' id='word_1_52' title='bbox 1447 685 1532 733; x_wconf 87' lang='lat' dir='ltr'>est</span> <span class='ocrx_word' id='word_1_53' title='bbox 1582 680 1725 749; x_wconf 85' lang='lat' dir='ltr'>lapis</span> <span class='ocrx_word' id='word_1_54' title='bbox 1766 679 1837 734; x_wconf 92' lang='lat' dir='ltr'>de</span> 
     </span>
    </p>
   </div>
   <div class='ocr_carea' id='block_1_8' title="bbox 210 772 1836 844">
    <p class='ocr_par' dir='ltr' id='par_1_8' title="bbox 210 772 1836 844">
     <span class='ocr_line' id='line_1_8' title="bbox 210 772 1836 844; baseline -0.001 -17"><span class='ocrx_word' id='word_1_55' title='bbox 210 778 399 828; x_wconf 89' lang='lat' dir='ltr'>monte</span> <span class='ocrx_word' id='word_1_56' title='bbox 454 773 574 828; x_wconf 86' lang='lat' dir='ltr'>sine</span> <span class='ocrx_word' id='word_1_57' title='bbox 626 773 889 827; x_wconf 90' lang='lat' dir='ltr'>manibus</span> <span class='ocrx_word' id='word_1_58' title='bbox 948 772 1391 843; x_wconf 84' lang='lat' dir='ltr'>concidentium,</span> <span class='ocrx_word' id='word_1_59' title='bbox 1441 776 1498 827; x_wconf 91' lang='lat' dir='ltr'>et</span> <span class='ocrx_word' id='word_1_60' title='bbox 1563 773 1836 844; x_wconf 85' lang='lat' dir='ltr'>percussit</span> 
     </span>
    </p>
   </div>
   <div class='ocr_carea' id='block_1_9' title="bbox 208 866 1833 938">
    <p class='ocr_par' dir='ltr' id='par_1_9' title="bbox 208 866 1833 938">
     <span class='ocr_line' id='line_1_9' title="bbox 208 866 1833 938; baseline 0 -17"><span class='ocrx_word' id='word_1_61' title='bbox 208 867 518 937; x_wconf 85' lang='lat' dir='ltr'>imaginem</span> <span class='ocrx_word' id='word_1_62' title='bbox 554 882 726 938; x_wconf 84' lang='lat' dir='ltr'>super</span> <span class='ocrx_word' id='word_1_63' title='bbox 747 867 919 938; x_wconf 87' lang='lat' dir='ltr'>pedes</span> <span class='ocrx_word' id='word_1_64' title='bbox 946 867 1160 922; x_wconf 86' lang='lat' dir='ltr'>ferreos</span> <span class='ocrx_word' id='word_1_65' title='bbox 1186 872 1243 921; x_wconf 91' lang='lat' dir='ltr'>et</span> <span class='ocrx_word' id='word_1_66' title='bbox 1259 867 1479 935; x_wconf 85' lang='lat' dir='ltr'>ﬁctiles,</span> <span class='ocrx_word' id='word_1_67' title='bbox 1508 871 1564 921; x_wconf 91' lang='lat' dir='ltr'>et</span> <span class='ocrx_word' id='word_1_68' title='bbox 1593 866 1833 921; x_wconf 91' lang='lat' dir='ltr'>commi-</span> 
     </span>
    </p>
   </div>
   <div class='ocr_carea' id='block_1_10' title="bbox 208 960 1832 1029">
    <p class='ocr_par' dir='ltr' id='par_1_10' title="bbox 208 960 1832 1029">
     <span class='ocr_line' id='line_1_10' title="bbox 208 960 1832 1029; baseline 0.002 -16"><span class='ocrx_word' id='word_1_69' title='bbox 208 960 325 1014; x_wconf 87' lang='lat' dir='ltr'>nuit</span> <span class='ocrx_word' id='word_1_70' title='bbox 352 977 454 1015; x_wconf 90' lang='lat' dir='ltr'>eos</span> <span class='ocrx_word' id='word_1_71' title='bbox 498 960 848 1029; x_wconf 85' lang='lat' dir='ltr'>minutatim,</span> <span class='ocrx_word' id='word_1_72' title='bbox 898 964 955 1014; x_wconf 90' lang='lat' dir='ltr'>et</span> <span class='ocrx_word' id='word_1_73' title='bbox 996 961 1214 1015; x_wconf 86' lang='lat' dir='ltr'>factum</span> <span class='ocrx_word' id='word_1_74' title='bbox 1259 966 1344 1016; x_wconf 89' lang='lat' dir='ltr'>est</span> <span class='ocrx_word' id='word_1_75' title='bbox 1382 961 1549 1015; x_wconf 85' lang='lat' dir='ltr'>simul</span> <span class='ocrx_word' id='word_1_76' title='bbox 1584 962 1832 1016; x_wconf 86' lang='lat' dir='ltr'>ferreum</span> 
     </span>
    </p>
   </div>
   <div class='ocr_carea' id='block_1_11' title="bbox 206 1055 1836 1124">
    <p class='ocr_par' dir='ltr' id='par_1_11' title="bbox 206 1055 1836 1124">
     <span class='ocr_line' id='line_1_11' title="bbox 206 1055 1836 1124; baseline 0.001 -15"><span class='ocrx_word' id='word_1_77' title='bbox 206 1059 258 1109; x_wconf 90' lang='lat' dir='ltr'>et</span> <span class='ocrx_word' id='word_1_78' title='bbox 292 1058 441 1109; x_wconf 87' lang='lat' dir='ltr'>testa</span> <span class='ocrx_word' id='word_1_79' title='bbox 459 1055 506 1089; x_wconf 82' lang='grc'>⁶²</span> <span class='ocrx_word' id='word_1_80' title='bbox 536 1059 591 1109; x_wconf 93' lang='lat' dir='ltr'>et</span> <span class='ocrx_word' id='word_1_81' title='bbox 617 1058 995 1109; x_wconf 71' lang='lat' dir='ltr'>aeramentum</span> <span class='ocrx_word' id='word_1_82' title='bbox 1024 1059 1080 1109; x_wconf 91' lang='lat' dir='ltr'>et</span> <span class='ocrx_word' id='word_1_83' title='bbox 1106 1058 1408 1124; x_wconf 81' lang='lat' dir='ltr'>argentum</span> <span class='ocrx_word' id='word_1_84' title='bbox 1438 1061 1495 1109; x_wconf 91' lang='lat' dir='ltr'>et</span> <span class='ocrx_word' id='word_1_85' title='bbox 1511 1071 1714 1110; x_wconf 90' lang='lat' dir='ltr'>aurum</span> <span class='ocrx_word' id='word_1_86' title='bbox 1734 1073 1751 1123; x_wconf 94' lang='lat'>;</span> <span class='ocrx_word' id='word_1_87' title='bbox 1778 1061 1836 1110; x_wconf 89' lang='lat' dir='ltr'>et</span> 
     </span>
    </p>
   </div>
   <div class='ocr_carea' id='block_1_12' title="bbox 205 1148 1832 1220">
    <p class='ocr_par' dir='ltr' id='par_1_12' title="bbox 205 1148 1832 1220">
     <span class='ocr_line' id='line_1_12' title="bbox 205 1148 1832 1220; baseline 0.001 -18"><span class='ocrx_word' id='word_1_88' title='bbox 205 1148 347 1202; x_wconf 86' lang='lat' dir='ltr'>facta</span> <span class='ocrx_word' id='word_1_89' title='bbox 378 1153 512 1202; x_wconf 90' lang='lat' dir='ltr'>sunt</span> <span class='ocrx_word' id='word_1_90' title='bbox 556 1150 775 1203; x_wconf 90' lang='lat' dir='ltr'>minuta</span> <span class='ocrx_word' id='word_1_91' title='bbox 820 1148 982 1220; x_wconf 89' lang='lat' dir='ltr'>quasi</span> <span class='ocrx_word' id='word_1_92' title='bbox 1022 1149 1187 1219; x_wconf 85' lang='lat' dir='ltr'>palea</span> <span class='ocrx_word' id='word_1_93' title='bbox 1236 1155 1333 1203; x_wconf 88' lang='lat' dir='ltr'>aut</span> <span class='ocrx_word' id='word_1_94' title='bbox 1375 1149 1554 1220; x_wconf 86' lang='lat' dir='ltr'>pulvis</span> <span class='ocrx_word' id='word_1_95' title='bbox 1598 1149 1657 1203; x_wconf 91' lang='lat' dir='ltr'>in</span> <span class='ocrx_word' id='word_1_96' title='bbox 1700 1165 1832 1203; x_wconf 89' lang='lat' dir='ltr'>area</span> 
     </span>
    </p>
   </div>
   <div class='ocr_carea' id='block_1_13' title="bbox 206 1241 1829 1311">
    <p class='ocr_par' dir='ltr' id='par_1_13' title="bbox 206 1241 1829 1311">
     <span class='ocr_line' id='line_1_13' title="bbox 206 1241 1829 1311; baseline -0.001 -14"><span class='ocrx_word' id='word_1_97' title='bbox 206 1246 417 1307; x_wconf 63' lang='lat' dir='ltr'>aestate,</span> <span class='ocrx_word' id='word_1_98' title='bbox 455 1249 510 1296; x_wconf 89' lang='lat' dir='ltr'>et</span> <span class='ocrx_word' id='word_1_99' title='bbox 530 1241 823 1297; x_wconf 88' lang='lat' dir='ltr'>ventitavit</span> <span class='ocrx_word' id='word_1_100' title='bbox 852 1243 945 1296; x_wconf 91' lang='lat' dir='ltr'>illa</span> <span class='ocrx_word' id='word_1_101' title='bbox 973 1247 1196 1311; x_wconf 88' lang='lat' dir='ltr'>ventus,</span> <span class='ocrx_word' id='word_1_102' title='bbox 1229 1244 1304 1297; x_wconf 89' lang='lat' dir='ltr'>ita</span> <span class='ocrx_word' id='word_1_103' title='bbox 1332 1246 1394 1297; x_wconf 90' lang='lat' dir='ltr'>ut</span> <span class='ocrx_word' id='word_1_104' title='bbox 1419 1243 1560 1297; x_wconf 89' lang='lat' dir='ltr'>nihil</span> <span class='ocrx_word' id='word_1_105' title='bbox 1605 1258 1829 1298; x_wconf 86' lang='lat' dir='ltr'>reman-</span> 
     </span>
    </p>
   </div>
   <div class='ocr_carea' id='block_1_14' title="bbox 207 1336 1829 1408">
    <p class='ocr_par' dir='ltr' id='par_1_14' title="bbox 207 1336 1829 1408">
     <span class='ocr_line' id='line_1_14' title="bbox 207 1336 1829 1408; baseline 0.001 -19"><span class='ocrx_word' id='word_1_106' title='bbox 207 1336 311 1390; x_wconf 89' lang='lat' dir='ltr'>erit</span> <span class='ocrx_word' id='word_1_107' title='bbox 338 1337 386 1370; x_wconf 70' lang='grc'>⁸³</span> <span class='ocrx_word' id='word_1_108' title='bbox 446 1352 515 1390; x_wconf 88' lang='lat' dir='ltr'>ex</span> <span class='ocrx_word' id='word_1_109' title='bbox 562 1336 701 1405; x_wconf 86' lang='lat' dir='ltr'>illis;</span> <span class='ocrx_word' id='word_1_110' title='bbox 753 1341 808 1390; x_wconf 91' lang='lat' dir='ltr'>et</span> <span class='ocrx_word' id='word_1_111' title='bbox 855 1337 998 1407; x_wconf 86' lang='lat' dir='ltr'>lapis</span> <span class='ocrx_word' id='word_1_112' title='bbox 1040 1336 1137 1408; x_wconf 91' lang='lat' dir='ltr'>qui</span> <span class='ocrx_word' id='word_1_113' title='bbox 1186 1337 1465 1408; x_wconf 86' lang='lat' dir='ltr'>percussit</span> <span class='ocrx_word' id='word_1_114' title='bbox 1514 1336 1829 1408; x_wconf 85' lang='lat' dir='ltr'>imaginem</span> 
     </span>
    </p>
   </div>
   <div class='ocr_carea' id='block_1_15' title="bbox 204 1430 1827 1502">
    <p class='ocr_par' dir='ltr' id='par_1_15' title="bbox 204 1430 1827 1502">
     <span class='ocr_line' id='line_1_15' title="bbox 204 1430 1827 1502; baseline 0 -17"><span class='ocrx_word' id='word_1_115' title='bbox 204 1430 381 1485; x_wconf 85' lang='lat' dir='ltr'>factus</span> <span class='ocrx_word' id='word_1_116' title='bbox 412 1436 496 1484; x_wconf 90' lang='lat' dir='ltr'>est</span> <span class='ocrx_word' id='word_1_117' title='bbox 523 1446 687 1484; x_wconf 91' lang='lat' dir='ltr'>mons</span> <span class='ocrx_word' id='word_1_118' title='bbox 705 1446 972 1501; x_wconf 82' lang='lat' dir='ltr'>magnus,</span> <span class='ocrx_word' id='word_1_119' title='bbox 1002 1436 1057 1485; x_wconf 91' lang='lat' dir='ltr'>et</span> <span class='ocrx_word' id='word_1_120' title='bbox 1079 1430 1337 1502; x_wconf 87' lang='lat' dir='ltr'>implevit</span> <span class='ocrx_word' id='word_1_121' title='bbox 1366 1434 1543 1487; x_wconf 91' lang='lat' dir='ltr'>totam</span> <span class='ocrx_word' id='word_1_122' title='bbox 1573 1434 1827 1487; x_wconf 82' lang='lat' dir='ltr'>terram»</span> 
     </span>
    </p>
   </div>
   <div class='ocr_carea' id='block_1_16' title="bbox 203 1524 719 1593">
    <p class='ocr_par' dir='ltr' id='par_1_16' title="bbox 203 1524 719 1593">
     <span class='ocr_line' id='line_1_16' title="bbox 203 1524 719 1593; baseline 0 -16"><span class='ocrx_word' id='word_1_123' title='bbox 203 1524 379 1593; x_wconf 81' lang='lat' dir='ltr'>(Dan.,</span> <span class='ocrx_word' id='word_1_124' title='bbox 412 1541 471 1591; x_wconf 88' lang='grc' dir='ltr'>ιι,</span> <span class='ocrx_word' id='word_1_125' title='bbox 513 1524 719 1593; x_wconf 83' lang='grc'>21-35).</span> 
     </span>
    </p>
   </div>
   <div class='ocr_carea' id='block_1_17' title="bbox 202 1635 1828 1706">
    <p class='ocr_par' dir='ltr' id='par_1_17' title="bbox 202 1635 1828 1706">
     <span class='ocr_line' id='line_1_17' title="bbox 202 1635 1828 1706; baseline 0 -15"><span class='ocrx_word' id='word_1_126' title='bbox 202 1636 327 1691; x_wconf 80' lang='lat' dir='ltr'>CAP.</span> <span class='ocrx_word' id='word_1_127' title='bbox 356 1635 543 1690; x_wconf 75' lang='lat' dir='ltr'>XVIII.</span> <span class='ocrx_word' id='word_1_128' title='bbox 577 1665 637 1675; x_wconf 69' lang='grc' dir='ltr'>σ-</span> <span class='ocrx_word' id='word_1_129' title='bbox 671 1635 824 1701; x_wconf 84' lang='lat' dir='ltr'>Quod</span> <span class='ocrx_word' id='word_1_130' title='bbox 858 1638 915 1690; x_wconf 84' lang='lat' dir='ltr'>in</span> <span class='ocrx_word' id='word_1_131' title='bbox 960 1638 1264 1692; x_wconf 75' lang='lat' dir='ltr'>novissimis</span> <span class='ocrx_word' id='word_1_132' title='bbox 1308 1637 1637 1706; x_wconf 78' lang='lat' dir='ltr'>temporibus</span> <span class='ocrx_word' id='word_1_133' title='bbox 1684 1636 1828 1691; x_wconf 87' lang='lat' dir='ltr'>idem</span> 
     </span>
    </p>
   </div>
   <div class='ocr_carea' id='block_1_18' title="bbox 264 1683 1903 1786">
    <p class='ocr_par' dir='ltr' id='par_1_18' title="bbox 264 1683 1903 1786">
     <span class='ocr_line' id='line_1_18' title="bbox 264 1683 1903 1786; baseline 0.002 -18"><span class='ocrx_word' id='word_1_134' title='bbox 264 1730 417 1769; x_wconf 86' lang='lat' dir='ltr'>mons</span> <span class='ocrx_word' id='word_1_135' title='bbox 457 1716 923 1783; x_wconf 78' lang='lat' dir='ltr'>manifestaretur,</span> <span class='ocrx_word' id='word_1_136' title='bbox 969 1732 1130 1785; x_wconf 83' lang='lat' dir='ltr'>super</span> <span class='ocrx_word' id='word_1_137' title='bbox 1175 1733 1331 1786; x_wconf 86' lang='lat' dir='ltr'>quem</span> <span class='ocrx_word' id='word_1_138' title='bbox 1378 1683 1555 1785; x_wconf 54' lang='lat' dir='ltr'>gentes</span> <span class='ocrx_word' id='word_1_139' title='bbox 1584 1715 1633 1754; x_wconf 79' lang='grc'>⁶⁴</span> <span class='ocrx_word' id='word_1_140' title='bbox 1676 1720 1822 1772; x_wconf 83' lang='lat' dir='ltr'>veni-</span> <span class='ocrx_word' id='word_1_141' title='bbox 1847 1683 1903 1755; x_wconf 85' lang='lat' dir='ltr'><strong>B</strong></span> 
     </span>
    </p>
   </div>
   <div class='ocr_carea' id='block_1_19' title="bbox 266 1796 1533 1866">
    <p class='ocr_par' dir='ltr' id='par_1_19' title="bbox 266 1796 1533 1866">
     <span class='ocr_line' id='line_1_19' title="bbox 266 1796 1533 1866; baseline 0.002 -18"><span class='ocrx_word' id='word_1_142' title='bbox 266 1799 406 1857; x_wconf 77' lang='lat' dir='ltr'>rent,</span> <span class='ocrx_word' id='word_1_143' title='bbox 441 1799 490 1848; x_wconf 84' lang='lat' dir='ltr'>et</span> <span class='ocrx_word' id='word_1_144' title='bbox 517 1797 577 1847; x_wconf 81' lang='lat' dir='ltr'>in</span> <span class='ocrx_word' id='word_1_145' title='bbox 605 1810 763 1864; x_wconf 85' lang='lat' dir='ltr'>quem</span> <span class='ocrx_word' id='word_1_146' title='bbox 775 1796 920 1864; x_wconf 79' lang='lat' dir='ltr'>justi</span> <span class='ocrx_word' id='word_1_147' title='bbox 938 1799 1135 1866; x_wconf 80' lang='lat' dir='ltr'>quique</span> <span class='ocrx_word' id='word_1_148' title='bbox 1165 1797 1533 1851; x_wconf 83' lang='lat' dir='ltr'>ascenderent.</span> 
     </span>
    </p>
   </div>
   <div class='ocr_carea' id='block_1_20' title="bbox 266 1898 1825 1971">
    <p class='ocr_par' dir='ltr' id='par_1_20' title="bbox 266 1898 1825 1971">
     <span class='ocr_line' id='line_1_20' title="bbox 266 1898 1825 1971; baseline 0.001 -19"><span class='ocrx_word' id='word_1_149' title='bbox 266 1898 429 1969; x_wconf 82' lang='lat' dir='ltr'>Apud</span> <span class='ocrx_word' id='word_1_150' title='bbox 463 1899 670 1953; x_wconf 87' lang='lat' dir='ltr'>Isaiam</span> <span class='ocrx_word' id='word_1_151' title='bbox 698 1900 744 1933; x_wconf 74' lang='grc'>⁸⁵</span> <span class='ocrx_word' id='word_1_152' title='bbox 781 1915 794 1952; x_wconf 90' lang='lat'>:</span> <span class='ocrx_word' id='word_1_153' title='bbox 830 1920 857 1948; x_wconf 84' lang='lat'><strong>«</strong></span> <span class='ocrx_word' id='word_1_154' title='bbox 892 1900 1010 1954; x_wconf 87' lang='lat' dir='ltr'>Erit</span> <span class='ocrx_word' id='word_1_155' title='bbox 1040 1900 1095 1953; x_wconf 93' lang='lat' dir='ltr'>in</span> <span class='ocrx_word' id='word_1_156' title='bbox 1126 1901 1442 1954; x_wconf 90' lang='lat' dir='ltr'>novissimis</span> <span class='ocrx_word' id='word_1_157' title='bbox 1476 1900 1825 1971; x_wconf 86' lang='lat' dir='ltr'>temporibus</span> 
     </span>
    </p>
   </div>
   <div class='ocr_carea' id='block_1_21' title="bbox 202 1992 1822 2065">
    <p class='ocr_par' dir='ltr' id='par_1_21' title="bbox 202 1992 1822 2065">
     <span class='ocr_line' id='line_1_21' title="bbox 202 1992 1822 2065; baseline 0.001 -19"><span class='ocrx_word' id='word_1_158' title='bbox 202 1992 531 2047; x_wconf 85' lang='lat' dir='ltr'>manifestus</span> <span class='ocrx_word' id='word_1_159' title='bbox 558 2009 726 2047; x_wconf 92' lang='lat' dir='ltr'>mons</span> <span class='ocrx_word' id='word_1_160' title='bbox 753 1994 975 2048; x_wconf 90' lang='lat' dir='ltr'>Domini</span> <span class='ocrx_word' id='word_1_161' title='bbox 1003 1998 1061 2047; x_wconf 89' lang='lat' dir='ltr'>et</span> <span class='ocrx_word' id='word_1_162' title='bbox 1088 1992 1290 2047; x_wconf 91' lang='lat' dir='ltr'>domus</span> <span class='ocrx_word' id='word_1_163' title='bbox 1316 1994 1408 2049; x_wconf 92' lang='lat' dir='ltr'>Dei</span> <span class='ocrx_word' id='word_1_164' title='bbox 1438 2010 1607 2065; x_wconf 88' lang='lat' dir='ltr'>super</span> <span class='ocrx_word' id='word_1_165' title='bbox 1651 1994 1822 2048; x_wconf 87' lang='lat' dir='ltr'>verti—</span> 
     </span>
    </p>
   </div>
   <div class='ocr_carea' id='block_1_22' title="bbox 200 2086 1827 2158">
    <p class='ocr_par' dir='ltr' id='par_1_22' title="bbox 200 2086 1827 2158">
     <span class='ocr_line' id='line_1_22' title="bbox 200 2086 1827 2158; baseline 0.001 -19"><span class='ocrx_word' id='word_1_166' title='bbox 200 2102 283 2140; x_wconf 83' lang='lat' dir='ltr'>ces</span> <span class='ocrx_word' id='word_1_167' title='bbox 313 2086 623 2149; x_wconf 88' lang='lat' dir='ltr'>montium,</span> <span class='ocrx_word' id='word_1_168' title='bbox 652 2090 711 2140; x_wconf 89' lang='lat' dir='ltr'>et</span> <span class='ocrx_word' id='word_1_169' title='bbox 742 2086 1082 2141; x_wconf 89' lang='lat' dir='ltr'>exaltabitur</span> <span class='ocrx_word' id='word_1_170' title='bbox 1107 2104 1274 2158; x_wconf 88' lang='lat' dir='ltr'>super</span> <span class='ocrx_word' id='word_1_171' title='bbox 1299 2089 1486 2157; x_wconf 87' lang='lat' dir='ltr'>colles,</span> <span class='ocrx_word' id='word_1_172' title='bbox 1520 2093 1578 2143; x_wconf 90' lang='lat' dir='ltr'>et</span> <span class='ocrx_word' id='word_1_173' title='bbox 1597 2088 1827 2143; x_wconf 89' lang='lat' dir='ltr'>venient</span> 
     </span>
    </p>
   </div>
   <div class='ocr_carea' id='block_1_23' title="bbox 199 2180 1828 2251">
    <p class='ocr_par' dir='ltr' id='par_1_23' title="bbox 199 2180 1828 2251">
     <span class='ocr_line' id='line_1_23' title="bbox 199 2180 1828 2251; baseline 0.001 -18"><span class='ocrx_word' id='word_1_174' title='bbox 199 2196 361 2251; x_wconf 84' lang='lat' dir='ltr'>super</span> <span class='ocrx_word' id='word_1_175' title='bbox 388 2180 555 2234; x_wconf 90' lang='lat' dir='ltr'>illum</span> <span class='ocrx_word' id='word_1_176' title='bbox 586 2197 784 2234; x_wconf 91' lang='lat' dir='ltr'>omnes</span> <span class='ocrx_word' id='word_1_177' title='bbox 812 2184 1033 2251; x_wconf 84' lang='lat' dir='ltr'>gentes,</span> <span class='ocrx_word' id='word_1_178' title='bbox 1067 2184 1124 2236; x_wconf 88' lang='lat' dir='ltr'>et</span> <span class='ocrx_word' id='word_1_179' title='bbox 1154 2181 1529 2235; x_wconf 89' lang='lat' dir='ltr'>ambulabunt</span> <span class='ocrx_word' id='word_1_180' title='bbox 1552 2182 1738 2249; x_wconf 91' lang='lat' dir='ltr'>multi,</span> <span class='ocrx_word' id='word_1_181' title='bbox 1769 2185 1828 2236; x_wconf 90' lang='lat' dir='ltr'>et</span> 
     </span>
    </p>
   </div>
   <div class='ocr_carea' id='block_1_24' title="bbox 197 2274 1827 2340">
    <p class='ocr_par' dir='ltr' id='par_1_24' title="bbox 197 2274 1827 2340">
     <span class='ocr_line' id='line_1_24' title="bbox 197 2274 1827 2340; baseline 0.001 -13"><span class='ocrx_word' id='word_1_182' title='bbox 197 2274 379 2327; x_wconf 85' lang='lat' dir='ltr'>dicent</span> <span class='ocrx_word' id='word_1_183' title='bbox 409 2290 423 2328; x_wconf 91' lang='lat'>:</span> <span class='ocrx_word' id='word_1_184' title='bbox 459 2274 720 2340; x_wconf 83' lang='lat' dir='ltr'>«Venite,</span> <span class='ocrx_word' id='word_1_185' title='bbox 747 2274 1121 2329; x_wconf 90' lang='lat' dir='ltr'>ascendamus</span> <span class='ocrx_word' id='word_1_186' title='bbox 1148 2276 1206 2329; x_wconf 93' lang='lat' dir='ltr'>in</span> <span class='ocrx_word' id='word_1_187' title='bbox 1236 2281 1488 2330; x_wconf 88' lang='lat' dir='ltr'>montem</span> <span class='ocrx_word' id='word_1_188' title='bbox 1520 2275 1743 2330; x_wconf 90' lang='lat' dir='ltr'>Domini</span> <span class='ocrx_word' id='word_1_189' title='bbox 1770 2279 1827 2330; x_wconf 89' lang='lat' dir='ltr'>et</span> 
     </span>
    </p>
   </div>
   <div class='ocr_carea' id='block_1_25' title="bbox 197 2365 1821 2439">
    <p class='ocr_par' dir='ltr' id='par_1_25' title="bbox 197 2365 1821 2439">
     <span class='ocr_line' id='line_1_25' title="bbox 197 2365 1821 2439; baseline 0 -17"><span class='ocrx_word' id='word_1_190' title='bbox 197 2365 249 2422; x_wconf 89' lang='lat' dir='ltr'>in</span> <span class='ocrx_word' id='word_1_191' title='bbox 279 2368 519 2422; x_wconf 88' lang='lat' dir='ltr'>domum</span> <span class='ocrx_word' id='word_1_192' title='bbox 546 2368 647 2421; x_wconf 84' lang='lat' dir='ltr'>Dei</span> <span class='ocrx_word' id='word_1_193' title='bbox 670 2367 863 2432; x_wconf 87' lang='lat' dir='ltr'>Jacob,</span> <span class='ocrx_word' id='word_1_194' title='bbox 898 2374 955 2422; x_wconf 91' lang='lat' dir='ltr'>et</span> <span class='ocrx_word' id='word_1_195' title='bbox 983 2367 1271 2422; x_wconf 89' lang='lat' dir='ltr'>nuntiabit</span> <span class='ocrx_word' id='word_1_196' title='bbox 1298 2368 1459 2423; x_wconf 91' lang='lat' dir='ltr'>nobis</span> <span class='ocrx_word' id='word_1_197' title='bbox 1485 2368 1632 2422; x_wconf 90' lang='lat' dir='ltr'>viam</span> <span class='ocrx_word' id='word_1_198' title='bbox 1677 2369 1821 2439; x_wconf 90' lang='lat' dir='ltr'>ejus,</span> 
     </span>
    </p>
   </div>
   <div class='ocr_carea' id='block_1_26' title="bbox 197 2461 1822 2533">
    <p class='ocr_par' dir='ltr' id='par_1_26' title="bbox 197 2461 1822 2533">
     <span class='ocr_line' id='line_1_26' title="bbox 197 2461 1822 2533; baseline 0.001 -17"><span class='ocrx_word' id='word_1_199' title='bbox 197 2466 247 2516; x_wconf 90' lang='lat' dir='ltr'>et</span> <span class='ocrx_word' id='word_1_200' title='bbox 271 2461 689 2515; x_wconf 89' lang='lat' dir='ltr'>ambulabimus</span> <span class='ocrx_word' id='word_1_201' title='bbox 713 2461 763 2499; x_wconf 76' lang='grc'>⁸⁵</span> <span class='ocrx_word' id='word_1_202' title='bbox 792 2462 848 2515; x_wconf 94' lang='lat' dir='ltr'>in</span> <span class='ocrx_word' id='word_1_203' title='bbox 878 2462 993 2515; x_wconf 90' lang='lat' dir='ltr'>illa.</span> <span class='ocrx_word' id='word_1_204' title='bbox 1030 2463 1104 2516; x_wconf 92' lang='lat' dir='ltr'>De</span> <span class='ocrx_word' id='word_1_205' title='bbox 1132 2462 1264 2517; x_wconf 92' lang='lat' dir='ltr'>Sion</span> <span class='ocrx_word' id='word_1_206' title='bbox 1292 2463 1447 2517; x_wconf 89' lang='lat' dir='ltr'>enim</span> <span class='ocrx_word' id='word_1_207' title='bbox 1481 2462 1747 2533; x_wconf 86' lang='lat' dir='ltr'>procedet</span> <span class='ocrx_word' id='word_1_208' title='bbox 1776 2463 1822 2498; x_wconf 78' lang='grc'>⁸⁷</span> 
     </span>
    </p>
   </div>
   <div class='ocr_carea' id='block_1_27' title="bbox 151 2555 1826 2627">
    <p class='ocr_par' dir='ltr' id='par_1_27' title="bbox 151 2555 1826 2627">
     <span class='ocr_line' id='line_1_27' title="bbox 151 2555 1826 2627; baseline 0.001 -18"><span class='ocrx_word' id='word_1_209' title='bbox 151 2576 154 2579; x_wconf 56' lang='grc' dir='ltr'>λ</span> <span class='ocrx_word' id='word_1_210' title='bbox 192 2556 269 2610; x_wconf 85' lang='lat' dir='ltr'>lex</span> <span class='ocrx_word' id='word_1_211' title='bbox 300 2562 356 2610; x_wconf 90' lang='lat' dir='ltr'>et</span> <span class='ocrx_word' id='word_1_212' title='bbox 390 2555 635 2609; x_wconf 85' lang='lat' dir='ltr'>verbum</span> <span class='ocrx_word' id='word_1_213' title='bbox 678 2556 911 2610; x_wconf 89' lang='lat' dir='ltr'>Domini</span> <span class='ocrx_word' id='word_1_214' title='bbox 950 2556 1019 2610; x_wconf 89' lang='lat' dir='ltr'>ab</span> <span class='ocrx_word' id='word_1_215' title='bbox 1068 2556 1412 2625; x_wconf 81' lang='lat' dir='ltr'>Jerusalem;</span> <span class='ocrx_word' id='word_1_216' title='bbox 1456 2560 1515 2611; x_wconf 93' lang='lat' dir='ltr'>et</span> <span class='ocrx_word' id='word_1_217' title='bbox 1545 2556 1826 2627; x_wconf 88' lang='lat' dir='ltr'>judicabit</span> 
     </span>
    </p>
   </div>
   <div class='ocr_carea' id='block_1_28' title="bbox 195 2649 1823 2722">
    <p class='ocr_par' dir='ltr' id='par_1_28' title="bbox 195 2649 1823 2722">
     <span class='ocr_line' id='line_1_28' title="bbox 195 2649 1823 2722; baseline 0.002 -20"><span class='ocrx_word' id='word_1_218' title='bbox 195 2649 333 2703; x_wconf 89' lang='lat' dir='ltr'>inter</span> <span class='ocrx_word' id='word_1_219' title='bbox 351 2659 574 2721; x_wconf 84' lang='lat' dir='ltr'>gentes,</span> <span class='ocrx_word' id='word_1_220' title='bbox 598 2654 653 2704; x_wconf 91' lang='lat' dir='ltr'>et</span> <span class='ocrx_word' id='word_1_221' title='bbox 677 2649 991 2720; x_wconf 89' lang='lat' dir='ltr'>redarguet</span> <span class='ocrx_word' id='word_1_222' title='bbox 1012 2650 1291 2722; x_wconf 91' lang='lat' dir='ltr'>p0pulum</span> <span class='ocrx_word' id='word_1_223' title='bbox 1313 2651 1583 2713; x_wconf 89' lang='lat' dir='ltr'>multum,</span> <span class='ocrx_word' id='word_1_224' title='bbox 1608 2653 1665 2706; x_wconf 89' lang='lat' dir='ltr'>et</span> <span class='ocrx_word' id='word_1_225' title='bbox 1685 2667 1823 2705; x_wconf 90' lang='lat' dir='ltr'>con-</span> 
     </span>
    </p>
   </div>
   <div class='ocr_carea' id='block_1_29' title="bbox 194 2742 1820 2815">
    <p class='ocr_par' dir='ltr' id='par_1_29' title="bbox 194 2742 1820 2815">
     <span class='ocr_line' id='line_1_29' title="bbox 194 2742 1820 2815; baseline 0.001 -18"><span class='ocrx_word' id='word_1_226' title='bbox 194 2742 375 2799; x_wconf 89' lang='lat' dir='ltr'>cident</span> <span class='ocrx_word' id='word_1_227' title='bbox 404 2744 627 2815; x_wconf 88' lang='lat' dir='ltr'>gladios</span> <span class='ocrx_word' id='word_1_228' title='bbox 654 2760 783 2797; x_wconf 88' lang='lat' dir='ltr'>suos</span> <span class='ocrx_word' id='word_1_229' title='bbox 805 2744 861 2797; x_wconf 90' lang='lat' dir='ltr'>in</span> <span class='ocrx_word' id='word_1_230' title='bbox 890 2748 1083 2798; x_wconf 86' lang='lat' dir='ltr'>aratra</span> <span class='ocrx_word' id='word_1_231' title='bbox 1112 2749 1168 2798; x_wconf 90' lang='lat' dir='ltr'>et</span> <span class='ocrx_word' id='word_1_232' title='bbox 1198 2744 1426 2799; x_wconf 87' lang='lat' dir='ltr'>lanceas</span> <span class='ocrx_word' id='word_1_233' title='bbox 1454 2762 1585 2799; x_wconf 90' lang='lat' dir='ltr'>suas</span> <span class='ocrx_word' id='word_1_234' title='bbox 1615 2746 1675 2799; x_wconf 91' lang='lat' dir='ltr'>in</span> <span class='ocrx_word' id='word_1_235' title='bbox 1718 2746 1820 2799; x_wconf 79' lang='lat' dir='ltr'>fal-</span> 
     </span>
    </p>
   </div>
   <div class='ocr_carea' id='block_1_30' title="bbox 194 2836 1819 2910">
    <p class='ocr_par' dir='ltr' id='par_1_30' title="bbox 194 2836 1819 2910">
     <span class='ocr_line' id='line_1_30' title="bbox 194 2836 1819 2910; baseline 0.002 -21"><span class='ocrx_word' id='word_1_236' title='bbox 194 2852 279 2889; x_wconf 90' lang='lat' dir='ltr'>ces</span> <span class='ocrx_word' id='word_1_237' title='bbox 308 2838 375 2903; x_wconf 62' lang='lat'>‘8,</span> <span class='ocrx_word' id='word_1_238' title='bbox 405 2844 463 2892; x_wconf 93' lang='lat' dir='ltr'>et</span> <span class='ocrx_word' id='word_1_239' title='bbox 485 2837 610 2907; x_wconf 89' lang='lat' dir='ltr'>jam</span> <span class='ocrx_word' id='word_1_240' title='bbox 638 2853 753 2891; x_wconf 89' lang='lat' dir='ltr'>non</span> <span class='ocrx_word' id='word_1_241' title='bbox 782 2836 1002 2892; x_wconf 88' lang='lat' dir='ltr'>discent</span> <span class='ocrx_word' id='word_1_242' title='bbox 1030 2854 1290 2909; x_wconf 91' lang='lat' dir='ltr'>pugnare</span> <span class='ocrx_word' id='word_1_243' title='bbox 1318 2860 1345 2888; x_wconf 82' lang='grc'><strong>››</strong></span> <span class='ocrx_word' id='word_1_244' title='bbox 1398 2839 1557 2910; x_wconf 87' lang='lat' dir='ltr'>(Isa.,</span> <span class='ocrx_word' id='word_1_245' title='bbox 1588 2855 1645 2905; x_wconf 92' lang='grc' dir='ltr'>ιι,</span> <span class='ocrx_word' id='word_1_246' title='bbox 1690 2840 1819 2909; x_wconf 83' lang='grc'>2-5).</span> 
     </span>
    </p>
   </div>
   <div class='ocr_carea' id='block_1_31' title="bbox 195 2930 1822 2996">
    <p class='ocr_par' dir='ltr' id='par_1_31' title="bbox 195 2930 1822 2996">
     <span class='ocr_line' id='line_1_31' title="bbox 195 2930 1822 2996; baseline 0.002 -12"><span class='ocrx_word' id='word_1_247' title='bbox 195 2930 323 2984; x_wconf 85' lang='lat' dir='ltr'>Item</span> <span class='ocrx_word' id='word_1_248' title='bbox 349 2931 406 2984; x_wconf 91' lang='lat' dir='ltr'>in</span> <span class='ocrx_word' id='word_1_249' title='bbox 449 2932 673 2985; x_wconf 86' lang='lat' dir='ltr'>Psalmo</span> <span class='ocrx_word' id='word_1_250' title='bbox 700 2947 876 2986; x_wconf 85' lang='lat' dir='ltr'>xxm:</span> <span class='ocrx_word' id='word_1_251' title='bbox 913 2953 939 2980; x_wconf 75' lang='grc' dir='ltr'>ι(</span> <span class='ocrx_word' id='word_1_252' title='bbox 988 2932 1121 2996; x_wconf 90' lang='lat' dir='ltr'>Quis</span> <span class='ocrx_word' id='word_1_253' title='bbox 1146 2932 1434 2986; x_wconf 82' lang='lat' dir='ltr'>ascendet</span> <span class='ocrx_word' id='word_1_254' title='bbox 1463 2932 1523 2986; x_wconf 92' lang='lat' dir='ltr'>in</span> <span class='ocrx_word' id='word_1_255' title='bbox 1568 2940 1822 2988; x_wconf 89' lang='lat' dir='ltr'>montem</span> 
     </span>
    </p>
   </div>
   <div class='ocr_carea' id='block_1_32' title="bbox 194 3025 1896 3125">
    <p class='ocr_par' dir='ltr' id='par_1_32' title="bbox 194 3025 1896 3125">
     <span class='ocr_line' id='line_1_32' title="bbox 194 3025 1896 3125; baseline 0.002 -46"><span class='ocrx_word' id='word_1_256' title='bbox 194 3025 435 3095; x_wconf 91' lang='lat' dir='ltr'>Domini,</span> <span class='ocrx_word' id='word_1_257' title='bbox 472 3028 574 3079; x_wconf 89' lang='lat' dir='ltr'>aut</span> <span class='ocrx_word' id='word_1_258' title='bbox 597 3026 721 3097; x_wconf 87' lang='lat' dir='ltr'>quis</span> <span class='ocrx_word' id='word_1_259' title='bbox 747 3026 917 3081; x_wconf 89' lang='lat' dir='ltr'>stabit</span> <span class='ocrx_word' id='word_1_260' title='bbox 953 3027 1011 3081; x_wconf 92' lang='lat' dir='ltr'>in</span> <span class='ocrx_word' id='word_1_261' title='bbox 1054 3027 1179 3082; x_wconf 94' lang='lat' dir='ltr'>loco</span> <span class='ocrx_word' id='word_1_262' title='bbox 1219 3032 1415 3082; x_wconf 89' lang='lat' dir='ltr'>sancto</span> <span class='ocrx_word' id='word_1_263' title='bbox 1458 3027 1616 3097; x_wconf 85' lang='lat' dir='ltr'>ejus?</span> <span class='ocrx_word' id='word_1_264' title='bbox 1650 3028 1818 3082; x_wconf 90' lang='lat' dir='ltr'>Inno-</span> <span class='ocrx_word' id='word_1_265' title='bbox 1842 3050 1896 3125; x_wconf 68' lang='grc' dir='ltr'>Ο</span> 
     </span>
    </p>
   </div>
   <div class='ocr_carea' id='block_1_33' title="bbox 193 3122 1824 3196">
    <p class='ocr_par' dir='ltr' id='par_1_33' title="bbox 193 3122 1824 3196">
     <span class='ocr_line' id='line_1_33' title="bbox 193 3122 1824 3196; baseline 0.002 -21"><span class='ocrx_word' id='word_1_266' title='bbox 193 3137 316 3175; x_wconf 91' lang='lat' dir='ltr'>cens</span> <span class='ocrx_word' id='word_1_267' title='bbox 344 3122 613 3176; x_wconf 87' lang='lat' dir='ltr'>manibus</span> <span class='ocrx_word' id='word_1_268' title='bbox 651 3125 707 3177; x_wconf 92' lang='lat' dir='ltr'>et</span> <span class='ocrx_word' id='word_1_269' title='bbox 750 3123 966 3177; x_wconf 90' lang='lat' dir='ltr'>mundo</span> <span class='ocrx_word' id='word_1_270' title='bbox 1001 3123 1168 3178; x_wconf 92' lang='lat' dir='ltr'>corde</span> <span class='ocrx_word' id='word_1_271' title='bbox 1201 3124 1271 3177; x_wconf 72' lang='grc' dir='ltr'>δ’.</span> <span class='ocrx_word' id='word_1_272' title='bbox 1300 3125 1401 3190; x_wconf 89' lang='lat' dir='ltr'>Qui</span> <span class='ocrx_word' id='word_1_273' title='bbox 1448 3140 1563 3178; x_wconf 92' lang='lat' dir='ltr'>non</span> <span class='ocrx_word' id='word_1_274' title='bbox 1604 3124 1824 3196; x_wconf 89' lang='lat' dir='ltr'>accepit</span> 
     </span>
    </p>
   </div>
   <div class='ocr_carea' id='block_1_34' title="bbox 192 3214 1821 3288">
    <p class='ocr_par' dir='ltr' id='par_1_34' title="bbox 192 3214 1821 3288">
     <span class='ocr_line' id='line_1_34' title="bbox 192 3214 1821 3288; baseline 0.002 -19"><span class='ocrx_word' id='word_1_275' title='bbox 192 3214 245 3270; x_wconf 90' lang='lat' dir='ltr'>in</span> <span class='ocrx_word' id='word_1_276' title='bbox 276 3233 419 3271; x_wconf 90' lang='lat' dir='ltr'>vano</span> <span class='ocrx_word' id='word_1_277' title='bbox 462 3216 717 3270; x_wconf 89' lang='lat' dir='ltr'>animam</span> <span class='ocrx_word' id='word_1_278' title='bbox 764 3233 947 3284; x_wconf 90' lang='lat' dir='ltr'>suam,</span> <span class='ocrx_word' id='word_1_279' title='bbox 989 3222 1046 3272; x_wconf 90' lang='lat' dir='ltr'>et</span> <span class='ocrx_word' id='word_1_280' title='bbox 1092 3233 1205 3272; x_wconf 90' lang='lat' dir='ltr'>non</span> <span class='ocrx_word' id='word_1_281' title='bbox 1242 3217 1455 3288; x_wconf 88' lang='lat' dir='ltr'>juravit</span> <span class='ocrx_word' id='word_1_282' title='bbox 1501 3218 1733 3272; x_wconf 91' lang='lat' dir='ltr'>subdole</span> <span class='ocrx_word' id='word_1_283' title='bbox 1773 3218 1821 3252; x_wconf 85' lang='grc' dir='ltr'>⁷ο</span> 
     </span>
    </p>
   </div>
   <div class='ocr_carea' id='block_1_35' title="bbox 191 3310 1818 3382">
    <p class='ocr_par' dir='ltr' id='par_1_35' title="bbox 191 3310 1818 3382">
     <span class='ocr_line' id='line_1_35' title="bbox 191 3310 1818 3382; baseline 0.002 -19"><span class='ocrx_word' id='word_1_284' title='bbox 191 3310 439 3380; x_wconf 90' lang='lat' dir='ltr'>proximo</span> <span class='ocrx_word' id='word_1_285' title='bbox 470 3310 599 3379; x_wconf 87' lang='lat' dir='ltr'>sibi,</span> <span class='ocrx_word' id='word_1_286' title='bbox 623 3310 729 3366; x_wconf 89' lang='lat' dir='ltr'>iste</span> <span class='ocrx_word' id='word_1_287' title='bbox 751 3311 988 3382; x_wconf 89' lang='lat' dir='ltr'>accipiet</span> <span class='ocrx_word' id='word_1_288' title='bbox 1018 3310 1480 3367; x_wconf 90' lang='lat' dir='ltr'>benedictionem</span> <span class='ocrx_word' id='word_1_289' title='bbox 1510 3330 1542 3366; x_wconf 92' lang='lat' dir='ltr'>a</span> <span class='ocrx_word' id='word_1_290' title='bbox 1576 3312 1818 3368; x_wconf 90' lang='lat' dir='ltr'>Domino</span> 
     </span>
    </p>
   </div>
   <div class='ocr_carea' id='block_1_36' title="bbox 191 3404 1818 3461">
    <p class='ocr_par' dir='ltr' id='par_1_36' title="bbox 191 3404 1818 3461">
     <span class='ocr_line' id='line_1_36' title="bbox 191 3404 1818 3461; baseline 0.002 -4"><span class='ocrx_word' id='word_1_291' title='bbox 191 3408 243 3457; x_wconf 88' lang='lat' dir='ltr'>et</span> <span class='ocrx_word' id='word_1_292' title='bbox 265 3404 713 3460; x_wconf 85' lang='lat' dir='ltr'>misericordiam</span> <span class='ocrx_word' id='word_1_293' title='bbox 741 3421 773 3459; x_wconf 90' lang='lat' dir='ltr'>a</span> <span class='ocrx_word' id='word_1_294' title='bbox 809 3405 924 3459; x_wconf 91' lang='lat' dir='ltr'>Deo</span> <span class='ocrx_word' id='word_1_295' title='bbox 955 3405 1187 3459; x_wconf 90' lang='lat' dir='ltr'>salutari</span> <span class='ocrx_word' id='word_1_296' title='bbox 1232 3422 1352 3461; x_wconf 91' lang='lat' dir='ltr'>suo.</span> <span class='ocrx_word' id='word_1_297' title='bbox 1398 3407 1505 3461; x_wconf 89' lang='lat' dir='ltr'>Ista</span> <span class='ocrx_word' id='word_1_298' title='bbox 1553 3406 1818 3461; x_wconf 90' lang='lat' dir='ltr'>nativitas</span> 
     </span>
    </p>
   </div>
   <div class='ocr_carea' id='block_1_37' title="bbox 190 3498 1815 3572">
    <p class='ocr_par' dir='ltr' id='par_1_37' title="bbox 190 3498 1815 3572">
     <span class='ocr_line' id='line_1_37' title="bbox 190 3498 1815 3572; baseline 0.002 -21"><span class='ocrx_word' id='word_1_299' title='bbox 190 3511 375 3553; x_wconf 90' lang='lat' dir='ltr'>eorum</span> <span class='ocrx_word' id='word_1_300' title='bbox 408 3500 455 3533; x_wconf 82' lang='grc' dir='ltr'>τ¹</span> <span class='ocrx_word' id='word_1_301' title='bbox 493 3498 593 3569; x_wconf 90' lang='lat' dir='ltr'>qui</span> <span class='ocrx_word' id='word_1_302' title='bbox 632 3515 766 3554; x_wconf 88' lang='lat' dir='ltr'>eum</span> <span class='ocrx_word' id='word_1_303' title='bbox 815 3505 1101 3570; x_wconf 72' lang='lat' dir='ltr'>quaerunt,</span> <span class='ocrx_word' id='word_1_304' title='bbox 1154 3500 1251 3572; x_wconf 89' lang='lat' dir='ltr'>qui</span> <span class='ocrx_word' id='word_1_305' title='bbox 1295 3505 1560 3572; x_wconf 75' lang='lat' dir='ltr'>quaerunt</span> <span class='ocrx_word' id='word_1_306' title='bbox 1611 3500 1815 3556; x_wconf 84' lang='lat' dir='ltr'>faciem</span> 
     </span>
    </p>
   </div>
   <div class='ocr_carea' id='block_1_38' title="bbox 190 3586 1100 3659">
    <p class='ocr_par' dir='ltr' id='par_1_38' title="bbox 190 3586 1100 3659">
     <span class='ocr_line' id='line_1_38' title="bbox 190 3586 1100 3659; baseline 0.004 -20"><span class='ocrx_word' id='word_1_307' title='bbox 190 3586 278 3641; x_wconf 90' lang='lat' dir='ltr'>Dei</span> <span class='ocrx_word' id='word_1_308' title='bbox 302 3589 473 3643; x_wconf 73' lang='lat' dir='ltr'>Iacob</span> <span class='ocrx_word' id='word_1_309' title='bbox 503 3610 530 3637; x_wconf 84' lang='lat'>»</span> <span class='ocrx_word' id='word_1_310' title='bbox 561 3587 732 3658; x_wconf 81' lang='lat' dir='ltr'>(Psal.</span> <span class='ocrx_word' id='word_1_311' title='bbox 765 3604 912 3651; x_wconf 85' lang='lat' dir='ltr'>xxm.</span> <span class='ocrx_word' id='word_1_312' title='bbox 945 3592 995 3657; x_wconf 90' lang='lat'>3,</span> <span class='ocrx_word' id='word_1_313' title='bbox 1025 3590 1100 3659; x_wconf 89' lang='lat'>6).</span> 
     </span>
    </p>
   </div>
   <div class='ocr_carea' id='block_1_39' title="bbox 190 3696 1808 3773">
    <p class='ocr_par' dir='ltr' id='par_1_39' title="bbox 190 3696 1808 3773">
     <span class='ocr_line' id='line_1_39' title="bbox 190 3696 1808 3773; baseline -0.008 -3"><span class='ocrx_word' id='word_1_314' title='bbox 190 3696 371 3773; x_wconf 80' lang='grc'>713</span> <span class='ocrx_word' id='word_1_315' title='bbox 404 3702 542 3757; x_wconf 74' lang='lat' dir='ltr'>CAP-</span> <span class='ocrx_word' id='word_1_316' title='bbox 585 3702 712 3755; x_wconf 77' lang='grc' dir='ltr'>ΧΙΧ-</span> <span class='ocrx_word' id='word_1_317' title='bbox 760 3733 828 3740; x_wconf 90' lang='grc'><strong>-</strong></span> <span class='ocrx_word' id='word_1_318' title='bbox 870 3702 1023 3769; x_wconf 82' lang='lat' dir='ltr'>Quod</span> <span class='ocrx_word' id='word_1_319' title='bbox 1061 3705 1177 3771; x_wconf 84' lang='lat' dir='ltr'>ipse</span> <span class='ocrx_word' id='word_1_320' title='bbox 1222 3705 1293 3756; x_wconf 80' lang='lat' dir='ltr'>sit</span> <span class='ocrx_word' id='word_1_321' title='bbox 1338 3718 1588 3771; x_wconf 83' lang='lat' dir='ltr'>sponsus,</span> <span class='ocrx_word' id='word_1_322' title='bbox 1631 3704 1808 3758; x_wconf 84' lang='lat' dir='ltr'>Eccle-</span> 
     </span>
    </p>
   </div>
   <div class='ocr_carea' id='block_1_40' title="bbox 250 3782 1810 3854">
    <p class='ocr_par' dir='ltr' id='par_1_40' title="bbox 250 3782 1810 3854">
     <span class='ocr_line' id='line_1_40' title="bbox 250 3782 1810 3854; baseline 0.003 -20"><span class='ocrx_word' id='word_1_323' title='bbox 250 3784 385 3835; x_wconf 83' lang='lat' dir='ltr'>sium</span> <span class='ocrx_word' id='word_1_324' title='bbox 411 3783 620 3836; x_wconf 79' lang='lat' dir='ltr'>habens</span> <span class='ocrx_word' id='word_1_325' title='bbox 664 3797 932 3853; x_wconf 81' lang='lat' dir='ltr'>sponsam,</span> <span class='ocrx_word' id='word_1_326' title='bbox 981 3782 1046 3837; x_wconf 85' lang='lat' dir='ltr'>de</span> <span class='ocrx_word' id='word_1_327' title='bbox 1085 3799 1196 3853; x_wconf 86' lang='lat' dir='ltr'>qua</span> <span class='ocrx_word' id='word_1_328' title='bbox 1238 3784 1343 3852; x_wconf 82' lang='lat' dir='ltr'>ﬁlii</span> <span class='ocrx_word' id='word_1_329' title='bbox 1391 3785 1664 3854; x_wconf 82' lang='lat' dir='ltr'>spiritales</span> <span class='ocrx_word' id='word_1_330' title='bbox 1712 3801 1810 3845; x_wconf 88' lang='lat' dir='ltr'>na-</span> 
     </span>
    </p>
   </div>
   <div class='ocr_carea' id='block_1_41' title="bbox 253 3869 545 3917">
    <p class='ocr_par' dir='ltr' id='par_1_41' title="bbox 253 3869 545 3917">
     <span class='ocr_line' id='line_1_41' title="bbox 253 3869 545 3917; baseline 0.007 -2"><span class='ocrx_word' id='word_1_331' title='bbox 253 3869 545 3917; x_wconf 67' lang='lat' dir='ltr'>merentur.</span> 
     </span>
    </p>
   </div>
   <div class='ocr_carea' id='block_1_42' title="bbox 251 3967 1813 4037">
    <p class='ocr_par' dir='ltr' id='par_1_42' title="bbox 251 3967 1813 4037">
     <span class='ocr_line' id='line_1_42' title="bbox 251 3967 1813 4037; baseline 0.004 -19"><span class='ocrx_word' id='word_1_332' title='bbox 251 3967 414 4037; x_wconf 78' lang='lat' dir='ltr'>Apud</span> <span class='ocrx_word' id='word_1_333' title='bbox 442 3967 635 4021; x_wconf 85' lang='lat' dir='ltr'>Johel:</span> <span class='ocrx_word' id='word_1_334' title='bbox 671 3989 697 4016; x_wconf 83' lang='lat'><strong>«</strong></span> <span class='ocrx_word' id='word_1_335' title='bbox 734 3967 930 4022; x_wconf 87' lang='lat' dir='ltr'>Canite</span> <span class='ocrx_word' id='word_1_336' title='bbox 973 3968 1109 4023; x_wconf 89' lang='lat' dir='ltr'>tuba</span> <span class='ocrx_word' id='word_1_337' title='bbox 1154 3968 1212 4022; x_wconf 91' lang='lat' dir='ltr'>in</span> <span class='ocrx_word' id='word_1_338' title='bbox 1264 3968 1418 4036; x_wconf 93' lang='lat' dir='ltr'>Sion,</span> <span class='ocrx_word' id='word_1_339' title='bbox 1472 3968 1813 4024; x_wconf 85' lang='lat' dir='ltr'>sanctiﬁcate</span> 
     </span>
    </p>
   </div>
   <div class='ocr_carea' id='block_1_43' title="bbox 181 4053 1808 4130">
    <p class='ocr_par' dir='ltr' id='par_1_43' title="bbox 181 4053 1808 4130">
     <span class='ocr_line' id='line_1_43' title="bbox 181 4053 1808 4130; baseline 0.004 -23"><span class='ocrx_word' id='word_1_340' title='bbox 181 4053 485 4125; x_wconf 88' lang='lat' dir='ltr'>jejunium,</span> <span class='ocrx_word' id='word_1_341' title='bbox 537 4061 593 4110; x_wconf 89' lang='lat' dir='ltr'>et</span> <span class='ocrx_word' id='word_1_342' title='bbox 638 4055 873 4110; x_wconf 88' lang='lat' dir='ltr'>indicite</span> <span class='ocrx_word' id='word_1_343' title='bbox 921 4057 1298 4125; x_wconf 91' lang='lat' dir='ltr'>curationem,</span> <span class='ocrx_word' id='word_1_344' title='bbox 1352 4062 1666 4130; x_wconf 87' lang='lat' dir='ltr'>aggregate</span> <span class='ocrx_word' id='word_1_345' title='bbox 1709 4075 1808 4129; x_wconf 91' lang='lat' dir='ltr'>po-</span> 
     </span>
    </p>
   </div>
   <div class='ocr_carea' id='block_1_44' title="bbox 186 4149 1811 4223">
    <p class='ocr_par' dir='ltr' id='par_1_44' title="bbox 186 4149 1811 4223">
     <span class='ocr_line' id='line_1_44' title="bbox 186 4149 1811 4223; baseline 0.002 -22"><span class='ocrx_word' id='word_1_346' title='bbox 186 4149 377 4219; x_wconf 90' lang='lat' dir='ltr'>pulum</span> <span class='ocrx_word' id='word_1_347' title='bbox 408 4151 481 4216; x_wconf 67' lang='lat'>7’,</span> <span class='ocrx_word' id='word_1_348' title='bbox 512 4149 858 4204; x_wconf 84' lang='lat' dir='ltr'>sanctificate</span> <span class='ocrx_word' id='word_1_349' title='bbox 904 4151 1231 4219; x_wconf 88' lang='lat' dir='ltr'>Ecclesiam,</span> <span class='ocrx_word' id='word_1_350' title='bbox 1281 4152 1520 4223; x_wconf 82' lang='lat' dir='ltr'>excipite</span> <span class='ocrx_word' id='word_1_351' title='bbox 1564 4153 1811 4222; x_wconf 91' lang='lat' dir='ltr'>majores</span> 
     </span>
    </p>
   </div>
   <div class='ocr_carea' id='block_1_45' title="bbox 186 4243 1811 4316">
    <p class='ocr_par' dir='ltr' id='par_1_45' title="bbox 186 4243 1811 4316">
     <span class='ocr_line' id='line_1_45' title="bbox 186 4243 1811 4316; baseline 0.003 -22"><span class='ocrx_word' id='word_1_352' title='bbox 186 4246 335 4312; x_wconf 88' lang='lat' dir='ltr'>natu,</span> <span class='ocrx_word' id='word_1_353' title='bbox 364 4243 620 4313; x_wconf 87' lang='lat' dir='ltr'>colligite</span> <span class='ocrx_word' id='word_1_354' title='bbox 650 4243 926 4313; x_wconf 90' lang='lat' dir='ltr'>parvulos</span> <span class='ocrx_word' id='word_1_355' title='bbox 952 4245 1246 4312; x_wconf 84' lang='lat' dir='ltr'>lactentes;</span> <span class='ocrx_word' id='word_1_356' title='bbox 1277 4246 1548 4316; x_wconf 87' lang='lat' dir='ltr'>procedat</span> <span class='ocrx_word' id='word_1_357' title='bbox 1574 4262 1811 4316; x_wconf 90' lang='lat' dir='ltr'>sponsus</span> 
     </span>
    </p>
   </div>
   <div class='ocr_carea' id='block_1_46' title="bbox 187 4335 1807 4408">
    <p class='ocr_par' dir='ltr' id='par_1_46' title="bbox 187 4335 1807 4408">
     <span class='ocr_line' id='line_1_46' title="bbox 187 4335 1807 4408; baseline 0.001 -18"><span class='ocrx_word' id='word_1_358' title='bbox 187 4335 253 4389; x_wconf 91' lang='lat' dir='ltr'>de</span> <span class='ocrx_word' id='word_1_359' title='bbox 300 4337 475 4391; x_wconf 90' lang='lat' dir='ltr'>cubili</span> <span class='ocrx_word' id='word_1_360' title='bbox 530 4353 629 4391; x_wconf 89' lang='lat' dir='ltr'>suo</span> <span class='ocrx_word' id='word_1_361' title='bbox 680 4337 749 4403; x_wconf 79' lang='grc'>⁷³,</span> <span class='ocrx_word' id='word_1_362' title='bbox 806 4342 861 4392; x_wconf 88' lang='lat' dir='ltr'>et</span> <span class='ocrx_word' id='word_1_363' title='bbox 929 4355 1139 4408; x_wconf 90' lang='lat' dir='ltr'>sponsa</span> <span class='ocrx_word' id='word_1_364' title='bbox 1205 4339 1273 4393; x_wconf 92' lang='lat' dir='ltr'>de</span> <span class='ocrx_word' id='word_1_365' title='bbox 1340 4340 1587 4394; x_wconf 89' lang='lat' dir='ltr'>thalamo</span> <span class='ocrx_word' id='word_1_366' title='bbox 1656 4356 1807 4393; x_wconf 77' lang='lat' dir='ltr'>suo»</span> 
     </span>
    </p>
   </div>
   <div class='ocr_carea' id='block_1_47' title="bbox 1940 400 3564 479">
    <p class='ocr_par' dir='ltr' id='par_1_47' title="bbox 1940 400 3564 479">
     <span class='ocr_line' id='line_1_47' title="bbox 1940 400 3564 479; baseline 0.008 -27"><span class='ocrx_word' id='word_1_367' title='bbox 1940 415 2066 453; x_wconf 89' lang='lat' dir='ltr'>cem</span> <span class='ocrx_word' id='word_1_368' title='bbox 2095 400 2291 471; x_wconf 82' lang='lat' dir='ltr'>sponsi</span> <span class='ocrx_word' id='word_1_369' title='bbox 2318 406 2375 457; x_wconf 89' lang='lat' dir='ltr'>et</span> <span class='ocrx_word' id='word_1_370' title='bbox 2394 418 2590 458; x_wconf 91' lang='lat' dir='ltr'>vocem</span> <span class='ocrx_word' id='word_1_371' title='bbox 2611 420 2833 476; x_wconf 67' lang='lat' dir='ltr'>sponsas</span> <span class='ocrx_word' id='word_1_372' title='bbox 2856 425 2884 456; x_wconf 88' lang='lat'><strong>»</strong></span> <span class='ocrx_word' id='word_1_373' title='bbox 2917 406 3151 478; x_wconf 85' lang='lat' dir='ltr'>(Jerem.,</span> <span class='ocrx_word' id='word_1_374' title='bbox 3172 424 3279 477; x_wconf 81' lang='lat' dir='ltr'>xv1,</span> <span class='ocrx_word' id='word_1_375' title='bbox 3312 412 3383 479; x_wconf 85' lang='lat'>9).</span> <span class='ocrx_word' id='word_1_376' title='bbox 3428 411 3564 465; x_wconf 87' lang='lat' dir='ltr'>Item</span> 
     </span>
    </p>
   </div>
   <div class='ocr_carea' id='block_1_48' title="bbox 1937 492 3565 573">
    <p class='ocr_par' dir='ltr' id='par_1_48' title="bbox 1937 492 3565 573">
     <span class='ocr_line' id='line_1_48' title="bbox 1937 492 3565 573; baseline 0.007 -27"><span class='ocrx_word' id='word_1_377' title='bbox 1937 492 1995 547; x_wconf 92' lang='lat' dir='ltr'>in</span> <span class='ocrx_word' id='word_1_378' title='bbox 2024 494 2241 548; x_wconf 87' lang='lat' dir='ltr'>Psalmo</span> <span class='ocrx_word' id='word_1_379' title='bbox 2266 511 2380 550; x_wconf 86' lang='lat' dir='ltr'>xvn</span> <span class='ocrx_word' id='word_1_380' title='bbox 2407 512 2419 549; x_wconf 90' lang='lat'><strong>:</strong></span> <span class='ocrx_word' id='word_1_381' title='bbox 2450 517 2477 546; x_wconf 85' lang='lat'><strong>«</strong></span> <span class='ocrx_word' id='word_1_382' title='bbox 2516 497 2584 551; x_wconf 86' lang='lat' dir='ltr'>Et</span> <span class='ocrx_word' id='word_1_383' title='bbox 2628 496 2748 567; x_wconf 89' lang='lat' dir='ltr'>ipse</span> <span class='ocrx_word' id='word_1_384' title='bbox 2794 499 2946 553; x_wconf 89' lang='lat' dir='ltr'>velut</span> <span class='ocrx_word' id='word_1_385' title='bbox 2985 516 3221 570; x_wconf 89' lang='lat' dir='ltr'>sponsus</span> <span class='ocrx_word' id='word_1_386' title='bbox 3264 503 3565 573; x_wconf 87' lang='lat' dir='ltr'>egrediens</span> 
     </span>
    </p>
   </div>
   <div class='ocr_carea' id='block_1_49' title="bbox 1939 585 3562 663">
    <p class='ocr_par' dir='ltr' id='par_1_49' title="bbox 1939 585 3562 663">
     <span class='ocr_line' id='line_1_49' title="bbox 1939 585 3562 663; baseline 0.007 -24"><span class='ocrx_word' id='word_1_387' title='bbox 1939 585 2008 641; x_wconf 89' lang='lat' dir='ltr'>de</span> <span class='ocrx_word' id='word_1_388' title='bbox 2034 587 2288 643; x_wconf 88' lang='lat' dir='ltr'>thalamo</span> <span class='ocrx_word' id='word_1_389' title='bbox 2327 605 2449 644; x_wconf 89' lang='lat' dir='ltr'>suo.</span> <span class='ocrx_word' id='word_1_390' title='bbox 2484 590 2791 645; x_wconf 87' lang='lat' dir='ltr'>Exsultavit</span> <span class='ocrx_word' id='word_1_391' title='bbox 2828 597 2892 647; x_wconf 92' lang='lat' dir='ltr'>ut</span> <span class='ocrx_word' id='word_1_392' title='bbox 2935 592 3093 663; x_wconf 89' lang='lat' dir='ltr'>gigas</span> <span class='ocrx_word' id='word_1_393' title='bbox 3136 595 3183 629; x_wconf 73' lang='grc'>⁷⁵</span> <span class='ocrx_word' id='word_1_394' title='bbox 3237 596 3387 650; x_wconf 90' lang='lat' dir='ltr'>viam</span> <span class='ocrx_word' id='word_1_395' title='bbox 3433 612 3562 651; x_wconf 90' lang='lat' dir='ltr'>cur-</span> 
     </span>
    </p>
   </div>
   <div class='ocr_carea' id='block_1_50' title="bbox 1936 684 3565 755">
    <p class='ocr_par' dir='ltr' id='par_1_50' title="bbox 1936 684 3565 755">
     <span class='ocr_line' id='line_1_50' title="bbox 1936 684 3565 755; baseline 0.007 -22"><span class='ocrx_word' id='word_1_396' title='bbox 1936 695 2082 735; x_wconf 90' lang='lat' dir='ltr'>rere.</span> <span class='ocrx_word' id='word_1_397' title='bbox 2127 684 2171 735; x_wconf 81' lang='grc' dir='ltr'><strong>Λ</strong></span> <span class='ocrx_word' id='word_1_398' title='bbox 2212 698 2445 738; x_wconf 90' lang='lat' dir='ltr'>summo</span> <span class='ocrx_word' id='word_1_399' title='bbox 2483 684 2609 738; x_wconf 71' lang='lat' dir='ltr'>caeli</span> <span class='ocrx_word' id='word_1_400' title='bbox 2654 685 2901 755; x_wconf 83' lang='lat' dir='ltr'>egressio</span> <span class='ocrx_word' id='word_1_401' title='bbox 2945 685 3065 755; x_wconf 90' lang='lat' dir='ltr'>ejus</span> <span class='ocrx_word' id='word_1_402' title='bbox 3105 685 3174 755; x_wconf 82' lang='grc'>⁷⁸,</span> <span class='ocrx_word' id='word_1_403' title='bbox 3215 690 3272 743; x_wconf 87' lang='lat' dir='ltr'>et</span> <span class='ocrx_word' id='word_1_404' title='bbox 3311 690 3565 745; x_wconf 91' lang='lat' dir='ltr'>decursio</span> 
     </span>
    </p>
   </div>
   <div class='ocr_carea' id='block_1_51' title="bbox 1938 773 3563 853">
    <p class='ocr_par' dir='ltr' id='par_1_51' title="bbox 1938 773 3563 853">
     <span class='ocr_line' id='line_1_51' title="bbox 1938 773 3563 853; baseline 0.007 -26"><span class='ocrx_word' id='word_1_405' title='bbox 1938 773 2060 843; x_wconf 88' lang='lat' dir='ltr'>ejus</span> <span class='ocrx_word' id='word_1_406' title='bbox 2108 791 2284 846; x_wconf 89' lang='lat' dir='ltr'>usque</span> <span class='ocrx_word' id='word_1_407' title='bbox 2324 776 2395 831; x_wconf 91' lang='lat' dir='ltr'>ad</span> <span class='ocrx_word' id='word_1_408' title='bbox 2444 793 2735 832; x_wconf 89' lang='lat' dir='ltr'>summum</span> <span class='ocrx_word' id='word_1_409' title='bbox 2780 779 2919 849; x_wconf 88' lang='lat' dir='ltr'>ejus,</span> <span class='ocrx_word' id='word_1_410' title='bbox 2963 782 3021 833; x_wconf 91' lang='lat' dir='ltr'>et</span> <span class='ocrx_word' id='word_1_411' title='bbox 3067 797 3181 834; x_wconf 90' lang='lat' dir='ltr'>non</span> <span class='ocrx_word' id='word_1_412' title='bbox 3228 788 3313 836; x_wconf 91' lang='lat' dir='ltr'>est</span> <span class='ocrx_word' id='word_1_413' title='bbox 3353 783 3450 853; x_wconf 91' lang='lat' dir='ltr'>qui</span> <span class='ocrx_word' id='word_1_414' title='bbox 3488 785 3563 839; x_wconf 90' lang='lat' dir='ltr'>la-</span> 
     </span>
    </p>
   </div>
   <div class='ocr_carea' id='block_1_52' title="bbox 1936 868 3564 944">
    <p class='ocr_par' dir='ltr' id='par_1_52' title="bbox 1936 868 3564 944">
     <span class='ocr_line' id='line_1_52' title="bbox 1936 868 3564 944; baseline 0.007 -24"><span class='ocrx_word' id='word_1_415' title='bbox 1936 869 2053 922; x_wconf 89' lang='lat' dir='ltr'>teat</span> <span class='ocrx_word' id='word_1_416' title='bbox 2091 868 2136 902; x_wconf 81' lang='grc'>⁷⁷</span> <span class='ocrx_word' id='word_1_417' title='bbox 2164 885 2198 923; x_wconf 90' lang='lat' dir='ltr'>a</span> <span class='ocrx_word' id='word_1_418' title='bbox 2226 869 2414 924; x_wconf 86' lang='lat' dir='ltr'>calore</span> <span class='ocrx_word' id='word_1_419' title='bbox 2444 870 2564 941; x_wconf 91' lang='lat' dir='ltr'>ejus</span> <span class='ocrx_word' id='word_1_420' title='bbox 2595 894 2622 921; x_wconf 83' lang='grc'><strong>››</strong></span> <span class='ocrx_word' id='word_1_421' title='bbox 2674 873 2863 941; x_wconf 82' lang='lat' dir='ltr'>(Psal.</span> <span class='ocrx_word' id='word_1_422' title='bbox 2898 888 3051 941; x_wconf 86' lang='lat' dir='ltr'>xvm,</span> <span class='ocrx_word' id='word_1_423' title='bbox 3102 877 3154 940; x_wconf 89' lang='lat'>6,</span> <span class='ocrx_word' id='word_1_424' title='bbox 3198 875 3275 944; x_wconf 87' lang='grc'>7).</span> <span class='ocrx_word' id='word_1_425' title='bbox 3316 876 3455 931; x_wconf 90' lang='lat' dir='ltr'>Item</span> <span class='ocrx_word' id='word_1_426' title='bbox 3503 877 3564 933; x_wconf 91' lang='lat' dir='ltr'>in</span> 
     </span>
    </p>
   </div>
   <div class='ocr_carea' id='block_1_53' title="bbox 1933 963 3563 1040">
    <p class='ocr_par' dir='ltr' id='par_1_53' title="bbox 1933 963 3563 1040">
     <span class='ocr_line' id='line_1_53' title="bbox 1933 963 3563 1040; baseline 0.006 -26"><span class='ocrx_word' id='word_1_427' title='bbox 1933 963 2269 1034; x_wconf 86' lang='lat' dir='ltr'>Apocalypsi</span> <span class='ocrx_word' id='word_1_428' title='bbox 2302 982 2314 1017; x_wconf 89' lang='lat'><strong>:</strong></span> <span class='ocrx_word' id='word_1_429' title='bbox 2350 984 2377 1016; x_wconf 77' lang='grc' dir='ltr'><strong><em>α</em></strong></span> <span class='ocrx_word' id='word_1_430' title='bbox 2416 965 2575 1033; x_wconf 88' lang='lat' dir='ltr'>Veni,</span> <span class='ocrx_word' id='word_1_431' title='bbox 2615 966 2918 1021; x_wconf 87' lang='lat' dir='ltr'>ostendam</span> <span class='ocrx_word' id='word_1_432' title='bbox 2948 967 3050 1022; x_wconf 90' lang='lat' dir='ltr'>tibi</span> <span class='ocrx_word' id='word_1_433' title='bbox 3087 984 3294 1023; x_wconf 91' lang='lat' dir='ltr'>novam</span> <span class='ocrx_word' id='word_1_434' title='bbox 3325 975 3563 1040; x_wconf 88' lang='lat' dir='ltr'>nuptam</span> 
     </span>
    </p>
   </div>
   <div class='ocr_carea' id='block_1_54' title="bbox 1936 1058 3563 1132">
    <p class='ocr_par' dir='ltr' id='par_1_54' title="bbox 1936 1058 3563 1132">
     <span class='ocr_line' id='line_1_54' title="bbox 1936 1058 3563 1132; baseline 0.006 -24"><span class='ocrx_word' id='word_1_435' title='bbox 1936 1071 2169 1111; x_wconf 91' lang='lat' dir='ltr'>uxorem</span> <span class='ocrx_word' id='word_1_436' title='bbox 2195 1058 2375 1129; x_wconf 82' lang='lat' dir='ltr'>Agni:</span> <span class='ocrx_word' id='word_1_437' title='bbox 2421 1062 2476 1114; x_wconf 88' lang='lat' dir='ltr'>et</span> <span class='ocrx_word' id='word_1_438' title='bbox 2504 1059 2663 1114; x_wconf 89' lang='lat' dir='ltr'>duxit</span> <span class='ocrx_word' id='word_1_439' title='bbox 2702 1076 2796 1115; x_wconf 91' lang='lat' dir='ltr'>me</span> <span class='ocrx_word' id='word_1_440' title='bbox 2838 1061 2899 1115; x_wconf 91' lang='lat' dir='ltr'>in</span> <span class='ocrx_word' id='word_1_441' title='bbox 2950 1061 3153 1132; x_wconf 89' lang='lat' dir='ltr'>spiritu</span> <span class='ocrx_word' id='word_1_442' title='bbox 3198 1062 3253 1116; x_wconf 92' lang='lat' dir='ltr'>in</span> <span class='ocrx_word' id='word_1_443' title='bbox 3302 1067 3563 1117; x_wconf 90' lang='lat' dir='ltr'>montem</span> 
     </span>
    </p>
   </div>
   <div class='ocr_carea' id='block_1_55' title="bbox 1933 1152 3560 1219">
    <p class='ocr_par' dir='ltr' id='par_1_55' title="bbox 1933 1152 3560 1219">
     <span class='ocr_line' id='line_1_55' title="bbox 1933 1152 3560 1219; baseline 0.006 -16"><span class='ocrx_word' id='word_1_444' title='bbox 1933 1165 2235 1219; x_wconf 90' lang='lat' dir='ltr'>magnum,</span> <span class='ocrx_word' id='word_1_445' title='bbox 2269 1158 2323 1206; x_wconf 91' lang='lat' dir='ltr'>et</span> <span class='ocrx_word' id='word_1_446' title='bbox 2349 1152 2598 1207; x_wconf 90' lang='lat' dir='ltr'>ostendit</span> <span class='ocrx_word' id='word_1_447' title='bbox 2626 1154 2766 1208; x_wconf 91' lang='lat' dir='ltr'>mihi</span> <span class='ocrx_word' id='word_1_448' title='bbox 2799 1154 3085 1210; x_wconf 89' lang='lat' dir='ltr'>civitatem</span> <span class='ocrx_word' id='word_1_449' title='bbox 3115 1158 3369 1211; x_wconf 88' lang='lat' dir='ltr'>sanctam</span> <span class='ocrx_word' id='word_1_450' title='bbox 3399 1158 3560 1211; x_wconf 83' lang='lat' dir='ltr'>Jeru-</span> 
     </span>
    </p>
   </div>
   <div class='ocr_carea' id='block_1_56' title="bbox 1932 1244 3564 1317">
    <p class='ocr_par' dir='ltr' id='par_1_56' title="bbox 1932 1244 3564 1317">
     <span class='ocr_line' id='line_1_56' title="bbox 1932 1244 3564 1317; baseline 0.005 -20"><span class='ocrx_word' id='word_1_451' title='bbox 1932 1244 2107 1298; x_wconf 81' lang='lat' dir='ltr'>salem</span> <span class='ocrx_word' id='word_1_452' title='bbox 2163 1244 2606 1302; x_wconf 88' lang='lat' dir='ltr'>descendentem</span> <span class='ocrx_word' id='word_1_453' title='bbox 2661 1246 2733 1301; x_wconf 89' lang='lat' dir='ltr'>de</span> <span class='ocrx_word' id='word_1_454' title='bbox 2782 1248 2921 1303; x_wconf 84' lang='lat' dir='ltr'>coelo</span> <span class='ocrx_word' id='word_1_455' title='bbox 2970 1266 3002 1302; x_wconf 92' lang='lat' dir='ltr'>a</span> <span class='ocrx_word' id='word_1_456' title='bbox 3044 1250 3180 1317; x_wconf 92' lang='lat' dir='ltr'>Deo,</span> <span class='ocrx_word' id='word_1_457' title='bbox 3250 1250 3564 1305; x_wconf 87' lang='lat' dir='ltr'>habentem</span> 
     </span>
    </p>
   </div>
   <div class='ocr_carea' id='block_1_57' title="bbox 1931 1332 3562 1410">
    <p class='ocr_par' dir='ltr' id='par_1_57' title="bbox 1931 1332 3562 1410">
     <span class='ocr_line' id='line_1_57' title="bbox 1931 1332 3562 1410; baseline 0.006 -24"><span class='ocrx_word' id='word_1_458' title='bbox 1931 1332 2249 1389; x_wconf 87' lang='lat' dir='ltr'>claritatem</span> <span class='ocrx_word' id='word_1_459' title='bbox 2279 1332 2325 1368; x_wconf 83' lang='grc'>⁷⁸</span> <span class='ocrx_word' id='word_1_460' title='bbox 2374 1336 2474 1390; x_wconf 91' lang='lat' dir='ltr'>Dei</span> <span class='ocrx_word' id='word_1_461' title='bbox 2522 1357 2549 1385; x_wconf 82' lang='lat'><strong>»</strong></span> <span class='ocrx_word' id='word_1_462' title='bbox 2602 1336 2824 1407; x_wconf 83' lang='lat' dir='ltr'>(Apoc.,</span> <span class='ocrx_word' id='word_1_463' title='bbox 2877 1355 3003 1407; x_wconf 83' lang='lat' dir='ltr'>xxI,</span> <span class='ocrx_word' id='word_1_464' title='bbox 3062 1339 3240 1410; x_wconf 90' lang='grc'>9-11).</span> <span class='ocrx_word' id='word_1_465' title='bbox 3295 1342 3438 1395; x_wconf 89' lang='lat' dir='ltr'>Item</span> <span class='ocrx_word' id='word_1_466' title='bbox 3503 1341 3562 1395; x_wconf 90' lang='lat' dir='ltr'>in</span> 
     </span>
    </p>
   </div>
   <div class='ocr_carea' id='block_1_58' title="bbox 1930 1427 3565 1498">
    <p class='ocr_par' dir='ltr' id='par_1_58' title="bbox 1930 1427 3565 1498">
     <span class='ocr_line' id='line_1_58' title="bbox 1930 1427 3565 1498; baseline 0.005 -17"><span class='ocrx_word' id='word_1_467' title='bbox 1930 1427 2234 1498; x_wconf 87' lang='lat' dir='ltr'>Evangelio</span> <span class='ocrx_word' id='word_1_468' title='bbox 2265 1433 2392 1483; x_wconf 91' lang='lat' dir='ltr'>cata</span> <span class='ocrx_word' id='word_1_469' title='bbox 2420 1431 2695 1485; x_wconf 83' lang='lat' dir='ltr'>Joannem</span> <span class='ocrx_word' id='word_1_470' title='bbox 2735 1448 2749 1485; x_wconf 90' lang='lat'><strong>:</strong></span> <span class='ocrx_word' id='word_1_471' title='bbox 2796 1433 2961 1486; x_wconf 83' lang='lat' dir='ltr'>«Vos</span> <span class='ocrx_word' id='word_1_472' title='bbox 3015 1432 3162 1487; x_wconf 90' lang='lat' dir='ltr'>mihi</span> <span class='ocrx_word' id='word_1_473' title='bbox 3216 1439 3387 1489; x_wconf 89' lang='lat' dir='ltr'>testes</span> <span class='ocrx_word' id='word_1_474' title='bbox 3432 1435 3565 1490; x_wconf 89' lang='lat' dir='ltr'>estis</span> 
     </span>
    </p>
   </div>
   <div class='ocr_carea' id='block_1_59' title="bbox 1930 1520 3562 1598">
    <p class='ocr_par' dir='ltr' id='par_1_59' title="bbox 1930 1520 3562 1598">
     <span class='ocr_line' id='line_1_59' title="bbox 1930 1520 3562 1598; baseline 0.006 -25"><span class='ocrx_word' id='word_1_475' title='bbox 1930 1520 2197 1591; x_wconf 90' lang='lat' dir='ltr'>quoniam</span> <span class='ocrx_word' id='word_1_476' title='bbox 2241 1522 2353 1577; x_wconf 83' lang='lat' dir='ltr'>dixi</span> <span class='ocrx_word' id='word_1_477' title='bbox 2398 1522 2477 1577; x_wconf 92' lang='lat' dir='ltr'>eis</span> <span class='ocrx_word' id='word_1_478' title='bbox 2524 1522 2621 1595; x_wconf 90' lang='lat' dir='ltr'>qui</span> <span class='ocrx_word' id='word_1_479' title='bbox 2666 1524 2820 1579; x_wconf 88' lang='lat' dir='ltr'>missi</span> <span class='ocrx_word' id='word_1_480' title='bbox 2860 1532 2993 1581; x_wconf 86' lang='lat' dir='ltr'>sunt</span> <span class='ocrx_word' id='word_1_481' title='bbox 3048 1526 3117 1580; x_wconf 88' lang='lat' dir='ltr'>ab</span> <span class='ocrx_word' id='word_1_482' title='bbox 3158 1526 3562 1598; x_wconf 82' lang='lat' dir='ltr'>Hierosolymis</span> 
     </span>
    </p>
   </div>
   <div class='ocr_carea' id='block_1_60' title="bbox 1929 1614 3563 1691">
    <p class='ocr_par' dir='ltr' id='par_1_60' title="bbox 1929 1614 3563 1691">
     <span class='ocr_line' id='line_1_60' title="bbox 1929 1614 3563 1691; baseline 0.004 -23"><span class='ocrx_word' id='word_1_483' title='bbox 1929 1614 1997 1668; x_wconf 90' lang='lat' dir='ltr'>ad</span> <span class='ocrx_word' id='word_1_484' title='bbox 2041 1631 2133 1669; x_wconf 90' lang='lat' dir='ltr'>me</span> <span class='ocrx_word' id='word_1_485' title='bbox 2171 1615 2303 1686; x_wconf 90' lang='lat' dir='ltr'>quia</span> <span class='ocrx_word' id='word_1_486' title='bbox 2343 1632 2459 1670; x_wconf 93' lang='lat' dir='ltr'>non</span> <span class='ocrx_word' id='word_1_487' title='bbox 2499 1632 2626 1671; x_wconf 91' lang='lat' dir='ltr'>sum</span> <span class='ocrx_word' id='word_1_488' title='bbox 2670 1618 2943 1686; x_wconf 84' lang='lat' dir='ltr'>Christus,</span> <span class='ocrx_word' id='word_1_489' title='bbox 2985 1620 3083 1674; x_wconf 90' lang='lat' dir='ltr'>sed</span> <span class='ocrx_word' id='word_1_490' title='bbox 3113 1620 3380 1691; x_wconf 88' lang='lat' dir='ltr'>quoniam</span> <span class='ocrx_word' id='word_1_491' title='bbox 3432 1622 3563 1676; x_wconf 86' lang='lat' dir='ltr'>mis-</span> 
     </span>
    </p>
   </div>
   <div class='ocr_carea' id='block_1_61' title="bbox 1927 1710 3560 1791">
    <p class='ocr_par' dir='ltr' id='par_1_61' title="bbox 1927 1710 3560 1791">
     <span class='ocr_line' id='line_1_61' title="bbox 1927 1710 3560 1791; baseline 0.005 -30"><span class='ocrx_word' id='word_1_492' title='bbox 1927 1724 2020 1762; x_wconf 88' lang='lat' dir='ltr'>sus</span> <span class='ocrx_word' id='word_1_493' title='bbox 2076 1725 2203 1763; x_wconf 90' lang='lat' dir='ltr'>sum</span> <span class='ocrx_word' id='word_1_494' title='bbox 2254 1714 2386 1764; x_wconf 87' lang='lat' dir='ltr'>ante</span> <span class='ocrx_word' id='word_1_495' title='bbox 2450 1710 2630 1766; x_wconf 91' lang='lat' dir='ltr'>illum.</span> <span class='ocrx_word' id='word_1_496' title='bbox 2690 1712 2799 1776; x_wconf 87' lang='lat' dir='ltr'>Qui</span> <span class='ocrx_word' id='word_1_497' title='bbox 2850 1712 3005 1767; x_wconf 92' lang='lat' dir='ltr'>enim</span> <span class='ocrx_word' id='word_1_498' title='bbox 3065 1713 3235 1768; x_wconf 91' lang='lat' dir='ltr'>habet</span> <span class='ocrx_word' id='word_1_499' title='bbox 3295 1731 3560 1791; x_wconf 85' lang='lat' dir='ltr'>sponsam</span> 
     </span>
    </p>
   </div>
   <div class='ocr_carea' id='block_1_62' title="bbox 1925 1803 3563 1878">
    <p class='ocr_par' dir='ltr' id='par_1_62' title="bbox 1925 1803 3563 1878">
     <span class='ocr_line' id='line_1_62' title="bbox 1925 1803 3563 1878; baseline 0.005 -22"><span class='ocrx_word' id='word_1_500' title='bbox 1925 1818 2164 1873; x_wconf 88' lang='lat' dir='ltr'>sponsus</span> <span class='ocrx_word' id='word_1_501' title='bbox 2205 1808 2308 1857; x_wconf 90' lang='lat' dir='ltr'>est.</span> <span class='ocrx_word' id='word_1_502' title='bbox 2348 1803 2575 1859; x_wconf 87' lang='lat' dir='ltr'>Amicus</span> <span class='ocrx_word' id='word_1_503' title='bbox 2616 1808 2807 1861; x_wconf 89' lang='lat' dir='ltr'>autem</span> <span class='ocrx_word' id='word_1_504' title='bbox 2853 1808 3045 1877; x_wconf 87' lang='lat' dir='ltr'>sponsi</span> <span class='ocrx_word' id='word_1_505' title='bbox 3087 1812 3172 1863; x_wconf 89' lang='lat' dir='ltr'>est</span> <span class='ocrx_word' id='word_1_506' title='bbox 3214 1808 3310 1878; x_wconf 91' lang='lat' dir='ltr'>qui</span> <span class='ocrx_word' id='word_1_507' title='bbox 3351 1813 3462 1864; x_wconf 88' lang='lat' dir='ltr'>stat</span> <span class='ocrx_word' id='word_1_508' title='bbox 3506 1816 3563 1864; x_wconf 89' lang='lat' dir='ltr'>et</span> 
     </span>
    </p>
   </div>
   <div class='ocr_carea' id='block_1_63' title="bbox 1926 1895 3559 1975">
    <p class='ocr_par' dir='ltr' id='par_1_63' title="bbox 1926 1895 3559 1975">
     <span class='ocr_line' id='line_1_63' title="bbox 1926 1895 3559 1975; baseline 0.003 -26"><span class='ocrx_word' id='word_1_509' title='bbox 1926 1895 2141 1965; x_wconf 90' lang='lat' dir='ltr'>gaudio</span> <span class='ocrx_word' id='word_1_510' title='bbox 2167 1897 2326 1951; x_wconf 89' lang='lat' dir='ltr'>audit</span> <span class='ocrx_word' id='word_1_511' title='bbox 2345 1914 2478 1952; x_wconf 91' lang='lat' dir='ltr'>eum</span> <span class='ocrx_word' id='word_1_512' title='bbox 2507 1904 2563 1953; x_wconf 87' lang='lat' dir='ltr'>et</span> <span class='ocrx_word' id='word_1_513' title='bbox 2591 1900 2800 1969; x_wconf 89' lang='lat' dir='ltr'>gaudet</span> <span class='ocrx_word' id='word_1_514' title='bbox 2828 1903 3062 1971; x_wconf 80' lang='lat' dir='ltr'>prOpter</span> <span class='ocrx_word' id='word_1_515' title='bbox 3092 1918 3283 1958; x_wconf 90' lang='lat' dir='ltr'>vocem</span> <span class='ocrx_word' id='word_1_516' title='bbox 3314 1904 3506 1975; x_wconf 89' lang='lat' dir='ltr'>sponsi</span> <span class='ocrx_word' id='word_1_517' title='bbox 3531 1926 3559 1954; x_wconf 80' lang='lat'>»</span> 
     </span>
    </p>
   </div>
   <div class='ocr_carea' id='block_1_64' title="bbox 1929 1989 3560 2065">
    <p class='ocr_par' dir='ltr' id='par_1_64' title="bbox 1929 1989 3560 2065">
     <span class='ocr_line' id='line_1_64' title="bbox 1929 1989 3560 2065; baseline 0.007 -22"><span class='ocrx_word' id='word_1_518' title='bbox 1929 1989 2131 2058; x_wconf 83' lang='lat' dir='ltr'>(Joan.,</span> <span class='ocrx_word' id='word_1_519' title='bbox 2164 2006 2243 2059; x_wconf 85' lang='grc' dir='ltr'>ιιι,</span> <span class='ocrx_word' id='word_1_520' title='bbox 2286 1993 2374 2058; x_wconf 82' lang='grc'>28,</span> <span class='ocrx_word' id='word_1_521' title='bbox 2414 1991 2523 2063; x_wconf 87' lang='lat'>29).</span> <span class='ocrx_word' id='word_1_522' title='bbox 2559 1992 2733 2063; x_wconf 84' lang='lat' dir='ltr'>Hujus</span> <span class='ocrx_word' id='word_1_523' title='bbox 2770 1994 2856 2047; x_wconf 92' lang='lat' dir='ltr'>rei</span> <span class='ocrx_word' id='word_1_524' title='bbox 2895 1997 3229 2065; x_wconf 85' lang='lat' dir='ltr'>mysterium</span> <span class='ocrx_word' id='word_1_525' title='bbox 3266 2004 3560 2053; x_wconf 88' lang='lat' dir='ltr'>ostensum</span> 
     </span>
    </p>
   </div>
   <div class='ocr_carea' id='block_1_65' title="bbox 1927 2084 3556 2158">
    <p class='ocr_par' dir='ltr' id='par_1_65' title="bbox 1927 2084 3556 2158">
     <span class='ocr_line' id='line_1_65' title="bbox 1927 2084 3556 2158; baseline 0.006 -21"><span class='ocrx_word' id='word_1_526' title='bbox 1927 2086 2014 2137; x_wconf 89' lang='lat' dir='ltr'>est</span> <span class='ocrx_word' id='word_1_527' title='bbox 2042 2084 2193 2154; x_wconf 83' lang='lat' dir='ltr'>apud</span> <span class='ocrx_word' id='word_1_528' title='bbox 2222 2086 2413 2139; x_wconf 85' lang='lat' dir='ltr'>Jesum</span> <span class='ocrx_word' id='word_1_529' title='bbox 2441 2086 2612 2156; x_wconf 87' lang='lat' dir='ltr'>Nave,</span> <span class='ocrx_word' id='word_1_530' title='bbox 2649 2086 2879 2158; x_wconf 89' lang='lat' dir='ltr'>quando</span> <span class='ocrx_word' id='word_1_531' title='bbox 2902 2088 3096 2158; x_wconf 89' lang='lat' dir='ltr'>jussus</span> <span class='ocrx_word' id='word_1_532' title='bbox 3132 2093 3216 2143; x_wconf 87' lang='lat' dir='ltr'>est</span> <span class='ocrx_word' id='word_1_533' title='bbox 3248 2092 3556 2147; x_wconf 87' lang='lat' dir='ltr'>exealciare</span> 
     </span>
    </p>
   </div>
   <div class='ocr_carea' id='block_1_66' title="bbox 1925 2177 3561 2252">
    <p class='ocr_par' dir='ltr' id='par_1_66' title="bbox 1925 2177 3561 2252">
     <span class='ocr_line' id='line_1_66' title="bbox 1925 2177 3561 2252; baseline 0.006 -22"><span class='ocrx_word' id='word_1_534' title='bbox 1925 2177 2074 2243; x_wconf 74' lang='lat' dir='ltr'>se&quot;,</span> <span class='ocrx_word' id='word_1_535' title='bbox 2120 2177 2277 2248; x_wconf 91' lang='lat' dir='ltr'>quod</span> <span class='ocrx_word' id='word_1_536' title='bbox 2322 2179 2533 2233; x_wconf 89' lang='lat' dir='ltr'>scilicet</span> <span class='ocrx_word' id='word_1_537' title='bbox 2578 2196 2817 2250; x_wconf 88' lang='lat' dir='ltr'>sponsus</span> <span class='ocrx_word' id='word_1_538' title='bbox 2863 2197 2980 2235; x_wconf 92' lang='lat' dir='ltr'>non</span> <span class='ocrx_word' id='word_1_539' title='bbox 3035 2181 3153 2252; x_wconf 90' lang='lat' dir='ltr'>ipse</span> <span class='ocrx_word' id='word_1_540' title='bbox 3205 2188 3376 2239; x_wconf 91' lang='lat' dir='ltr'>esset.</span> <span class='ocrx_word' id='word_1_541' title='bbox 3427 2186 3561 2239; x_wconf 84' lang='lat' dir='ltr'>Erat</span> 
     </span>
    </p>
   </div>
   <div class='ocr_carea' id='block_1_67' title="bbox 1925 2270 3556 2347">
    <p class='ocr_par' dir='ltr' id='par_1_67' title="bbox 1925 2270 3556 2347">
     <span class='ocr_line' id='line_1_67' title="bbox 1925 2270 3556 2347; baseline 0.006 -24"><span class='ocrx_word' id='word_1_542' title='bbox 1925 2270 2078 2323; x_wconf 90' lang='lat' dir='ltr'>enim</span> <span class='ocrx_word' id='word_1_543' title='bbox 2131 2271 2190 2325; x_wconf 92' lang='lat' dir='ltr'>in</span> <span class='ocrx_word' id='word_1_544' title='bbox 2238 2271 2368 2341; x_wconf 88' lang='lat' dir='ltr'>lege</span> <span class='ocrx_word' id='word_1_545' title='bbox 2416 2278 2477 2326; x_wconf 90' lang='lat' dir='ltr'>ut</span> <span class='ocrx_word' id='word_1_546' title='bbox 2522 2272 2780 2344; x_wconf 89' lang='lat' dir='ltr'>quisquis</span> <span class='ocrx_word' id='word_1_547' title='bbox 2811 2274 2858 2307; x_wconf 81' lang='grc' dir='ltr'>⁸ο</span> <span class='ocrx_word' id='word_1_548' title='bbox 2885 2276 3114 2345; x_wconf 88' lang='lat' dir='ltr'>nuptias</span> <span class='ocrx_word' id='word_1_549' title='bbox 3166 2280 3556 2347; x_wconf 75' lang='lat' dir='ltr'>recusaret“,</span> 
     </span>
    </p>
   </div>
   <div class='ocr_carea' id='block_1_68' title="bbox 1925 2362 3560 2437">
    <p class='ocr_par' dir='ltr' id='par_1_68' title="bbox 1925 2362 3560 2437">
     <span class='ocr_line' id='line_1_68' title="bbox 1925 2362 3560 2437; baseline 0.006 -20"><span class='ocrx_word' id='word_1_550' title='bbox 1925 2362 2354 2419; x_wconf 88' lang='lat' dir='ltr'>calciamentum</span> <span class='ocrx_word' id='word_1_551' title='bbox 2418 2366 2729 2436; x_wconf 90' lang='lat' dir='ltr'>deponeret</span> <span class='ocrx_word' id='word_1_552' title='bbox 2754 2368 2823 2437; x_wconf 71' lang='grc'>⁸³,</span> <span class='ocrx_word' id='word_1_553' title='bbox 2880 2369 3219 2424; x_wconf 90' lang='lat' dir='ltr'>calciaretur</span> <span class='ocrx_word' id='word_1_554' title='bbox 3272 2388 3402 2426; x_wconf 90' lang='lat' dir='ltr'>vero</span> <span class='ocrx_word' id='word_1_555' title='bbox 3464 2372 3560 2427; x_wconf 89' lang='lat' dir='ltr'>ille</span> 
     </span>
    </p>
   </div>
   <div class='ocr_carea' id='block_1_69' title="bbox 1926 2458 3558 2529">
    <p class='ocr_par' dir='ltr' id='par_1_69' title="bbox 1926 2458 3558 2529">
     <span class='ocr_line' id='line_1_69' title="bbox 1926 2458 3558 2529; baseline 0.006 -19"><span class='ocrx_word' id='word_1_556' title='bbox 1926 2458 2022 2528; x_wconf 89' lang='lat' dir='ltr'>qui</span> <span class='ocrx_word' id='word_1_557' title='bbox 2074 2474 2314 2529; x_wconf 90' lang='lat' dir='ltr'>sponsus</span> <span class='ocrx_word' id='word_1_558' title='bbox 2367 2458 2592 2514; x_wconf 88' lang='lat' dir='ltr'>futurus</span> <span class='ocrx_word' id='word_1_559' title='bbox 2643 2467 2803 2516; x_wconf 91' lang='lat' dir='ltr'>esset.</span> <span class='ocrx_word' id='word_1_560' title='bbox 2855 2482 2884 2511; x_wconf 84' lang='lat'><strong><em>«</em></strong></span> <span class='ocrx_word' id='word_1_561' title='bbox 2931 2464 2999 2517; x_wconf 86' lang='lat' dir='ltr'>Et</span> <span class='ocrx_word' id='word_1_562' title='bbox 3040 2463 3257 2518; x_wconf 90' lang='lat' dir='ltr'>factum</span> <span class='ocrx_word' id='word_1_563' title='bbox 3306 2468 3388 2519; x_wconf 90' lang='lat' dir='ltr'>est</span> <span class='ocrx_word' id='word_1_564' title='bbox 3430 2483 3558 2520; x_wconf 90' lang='lat' dir='ltr'>cum</span> 
     </span>
    </p>
   </div>
   <div class='ocr_carea' id='block_1_70' title="bbox 1926 2553 3560 2628">
    <p class='ocr_par' dir='ltr' id='par_1_70' title="bbox 1926 2553 3560 2628">
     <span class='ocr_line' id='line_1_70' title="bbox 1926 2553 3560 2628; baseline 0.005 -23"><span class='ocrx_word' id='word_1_565' title='bbox 1926 2557 2071 2606; x_wconf 89' lang='lat' dir='ltr'>esset</span> <span class='ocrx_word' id='word_1_566' title='bbox 2121 2553 2352 2608; x_wconf 71' lang='lat' dir='ltr'>Iesus”</span> <span class='ocrx_word' id='word_1_567' title='bbox 2395 2553 2453 2608; x_wconf 93' lang='lat' dir='ltr'>in</span> <span class='ocrx_word' id='word_1_568' title='bbox 2500 2554 2750 2623; x_wconf 87' lang='lat' dir='ltr'>Jericho,</span> <span class='ocrx_word' id='word_1_569' title='bbox 2804 2555 3205 2628; x_wconf 85' lang='lat' dir='ltr'>circumspexit</span> <span class='ocrx_word' id='word_1_570' title='bbox 3252 2559 3454 2626; x_wconf 91' lang='lat' dir='ltr'>oculis,</span> <span class='ocrx_word' id='word_1_571' title='bbox 3503 2565 3560 2613; x_wconf 91' lang='lat' dir='ltr'>et</span> 
     </span>
    </p>
   </div>
   <div class='ocr_carea' id='block_1_71' title="bbox 1924 2645 3558 2708">
    <p class='ocr_par' dir='ltr' id='par_1_71' title="bbox 1924 2645 3558 2708">
     <span class='ocr_line' id='line_1_71' title="bbox 1924 2645 3558 2708; baseline 0.005 -9"><span class='ocrx_word' id='word_1_572' title='bbox 1924 2645 2065 2700; x_wconf 90' lang='lat' dir='ltr'>vidit</span> <span class='ocrx_word' id='word_1_573' title='bbox 2108 2646 2405 2703; x_wconf 89' lang='lat' dir='ltr'>hominem</span> <span class='ocrx_word' id='word_1_574' title='bbox 2448 2652 2694 2703; x_wconf 84' lang='lat' dir='ltr'>stantem</span> <span class='ocrx_word' id='word_1_575' title='bbox 2732 2655 2863 2705; x_wconf 87' lang='lat' dir='ltr'>ante</span> <span class='ocrx_word' id='word_1_576' title='bbox 2901 2650 3107 2705; x_wconf 90' lang='lat' dir='ltr'>faciem</span> <span class='ocrx_word' id='word_1_577' title='bbox 3152 2669 3310 2707; x_wconf 90' lang='lat' dir='ltr'>suam</span> <span class='ocrx_word' id='word_1_578' title='bbox 3354 2659 3409 2708; x_wconf 92' lang='lat' dir='ltr'>et</span> <span class='ocrx_word' id='word_1_579' title='bbox 3449 2652 3558 2707; x_wconf 87' lang='lat' dir='ltr'>fra-</span> 
     </span>
    </p>
   </div>
   <div class='ocr_carea' id='block_1_72' title="bbox 1924 2738 3558 2815">
    <p class='ocr_par' dir='ltr' id='par_1_72' title="bbox 1924 2738 3558 2815">
     <span class='ocr_line' id='line_1_72' title="bbox 1924 2738 3558 2815; baseline 0.004 -21"><span class='ocrx_word' id='word_1_580' title='bbox 1924 2755 2110 2795; x_wconf 89' lang='lat' dir='ltr'>meam</span> <span class='ocrx_word' id='word_1_581' title='bbox 2150 2744 2449 2796; x_wconf 88' lang='lat' dir='ltr'>tenentem</span> <span class='ocrx_word' id='word_1_582' title='bbox 2470 2738 2515 2776; x_wconf 80' lang='grc'>⁸⁸</span> <span class='ocrx_word' id='word_1_583' title='bbox 2557 2742 2617 2796; x_wconf 91' lang='lat' dir='ltr'>in</span> <span class='ocrx_word' id='word_1_584' title='bbox 2652 2759 2825 2798; x_wconf 89' lang='lat' dir='ltr'>manu</span> <span class='ocrx_word' id='word_1_585' title='bbox 2863 2744 3003 2815; x_wconf 88' lang='lat' dir='ltr'>ejus,</span> <span class='ocrx_word' id='word_1_586' title='bbox 3047 2749 3105 2801; x_wconf 88' lang='lat' dir='ltr'>et</span> <span class='ocrx_word' id='word_1_587' title='bbox 3134 2745 3279 2800; x_wconf 87' lang='lat' dir='ltr'>dixit</span> <span class='ocrx_word' id='word_1_588' title='bbox 3308 2763 3322 2801; x_wconf 87' lang='lat'><strong>:</strong></span> <span class='ocrx_word' id='word_1_589' title='bbox 3353 2746 3558 2801; x_wconf 87' lang='lat' dir='ltr'>Noster</span> 
     </span>
    </p>
   </div>
   <div class='ocr_carea' id='block_1_73' title="bbox 1924 2835 3558 2912">
    <p class='ocr_par' dir='ltr' id='par_1_73' title="bbox 1924 2835 3558 2912">
     <span class='ocr_line' id='line_1_73' title="bbox 1924 2835 3558 2912; baseline 0.004 -24"><span class='ocrx_word' id='word_1_590' title='bbox 1924 2849 2003 2901; x_wconf 89' lang='lat' dir='ltr'>es,</span> <span class='ocrx_word' id='word_1_591' title='bbox 2046 2851 2118 2889; x_wconf 90' lang='lat' dir='ltr'>an</span> <span class='ocrx_word' id='word_1_592' title='bbox 2158 2835 2649 2892; x_wconf 80' lang='lat' dir='ltr'>adversariorum?</span> <span class='ocrx_word' id='word_1_593' title='bbox 2687 2838 2784 2892; x_wconf 87' lang='lat' dir='ltr'>Ille</span> <span class='ocrx_word' id='word_1_594' title='bbox 2821 2844 3015 2893; x_wconf 90' lang='lat' dir='ltr'>autem</span> <span class='ocrx_word' id='word_1_595' title='bbox 3060 2839 3243 2894; x_wconf 86' lang='lat' dir='ltr'>dixit:</span> <span class='ocrx_word' id='word_1_596' title='bbox 3278 2841 3399 2912; x_wconf 87' lang='lat' dir='ltr'>Ego</span> <span class='ocrx_word' id='word_1_597' title='bbox 3430 2856 3558 2895; x_wconf 92' lang='lat' dir='ltr'>sum</span> 
     </span>
    </p>
   </div>
   <div class='ocr_carea' id='block_1_74' title="bbox 1924 2927 3558 2999">
    <p class='ocr_par' dir='ltr' id='par_1_74' title="bbox 1924 2927 3558 2999">
     <span class='ocr_line' id='line_1_74' title="bbox 1924 2927 3558 2999; baseline 0.006 -18"><span class='ocrx_word' id='word_1_598' title='bbox 1924 2927 2035 2982; x_wconf 92' lang='lat' dir='ltr'>dux</span> <span class='ocrx_word' id='word_1_599' title='bbox 2068 2928 2291 2983; x_wconf 88' lang='lat' dir='ltr'>virtutis</span> <span class='ocrx_word' id='word_1_600' title='bbox 2328 2930 2569 2999; x_wconf 92' lang='lat' dir='ltr'>Domini,</span> <span class='ocrx_word' id='word_1_601' title='bbox 2601 2948 2753 2986; x_wconf 91' lang='lat' dir='ltr'>nunc</span> <span class='ocrx_word' id='word_1_602' title='bbox 2788 2932 3013 2987; x_wconf 88' lang='lat' dir='ltr'>adveni.</span> <span class='ocrx_word' id='word_1_603' title='bbox 3056 2933 3123 2987; x_wconf 86' lang='lat' dir='ltr'>Et</span> <span class='ocrx_word' id='word_1_604' title='bbox 3152 2935 3312 2989; x_wconf 74' lang='lat' dir='ltr'>Iesus</span> <span class='ocrx_word' id='word_1_605' title='bbox 3348 2935 3558 2991; x_wconf 89' lang='lat' dir='ltr'>cecidit</span> 
     </span>
    </p>
   </div>
   <div class='ocr_carea' id='block_1_75' title="bbox 1923 3022 3558 3101">
    <p class='ocr_par' dir='ltr' id='par_1_75' title="bbox 1923 3022 3558 3101">
     <span class='ocr_line' id='line_1_75' title="bbox 1923 3022 3558 3101; baseline 0.005 -26"><span class='ocrx_word' id='word_1_606' title='bbox 1923 3022 1980 3075; x_wconf 92' lang='lat' dir='ltr'>in</span> <span class='ocrx_word' id='word_1_607' title='bbox 2022 3022 2224 3076; x_wconf 90' lang='lat' dir='ltr'>faciem</span> <span class='ocrx_word' id='word_1_608' title='bbox 2251 3023 2295 3057; x_wconf 80' lang='grc'>³⁸</span> <span class='ocrx_word' id='word_1_609' title='bbox 2333 3023 2405 3077; x_wconf 89' lang='lat' dir='ltr'>ad</span> <span class='ocrx_word' id='word_1_610' title='bbox 2445 3030 2679 3092; x_wconf 89' lang='lat' dir='ltr'>terram,</span> <span class='ocrx_word' id='word_1_611' title='bbox 2727 3033 2783 3081; x_wconf 91' lang='lat' dir='ltr'>et</span> <span class='ocrx_word' id='word_1_612' title='bbox 2823 3026 2901 3081; x_wconf 88' lang='lat' dir='ltr'>ait</span> <span class='ocrx_word' id='word_1_613' title='bbox 2941 3026 3022 3081; x_wconf 89' lang='lat' dir='ltr'>illi</span> <span class='ocrx_word' id='word_1_614' title='bbox 3063 3043 3077 3080; x_wconf 89' lang='lat'><strong>:</strong></span> <span class='ocrx_word' id='word_1_615' title='bbox 3117 3028 3374 3095; x_wconf 90' lang='lat' dir='ltr'>Domine,</span> <span class='ocrx_word' id='word_1_616' title='bbox 3415 3029 3558 3101; x_wconf 89' lang='lat' dir='ltr'>quid</span> 
     </span>
    </p>
   </div>
   <div class='ocr_carea' id='block_1_76' title="bbox 1923 3116 3553 3186">
    <p class='ocr_par' dir='ltr' id='par_1_76' title="bbox 1923 3116 3553 3186">
     <span class='ocr_line' id='line_1_76' title="bbox 1923 3116 3553 3186; baseline 0.006 -17"><span class='ocrx_word' id='word_1_617' title='bbox 1923 3116 2170 3186; x_wconf 88' lang='lat' dir='ltr'>imperas</span> <span class='ocrx_word' id='word_1_618' title='bbox 2220 3117 2437 3172; x_wconf 81' lang='lat' dir='ltr'>famulo</span> <span class='ocrx_word' id='word_1_619' title='bbox 2466 3119 2512 3154; x_wconf 77' lang='grc'>⁸⁵</span> <span class='ocrx_word' id='word_1_620' title='bbox 2562 3120 2703 3173; x_wconf 80' lang='lat' dir='ltr'>tuo?</span> <span class='ocrx_word' id='word_1_621' title='bbox 2755 3121 2821 3175; x_wconf 89' lang='lat' dir='ltr'>Et</span> <span class='ocrx_word' id='word_1_622' title='bbox 2872 3120 2954 3174; x_wconf 89' lang='lat' dir='ltr'>ait</span> <span class='ocrx_word' id='word_1_623' title='bbox 2999 3121 3115 3175; x_wconf 89' lang='lat' dir='ltr'>dux</span> <span class='ocrx_word' id='word_1_624' title='bbox 3171 3121 3397 3176; x_wconf 86' lang='lat' dir='ltr'>virtutis</span> <span class='ocrx_word' id='word_1_625' title='bbox 3446 3125 3553 3178; x_wconf 89' lang='lat' dir='ltr'>Do-</span> 
     </span>
    </p>
   </div>
   <div class='ocr_carea' id='block_1_77' title="bbox 1922 3209 3553 3285">
    <p class='ocr_par' dir='ltr' id='par_1_77' title="bbox 1922 3209 3553 3285">
     <span class='ocr_line' id='line_1_77' title="bbox 1922 3209 3553 3285; baseline 0.006 -23"><span class='ocrx_word' id='word_1_626' title='bbox 1922 3209 2104 3263; x_wconf 92' lang='lat' dir='ltr'>mini:</span> <span class='ocrx_word' id='word_1_627' title='bbox 2142 3209 2304 3265; x_wconf 91' lang='lat' dir='ltr'>Solve</span> <span class='ocrx_word' id='word_1_628' title='bbox 2345 3211 2781 3267; x_wconf 88' lang='lat' dir='ltr'>calciamentum</span> <span class='ocrx_word' id='word_1_629' title='bbox 2821 3213 2893 3267; x_wconf 90' lang='lat' dir='ltr'>de</span> <span class='ocrx_word' id='word_1_630' title='bbox 2928 3213 3168 3285; x_wconf 86' lang='lat' dir='ltr'>pedibus</span> <span class='ocrx_word' id='word_1_631' title='bbox 3196 3215 3332 3271; x_wconf 88' lang='lat' dir='ltr'>tuis.</span> <span class='ocrx_word' id='word_1_632' title='bbox 3375 3218 3553 3272; x_wconf 91' lang='lat' dir='ltr'>Locus</span> 
     </span>
    </p>
   </div>
   <div class='ocr_carea' id='block_1_78' title="bbox 1921 3304 3553 3381">
    <p class='ocr_par' dir='ltr' id='par_1_78' title="bbox 1921 3304 3553 3381">
     <span class='ocr_line' id='line_1_78' title="bbox 1921 3304 3553 3381; baseline 0.004 -24"><span class='ocrx_word' id='word_1_633' title='bbox 1921 3304 2073 3358; x_wconf 89' lang='lat' dir='ltr'>enim</span> <span class='ocrx_word' id='word_1_634' title='bbox 2118 3304 2176 3358; x_wconf 91' lang='lat' dir='ltr'>in</span> <span class='ocrx_word' id='word_1_635' title='bbox 2233 3322 2345 3376; x_wconf 92' lang='lat' dir='ltr'>quo</span> <span class='ocrx_word' id='word_1_636' title='bbox 2396 3310 2506 3359; x_wconf 83' lang='lat' dir='ltr'>stas</span> <span class='ocrx_word' id='word_1_637' title='bbox 2558 3310 2706 3361; x_wconf 90' lang='lat' dir='ltr'>terra</span> <span class='ocrx_word' id='word_1_638' title='bbox 2752 3313 2954 3381; x_wconf 86' lang='lat' dir='ltr'>sancta</span> <span class='ocrx_word' id='word_1_639' title='bbox 3008 3314 3091 3363; x_wconf 87' lang='lat' dir='ltr'>est</span> <span class='ocrx_word' id='word_1_640' title='bbox 3144 3330 3172 3359; x_wconf 84' lang='grc'><strong>››</strong></span> <span class='ocrx_word' id='word_1_641' title='bbox 3231 3310 3448 3380; x_wconf 76' lang='lat' dir='ltr'>(Iosue,</span> <span class='ocrx_word' id='word_1_642' title='bbox 3500 3327 3553 3381; x_wconf 91' lang='lat' dir='ltr'>v,</span> 
     </span>
    </p>
   </div>
   <div class='ocr_carea' id='block_1_79' title="bbox 1924 3380 3558 3472">
    <p class='ocr_par' dir='ltr' id='par_1_79' title="bbox 1924 3380 3558 3472">
     <span class='ocr_line' id='line_1_79' title="bbox 1924 3380 3558 3472; baseline 0.006 -21"><span class='ocrx_word' id='word_1_643' title='bbox 1924 3397 2125 3468; x_wconf 81' lang='grc'>13-15).</span> <span class='ocrx_word' id='word_1_644' title='bbox 2168 3399 2313 3453; x_wconf 90' lang='lat' dir='ltr'>Item</span> <span class='ocrx_word' id='word_1_645' title='bbox 2357 3398 2415 3452; x_wconf 90' lang='lat' dir='ltr'>in</span> <span class='ocrx_word' id='word_1_646' title='bbox 2458 3399 2653 3455; x_wconf 84' lang='lat' dir='ltr'>Exodo</span> <span class='ocrx_word' id='word_1_647' title='bbox 2694 3380 2909 3472; x_wconf 72' lang='lat' dir='ltr'>Mbyses</span> <span class='ocrx_word' id='word_1_648' title='bbox 2945 3401 3183 3472; x_wconf 88' lang='lat' dir='ltr'>jubetur</span> <span class='ocrx_word' id='word_1_649' title='bbox 3225 3380 3558 3459; x_wconf 85' lang='lat' dir='ltr'>calciamen-</span> 
     </span>
    </p>
   </div>
   <div class='ocr_carea' id='block_1_80' title="bbox 1917 3492 3553 3567">
    <p class='ocr_par' dir='ltr' id='par_1_80' title="bbox 1917 3492 3553 3567">
     <span class='ocr_line' id='line_1_80' title="bbox 1917 3492 3553 3567; baseline 0.004 -21"><span class='ocrx_word' id='word_1_650' title='bbox 1917 3496 2042 3546; x_wconf 91' lang='lat' dir='ltr'>tum</span> <span class='ocrx_word' id='word_1_651' title='bbox 2092 3492 2381 3563; x_wconf 89' lang='lat' dir='ltr'>deponere</span> <span class='ocrx_word' id='word_1_652' title='bbox 2404 3493 2471 3561; x_wconf 80' lang='grc'>⁸⁷,</span> <span class='ocrx_word' id='word_1_653' title='bbox 2524 3493 2677 3565; x_wconf 91' lang='lat' dir='ltr'>quod</span> <span class='ocrx_word' id='word_1_654' title='bbox 2729 3511 2835 3550; x_wconf 90' lang='lat' dir='ltr'>nec</span> <span class='ocrx_word' id='word_1_655' title='bbox 2884 3494 3005 3565; x_wconf 90' lang='lat' dir='ltr'>ipse</span> <span class='ocrx_word' id='word_1_656' title='bbox 3058 3513 3294 3567; x_wconf 89' lang='lat' dir='ltr'>sponsus</span> <span class='ocrx_word' id='word_1_657' title='bbox 3344 3502 3492 3554; x_wconf 88' lang='lat' dir='ltr'>esset</span> <span class='ocrx_word' id='word_1_658' title='bbox 3541 3517 3553 3553; x_wconf 88' lang='lat'><strong>:</strong></span> 
     </span>
    </p>
   </div>
   <div class='ocr_carea' id='block_1_81' title="bbox 1922 3585 3557 3662">
    <p class='ocr_par' dir='ltr' id='par_1_81' title="bbox 1922 3585 3557 3662">
     <span class='ocr_line' id='line_1_81' title="bbox 1922 3585 3557 3662; baseline 0.006 -25"><span class='ocrx_word' id='word_1_659' title='bbox 1922 3603 1949 3636; x_wconf 77' lang='grc' dir='ltr'><strong><em>α</em></strong></span> <span class='ocrx_word' id='word_1_660' title='bbox 1988 3586 2055 3639; x_wconf 87' lang='lat' dir='ltr'>Et</span> <span class='ocrx_word' id='word_1_661' title='bbox 2085 3585 2352 3656; x_wconf 87' lang='lat' dir='ltr'>apparuit</span> <span class='ocrx_word' id='word_1_662' title='bbox 2379 3586 2431 3641; x_wconf 91' lang='lat' dir='ltr'>ei</span> <span class='ocrx_word' id='word_1_663' title='bbox 2467 3588 2702 3659; x_wconf 88' lang='lat' dir='ltr'>angelus</span> <span class='ocrx_word' id='word_1_664' title='bbox 2744 3588 2967 3643; x_wconf 91' lang='lat' dir='ltr'>Domini</span> <span class='ocrx_word' id='word_1_665' title='bbox 3008 3589 3065 3644; x_wconf 91' lang='lat' dir='ltr'>in</span> <span class='ocrx_word' id='word_1_666' title='bbox 3096 3589 3288 3662; x_wconf 79' lang='grc'>714</span> <span class='ocrx_word' id='word_1_667' title='bbox 3317 3591 3557 3647; x_wconf 87' lang='lat' dir='ltr'>ﬂamma</span> 
     </span>
    </p>
   </div>
   <div class='ocr_carea' id='block_1_82' title="bbox 1915 3678 3556 3753">
    <p class='ocr_par' dir='ltr' id='par_1_82' title="bbox 1915 3678 3556 3753">
     <span class='ocr_line' id='line_1_82' title="bbox 1915 3678 3556 3753; baseline 0.004 -20"><span class='ocrx_word' id='word_1_668' title='bbox 1915 3679 2070 3751; x_wconf 90' lang='lat' dir='ltr'>ignis</span> <span class='ocrx_word' id='word_1_669' title='bbox 2124 3678 2193 3733; x_wconf 91' lang='lat' dir='ltr'>de</span> <span class='ocrx_word' id='word_1_670' title='bbox 2251 3680 2428 3746; x_wconf 92' lang='lat' dir='ltr'>rubo,</span> <span class='ocrx_word' id='word_1_671' title='bbox 2482 3684 2538 3735; x_wconf 91' lang='lat' dir='ltr'>et</span> <span class='ocrx_word' id='word_1_672' title='bbox 2585 3681 2724 3736; x_wconf 89' lang='lat' dir='ltr'>vidit</span> <span class='ocrx_word' id='word_1_673' title='bbox 2770 3683 3042 3753; x_wconf 90' lang='lat' dir='ltr'>quoniam</span> <span class='ocrx_word' id='word_1_674' title='bbox 3092 3684 3270 3738; x_wconf 84' lang='lat' dir='ltr'>rubus</span> <span class='ocrx_word' id='word_1_675' title='bbox 3322 3686 3556 3740; x_wconf 83' lang='lat' dir='ltr'>arderet</span> 
     </span>
    </p>
   </div>
   <div class='ocr_carea' id='block_1_83' title="bbox 1914 3773 3557 3845">
    <p class='ocr_par' dir='ltr' id='par_1_83' title="bbox 1914 3773 3557 3845">
     <span class='ocr_line' id='line_1_83' title="bbox 1914 3773 3557 3845; baseline 0.004 -18"><span class='ocrx_word' id='word_1_676' title='bbox 1914 3773 2057 3845; x_wconf 90' lang='lat' dir='ltr'>igni,</span> <span class='ocrx_word' id='word_1_677' title='bbox 2122 3773 2300 3827; x_wconf 87' lang='lat' dir='ltr'>rubus</span> <span class='ocrx_word' id='word_1_678' title='bbox 2360 3779 2555 3828; x_wconf 89' lang='lat' dir='ltr'>autem</span> <span class='ocrx_word' id='word_1_679' title='bbox 2619 3791 2735 3829; x_wconf 92' lang='lat' dir='ltr'>non</span> <span class='ocrx_word' id='word_1_680' title='bbox 2785 3777 3233 3832; x_wconf 71' lang='lat' dir='ltr'>cremabatur&quot;.</span> <span class='ocrx_word' id='word_1_681' title='bbox 3292 3781 3360 3834; x_wconf 89' lang='lat' dir='ltr'>Et</span> <span class='ocrx_word' id='word_1_682' title='bbox 3417 3779 3557 3834; x_wconf 85' lang='lat' dir='ltr'>dixit</span> 
     </span>
    </p>
   </div>
   <div class='ocr_carea' id='block_1_84' title="bbox 1914 3867 3552 3941">
    <p class='ocr_par' dir='ltr' id='par_1_84' title="bbox 1914 3867 3552 3941">
     <span class='ocr_line' id='line_1_84' title="bbox 1914 3867 3552 3941; baseline 0.003 -20"><span class='ocrx_word' id='word_1_683' title='bbox 1914 3868 2125 3938; x_wconf 79' lang='lat' dir='ltr'>Moyses</span> <span class='ocrx_word' id='word_1_684' title='bbox 2173 3884 2185 3920; x_wconf 90' lang='lat'>:</span> <span class='ocrx_word' id='word_1_685' title='bbox 2240 3867 2541 3921; x_wconf 88' lang='lat' dir='ltr'>Transiens</span> <span class='ocrx_word' id='word_1_686' title='bbox 2595 3867 2799 3923; x_wconf 91' lang='lat' dir='ltr'>videbo</span> <span class='ocrx_word' id='word_1_687' title='bbox 2823 3870 2869 3904; x_wconf 71' lang='grc'>⁸9</span> <span class='ocrx_word' id='word_1_688' title='bbox 2920 3870 3027 3924; x_wconf 92' lang='lat' dir='ltr'>hoc</span> <span class='ocrx_word' id='word_1_689' title='bbox 3078 3871 3292 3940; x_wconf 89' lang='lat' dir='ltr'>grande</span> <span class='ocrx_word' id='word_1_690' title='bbox 3344 3872 3552 3941; x_wconf 91' lang='lat' dir='ltr'>visum,</span> 
     </span>
    </p>
   </div>
   <div class='ocr_carea' id='block_1_85' title="bbox 1914 3962 3553 4032">
    <p class='ocr_par' dir='ltr' id='par_1_85' title="bbox 1914 3962 3553 4032">
     <span class='ocr_line' id='line_1_85' title="bbox 1914 3962 3553 4032; baseline 0.004 -16"><span class='ocrx_word' id='word_1_691' title='bbox 1914 3979 2015 4016; x_wconf 92' lang='lat' dir='ltr'>cur</span> <span class='ocrx_word' id='word_1_692' title='bbox 2049 3962 2249 4032; x_wconf 91' lang='lat' dir='ltr'>utique</span> <span class='ocrx_word' id='word_1_693' title='bbox 2280 3978 2392 4015; x_wconf 90' lang='lat' dir='ltr'>non</span> <span class='ocrx_word' id='word_1_694' title='bbox 2433 3963 2781 4016; x_wconf 64' lang='lat' dir='ltr'>crematur“0</span> <span class='ocrx_word' id='word_1_695' title='bbox 2822 3964 3016 4018; x_wconf 86' lang='lat' dir='ltr'>rubus.</span> <span class='ocrx_word' id='word_1_696' title='bbox 3066 3965 3135 4020; x_wconf 89' lang='lat' dir='ltr'>Ut</span> <span class='ocrx_word' id='word_1_697' title='bbox 3175 3964 3315 4020; x_wconf 88' lang='lat' dir='ltr'>vidit</span> <span class='ocrx_word' id='word_1_698' title='bbox 3360 3969 3553 4022; x_wconf 88' lang='lat' dir='ltr'>autem</span> 
     </span>
    </p>
   </div>
   <div class='ocr_carea' id='block_1_86' title="bbox 1914 4055 3550 4127">
    <p class='ocr_par' dir='ltr' id='par_1_86' title="bbox 1914 4055 3550 4127">
     <span class='ocr_line' id='line_1_86' title="bbox 1914 4055 3550 4127; baseline 0.003 -17"><span class='ocrx_word' id='word_1_699' title='bbox 1914 4056 2187 4127; x_wconf 88' lang='lat' dir='ltr'>quoniam</span> <span class='ocrx_word' id='word_1_700' title='bbox 2250 4055 2469 4110; x_wconf 87' lang='lat' dir='ltr'>accedit</span> <span class='ocrx_word' id='word_1_701' title='bbox 2518 4055 2745 4125; x_wconf 90' lang='lat' dir='ltr'>videre,</span> <span class='ocrx_word' id='word_1_702' title='bbox 2797 4057 3021 4112; x_wconf 89' lang='lat' dir='ltr'>vocavit</span> <span class='ocrx_word' id='word_1_703' title='bbox 3080 4075 3213 4113; x_wconf 90' lang='lat' dir='ltr'>eum</span> <span class='ocrx_word' id='word_1_704' title='bbox 3278 4060 3550 4115; x_wconf 90' lang='lat' dir='ltr'>Dominus</span> 
     </span>
    </p>
   </div>
   <div class='ocr_carea' id='block_1_87' title="bbox 1914 4150 3550 4225">
    <p class='ocr_par' dir='ltr' id='par_1_87' title="bbox 1914 4150 3550 4225">
     <span class='ocr_line' id='line_1_87' title="bbox 1914 4150 3550 4225; baseline 0.004 -21"><span class='ocrx_word' id='word_1_705' title='bbox 1914 4151 2059 4204; x_wconf 92' lang='lat' dir='ltr'>Deus</span> <span class='ocrx_word' id='word_1_706' title='bbox 2086 4150 2154 4205; x_wconf 91' lang='lat' dir='ltr'>de</span> <span class='ocrx_word' id='word_1_707' title='bbox 2189 4150 2331 4203; x_wconf 91' lang='lat' dir='ltr'>rubo</span> <span class='ocrx_word' id='word_1_708' title='bbox 2361 4150 2557 4205; x_wconf 91' lang='lat' dir='ltr'>dicens</span> <span class='ocrx_word' id='word_1_709' title='bbox 2589 4167 2602 4205; x_wconf 89' lang='lat'><strong>:</strong></span> <span class='ocrx_word' id='word_1_710' title='bbox 2633 4151 2861 4222; x_wconf 83' lang='lat' dir='ltr'>Moyses,</span> <span class='ocrx_word' id='word_1_711' title='bbox 2893 4154 3132 4225; x_wconf 87' lang='lat' dir='ltr'>Moyses.</span> <span class='ocrx_word' id='word_1_712' title='bbox 3159 4154 3265 4218; x_wconf 85' lang='lat' dir='ltr'>Qui</span> <span class='ocrx_word' id='word_1_713' title='bbox 3294 4154 3437 4210; x_wconf 88' lang='lat' dir='ltr'>dixit</span> <span class='ocrx_word' id='word_1_714' title='bbox 3458 4156 3503 4191; x_wconf 80' lang='grc'>⁹¹</span> <span class='ocrx_word' id='word_1_715' title='bbox 3537 4173 3550 4211; x_wconf 88' lang='lat'><strong>:</strong></span> 
     </span>
    </p>
   </div>
   <div class='ocr_carea' id='block_1_88' title="bbox 1910 4244 3553 4315">
    <p class='ocr_par' dir='ltr' id='par_1_88' title="bbox 1910 4244 3553 4315">
     <span class='ocr_line' id='line_1_88' title="bbox 1910 4244 3553 4315; baseline 0.004 -16"><span class='ocrx_word' id='word_1_716' title='bbox 1910 4244 2053 4309; x_wconf 91' lang='lat' dir='ltr'>Quid</span> <span class='ocrx_word' id='word_1_717' title='bbox 2095 4246 2215 4299; x_wconf 82' lang='lat' dir='ltr'>est?</span> <span class='ocrx_word' id='word_1_718' title='bbox 2256 4246 2323 4300; x_wconf 88' lang='lat' dir='ltr'>Et</span> <span class='ocrx_word' id='word_1_719' title='bbox 2362 4244 2546 4299; x_wconf 88' lang='lat' dir='ltr'>dixit:</span> <span class='ocrx_word' id='word_1_720' title='bbox 2582 4246 2661 4299; x_wconf 93' lang='lat' dir='ltr'>Ne</span> <span class='ocrx_word' id='word_1_721' title='bbox 2702 4247 3004 4301; x_wconf 89' lang='lat' dir='ltr'>accesseris</span> <span class='ocrx_word' id='word_1_722' title='bbox 3044 4247 3174 4315; x_wconf 92' lang='lat' dir='ltr'>huc,</span> <span class='ocrx_word' id='word_1_723' title='bbox 3215 4248 3324 4304; x_wconf 89' lang='lat' dir='ltr'>nisi</span> <span class='ocrx_word' id='word_1_724' title='bbox 3371 4251 3553 4305; x_wconf 84' lang='lat' dir='ltr'>solve-</span> 
     </span>
    </p>
   </div>
   <div class='ocr_carea' id='block_1_89' title="bbox 1912 4338 3551 4409">
    <p class='ocr_par' dir='ltr' id='par_1_89' title="bbox 1912 4338 3551 4409">
     <span class='ocr_line' id='line_1_89' title="bbox 1912 4338 3551 4409; baseline 0.004 -17"><span class='ocrx_word' id='word_1_725' title='bbox 1912 4338 1990 4392; x_wconf 89' lang='lat' dir='ltr'>ris</span> <span class='ocrx_word' id='word_1_726' title='bbox 2033 4339 2471 4393; x_wconf 79' lang='lat' dir='ltr'>calciamentum</span> <span class='ocrx_word' id='word_1_727' title='bbox 2520 4340 2591 4393; x_wconf 87' lang='lat' dir='ltr'>de</span> <span class='ocrx_word' id='word_1_728' title='bbox 2632 4339 2871 4409; x_wconf 85' lang='lat' dir='ltr'>pedibus</span> <span class='ocrx_word' id='word_1_729' title='bbox 2908 4339 3042 4395; x_wconf 90' lang='lat' dir='ltr'>tuis.</span> <span class='ocrx_word' id='word_1_730' title='bbox 3085 4342 3262 4396; x_wconf 89' lang='lat' dir='ltr'>Locus</span> <span class='ocrx_word' id='word_1_731' title='bbox 3298 4342 3455 4398; x_wconf 89' lang='lat' dir='ltr'>enim</span> <span class='ocrx_word' id='word_1_732' title='bbox 3492 4344 3551 4398; x_wconf 92' lang='lat' dir='ltr'>in</span> 
     </span>
    </p>
   </div>
   <div class='ocr_carea' id='block_1_90' title="bbox 187 4423 3551 4508">
    <p class='ocr_par' dir='ltr' id='par_1_90' title="bbox 187 4423 3551 4508">
     <span class='ocr_line' id='line_1_90' title="bbox 187 4423 3551 4508; baseline 0.003 -25"><span class='ocrx_word' id='word_1_733' title='bbox 187 4428 325 4499; x_wconf 84' lang='lat' dir='ltr'>(Joel,</span> <span class='ocrx_word' id='word_1_734' title='bbox 359 4449 417 4501; x_wconf 91' lang='grc' dir='ltr'>ιι,</span> <span class='ocrx_word' id='word_1_735' title='bbox 471 4435 555 4498; x_wconf 83' lang='grc'>15,</span> <span class='ocrx_word' id='word_1_736' title='bbox 608 4433 714 4502; x_wconf 90' lang='grc'>16).</span> <span class='ocrx_word' id='word_1_737' title='bbox 762 4433 897 4485; x_wconf 93' lang='lat' dir='ltr'>Item</span> <span class='ocrx_word' id='word_1_738' title='bbox 943 4433 1089 4502; x_wconf 79' lang='lat' dir='ltr'>apud</span> <span class='ocrx_word' id='word_1_739' title='bbox 1117 4433 1425 4487; x_wconf 86' lang='lat' dir='ltr'>Jeremiam</span> <span class='ocrx_word' id='word_1_740' title='bbox 1457 4451 1470 4488; x_wconf 89' lang='lat'><strong>:</strong></span> <span class='ocrx_word' id='word_1_741' title='bbox 1506 4454 1533 4483; x_wconf 87' lang='grc'>‹‹</span> <span class='ocrx_word' id='word_1_742' title='bbox 1558 4434 1623 4488; x_wconf 89' lang='lat' dir='ltr'>Et</span> <span class='ocrx_word' id='word_1_743' title='bbox 1652 4423 1889 4495; x_wconf 87' lang='lat' dir='ltr'>aufe-D</span> <span class='ocrx_word' id='word_1_744' title='bbox 1915 4450 2027 4505; x_wconf 89' lang='lat' dir='ltr'>quo</span> <span class='ocrx_word' id='word_1_745' title='bbox 2076 4439 2190 4488; x_wconf 90' lang='lat' dir='ltr'>stas</span> <span class='ocrx_word' id='word_1_746' title='bbox 2229 4436 2382 4489; x_wconf 84' lang='lat' dir='ltr'>terra</span> <span class='ocrx_word' id='word_1_747' title='bbox 2427 4438 2625 4488; x_wconf 87' lang='lat' dir='ltr'>sancta</span> <span class='ocrx_word' id='word_1_748' title='bbox 2681 4436 2784 4488; x_wconf 86' lang='lat' dir='ltr'>est.</span> <span class='ocrx_word' id='word_1_749' title='bbox 2832 4435 2903 4487; x_wconf 88' lang='lat' dir='ltr'>Et</span> <span class='ocrx_word' id='word_1_750' title='bbox 2949 4433 3089 4488; x_wconf 88' lang='lat' dir='ltr'>dixit</span> <span class='ocrx_word' id='word_1_751' title='bbox 3131 4435 3183 4489; x_wconf 90' lang='lat' dir='ltr'>ei</span> <span class='ocrx_word' id='word_1_752' title='bbox 3217 4451 3230 4490; x_wconf 89' lang='lat'><strong>:</strong></span> <span class='ocrx_word' id='word_1_753' title='bbox 3267 4439 3383 4508; x_wconf 87' lang='lat' dir='ltr'>Ego</span> <span class='ocrx_word' id='word_1_754' title='bbox 3427 4454 3551 4492; x_wconf 90' lang='lat' dir='ltr'>sum</span> 
     </span>
    </p>
   </div>
   <div class='ocr_carea' id='block_1_91' title="bbox 186 4531 1810 4603">
    <p class='ocr_par' dir='ltr' id='par_1_91' title="bbox 186 4531 1810 4603">
     <span class='ocr_line' id='line_1_91' title="bbox 186 4531 1810 4603; baseline 0.002 -20"><span class='ocrx_word' id='word_1_755' title='bbox 186 4545 297 4585; x_wconf 88' lang='lat' dir='ltr'>ram</span> <span class='ocrx_word' id='word_1_756' title='bbox 338 4532 407 4587; x_wconf 91' lang='lat' dir='ltr'>de</span> <span class='ocrx_word' id='word_1_757' title='bbox 458 4531 782 4586; x_wconf 88' lang='lat' dir='ltr'>civitatibus</span> <span class='ocrx_word' id='word_1_758' title='bbox 830 4531 969 4586; x_wconf 84' lang='lat' dir='ltr'>Juda</span> <span class='ocrx_word' id='word_1_759' title='bbox 1012 4536 1069 4586; x_wconf 88' lang='lat' dir='ltr'>et</span> <span class='ocrx_word' id='word_1_760' title='bbox 1111 4532 1179 4586; x_wconf 93' lang='lat' dir='ltr'>de</span> <span class='ocrx_word' id='word_1_761' title='bbox 1225 4532 1531 4603; x_wconf 86' lang='lat' dir='ltr'>quadriviis</span> <span class='ocrx_word' id='word_1_762' title='bbox 1557 4534 1605 4567; x_wconf 72' lang='lat'>7‘</span> <span class='ocrx_word' id='word_1_763' title='bbox 1652 4535 1810 4587; x_wconf 85' lang='lat' dir='ltr'>Jeru-</span> 
     </span>
    </p>
   </div>
   <div class='ocr_carea' id='block_1_92' title="bbox 1914 4526 3550 4600">
    <p class='ocr_par' dir='ltr' id='par_1_92' title="bbox 1914 4526 3550 4600">
     <span class='ocr_line' id='line_1_92' title="bbox 1914 4526 3550 4600; baseline 0.001 -16"><span class='ocrx_word' id='word_1_764' title='bbox 1914 4530 2063 4584; x_wconf 88' lang='lat' dir='ltr'>Deus</span> <span class='ocrx_word' id='word_1_765' title='bbox 2109 4528 2287 4599; x_wconf 91' lang='lat' dir='ltr'>patris</span> <span class='ocrx_word' id='word_1_766' title='bbox 2329 4527 2411 4583; x_wconf 91' lang='lat' dir='ltr'>tui</span> <span class='ocrx_word' id='word_1_767' title='bbox 2430 4528 2499 4596; x_wconf 71' lang='grc' dir='ltr'>θ’,</span> <span class='ocrx_word' id='word_1_768' title='bbox 2542 4529 2689 4582; x_wconf 90' lang='lat' dir='ltr'>Deus</span> <span class='ocrx_word' id='word_1_769' title='bbox 2734 4526 3047 4596; x_wconf 87' lang='lat' dir='ltr'>Abraham,</span> <span class='ocrx_word' id='word_1_770' title='bbox 3089 4531 3145 4583; x_wconf 91' lang='lat' dir='ltr'>et</span> <span class='ocrx_word' id='word_1_771' title='bbox 3188 4530 3339 4584; x_wconf 90' lang='lat' dir='ltr'>Deus</span> <span class='ocrx_word' id='word_1_772' title='bbox 3379 4532 3550 4600; x_wconf 89' lang='lat' dir='ltr'>Isaac,</span> 
     </span>
    </p>
   </div>
   <div class='ocr_carea' id='block_1_93' title="bbox 1564 4726 2170 4799">
    <p class='ocr_par' dir='ltr' id='par_1_93' title="bbox 1564 4726 2170 4799">
     <span class='ocr_line' id='line_1_93' title="bbox 1564 4726 2170 4799; baseline -0.003 -2"><span class='ocrx_word' id='word_1_773' title='bbox 1564 4731 1774 4797; x_wconf 64' lang='lat' dir='ltr'>Variae</span> <span class='ocrx_word' id='word_1_774' title='bbox 1830 4726 2170 4799; x_wconf 84' lang='lat' dir='ltr'>lectiOnes.</span> 
     </span>
    </p>
   </div>
   <div class='ocr_carea' id='block_1_94' title="bbox 234 4893 1217 4944">
    <p class='ocr_par' dir='ltr' id='par_1_94' title="bbox 234 4893 1217 4944">
     <span class='ocr_line' id='line_1_94' title="bbox 234 4893 1217 4944; baseline -0.001 0"><span class='ocrx_word' id='word_1_775' title='bbox 234 4893 275 4928; x_wconf 77' lang='lat'>“</span> <span class='ocrx_word' id='word_1_776' title='bbox 304 4894 375 4944; x_wconf 84' lang='lat' dir='ltr'>Et</span> <span class='ocrx_word' id='word_1_777' title='bbox 426 4895 667 4944; x_wconf 85' lang='lat' dir='ltr'>fractum</span> <span class='ocrx_word' id='word_1_778' title='bbox 714 4897 798 4943; x_wconf 87' lang='lat' dir='ltr'>est</span> <span class='ocrx_word' id='word_1_779' title='bbox 844 4894 1011 4943; x_wconf 89' lang='lat' dir='ltr'>simul</span> <span class='ocrx_word' id='word_1_780' title='bbox 1061 4894 1217 4943; x_wconf 66' lang='lat' dir='ltr'>Oxon.</span> 
     </span>
    </p>
   </div>
   <div class='ocr_carea' id='block_1_95' title="bbox 1314 4892 2503 4954">
    <p class='ocr_par' dir='ltr' id='par_1_95' title="bbox 1314 4892 2503 4954">
     <span class='ocr_line' id='line_1_95' title="bbox 1314 4892 2503 4954; baseline -0.005 -10"><span class='ocrx_word' id='word_1_781' title='bbox 1314 4892 1355 4926; x_wconf 70' lang='grc' dir='ltr'>θ’</span> <span class='ocrx_word' id='word_1_782' title='bbox 1390 4893 1721 4945; x_wconf 86' lang='lat' dir='ltr'>Remaneret</span> <span class='ocrx_word' id='word_1_783' title='bbox 1770 4896 1827 4944; x_wconf 94' lang='lat' dir='ltr'>in</span> <span class='ocrx_word' id='word_1_784' title='bbox 1878 4896 1988 4946; x_wconf 88' lang='lat' dir='ltr'>illis</span> <span class='ocrx_word' id='word_1_785' title='bbox 2028 4895 2148 4944; x_wconf 85' lang='lat' dir='ltr'>Bod.</span> <span class='ocrx_word' id='word_1_786' title='bbox 2206 4896 2250 4954; x_wconf 94' lang='grc'>1,</span> <span class='ocrx_word' id='word_1_787' title='bbox 2286 4892 2334 4942; x_wconf 87' lang='lat'>2.</span> <span class='ocrx_word' id='word_1_788' title='bbox 2378 4892 2503 4942; x_wconf 83' lang='lat' dir='ltr'>Thu.</span> 
     </span>
    </p>
   </div>
   <div class='ocr_carea' id='block_1_96' title="bbox 2601 4889 3548 4947">
    <p class='ocr_par' dir='ltr' id='par_1_96' title="bbox 2601 4889 3548 4947">
     <span class='ocr_line' id='line_1_96' title="bbox 2601 4889 3548 4947; baseline -0.001 -7"><span class='ocrx_word' id='word_1_789' title='bbox 2601 4889 2647 4923; x_wconf 79' lang='grc'>⁶⁴</span> <span class='ocrx_word' id='word_1_790' title='bbox 2673 4889 2884 4940; x_wconf 86' lang='lat' dir='ltr'>Gentes</span> <span class='ocrx_word' id='word_1_791' title='bbox 2933 4889 3301 4941; x_wconf 87' lang='lat' dir='ltr'>convenirent</span> <span class='ocrx_word' id='word_1_792' title='bbox 3351 4889 3472 4940; x_wconf 85' lang='lat' dir='ltr'>Bod.</span> <span class='ocrx_word' id='word_1_793' title='bbox 3501 4897 3548 4947; x_wconf 86' lang='lat'>3.</span> 
     </span>
    </p>
   </div>
   <div class='ocr_carea' id='block_1_97' title="bbox 174 4960 1825 5029">
    <p class='ocr_par' dir='ltr' id='par_1_97' title="bbox 174 4961 1825 5029">
     <span class='ocr_line' id='line_1_97' title="bbox 174 4961 1825 5029; baseline 0 -14"><span class='ocrx_word' id='word_1_794' title='bbox 174 4961 193 4996; x_wconf 81' lang='grc'><strong><em>⁸</em></strong></span> <span class='ocrx_word' id='word_1_795' title='bbox 216 4969 232 4999; x_wconf 83' lang='grc'><strong><em>⁵</em></strong></span> <span class='ocrx_word' id='word_1_796' title='bbox 269 4966 493 5016; x_wconf 86' lang='lat' dir='ltr'>Esaiam</span> <span class='ocrx_word' id='word_1_797' title='bbox 534 4981 545 5014; x_wconf 90' lang='lat'>:</span> <span class='ocrx_word' id='word_1_798' title='bbox 575 4965 645 5014; x_wconf 84' lang='lat' dir='ltr'>Et</span> <span class='ocrx_word' id='word_1_799' title='bbox 670 4966 774 5015; x_wconf 90' lang='lat' dir='ltr'>erit</span> <span class='ocrx_word' id='word_1_800' title='bbox 804 4965 927 5014; x_wconf 84' lang='lat' dir='ltr'>Bod.</span> <span class='ocrx_word' id='word_1_801' title='bbox 957 4966 1004 5023; x_wconf 78' lang='lat' dir='ltr'>t,</span> <span class='ocrx_word' id='word_1_802' title='bbox 1038 4965 1086 5026; x_wconf 88' lang='lat'>3,</span> <span class='ocrx_word' id='word_1_803' title='bbox 1107 4966 1156 5014; x_wconf 81' lang='grc'>4.</span> <span class='ocrx_word' id='word_1_804' title='bbox 1222 4963 1265 4998; x_wconf 75' lang='grc'>⁸⁸</span> <span class='ocrx_word' id='word_1_805' title='bbox 1298 4966 1367 5014; x_wconf 90' lang='lat' dir='ltr'>Et</span> <span class='ocrx_word' id='word_1_806' title='bbox 1398 4965 1779 5029; x_wconf 88' lang='lat' dir='ltr'>ingrediemur</span> <span class='ocrx_word' id='word_1_807' title='bbox 1806 4968 1825 5015; x_wconf 82' lang='grc' dir='ltr'>ι</span> 
     </span>
    </p>
   </div>
   <div class='ocr_carea' id='block_1_98' title="bbox 1926 4960 3549 5029">
    <p class='ocr_par' dir='ltr' id='par_1_98' title="bbox 1935 4960 3549 5025">
     <span class='ocr_line' id='line_1_98' title="bbox 1935 4960 3549 5025; baseline 0 -10"><span class='ocrx_word' id='word_1_808' title='bbox 2022 4966 2144 5015; x_wconf 81' lang='lat' dir='ltr'>Bod.</span> <span class='ocrx_word' id='word_1_809' title='bbox 2171 4966 2219 5014; x_wconf 81' lang='lat'>2.</span> <span class='ocrx_word' id='word_1_810' title='bbox 2264 4966 2374 5013; x_wconf 77' lang='lat' dir='ltr'>Lin.</span> <span class='ocrx_word' id='word_1_811' title='bbox 2442 4962 2484 4996; x_wconf 78' lang='grc'>⁸⁷</span> <span class='ocrx_word' id='word_1_812' title='bbox 2511 4960 2732 5011; x_wconf 81' lang='lat' dir='ltr'>Prodiet</span> <span class='ocrx_word' id='word_1_813' title='bbox 2760 4962 2851 5011; x_wconf 78' lang='lat' dir='ltr'>lex</span> <span class='ocrx_word' id='word_1_814' title='bbox 2872 4963 3016 5011; x_wconf 87' lang='lat' dir='ltr'>Lam.</span> <span class='ocrx_word' id='word_1_815' title='bbox 3050 4962 3158 5011; x_wconf 79' lang='grc' dir='ltr'>ΝΟ.</span> <span class='ocrx_word' id='word_1_816' title='bbox 3190 4963 3234 5011; x_wconf 82' lang='grc'>1.</span> <span class='ocrx_word' id='word_1_817' title='bbox 3272 4961 3400 5013; x_wconf 84' lang='lat' dir='ltr'>Bod.</span> <span class='ocrx_word' id='word_1_818' title='bbox 3428 4964 3475 5025; x_wconf 83' lang='grc'>1,</span> <span class='ocrx_word' id='word_1_819' title='bbox 3502 4961 3549 5015; x_wconf 72' lang='grc'><strong>2.</strong></span> 
     </span>
    </p>
   </div>
   <div class='ocr_carea' id='block_1_99' title="bbox 181 5032 3551 5101">
    <p class='ocr_par' dir='ltr' id='par_1_99' title="bbox 181 5032 3551 5101">
     <span class='ocr_line' id='line_1_99' title="bbox 181 5032 3551 5101; baseline -0.002 -16"><span class='ocrx_word' id='word_1_820' title='bbox 181 5034 295 5085; x_wconf 59' lang='lat' dir='ltr'>“In</span> <span class='ocrx_word' id='word_1_821' title='bbox 328 5038 501 5086; x_wconf 75' lang='lat' dir='ltr'>falces</span> <span class='ocrx_word' id='word_1_822' title='bbox 532 5039 583 5084; x_wconf 90' lang='lat' dir='ltr'>et</span> <span class='ocrx_word' id='word_1_823' title='bbox 609 5037 722 5098; x_wconf 88' lang='lat' dir='ltr'>jam</span> <span class='ocrx_word' id='word_1_824' title='bbox 748 5048 859 5083; x_wconf 90' lang='lat' dir='ltr'>non</span> <span class='ocrx_word' id='word_1_825' title='bbox 902 5037 1136 5099; x_wconf 88' lang='lat' dir='ltr'>accipiet</span> <span class='ocrx_word' id='word_1_826' title='bbox 1173 5050 1310 5099; x_wconf 89' lang='lat' dir='ltr'>gens</span> <span class='ocrx_word' id='word_1_827' title='bbox 1347 5050 1512 5099; x_wconf 87' lang='lat' dir='ltr'>super</span> <span class='ocrx_word' id='word_1_828' title='bbox 1549 5042 1769 5100; x_wconf 88' lang='lat' dir='ltr'>gentem</span> <span class='ocrx_word' id='word_1_829' title='bbox 1818 5038 2089 5101; x_wconf 87' lang='lat' dir='ltr'>gladium,</span> <span class='ocrx_word' id='word_1_830' title='bbox 2131 5040 2185 5087; x_wconf 89' lang='lat' dir='ltr'>et</span> <span class='ocrx_word' id='word_1_831' title='bbox 2227 5038 2338 5098; x_wconf 86' lang='lat' dir='ltr'>jam</span> <span class='ocrx_word' id='word_1_832' title='bbox 2376 5048 2487 5085; x_wconf 91' lang='lat' dir='ltr'>non</span> <span class='ocrx_word' id='word_1_833' title='bbox 2534 5032 2751 5082; x_wconf 88' lang='lat' dir='ltr'>discent</span> <span class='ocrx_word' id='word_1_834' title='bbox 2796 5033 2907 5080; x_wconf 79' lang='lat' dir='ltr'>Ver.</span> <span class='ocrx_word' id='word_1_835' title='bbox 2946 5033 3086 5081; x_wconf 86' lang='lat' dir='ltr'>Lam.</span> <span class='ocrx_word' id='word_1_836' title='bbox 3131 5032 3243 5081; x_wconf 82' lang='grc' dir='ltr'>ΝΟ.</span> <span class='ocrx_word' id='word_1_837' title='bbox 3273 5037 3316 5081; x_wconf 91' lang='grc'>1.</span> <span class='ocrx_word' id='word_1_838' title='bbox 3351 5033 3474 5081; x_wconf 79' lang='lat' dir='ltr'>Bod.</span> <span class='ocrx_word' id='word_1_839' title='bbox 3506 5032 3551 5081; x_wconf 86' lang='lat'>2.</span> 
     </span>
    </p>
   </div>
   <div class='ocr_carea' id='block_1_100' title="bbox 178 5106 912 5169">
    <p class='ocr_par' dir='ltr' id='par_1_100' title="bbox 178 5106 912 5169">
     <span class='ocr_line' id='line_1_100' title="bbox 178 5106 912 5169; baseline -0.001 -13"><span class='ocrx_word' id='word_1_840' title='bbox 178 5106 393 5157; x_wconf 90' lang='lat' dir='ltr'>Discent</span> <span class='ocrx_word' id='word_1_841' title='bbox 414 5107 766 5169; x_wconf 86' lang='lat' dir='ltr'>belligerare</span> <span class='ocrx_word' id='word_1_842' title='bbox 803 5107 912 5155; x_wconf 86' lang='lat' dir='ltr'>Lin.</span> 
     </span>
    </p>
   </div>
   <div class='ocr_carea' id='block_1_101' title="bbox 174 5179 373 5229">
    <p class='ocr_par' dir='ltr' id='par_1_101' title="bbox 174 5179 373 5229">
     <span class='ocr_line' id='line_1_101' title="bbox 174 5179 373 5229; baseline -0.01 -2"><span class='ocrx_word' id='word_1_843' title='bbox 174 5179 291 5228; x_wconf 86' lang='lat' dir='ltr'>Bod.</span> <span class='ocrx_word' id='word_1_844' title='bbox 323 5180 373 5229; x_wconf 89' lang='lat'>3.</span> 
     </span>
    </p>
   </div>
   <div class='ocr_carea' id='block_1_102' title="bbox 179 5248 1612 5309">
    <p class='ocr_par' dir='ltr' id='par_1_102' title="bbox 179 5248 1612 5309">
     <span class='ocr_line' id='line_1_102' title="bbox 179 5248 1612 5309; baseline 0.001 -12"><span class='ocrx_word' id='word_1_845' title='bbox 179 5259 275 5299; x_wconf 85' lang='lat' dir='ltr'>suo</span> <span class='ocrx_word' id='word_1_846' title='bbox 298 5250 430 5299; x_wconf 86' lang='lat' dir='ltr'>Bod.</span> <span class='ocrx_word' id='word_1_847' title='bbox 484 5251 530 5309; x_wconf 89' lang='grc'>1,</span> <span class='ocrx_word' id='word_1_848' title='bbox 562 5251 612 5309; x_wconf 78' lang='lat'>2,</span> <span class='ocrx_word' id='word_1_849' title='bbox 644 5254 689 5298; x_wconf 67' lang='grc' dir='ltr'>ι.</span> <span class='ocrx_word' id='word_1_850' title='bbox 779 5248 823 5282; x_wconf 61' lang='grc'>⁷⁸</span> <span class='ocrx_word' id='word_1_851' title='bbox 854 5250 1058 5300; x_wconf 86' lang='lat' dir='ltr'>Plateis</span> <span class='ocrx_word' id='word_1_852' title='bbox 1091 5251 1403 5299; x_wconf 84' lang='lat' dir='ltr'>Jerusalem</span> <span class='ocrx_word' id='word_1_853' title='bbox 1432 5250 1536 5299; x_wconf 81' lang='grc' dir='ltr'>ΝΟ.</span> <span class='ocrx_word' id='word_1_854' title='bbox 1564 5250 1612 5300; x_wconf 94' lang='lat'>2.</span> 
     </span>
    </p>
   </div>
   <div class='ocr_carea' id='block_1_103' title="bbox 1041 5105 2380 5159">
    <p class='ocr_par' dir='ltr' id='par_1_103' title="bbox 1041 5105 2380 5159">
     <span class='ocr_line' id='line_1_103' title="bbox 1041 5105 2380 5159; baseline -0.002 -3"><span class='ocrx_word' id='word_1_855' title='bbox 1041 5105 1084 5139; x_wconf 72' lang='grc' dir='ltr'><strong><em>⁸ο</em></strong></span> <span class='ocrx_word' id='word_1_856' title='bbox 1111 5107 1358 5157; x_wconf 88' lang='lat' dir='ltr'>Mundus</span> <span class='ocrx_word' id='word_1_857' title='bbox 1392 5108 1556 5158; x_wconf 87' lang='lat' dir='ltr'>corde</span> <span class='ocrx_word' id='word_1_858' title='bbox 1591 5109 1732 5156; x_wconf 88' lang='lat' dir='ltr'>Lam.</span> <span class='ocrx_word' id='word_1_859' title='bbox 1764 5110 1872 5159; x_wconf 79' lang='grc' dir='ltr'>ΝΟ.</span> <span class='ocrx_word' id='word_1_860' title='bbox 1918 5112 1961 5159; x_wconf 94' lang='grc'>1.</span> <span class='ocrx_word' id='word_1_861' title='bbox 2000 5109 2124 5158; x_wconf 76' lang='lat' dir='ltr'>Tha.</span> <span class='ocrx_word' id='word_1_862' title='bbox 2171 5106 2296 5155; x_wconf 89' lang='lat' dir='ltr'>Bod.</span> <span class='ocrx_word' id='word_1_863' title='bbox 2334 5110 2380 5153; x_wconf 77' lang='grc'>2.</span> 
     </span>
    </p>
   </div>
   <div class='ocr_carea' id='block_1_104' title="bbox 475 5178 1881 5242">
    <p class='ocr_par' dir='ltr' id='par_1_104' title="bbox 475 5178 1881 5242">
     <span class='ocr_line' id='line_1_104' title="bbox 475 5178 1881 5242; baseline -0.001 -14"><span class='ocrx_word' id='word_1_864' title='bbox 475 5179 515 5213; x_wconf 84' lang='grc'>⁷¹</span> <span class='ocrx_word' id='word_1_865' title='bbox 547 5180 685 5228; x_wconf 66' lang='lat' dir='ltr'>Hinc</span> <span class='ocrx_word' id='word_1_866' title='bbox 714 5182 798 5228; x_wconf 89' lang='lat' dir='ltr'>est</span> <span class='ocrx_word' id='word_1_867' title='bbox 844 5179 1129 5241; x_wconf 88' lang='lat' dir='ltr'>generatio</span> <span class='ocrx_word' id='word_1_868' title='bbox 1160 5179 1531 5242; x_wconf 65' lang='lat' dir='ltr'>quaerentium</span> <span class='ocrx_word' id='word_1_869' title='bbox 1563 5179 1671 5226; x_wconf 75' lang='lat' dir='ltr'>Lx&#39;n.</span> <span class='ocrx_word' id='word_1_870' title='bbox 1698 5178 1807 5228; x_wconf 78' lang='grc' dir='ltr'>ΝΟ.</span> <span class='ocrx_word' id='word_1_871' title='bbox 1837 5180 1881 5228; x_wconf 78' lang='lat'>2.</span> 
     </span>
    </p>
   </div>
   <div class='ocr_carea' id='block_1_105' title="bbox 1705 5244 3550 5313">
    <p class='ocr_par' dir='ltr' id='par_1_105' title="bbox 1705 5244 3550 5313">
     <span class='ocr_line' id='line_1_105' title="bbox 1705 5244 3550 5313; baseline -0.002 -16"><span class='ocrx_word' id='word_1_872' title='bbox 1705 5250 1745 5284; x_wconf 75' lang='lat'>75</span> <span class='ocrx_word' id='word_1_873' title='bbox 1782 5252 1948 5301; x_wconf 88' lang='lat' dir='ltr'>Velut</span> <span class='ocrx_word' id='word_1_874' title='bbox 1981 5253 2134 5313; x_wconf 87' lang='lat' dir='ltr'>gigas</span> <span class='ocrx_word' id='word_1_875' title='bbox 2161 5248 2284 5300; x_wconf 86' lang='lat' dir='ltr'>Bod.</span> <span class='ocrx_word' id='word_1_876' title='bbox 2314 5250 2357 5308; x_wconf 93' lang='grc'>1,</span> <span class='ocrx_word' id='word_1_877' title='bbox 2386 5246 2432 5296; x_wconf 90' lang='grc'><strong>3.</strong></span> <span class='ocrx_word' id='word_1_878' title='bbox 2465 5246 2549 5294; x_wconf 81' lang='lat' dir='ltr'>Ad</span> <span class='ocrx_word' id='word_1_879' title='bbox 2582 5244 2912 5295; x_wconf 87' lang='lat' dir='ltr'>currendam</span> <span class='ocrx_word' id='word_1_880' title='bbox 2942 5244 3091 5313; x_wconf 87' lang='lat' dir='ltr'>viam</span> <span class='ocrx_word' id='word_1_881' title='bbox 3119 5245 3257 5293; x_wconf 88' lang='lat' dir='ltr'>Lam.</span> <span class='ocrx_word' id='word_1_882' title='bbox 3285 5246 3394 5293; x_wconf 77' lang='lat' dir='ltr'>Lin.</span> <span class='ocrx_word' id='word_1_883' title='bbox 3426 5246 3550 5294; x_wconf 85' lang='lat' dir='ltr'>Bod.</span> 
     </span>
    </p>
   </div>
   <div class='ocr_carea' id='block_1_106' title="bbox 2510 5102 3549 5166">
    <p class='ocr_par' dir='ltr' id='par_1_106' title="bbox 2510 5102 3549 5166">
     <span class='ocr_line' id='line_1_106' title="bbox 2510 5102 3549 5166; baseline 0 -13"><span class='ocrx_word' id='word_1_884' title='bbox 2510 5102 2552 5135; x_wconf 84' lang='grc' dir='ltr'>⁷ο</span> <span class='ocrx_word' id='word_1_885' title='bbox 2579 5104 2689 5153; x_wconf 88' lang='lat' dir='ltr'>Nec</span> <span class='ocrx_word' id='word_1_886' title='bbox 2721 5104 2928 5166; x_wconf 88' lang='lat' dir='ltr'>juravit</span> <span class='ocrx_word' id='word_1_887' title='bbox 2965 5104 3020 5151; x_wconf 89' lang='lat' dir='ltr'>in</span> <span class='ocrx_word' id='word_1_888' title='bbox 3066 5103 3194 5152; x_wconf 90' lang='lat' dir='ltr'>dolo</span> <span class='ocrx_word' id='word_1_889' title='bbox 3238 5104 3351 5157; x_wconf 80' lang='lat' dir='ltr'>Lin,</span> <span class='ocrx_word' id='word_1_890' title='bbox 3378 5104 3485 5153; x_wconf 80' lang='grc' dir='ltr'>ΝΟ.</span> <span class='ocrx_word' id='word_1_891' title='bbox 3503 5106 3549 5153; x_wconf 89' lang='lat'>2.</span> 
     </span>
    </p>
   </div>
   <div class='ocr_carea' id='block_1_107' title="bbox 1973 5172 3552 5240">
    <p class='ocr_par' dir='ltr' id='par_1_107' title="bbox 1973 5172 3552 5240">
     <span class='ocr_line' id='line_1_107' title="bbox 1973 5172 3552 5240; baseline -0.004 -13"><span class='ocrx_word' id='word_1_892' title='bbox 1973 5178 2018 5211; x_wconf 77' lang='grc'>⁷³</span> <span class='ocrx_word' id='word_1_893' title='bbox 2044 5177 2390 5240; x_wconf 80' lang='lat' dir='ltr'>Congregate</span> <span class='ocrx_word' id='word_1_894' title='bbox 2427 5174 2696 5240; x_wconf 91' lang='lat' dir='ltr'>populum</span> <span class='ocrx_word' id='word_1_895' title='bbox 2728 5173 2852 5223; x_wconf 88' lang='lat' dir='ltr'>Bod.</span> <span class='ocrx_word' id='word_1_896' title='bbox 2888 5175 2933 5234; x_wconf 95' lang='grc'>1,</span> <span class='ocrx_word' id='word_1_897' title='bbox 2971 5173 3019 5222; x_wconf 87' lang='grc'><strong>3.</strong></span> <span class='ocrx_word' id='word_1_898' title='bbox 3120 5172 3160 5205; x_wconf 79' lang='grc'>⁷³</span> <span class='ocrx_word' id='word_1_899' title='bbox 3183 5173 3264 5223; x_wconf 82' lang='grc' dir='ltr'>ΒΘ</span> <span class='ocrx_word' id='word_1_900' title='bbox 3291 5173 3552 5224; x_wconf 88' lang='lat' dir='ltr'>cubiculo</span> 
     </span>
    </p>
   </div>
   <div class='ocr_carea' id='block_1_108' title="bbox 178 5312 1825 5383">
    <p class='ocr_par' dir='ltr' id='par_1_108' title="bbox 178 5318 1825 5383">
     <span class='ocr_line' id='line_1_108' title="bbox 178 5318 1825 5383; baseline 0.001 -16"><span class='ocrx_word' id='word_1_901' title='bbox 178 5319 219 5377; x_wconf 89' lang='grc'>1,</span> <span class='ocrx_word' id='word_1_902' title='bbox 252 5321 299 5381; x_wconf 88' lang='lat'>2,</span> <span class='ocrx_word' id='word_1_903' title='bbox 328 5322 377 5370; x_wconf 88' lang='lat'>3.</span> <span class='ocrx_word' id='word_1_904' title='bbox 405 5320 515 5369; x_wconf 81' lang='grc' dir='ltr'>ΝΟ.</span> <span class='ocrx_word' id='word_1_905' title='bbox 544 5321 588 5379; x_wconf 90' lang='grc'>1,</span> <span class='ocrx_word' id='word_1_906' title='bbox 621 5319 668 5368; x_wconf 79' lang='lat'>2.</span> <span class='ocrx_word' id='word_1_907' title='bbox 735 5319 778 5353; x_wconf 76' lang='grc'>⁷⁸</span> <span class='ocrx_word' id='word_1_908' title='bbox 807 5318 948 5371; x_wconf 65' lang='grc' dir='ltr'>ϐαθιί</span> <span class='ocrx_word' id='word_1_909' title='bbox 994 5320 1266 5383; x_wconf 87' lang='lat' dir='ltr'>profectio</span> <span class='ocrx_word' id='word_1_910' title='bbox 1302 5319 1426 5369; x_wconf 75' lang='lat' dir='ltr'>Red.</span> <span class='ocrx_word' id='word_1_911' title='bbox 1466 5323 1506 5381; x_wconf 89' lang='grc'>1,</span> <span class='ocrx_word' id='word_1_912' title='bbox 1538 5320 1589 5380; x_wconf 86' lang='lat'>2,</span> <span class='ocrx_word' id='word_1_913' title='bbox 1616 5322 1659 5369; x_wconf 73' lang='grc'>4.</span> <span class='ocrx_word' id='word_1_914' title='bbox 1705 5321 1825 5371; x_wconf 65' lang='lat' dir='ltr'>Tim.</span> 
     </span>
    </p>
   </div>
   <div class='ocr_carea' id='block_1_109' title="bbox 1926 5312 3554 5383">
    <p class='ocr_par' dir='ltr' id='par_1_109' title="bbox 1926 5312 3554 5379">
     <span class='ocr_line' id='line_1_109' title="bbox 1926 5312 3554 5379; baseline -0.003 -10"><span class='ocrx_word' id='word_1_915' title='bbox 1926 5312 2355 5371; x_wconf 39' lang='lat' dir='ltr'>orbfProcessio</span> <span class='ocrx_word' id='word_1_916' title='bbox 2379 5319 2521 5367; x_wconf 90' lang='lat' dir='ltr'>Lam.</span> <span class='ocrx_word' id='word_1_917' title='bbox 2566 5317 2676 5364; x_wconf 74' lang='lat' dir='ltr'>Lz’n.</span> <span class='ocrx_word' id='word_1_918' title='bbox 2709 5314 2815 5363; x_wconf 77' lang='grc' dir='ltr'>ΝΟ.</span> <span class='ocrx_word' id='word_1_919' title='bbox 2854 5316 2900 5375; x_wconf 90' lang='grc'>1,</span> <span class='ocrx_word' id='word_1_920' title='bbox 2924 5313 2975 5363; x_wconf 88' lang='lat'>2.</span> <span class='ocrx_word' id='word_1_921' title='bbox 3041 5312 3083 5347; x_wconf 82' lang='grc'>⁷⁷</span> <span class='ocrx_word' id='word_1_922' title='bbox 3116 5316 3229 5365; x_wconf 92' lang='lat' dir='ltr'>Nec</span> <span class='ocrx_word' id='word_1_923' title='bbox 3259 5321 3344 5365; x_wconf 88' lang='lat' dir='ltr'>est</span> <span class='ocrx_word' id='word_1_924' title='bbox 3373 5317 3471 5379; x_wconf 88' lang='lat' dir='ltr'>qui</span> <span class='ocrx_word' id='word_1_925' title='bbox 3496 5329 3554 5365; x_wconf 87' lang='lat' dir='ltr'>sc</span> 
     </span>
    </p>
   </div>
   <div class='ocr_carea' id='block_1_110' title="bbox 180 5388 1825 5451">
    <p class='ocr_par' dir='ltr' id='par_1_110' title="bbox 180 5388 1800 5449">
     <span class='ocr_line' id='line_1_110' title="bbox 180 5388 1800 5449; baseline 0.001 -11"><span class='ocrx_word' id='word_1_926' title='bbox 180 5388 489 5440; x_wconf 84' lang='lat' dir='ltr'>abscondet</span> <span class='ocrx_word' id='word_1_927' title='bbox 518 5391 627 5439; x_wconf 81' lang='lat' dir='ltr'>Lin.</span> <span class='ocrx_word' id='word_1_928' title='bbox 655 5391 762 5440; x_wconf 79' lang='grc' dir='ltr'>ΝΟ.</span> <span class='ocrx_word' id='word_1_929' title='bbox 802 5391 850 5449; x_wconf 78' lang='grc'>1,</span> <span class='ocrx_word' id='word_1_930' title='bbox 880 5393 926 5440; x_wconf 77' lang='lat'>2.</span> <span class='ocrx_word' id='word_1_931' title='bbox 957 5392 1144 5441; x_wconf 86' lang='lat' dir='ltr'>Lateat</span> <span class='ocrx_word' id='word_1_932' title='bbox 1170 5392 1410 5441; x_wconf 87' lang='lat' dir='ltr'>calorem</span> <span class='ocrx_word' id='word_1_933' title='bbox 1442 5392 1581 5439; x_wconf 87' lang='lat' dir='ltr'>Lam.</span> <span class='ocrx_word' id='word_1_934' title='bbox 1609 5392 1716 5441; x_wconf 79' lang='grc' dir='ltr'>ΝΟ.</span> <span class='ocrx_word' id='word_1_935' title='bbox 1756 5394 1800 5441; x_wconf 89' lang='lat'>2.</span> 
     </span>
    </p>
   </div>
   <div class='ocr_carea' id='block_1_111' title="bbox 1926 5388 2134 5451">
    <p class='ocr_par' dir='ltr' id='par_1_111' title="bbox 1926 5393 2134 5451">
     <span class='ocr_line' id='line_1_111' title="bbox 1926 5393 2134 5451; baseline 0 -11"><span class='ocrx_word' id='word_1_936' title='bbox 1926 5393 1961 5441; x_wconf 75' lang='grc' dir='ltr'>ί.</span> <span class='ocrx_word' id='word_1_937' title='bbox 2004 5394 2051 5451; x_wconf 80' lang='lat'>2,</span> <span class='ocrx_word' id='word_1_938' title='bbox 2087 5393 2134 5441; x_wconf 83' lang='grc'><strong>4.</strong></span> 
     </span>
    </p>
   </div>
   <div class='ocr_carea' id='block_1_112' title="bbox 2231 5386 3553 5441">
    <p class='ocr_par' dir='ltr' id='par_1_112' title="bbox 2231 5386 3553 5441">
     <span class='ocr_line' id='line_1_112' title="bbox 2231 5386 3553 5441; baseline -0.005 0"><span class='ocrx_word' id='word_1_939' title='bbox 2231 5390 2272 5423; x_wconf 82' lang='grc'>⁷⁸</span> <span class='ocrx_word' id='word_1_940' title='bbox 2301 5389 2622 5440; x_wconf 87' lang='lat' dir='ltr'>Claritatem</span> <span class='ocrx_word' id='word_1_941' title='bbox 2655 5387 2788 5435; x_wconf 89' lang='lat' dir='ltr'>item</span> <span class='ocrx_word' id='word_1_942' title='bbox 2820 5386 2957 5434; x_wconf 89' lang='lat' dir='ltr'>Lam.</span> <span class='ocrx_word' id='word_1_943' title='bbox 3045 5386 3088 5421; x_wconf 76' lang='grc' dir='ltr'><em>ἠ</em></span> <span class='ocrx_word' id='word_1_944' title='bbox 3122 5386 3190 5437; x_wconf 92' lang='lat' dir='ltr'>Ut</span> <span class='ocrx_word' id='word_1_945' title='bbox 3209 5386 3553 5441; x_wconf 64' lang='lat' dir='ltr'>excalcearet</span> 
     </span>
    </p>
   </div>
   <div class='ocr_carea' id='block_1_113' title="bbox 179 5454 3551 5527">
    <p class='ocr_par' dir='ltr' id='par_1_113' title="bbox 179 5454 3551 5527">
     <span class='ocr_line' id='line_1_113' title="bbox 179 5454 3551 5527; baseline -0.003 -16"><span class='ocrx_word' id='word_1_946' title='bbox 179 5472 233 5511; x_wconf 82' lang='lat' dir='ltr'>se</span> <span class='ocrx_word' id='word_1_947' title='bbox 256 5462 368 5511; x_wconf 87' lang='lat' dir='ltr'>Lin.</span> <span class='ocrx_word' id='word_1_948' title='bbox 439 5459 482 5494; x_wconf 82' lang='grc'>⁸⁰</span> <span class='ocrx_word' id='word_1_949' title='bbox 510 5462 579 5513; x_wconf 92' lang='lat' dir='ltr'>Ut</span> <span class='ocrx_word' id='word_1_950' title='bbox 610 5464 959 5527; x_wconf 89' lang='lat' dir='ltr'>quicumque</span> <span class='ocrx_word' id='word_1_951' title='bbox 996 5464 1125 5512; x_wconf 74' lang='lat' dir='ltr'>Voss.</span> <span class='ocrx_word' id='word_1_952' title='bbox 1161 5465 1205 5514; x_wconf 90' lang='lat'>3.</span> <span class='ocrx_word' id='word_1_953' title='bbox 1234 5466 1377 5514; x_wconf 86' lang='lat' dir='ltr'>Lam.</span> <span class='ocrx_word' id='word_1_954' title='bbox 1408 5461 1515 5511; x_wconf 78' lang='grc' dir='ltr'>ΝΟ.</span> <span class='ocrx_word' id='word_1_955' title='bbox 1547 5463 1590 5510; x_wconf 89' lang='grc'>1.</span> <span class='ocrx_word' id='word_1_956' title='bbox 1662 5462 1701 5495; x_wconf 75' lang='grc'>⁸¹</span> <span class='ocrx_word' id='word_1_957' title='bbox 1729 5464 1961 5527; x_wconf 87' lang='lat' dir='ltr'>Nuptias</span> <span class='ocrx_word' id='word_1_958' title='bbox 1987 5464 2278 5513; x_wconf 84' lang='lat' dir='ltr'>excusaret</span> <span class='ocrx_word' id='word_1_959' title='bbox 2307 5459 2429 5508; x_wconf 81' lang='lat' dir='ltr'>Bod.</span> <span class='ocrx_word' id='word_1_960' title='bbox 2462 5459 2504 5507; x_wconf 92' lang='grc'>1.</span> <span class='ocrx_word' id='word_1_961' title='bbox 2542 5459 2675 5506; x_wconf 75' lang='lat' dir='ltr'>Voss.</span> <span class='ocrx_word' id='word_1_962' title='bbox 2706 5461 2753 5503; x_wconf 72' lang='lat'>2.</span> <span class='ocrx_word' id='word_1_963' title='bbox 2820 5454 2861 5488; x_wconf 76' lang='grc'>⁸⁸</span> <span class='ocrx_word' id='word_1_964' title='bbox 2888 5455 3323 5506; x_wconf 82' lang='lat' dir='ltr'>Excalcearetur</span> <span class='ocrx_word' id='word_1_965' title='bbox 3348 5456 3473 5506; x_wconf 88' lang='lat' dir='ltr'>Bod.</span> <span class='ocrx_word' id='word_1_966' title='bbox 3508 5458 3551 5527; x_wconf 80' lang='grc'>1,</span> 
     </span>
    </p>
   </div>
   <div class='ocr_carea' id='block_1_114' title="bbox 176 5528 1825 5656">
    <p class='ocr_par' dir='ltr' id='par_1_114' title="bbox 176 5528 1825 5656">
     <span class='ocr_line' id='line_1_114' title="bbox 176 5528 1825 5593; baseline 0.001 -12"><span class='ocrx_word' id='word_1_967' title='bbox 176 5528 218 5564; x_wconf 85' lang='grc'>⁸³</span> <span class='ocrx_word' id='word_1_968' title='bbox 236 5531 477 5593; x_wconf 89' lang='lat' dir='ltr'>Quando</span> <span class='ocrx_word' id='word_1_969' title='bbox 513 5534 618 5582; x_wconf 82' lang='lat' dir='ltr'>fuit</span> <span class='ocrx_word' id='word_1_970' title='bbox 644 5534 810 5583; x_wconf 86' lang='lat' dir='ltr'>Jesus</span> <span class='ocrx_word' id='word_1_971' title='bbox 841 5536 981 5583; x_wconf 90' lang='lat' dir='ltr'>Lam.</span> <span class='ocrx_word' id='word_1_972' title='bbox 1013 5534 1128 5583; x_wconf 77' lang='grc' dir='ltr'>ΝΟ.</span> <span class='ocrx_word' id='word_1_973' title='bbox 1160 5535 1202 5583; x_wconf 93' lang='grc'>1.</span> <span class='ocrx_word' id='word_1_974' title='bbox 1243 5533 1364 5584; x_wconf 84' lang='lat' dir='ltr'>Bod.</span> <span class='ocrx_word' id='word_1_975' title='bbox 1404 5534 1450 5591; x_wconf 91' lang='grc'>1,</span> <span class='ocrx_word' id='word_1_976' title='bbox 1496 5532 1543 5579; x_wconf 80' lang='grc'>4.</span> <span class='ocrx_word' id='word_1_977' title='bbox 1576 5531 1762 5584; x_wconf 89' lang='lat' dir='ltr'>Jerico</span> <span class='ocrx_word' id='word_1_978' title='bbox 1800 5536 1825 5583; x_wconf 91' lang='lat' dir='ltr'>i:</span> 
     </span>
     <span class='ocr_line' id='line_1_115' title="bbox 176 5598 1825 5656; baseline -0.003 -3"><span class='ocrx_word' id='word_1_979' title='bbox 176 5598 213 5633; x_wconf 79' lang='lat'><em>&quot;</em></span> <span class='ocrx_word' id='word_1_980' title='bbox 238 5602 418 5656; x_wconf 77' lang='lat' dir='ltr'>Super</span> <span class='ocrx_word' id='word_1_981' title='bbox 445 5604 644 5654; x_wconf 86' lang='lat' dir='ltr'>faciem</span> <span class='ocrx_word' id='word_1_982' title='bbox 679 5604 803 5653; x_wconf 84' lang='lat' dir='ltr'>Bod.</span> <span class='ocrx_word' id='word_1_983' title='bbox 841 5605 885 5654; x_wconf 95' lang='grc'>1.</span> <span class='ocrx_word' id='word_1_984' title='bbox 979 5604 1021 5637; x_wconf 76' lang='grc'>⁸⁸</span> <span class='ocrx_word' id='word_1_985' title='bbox 1048 5607 1294 5656; x_wconf 77' lang='lat' dir='ltr'>Imperas</span> <span class='ocrx_word' id='word_1_986' title='bbox 1316 5615 1477 5653; x_wconf 90' lang='lat' dir='ltr'>servo</span> <span class='ocrx_word' id='word_1_987' title='bbox 1514 5602 1655 5651; x_wconf 88' lang='lat' dir='ltr'>Lam.</span> <span class='ocrx_word' id='word_1_988' title='bbox 1752 5605 1793 5639; x_wconf 76' lang='grc'>8⁷</span> <span class='ocrx_word' id='word_1_989' title='bbox 1819 5613 1825 5648; x_wconf 73' lang='grc' dir='ltr'><strong>ε</strong></span> 
     </span>
    </p>
   </div>
   <div class='ocr_carea' id='block_1_115' title="bbox 1926 5528 2753 5656">
    <p class='ocr_par' dir='ltr' id='par_1_115' title="bbox 1926 5528 2753 5655">
     <span class='ocr_line' id='line_1_116' title="bbox 1926 5528 2753 5597; baseline -0.007 -16"><span class='ocrx_word' id='word_1_990' title='bbox 1926 5549 2029 5597; x_wconf 87' lang='lat' dir='ltr'>.gro</span> <span class='ocrx_word' id='word_1_991' title='bbox 2082 5535 2213 5582; x_wconf 76' lang='lat' dir='ltr'>Voss.</span> <span class='ocrx_word' id='word_1_992' title='bbox 2312 5530 2355 5564; x_wconf 73' lang='grc'>⁸⁴</span> <span class='ocrx_word' id='word_1_993' title='bbox 2383 5530 2670 5579; x_wconf 85' lang='lat' dir='ltr'>Frameam</span> <span class='ocrx_word' id='word_1_994' title='bbox 2714 5528 2753 5576; x_wconf 73' lang='lat' dir='ltr'>fe</span> 
     </span>
     <span class='ocr_line' id='line_1_117' title="bbox 1926 5599 2753 5655; baseline -0.011 1"><span class='ocrx_word' id='word_1_995' title='bbox 1926 5608 2274 5655; x_wconf 87' lang='lat' dir='ltr'>ceamentum</span> <span class='ocrx_word' id='word_1_996' title='bbox 2306 5602 2521 5651; x_wconf 88' lang='lat' dir='ltr'>solvere</span> <span class='ocrx_word' id='word_1_997' title='bbox 2559 5599 2685 5650; x_wconf 86' lang='lat' dir='ltr'>Bod.</span> <span class='ocrx_word' id='word_1_998' title='bbox 2723 5599 2753 5648; x_wconf 91' lang='lat'>3</span> 
     </span>
    </p>
   </div>
   <div class='ocr_carea' id='block_1_116' title="bbox 1866 5620 2770 5655">
    <p class='ocr_par' dir='ltr' id='par_1_116' title="bbox 1866 5620 2770 5655">
     <span class='ocr_line' id='line_1_118' title="bbox 1866 5620 2770 5655; baseline -0.01 1"><span class='ocrx_word' id='word_1_999' title='bbox 1866 5620 2274 5655; x_wconf 78' lang='lat' dir='ltr'>alceamentum</span> <span class='ocrx_word' id='word_1_1000' title='bbox 2306 5620 2521 5651; x_wconf 74' lang='lat' dir='ltr'>scivere</span> <span class='ocrx_word' id='word_1_1001' title='bbox 2559 5620 2685 5650; x_wconf 75' lang='lat' dir='ltr'>una.</span> <span class='ocrx_word' id='word_1_1002' title='bbox 2723 5620 2770 5648; x_wconf 77' lang='grc' dir='ltr'>ο.</span> 
     </span>
    </p>
   </div>
   <div class='ocr_carea' id='block_1_117' title="bbox 174 5598 1655 5668">
    <p class='ocr_par' dir='ltr' id='par_1_117' title="bbox 174 5598 1655 5668">
     <span class='ocr_line' id='line_1_119' title="bbox 174 5598 1655 5668; baseline -0.001 -15"><span class='ocrx_word' id='word_1_1003' title='bbox 174 5598 213 5633; x_wconf 73' lang='grc'>⁸⁵</span> <span class='ocrx_word' id='word_1_1004' title='bbox 238 5602 418 5667; x_wconf 90' lang='lat' dir='ltr'>Super</span> <span class='ocrx_word' id='word_1_1005' title='bbox 445 5604 644 5654; x_wconf 86' lang='lat' dir='ltr'>faciem</span> <span class='ocrx_word' id='word_1_1006' title='bbox 679 5604 803 5653; x_wconf 84' lang='lat' dir='ltr'>Bod.</span> <span class='ocrx_word' id='word_1_1007' title='bbox 841 5605 885 5654; x_wconf 95' lang='grc'>1.</span> <span class='ocrx_word' id='word_1_1008' title='bbox 979 5604 1021 5637; x_wconf 76' lang='grc'>⁸⁸</span> <span class='ocrx_word' id='word_1_1009' title='bbox 1048 5607 1294 5668; x_wconf 89' lang='lat' dir='ltr'>Imperas</span> <span class='ocrx_word' id='word_1_1010' title='bbox 1316 5615 1477 5653; x_wconf 90' lang='lat' dir='ltr'>servo</span> <span class='ocrx_word' id='word_1_1011' title='bbox 1514 5602 1655 5651; x_wconf 88' lang='lat' dir='ltr'>Lam.</span> 
     </span>
    </p>
   </div>
   <div class='ocr_carea' id='block_1_118' title="bbox 2312 5526 3553 5579">
    <p class='ocr_par' dir='ltr' id='par_1_118' title="bbox 2312 5526 3553 5579">
     <span class='ocr_line' id='line_1_120' title="bbox 2312 5526 3553 5579; baseline -0.003 -1"><span class='ocrx_word' id='word_1_1012' title='bbox 2312 5530 2670 5579; x_wconf 53' lang='lat' dir='ltr'>8‘Frameam</span> <span class='ocrx_word' id='word_1_1013' title='bbox 2714 5528 2981 5577; x_wconf 83' lang='lat' dir='ltr'>ferentem</span> <span class='ocrx_word' id='word_1_1014' title='bbox 3038 5529 3166 5578; x_wconf 80' lang='lat' dir='ltr'>Thu.</span> <span class='ocrx_word' id='word_1_1015' title='bbox 3216 5530 3354 5577; x_wconf 77' lang='lat' dir='ltr'>Fose.</span> <span class='ocrx_word' id='word_1_1016' title='bbox 3407 5526 3553 5575; x_wconf 85' lang='lat' dir='ltr'>Corb.</span> 
     </span>
    </p>
   </div>
   <div class='ocr_carea' id='block_1_119' title="bbox 2867 5598 3560 5658">
    <p class='ocr_par' dir='ltr' id='par_1_119' title="bbox 2867 5598 3560 5658">
     <span class='ocr_line' id='line_1_121' title="bbox 2867 5598 3560 5658; baseline -0.017 -5"><span class='ocrx_word' id='word_1_1017' title='bbox 2867 5598 2910 5632; x_wconf 78' lang='grc'>³⁸</span> <span class='ocrx_word' id='word_1_1018' title='bbox 2940 5600 3061 5652; x_wconf 85' lang='lat' dir='ltr'>Non</span> <span class='ocrx_word' id='word_1_1019' title='bbox 3095 5598 3523 5651; x_wconf 85' lang='lat' dir='ltr'>concremabatn</span> <span class='ocrx_word' id='word_1_1020' title='bbox 3538 5626 3560 5658; x_wconf 60' lang='grc' dir='ltr'><strong><em>Γ</em></strong></span> 
     </span>
    </p>
   </div>
   <div class='ocr_carea' id='block_1_120' title="bbox 175 5664 3559 5735">
    <p class='ocr_par' dir='ltr' id='par_1_120' title="bbox 175 5664 3559 5735">
     <span class='ocr_line' id='line_1_122' title="bbox 175 5664 3559 5735; baseline -0.002 -10"><span class='ocrx_word' id='word_1_1021' title='bbox 175 5675 295 5725; x_wconf 86' lang='lat' dir='ltr'>Bod.</span> <span class='ocrx_word' id='word_1_1022' title='bbox 322 5664 377 5726; x_wconf 70' lang='grc'>1.</span> <span class='ocrx_word' id='word_1_1023' title='bbox 410 5674 857 5727; x_wconf 85' lang='lat' dir='ltr'>Comburebatur</span> <span class='ocrx_word' id='word_1_1024' title='bbox 881 5677 1019 5727; x_wconf 85' lang='lat' dir='ltr'>Lam.</span> <span class='ocrx_word' id='word_1_1025' title='bbox 1048 5664 1158 5727; x_wconf 53' lang='grc' dir='ltr'>ΝΟ.</span> <span class='ocrx_word' id='word_1_1026' title='bbox 1189 5678 1240 5728; x_wconf 90' lang='lat'>2.</span> <span class='ocrx_word' id='word_1_1027' title='bbox 1265 5675 1389 5726; x_wconf 82' lang='lat' dir='ltr'>Bod.</span> <span class='ocrx_word' id='word_1_1028' title='bbox 1412 5675 1461 5723; x_wconf 79' lang='lat'>2.</span> <span class='ocrx_word' id='word_1_1029' title='bbox 1526 5670 1569 5707; x_wconf 79' lang='grc'>⁸⁸</span> <span class='ocrx_word' id='word_1_1030' title='bbox 1592 5673 1746 5726; x_wconf 89' lang='lat' dir='ltr'>Vado</span> <span class='ocrx_word' id='word_1_1031' title='bbox 1771 5679 1826 5725; x_wconf 92' lang='lat' dir='ltr'>et</span> <span class='ocrx_word' id='word_1_1032' title='bbox 1851 5674 2049 5726; x_wconf 87' lang='lat' dir='ltr'>videbo</span> <span class='ocrx_word' id='word_1_1033' title='bbox 2073 5675 2178 5725; x_wconf 85' lang='lat' dir='ltr'>Bod</span> <span class='ocrx_word' id='word_1_1034' title='bbox 2218 5675 2264 5724; x_wconf 92' lang='grc'>1.</span> <span class='ocrx_word' id='word_1_1035' title='bbox 2329 5672 2373 5707; x_wconf 81' lang='grc'>⁹⁰</span> <span class='ocrx_word' id='word_1_1036' title='bbox 2400 5673 2518 5723; x_wconf 89' lang='lat' dir='ltr'>Non</span> <span class='ocrx_word' id='word_1_1037' title='bbox 2546 5674 2932 5723; x_wconf 87' lang='lat' dir='ltr'>concrematur</span> <span class='ocrx_word' id='word_1_1038' title='bbox 2983 5670 3111 5724; x_wconf 86' lang='lat' dir='ltr'>Bod.</span> <span class='ocrx_word' id='word_1_1039' title='bbox 3144 5671 3191 5720; x_wconf 90' lang='grc'>1.</span> <span class='ocrx_word' id='word_1_1040' title='bbox 3257 5664 3300 5701; x_wconf 82' lang='grc'>⁸¹</span> <span class='ocrx_word' id='word_1_1041' title='bbox 3322 5669 3559 5735; x_wconf 76' lang='lat' dir='ltr'>Moyses,</span> 
     </span>
    </p>
   </div>
   <div class='ocr_carea' id='block_1_121' title="bbox 173 5741 2726 5813">
    <p class='ocr_par' dir='ltr' id='par_1_121' title="bbox 173 5741 2726 5813">
     <span class='ocr_line' id='line_1_123' title="bbox 173 5741 2726 5813; baseline -0.002 -16"><span class='ocrx_word' id='word_1_1042' title='bbox 173 5743 415 5811; x_wconf 75' lang='lat' dir='ltr'>Moyses,</span> <span class='ocrx_word' id='word_1_1043' title='bbox 452 5748 544 5813; x_wconf 88' lang='lat' dir='ltr'>qui</span> <span class='ocrx_word' id='word_1_1044' title='bbox 580 5747 747 5811; x_wconf 78' lang='lat' dir='ltr'>dixit,</span> <span class='ocrx_word' id='word_1_1045' title='bbox 777 5748 915 5813; x_wconf 89' lang='lat' dir='ltr'>quid</span> <span class='ocrx_word' id='word_1_1046' title='bbox 945 5751 1061 5809; x_wconf 81' lang='lat' dir='ltr'>est;</span> <span class='ocrx_word' id='word_1_1047' title='bbox 1094 5746 1298 5813; x_wconf 77' lang='lat' dir='ltr'>reliqua</span> <span class='ocrx_word' id='word_1_1048' title='bbox 1330 5745 1520 5800; x_wconf 72' lang='lat' dir='ltr'>desunt</span> <span class='ocrx_word' id='word_1_1049' title='bbox 1558 5750 1610 5800; x_wconf 69' lang='lat' dir='ltr'>in</span> <span class='ocrx_word' id='word_1_1050' title='bbox 1637 5749 1731 5799; x_wconf 70' lang='lat' dir='ltr'>Me.</span> <span class='ocrx_word' id='word_1_1051' title='bbox 1796 5745 1839 5781; x_wconf 67' lang='grc'>’⁸</span> <span class='ocrx_word' id='word_1_1052' title='bbox 1863 5747 2016 5798; x_wconf 84' lang='lat' dir='ltr'>Deus</span> <span class='ocrx_word' id='word_1_1053' title='bbox 2041 5748 2262 5811; x_wconf 80' lang='lat' dir='ltr'>patrum</span> <span class='ocrx_word' id='word_1_1054' title='bbox 2293 5747 2518 5796; x_wconf 83' lang='lat' dir='ltr'>tuorum</span> <span class='ocrx_word' id='word_1_1055' title='bbox 2542 5741 2651 5796; x_wconf 81' lang='grc' dir='ltr'>ΝΟ.</span> <span class='ocrx_word' id='word_1_1056' title='bbox 2682 5742 2726 5794; x_wconf 91' lang='grc'>1.</span> 
     </span>
    </p>
   </div>
  </div>
