3998 6194
190 214 279 271 745
1163 206 1717 264 TESTIMONIOBUM
1758 229 1769 263 ι

1947 205 2220 262 JUDAEOS
2259 206 2382 261 LIB.
2426 206 2491 262 ιι.
3073 171 3080 179 ’
3414 210 3515 265 746

189 338 301 391 Cn.
348 334 501 388 XXII.
548 363 616 417 :-
671 332 826 417 Quod
866 335 923 417 in
968 333 1256 417 νιος-εἰρηο
1308 333 1678 417 crucis__salus
1728 334 1799 387 sit
1818 331 2091 417 Avidcre
2140 330 2567 400 corruptionem
2595 330 2636 370 ³⁸
2683 353 2711 381 ›-
2762 330 2930 401 (Psal.
2979 346 3070 400 xv,
3117 332 3231 400 10).
3275 333 3417 387 Item
3465 332 3525 386 in

414 413 655 469 omnibus
682 414 781 483 qui
805 415 865 467 in
890 413 1167 478 frontibus
1206 419 1464 468 notentur
1490 412 1557 467 ³³.
1818 412 1877 417 ’⁷
1897 426 1993 480 Ρεδ

1948 425 2118 479 salmo
2146 441 2204 480 xxx
2236 442 2247 477 :
2295 444 2322 471 ‹‹
2366 424 2484 495 Ego
2528 424 2788 492 dormivi,
2820 430 2875 479 et
2921 441 3187 480 somnum
3226 426 3350 495 cepi
3380 433 3439 493 ³⁵,
3471 432 3527 481 et

250 517 399 589 Apud
432 517 782 572 Ezechielem
825 516 959 571 dicit
1005 516 1318 572 Dominus:
1362 538 1389 565 ‹‹
1432 518 1625 571 Transi
1672 532 1794 571 me-
1898 519 2199 585 resurrexi,
2234 518 2507 589 quoniam
2534 517 2808 572 Dominus
2831 518 3130 573 auxiliatus
3151 522 3236 573 est
3263 519 3406 573 mihi
3428 522 3471 555 ³⁵
3493 542 3519 570 ››

191 613 328 668 diem
365 610 702 679 Jerusalem,
734 614 791 664 et
830 610 1052 665 notabis
1098 610 1327 682 signum
1372 628 1544 682 super
1587 610 1801 665 frontes
1901 614 2069 681 (Psal.
2111 628 2186 680 xxx,
2221 611 2293 682 6).
2342 614 2485 666 Item
2530 616 2651 665 cata
2694 613 3008 667 Joannem:
3044 634 3070 661 ‹‹
3117 615 3291 668 Nemo
3336 614 3525 669 aufert

189 706 418 760 virorum
467 704 563 777 qui
603 704 910 776 ingemunt
961 710 1017 759 et
1065 708 1307 759 moerent
1358 704 1428 758 ob
1474 704 1800 775 iniquitates
1902 707 2153 762 animam
2194 722 2384 760 meam
2421 723 2452 759 a
2498 722 2609 771 me,
2657 706 2754 759 sed
2799 722 2906 777 ego
2953 723 2985 759 a
3025 722 3115 761 me
3158 723 3307 777 pono
3352 724 3522 777 eam;

189 816 301 873 qua:
337 798 481 853 ﬁunt
522 798 582 853 in
626 798 811 854 medio
857 797 1113 869 ipsorum
1160 820 1188 849 »
1240 798 1477 869 (Ezech.,
1511 814 1583 865 xx,
1628 799 1682 866 4,
1722 796 1797 865 6).
1900 804 2243 872 potestatem
2301 798 2481 854 habeo
2537 799 2784 869 ponendi
2841 816 3013 867 eam,
3069 802 3127 853 et
3188 804 3524 871 potestatem

190 895 314 949 Item
344 893 462 947 illic
492 910 505 947 :
540 913 565 944 «
611 892 805 947 Vadite
831 892 880 927 ²⁴
920 897 975 947 et
1013 892 1232 960 caedite,
1268 899 1323 947 et
1360 893 1539 947 nolite
1571 907 1801 962 parcere
1901 893 2081 947 habeo
2115 892 2325 947 iterum
2369 892 2632 947 sumendi
2666 908 2810 946 eam.
2846 893 2957 945 Hoc
2997 893 3152 946 enim
3194 894 3527 948 mandatum

191 986 351 1043 oculis
380 986 597 1039 vestris.
628 986 816 1039 Nolite
845 985 1105 1040 misereri
1145 986 1388 1040 senioris
1425 990 1481 1040 et
1508 984 1733 1055 juvenis
1758 984 1802 1022 ’⁵
1901 987 2091 1058 accepi
2119 1004 2150 1040 a
2181 989 2341 1041 Patre
2369 1003 2498 1040 meo
2528 1008 2555 1036 ››
2590 988 2790 1055 (Joan.,
2822 1002 2874 1053 x,
2907 986 2992 1053 10,
3026 986 3130 1056 14).

190 1086 237 1135 et
261 1079 512 1151 virginis,
543 1086 598 1134 et
650 1080 912 1149 parvulos
940 1085 994 1134 et
1039 1080 1309 1134 mulieres
1355 1077 1687 1147 interficite,
1738 1081 1805 1132 ut
1902 1084 2031 1137 Cir.
2064 1080 2211 1135 XXV.
2246 1110 2311 1120 -—
2351 1081 2504 1147 Quod
2548 1080 2613 1133 ab
2650 1082 2843 1147 inferis
2887 1083 3043 1135 tertio
3080 1081 3167 1135 die
3204 1087 3526 1150 resurgeret.

188 1174 595 1246 perdeleantur.
628 1174 868 1228 Omnem
907 1176 1099 1228 autem
1146 1190 1315 1244 super
1360 1190 1530 1245 quem
1573 1173 1803 1243 signum
1973 1175 2139 1245 Apud
2165 1178 2301 1230 Osee
2332 1191 2344 1228 :
2382 1194 2409 1222 ‹‹
2439 1174 2748 1229 Viviﬁcabit
2780 1170 2820 1205 ³⁷
2848 1190 2948 1229 nos
2979 1177 3102 1245 post
3140 1175 3401 1243 biduum,
3437 1176 3528 1230 die

189 1268 443 1338 scriptum
490 1272 593 1334 est,
643 1283 713 1321 ne
760 1266 1083 1339 tetigeritis,
1122 1270 1179 1322 et
1231 1268 1301 1321 ab
1347 1268 1480 1337 ipsis
1507 1268 1555 1302 ²⁶
1598 1266 1805 1321 sanctis
1906 1267 2073 1324 tertio
2104 1284 2473 1338 resurgemus
2503 1263 2546 1301 ³⁸
2574 1288 2601 1316 ››
2635 1268 2799 1337 (Osee,
2833 1284 2904 1335 vx,
2935 1269 3011 1336 2).
3039 1270 3182 1323 Item
3208 1270 3268 1323 in
3292 1269 3522 1325 Exodo:

191 1362 321 1415 meis
346 1361 605 1432 incipite.
638 1382 665 1409 ιι
702 1362 844 1415 Item
890 1361 947 1415 in
989 1360 1186 1415 Exodo
1239 1362 1383 1415 Deus
1429 1362 1502 1415 ad
1532 1362 1757 1432 Moysen
1789 1376 1801 1414 :
1908 1383 1936 1412 α
1967 1364 2035 1417 Et
2063 1362 2205 1417 dixit
2235 1362 2509 1416 Dominus
2546 1362 2617 1416 ad
2646 1362 2872 1432 Moysen
2904 1378 2915 1417 :
2962 1363 3249 1417 Descende
3290 1367 3345 1417 et
3376 1364 3528 1418 testi-

196 1481 219 1508 α
244 1460 307 1512 Et
332 1459 437 1513 erit
467 1458 695 1529 sanguis
726 1458 767 1492 ⁸⁷
812 1458 868 1512 in
902 1458 1070 1529 signo
1101 1458 1256 1512 vobis
1288 1476 1459 1529 super
1502 1459 1702 1513 domos
1746 1459 1805 1512 in
1905 1456 2073 1511 ﬁcere
2117 1456 2344 1527 populo,
2384 1459 2441 1509 et
2487 1455 2769 1510 sanctifica
2807 1457 2934 1511 illos
2980 1457 3151 1511 hodie
3197 1463 3252 1511 et
3292 1474 3432 1524 cras,
3477 1464 3533 1513 et

193 1553 383 1624 quibus
412 1552 491 1606 ibi
539 1552 739 1621 eritis;
788 1558 843 1606 et
887 1553 1091 1607 videbo
1132 1552 1493 1624 sanguinem,
1522 1559 1578 1607 et
1616 1556 1805 1623 prote-
1906 1550 2107 1605 lavent
2132 1553 2341 1604 vestem
2392 1566 2551 1605 suam
2582 1550 2644 1617 '9,
2684 1554 2742 1603 et
2786 1551 2898 1604 sint
2940 1551 3119 1621 parati
3159 1552 3216 1604 in
3255 1551 3526 1621 perendi-

189 1663 306 1717 gem
351 1663 467 1712 vos,
497 1651 553 1700 et
591 1663 703 1700 non
747 1647 853 1700 erit
893 1647 949 1700 in
992 1646 1149 1701 vobis
1191 1647 1361 1718 plaga
1412 1645 1806 1701 diminutionis
1906 1660 2048 1698 num
2074 1643 2248 1697 diem.
2279 1644 2375 1698 Die
2408 1644 2563 1697 enim
2606 1643 2772 1698 tertio
2818 1643 3121 1698 descendet
3167 1645 3441 1699 Dominus
3470 1646 3529 1698 in

166 1746 303 1795 .cux‘n
345 1740 671 1811 percutiam
716 1743 927 1793 terram
974 1740 1201 1811 {Egypti
1248 1761 1276 1790 »
1324 1741 1541 1809 (Exod,
1570 1756 1662 1807 xxx,
1698 1719 2165 1808 13).Bmontem
2206 1737 2336 1791 Sina
2364 1738 2411 1770 ⁴⁰
2462 1758 2489 1786 ››
2549 1738 2764 1806 (Exod,
2813 1754 2927 1804 xxx,
2982 1741 3066 1802 10,
3121 1742 3224 1807 11).
3284 1740 3426 1793 Item
3470 1739 3529 1792 in

192 1834 317 1888 Item
342 1836 400 1888 in
432 1833 810 1906 Apocalypsi:
856 1858 882 1883 (ι
913 1834 980 1888 Et
1027 1834 1143 1887 vidi
1187 1836 1415 1905 Agnum
1461 1839 1706 1889 stantem
1750 1833 1808 1887 in
1910 1831 2257 1902 Evangelio:
2310 1852 2337 1878 «
2384 1830 2690 1900 Progenies
2730 1847 2979 1902 nequam
3020 1837 3078 1885 et
3114 1831 3371 1887 adultera
3415 1833 3527 1903 sig-

190 1933 369 1983 monte
414 1928 462 1965 "
519 1928 676 1996 Sion,
736 1931 793 1982 et
846 1944 975 1982 cum
1026 1944 1091 1981 eo
1139 1933 1369 1983 centum
1427 1927 1809 1999 quadraginta
1911 1942 2049 1979 num
2073 1924 2296 1996 quaerit,
2326 1928 2381 1978 et
2411 1924 2641 1995 signum
2668 1940 2783 1979 non
2816 1924 3040 1980 dabitur
3066 1924 3147 1979 illi
3170 1924 3278 1980 nisi
3301 1926 3530 1996 signum

189 2029 423 2093 quatuor
453 2022 652 2086 millia,
685 2027 740 2076 et
781 2021 1076 2076 habebant
1112 2038 1323 2077 nomen
1356 2022 1478 2093 ejus
1514 2027 1570 2076 et
1599 2038 1807 2076 nomen
1908 2021 2063 2074 Jonas
2103 2021 2145 2053 ⁸³
2202 2018 2516 2089 prophetae.
2564 2018 2856 2083 Quomodo
2904 2019 3060 2073 enim
3108 2019 3218 2074 fuit
3267 2022 3433 2075 Jonas
3476 2021 3534 2075 in

188 2116 357 2169 Patris
409 2116 533 2187 ejus
585 2116 862 2187 scriptum
918 2115 977 2169 in
1028 2115 1307 2170 frontibus
1360 2116 1476 2170 suis
1522 2136 1549 2165 ››
1596 2115 1808 2185 (Apoc,
1911 2117 2109 2167 ventre
2140 2114 2248 2167 ceti
2277 2112 2454 2167 tribus
2485 2112 2683 2167 diebus
2707 2116 2761 2167 et
2787 2112 2966 2168 tribus
3006 2114 3287 2182 noctibus,
3317 2115 3397 2170 ita
3431 2116 3538 2170 erit

189 2225 289 2278 xxv,
332 2212 403 2279 l).
457 2212 596 2265 Item
643 2208 797 2263 illic:
850 2229 876 2258 α
922 2210 1041 2280 Ego
1084 2226 1207 2263 sxxm
1236 2224 1267 2255 α
1315 2214 1371 2263 et
1398 2224 1457 2277 ω,
1503 2209 1719 2280 primus
1758 2215 1814 2265 et
1913 2206 2083 2263 Filius
2149 2206 2398 2261 hominis
2460 2206 2518 2260 in
2570 2206 2735 2262 corde
2790 2210 2952 2262 terra:
2992 2209 3037 2241 ⁴¹
3092 2209 3273 2264 tribus
3336 2209 3535 2263 diebus

191 2303 536 2370 novissimus,
571 2303 799 2357 initium
828 2309 883 2357 et
909 2304 1058 2358 ﬁnis.
1094 2304 1301 2358 Felices
1336 2320 1430 2359 eos
1459 2304 1557 2375 qui
1600 2304 1814 2357 faciunt
1915 2305 1973 2355 et
2000 2300 2178 2355 tribus
2207 2300 2469 2363 noctibus
2498 2322 2525 2350 ››
2559 2301 2805 2371 (Matth,
2838 2317 2947 2370 xvx,
2977 2302 3051 2373 4).

188 2397 638 2500 pie°f’}’“fj“3'
670 2400 728 2451 Ut
756 2397 827 2451 Sit
868 2400 1120 2500 P983?”
1164 2414 1361 2452 eorum
1392 2414 1563 2469 super
1590 2398 1811 2469 lignum
1915 2428 2041 2483 CAP.
2073 2428 2248 2482 XXVI.
2279 2456 2348 2468 —
2386 2428 2556 2494 Quod,
2588 2443 2707 2482 cum
2755 2432 3153 2493 resurrexisset,
3193 2432 3456 2500 acciperet
3506 2448 3540 2485 α

190 2491 301 2545 vitae
330 2492 373 2525 '°
402 2513 436 2541 n
470 2492 685 2562 (Apoc.,
709 2507 839 2556 xxxx,
874 2491 1077 2559 13-14).

1986 2510 2150 2563 Patre
2188 2491 2416 2562 omnem
2429 2491 2769 2579 potestatem,
2816 2515 2865 2563 et
2901 2491 3144 2579 potestas
3175 2491 3539 2579 ejus-aeterna

197 2602 318 2658 CAP.
369 2604 553 2658 XXIII.
612 2632 680 2642 -—
729 2602 884 2669 Quod
932 2603 1106 2657 medio
1159 2603 1246 2657 die
1298 2605 1355 2657 in
1398 2606 1655 2673 passione
1706 2603 1816 2673 ejus
1986 2591 2072 2642 δίε·

656 2683 884 2738 tenebrae
909 2684 1120 2750 futura
1145 2689 1335 2738 essent.
1986 2706 2148 2775 Apud
2178 2706 2235 2759 1);

1986 2706 2148 2775 Apud
2178 2705 2469 2759 Danielem
2503 2722 2515 2760 :
2552 2725 2579 2757 ‹‹
2611 2705 2883 2760 Videbam
2917 2706 2975 2760 in
3005 2707 3125 2761 visu
3168 2713 3334 2763 nocte
3361 2710 3438 2778 ‘x;
3486 2713 3542 2764 et

250 2784 410 2857 Apud
443 2786 656 2839 Amos:
698 2806 726 2835 ‹‹
755 2786 821 2839 Et
850 2785 957 2839 erit
982 2785 1041 2839 in
1080 2785 1179 2840 illo
1213 2785 1326 2848 die,
1358 2785 1495 2840 dicit
1522 2785 1814 2853 Dominus,

1958 2815 2043 2853 cce
2074 2799 2132 2852 in
2177 2799 2420 2853 nubibus
2452 2799 2573 2854 caeli
2618 2802 2782 2871 quasi
2811 2800 2979 2853 Filius
3005 2801 3258 2855 hominis
3303 2803 3537 2858 veniens

195 2880 404 2934 occidet
430 2879 515 2934 sol
542 2878 807 2947 meridie,
838 2884 893 2933 et
934 2878 1408 2933 obtenebrabitur
1437 2880 1548 2950 (37)
1579 2879 1702 2933 dies
1728 2879 1815 2933 lu-
1917 2892 2071 2948 venit
2097 2910 2278 2964 usque
2321 2893 2392 2947 ad
2433 2895 2697 2948 veterem
2730 2893 2973 2963 dierum,
3006 2897 3063 2948 οι
3106 2896 3258 2950 stem
3304 2896 3361 2950 in
3404 2914 3539 2953 con-

190 2979 259 3033 cis
286 2996 297 3032 :
330 2985 384 3034 et
413 2983 745 3033 convertam
781 2977 901 3031 dies
940 2978 1111 3032 festos
1145 2981 1354 3032 vestros
1403 2978 1461 3031 in
1502 2978 1715 3032 lxxctum
1764 2984 1821 3033 et
1918 2992 2108 3059 specta
2134 2988 2273 3058 ejus,
2305 2990 2361 3042 et
2387 2988 2481 3059 qui
2508 2987 2840 3044 assistebant
2866 2988 2982 3058 ei)“
3013 2989 3339 3045 obtulerunt
3368 3009 3533 3047 eum;

191 3073 369 3127 omnia
414 3072 641 3127 cantica
683 3074 868 3126 vestra
913 3072 969 3125 in
1016 3071 1481 3126 lamentationem
1532 3094 1558 3122 ”
1608 3074 1811 3143 (Ανηοε,
1842 3140 1887 3156 Α
1916 3089 1970 3137 et
2002 3083 2134 3136 data
2166 3086 2250 3136 est
2272 3083 2323 3135 ei
2350 3085 2599 3152 potestas
2638 3082 2816 3153 regia,
2856 3086 2912 3137 et
2952 3100 3153 3139 omnes
3180 3101 3344 3156 reges
3373 3092 3539 3143 terra;

191 3181 292 3231 vxxx,
320 3169 371 3235 9,
420 3166 535 3236 10).
578 3167 721 3220 Item
770 3166 915 3237 apud
962 3166 1264 3220 Jeremiam
1300 3182 1312 3219 :
1351 3187 1378 3215 ‹‹
1419 3166 1692 3220 Exterrita
1730 3140 2019 3247 estpe,
2066 3192 2244 3247 genus
2275 3178 2340 3244 ις,
2394 3181 2451 3230 ει
2500 3176 2685 3230 omnis
2731 3177 2948 3231 claritas
2985 3178 3235 3233 serviens
3282 3182 3335 3234 ei
3363 3183 3439 3248 se;
3482 3184 3541 3236 et

194 3276 311 3330 qua:
340 3261 493 3331 parit
523 3264 579 3313 et
607 3260 808 3314 taeduit
854 3260 897 3294 ³ο
917 3260 1111 3314 anima
1134 3260 1275 3330 ejus.
1301 3259 1581 3315 Subiitsol
1610 3260 1660 3313 ei
1682 3278 1810 3314 cum
1912 3276 2160 3341 potestas
2201 3271 2322 3341 ejus
2349 3273 2578 3338 aeterna,
2602 3287 2728 3341 qum
2748 3287 2861 3325 non
2888 3273 3193 3341 auferetur,
3216 3280 3270 3327 et
3296 3291 3540 3346 regnum

188 3354 359 3408 adhuc
397 3353 617 3409 medius
657 3354 775 3409 dies
811 3358 974 3422 esset,
1016 3354 1252 3407 confusa
1296 3358 1383 3409 est
1408 3358 1465 3409 et
1492 3354 1808 3408 maledicta.
1913 3365 2035 3434 ejus
2080 3380 2197 3419 non
2245 3367 2643 3435 corrumpetur
2684 3386 2711 3413 »
2768 3366 2950 3435 (Dan.,
2982 3382 3079 3435 vxx,
3119 3370 3202 3434 I3,
3241 3368 3346 3437 14).
3396 3371 3536 3424 Item

188 3447 450 3519 Reliquos
504 3463 700 3501 eorum
759 3447 815 3501 in
862 3448 1054 3518 gladio
1085 3449 1122 3479 ³⁸
1178 3448 1327 3503 dabo
1384 3449 1444 3503 in
1505 3454 1814 3519 conspectu
1911 3458 2062 3529 apud
2114 3459 2307 3512 Isaiam
2356 3476 2434 3511 :«
2483 3459 2642 3512 Nunc
2688 3475 3011 3530 exsurgam,
3052 3460 3185 3515 dicit
3237 3463 3531 3533 Dominus,

186 3538 542 3596 inimicorum
592 3557 790 3596 eorum
840 3563 867 3591 ››
901 3542 1137 3611 (Jerem.,
1168 3558 1259 3608 xv,
1289 3544 1360 3612 9).
1390 3543 1526 3597 Item
1554 3542 1610 3595 in
1643 3544 1765 3597 Evax

1957 3569 2064 3607 unc
2094 3552 2465 3621 clariﬁcabor,
2499 3569 2651 3608 nunc
2698 3554 2989 3608 exaltabor
3007 3572 3024 3624 ;
3066 3572 3218 3609 nunc
3253 3556 3534 3626 videbitis,

193 3634 334 3704 gelio
367 3654 383 3689 :
416 3656 445 3684 ‹‹
486 3638 529 3691 A
574 3640 732 3689 sexta
778 3640 970 3690 autem
1014 3636 1151 3689 hora
1191 3636 1446 3691 tenebras
1478 3636 1641 3691 factae
1682 3653 1772 3690 sur

1960 3663 2063 3701 unc
2082 3647 2429 3718 intelligetis,
2449 3663 2600 3702 nunc
2616 3648 3066 3703 confundemini.
3081 3650 3238 3704 Vana
3258 3651 3365 3706 erit
3382 3652 3539 3707 forti-

188 3743 351 3798 ‘upel‘
380 3730 418 3759 ³³
464 3732 645 3783 ίοῐαπι
679 3734 885 3784 terram
935 3746 1109 3800 usque
1157 3730 1229 3784 ad
1277 3735 1479 3784 horam
1528 3746 1736 3784 nonam
1779 3752 1806 3780 υ
1912 3742 2049 3796 tudo
2074 3740 2303 3812 spiritus
2328 3742 2798 3812 vestri,ignisvos
2822 3745 3536 3815 consumet‘7»(lsa.,xxx,

189 3820 419 3892 (Matth.,
445 3837 617 3883 xxvxx,
648 3823 759 3891 45).
1917 3838 2001 3902 10,
2029 3839 2132 3903 ll).
2158 3837 2295 3889 Item
2322 3835 2382 3889 in
2416 3836 2641 3889 Psalmo
2663 3852 2749 3890 cxx
2776 3853 2789 3890 :
2827 3858 2853 3885 ‹‹
2888 3837 3029 3891 Dixit
3061 3838 3330 3893 Dominus
3354 3842 3402 3874 ⁵⁸
3428 3842 3532 3894 Do-

188 3938 303 3993 er.
348 3939 529 3994 XXIV.
576 3969 645 3980 --
691 3940 842 4007 Quod
901 3958 934 3995 a
986 3947 1153 3995 morte
1203 3957 1308 3995 non
1346 3942 1671 4003 vinceretur,
1718 3957 1811 3996 nec
1913 3930 2074 3983 mino
2117 3928 2455 3985 τηθοεδθάθ
2481 3928 2551 3983 8d
2595 3928 2889 3984 dexteram
2923 3946 3134 3995 meam.
3164 3934 3534 4006 quoadusque

538 4020 687 4090 apud
716 4022 916 4087 inferos
946 4036 1288 4077 remansw‘us
1319 4028 1469 4076 esset.
1910 4040 2126 4095 ponam
2140 4025 2184 4061 ‘9
2197 4023 2598 4078 inimicostuos
2612 4025 3046 4096 suppedanexxm
3063 4025 3117 4097 '7
3130 4025 3177 4099 1
3194 4026 3255 4100 8
3270 4030 3312 4064 ⁵ο
3328 4030 3537 4099 pedum

257 4127 312 4182 In
363 4128 588 4182 Psalmo
632 4143 754 4182 xxxx
788 4146 800 4183 ε
852 4148 878 4180 α
924 4129 1177 4197 Domine,
1230 4129 1563 4183 reduxisti”
1608 4129 1677 4183 ab
1722 4129 1808 4183 in-
1910 4124 2159 4173 tuorum.
2195 4118 2424 4187 Virgam
2452 4118 2677 4172 virtutis
2706 4125 2819 4174 Ῑυω
2848 4120 3033 4175 mittet
3058 4130 3098 4161 5‘
3138 4124 3284 4177 Deus
3310 4141 3341 4177 8
3380 4123 3535 4192 Sion,

188 4220 340 4275 ferno
398 4220 593 4293 ’717
653 4222 907 4277 animam
967 4240 1149 4277 meam
1216 4242 1243 4273 ››
1313 4224 1478 4291 (Psal.
1536 4239 1680 4286 xxxx,
1732 4225 1761 4277 3

1953 4218 1969 4267 t
2014 4212 2402 4267 dominaberis
2459 4214 2519 4266 in
2566 4212 2758 4267 medio
2810 4214 3174 4271 inimicorum
3227 4224 3453 4273 tuorum
3506 4242 3532 4270 υ

190 4314 321 4368 Item
367 4316 425 4369 in
484 4315 702 4369 Psalmo
746 4332 812 4370 xv
845 4333 856 4370 :
900 4337 928 4366 «
980 4317 1102 4371 Non
1149 4316 1510 4387 derelinqxxes
1561 4318 1810 4370 animam
1916 4308 2082 4378 (Ρεαιο
2118 4322 2225 4375 Cll.
2262 4308 2384 4376 1-3)-
2412 4308 2555 4362 Item
2586 4307 2642 4360 in
2674 4309 3045 4379 Apocalypsi:
3085 4331 3111 4356 υ
3142 4313 3209 4367 Et
3235 4328 3538 4369 conversus

187 4422 368 4462 meam
426 4409 581 4478 apud
630 4408 862 4475 inferos,
908 4425 1091 4481 neque
1139 4408 1297 4463 dabis
1340 4415 1602 4464 sanctum
1648 4413 1809 4464 tuum
1913 4401 2161 4473 respexi,
2193 4404 2256 4455 ut
2282 4401 2535 4456 viderem
2564 4416 2759 4455 vocem
2784 4418 2912 4472 quae
2934 4419 3161 4458 mecum
3190 4405 3535 4477 loquebatur

1550 4556 1757 4622 Variae
1815 4556 2155 4619 lectiones.

246 4688 283 4723 ⁸⁵
305 4686 610 4741 Frontibus
640 4694 905 4741 notantur
930 4693 1059 4743 Bod.
1100 4696 1144 4741 3.
1214 4695 1257 4726 ¹⁴
1287 4693 1447 4749 Vadi,
1491 4692 1691 4743 caedite
1725 4692 1844 4741 Bod.
1878 4691 1923 4751 1,
1964 4688 2013 4753 2,
2050 4690 2101 4750 3,
2132 4691 2176 4739 4.
2216 4690 2395 4739 Nolxte
2426 4688 2616 4739 Bod.3.
2686 4688 2727 4721 ⁷⁸
2770 4689 3092 4741 Senioribus
3126 4695 3179 4742 et
3214 4694 3537 4759 juvenibus,

185 4761 490 4823 virginibus
521 4766 575 4810 et
602 4762 846 4825 parvulis
874 4764 995 4811 Bod.
1021 4766 1064 4813 1.
1093 4763 1236 4813 Corb.
1271 4763 1531 4815 Seniores
1566 4768 1617 4813 et
1647 4764 1770 4813 Bod.
1807 4764 1852 4812 2.
1920 4762 1963 4794 ¹⁶
1995 4762 2080 4812 Ab
2109 4764 2242 4825 ipsis
2276 4764 2421 4812 sicut
2446 4776 2475 4811 a
2504 4764 2715 4812 sanctis
2746 4762 2870 4812 Bod.
2892 4763 2936 4812 3.
3006 4764 3047 4795 '7
3077 4765 3127 4814 Is
3154 4769 3380 4829 sanguis
3410 4771 3533 4819 Bod.

185 4829 228 4879 2.
256 4831 314 4880 In
350 4833 575 4896 signum
601 4833 713 4881 Li'n.
746 4833 868 4882 Bod.
900 4836 942 4895 1,
970 4836 1012 4883 3.
1090 4836 1132 4869 ’⁸
1167 4836 1226 4884 In
1252 4841 1499 4885 montem
1531 4838 1651 4886 Bod.
1692 4839 1737 4896 1,

1962 4871 1971 4880 .
2042 4830 2083 4864 ’⁸
2114 4832 2291 4895 Super
2317 4834 2527 4895 lignum
2561 4831 2680 4879 Bod.
2711 4833 2756 4880 1.
2788 4832 2835 4890 2,
2858 4832 2913 4892 3,
2934 4833 2981 4882 4.
3013 4837 3190 4884 Benev.
3258 4836 3301 4868 ⁴⁰
3318 4838 3535 4891 Taedia-

186 4900 260 4949 vit
280 4903 467 4950 anima
494 4901 599 4950 ΝΟ.
633 4903 678 4951 2.
736 4902 867 4952 Bod.
903 4903 949 4951 2.
1022 4906 1059 4936 "
1094 4905 1150 4953 In
1181 4905 1429 4968 gladium
1451 4906 1595 4956 dabo
1622 4909 1744 4957 Bod.

1974 4906 2011 4935 ³¹
2033 4904 2136 4953 Per
2168 4909 2336 4953 totam
2377 4909 2581 4952 terram
2613 4903 2734 4951 Bod.
2764 4904 2808 4960 I,
2832 4904 2880 4962 2,
2901 4906 2947 4953 4.
2987 4904 3313 4958 Universam
3338 4911 3459 4962 Bod.
3485 4916 3532 4966 3.

184 4970 220 5044 ξι
246 4972 508 5044 Domine.
536 4974 853 5044 imposuisti
879 4974 949 5024 ab
976 4976 1193 5026 inferno
1220 4978 1324 5026 ΝΟ.
1374 4979 1416 5027 1.
1452 4981 1591 5027 Lam.
1625 4980 1763 5030 Edu:

1955 4973 2029 5024 IC.
2065 4974 2110 5023 2.
2144 4974 2271 5025 Bod.
2310 4976 2356 5033 I,
2381 4973 2431 5034 2,
2455 4975 2500 5023 4.
2543 4972 2835 5044 Revocasti
2866 4976 2989 5044 μή.
3023 4976 3227 5026 Inferni
3262 4980 3387 5029 Bod.
3418 4985 3463 5044 1,
3487 4989 3534 5042 Ξ,

183 5040 227 5116 ξ,
254 5045 335 5116 4._
368 5042 413 5078 ιδ
440 5043 967 5116 Viderqinteritum
996 5048 1137 5097 Lam.
1168 5049 1291 5098 Bod.
1320 5049 1366 5098 2.
1398 5051 1503 5100 ΝΟ.
1543 5053 1583 5100 1.
1656 5054 1694 5083 ³⁵
1726 5052 1762 5101 S

1960 5066 2027 5101 us
2074 5059 2200 5116 sum
2234 5046 2336 5116 ιω.
2385 5042 2820 5116 Quievi_1VC.A2.
2854 5042 3079 5116 Surrexi
3119 5046 3244 5095 Bod.
3283 5050 3326 5110 1,
3377 5040 3460 5101 3,’
3496 5040 3536 5089 si

180 5108 455 5182 Dominus
510 5113 806 5163 auxiliator
834 5116 956 5163 Bod.
986 5117 1030 5176 2,
1066 5118 1111 5167 3.
1144 5120 1390 5182 suscepit
1438 5134 1541 5169 me.
1574 5121 1681 5172 Lz'n.
1713 5122 1759 5170 N

1962 5120 2002 5153 ετ
2029 5114 2343 5167 Viviﬁcavit
2364 5126 2466 5162 nos
2492 5112 2613 5161 Bod.
2658 5114 2702 5172 ι,
2742 5113 2787 5162 3.
2858 5112 2897 5144 ιε
2935 5114 3038 5163 Die
3070 5117 3229 5165 tertio
3260 5108 3392 5170 item
3424 5125 3532 5174 Lin.

180 5180 285 5230 ΝΟ.
323 5184 365 5242 1,
390 5183 440 5231 2.
466 5183 586 5231 Bod.
619 5185 662 5243 1,
691 5184 737 5232 2.
768 5189 813 5245 3,
838 5187 883 5235 4.
955 5187 994 5220 ³⁸
1020 5180 1363 5240 Vestimenta
1390 5204 1488 5241 sua
1528 5194 1665 5243 Lam.
1694 5195 1759 5244 Ν(

1957 5190 2031 5238 od.
2069 5190 2112 5249 1,
2144 5188 2189 5235 3.
2260 5186 2302 5215 ⁴⁰
2332 5184 2393 5232 In
2432 5188 2620 5233 monte
2655 5182 2792 5234 Sina
2822 5184 2947 5232 Bod.
2982 5186 3027 5239 I,
3057 5186 3100 5231 3.
3168 5188 3209 5219 ⁴¹
3239 5189 3353 5239 Nisi
3378 5193 3536 5250 Jonw

180 5251 468 5314 prophetae
494 5252 614 5301 80d.
646 5256 690 5313 1,
716 5255 761 5303 4.
829 5256 872 5287 “
901 5257 1090 5307 Desunt
1120 5260 1229 5308 illa
1259 5274 1397 5311 voces
1420 5262 1473 5310 in
1509 5264 1674 5314 corde
1702 5270 1858 5314 terras
1894 5260 2017 5310 Bod.
2052 5261 2094 5308 I.
2128 5260 2264 5307 Foss.
2301 5253 2449 5303 Corb.
2515 5256 2555 5287 ⁴³
2593 5255 2653 5302 In
2684 5256 2808 5305 visu
2836 5256 3017 5306 noctis
3052 5256 3177 5305 Bod.
3206 5260 3253 5308 2.
3290 5263 3423 5317 Foss.
3491 5270 3537 5304 δι

181 5322 529 5399 Assistebam
554 5324 875 5375 obtulerunt
905 5329 1027 5377 Bod.
1063 5332 1108 5392 1,
1136 5332 1182 5390 2,
1212 5332 1259 5393 3,
1290 5335 1336 5381 4.
1406 5334 1448 5366 ⁸⁵
1495 5334 1679 5385 Terrae
1716 5339 1770 5386 et
1798 5346 1931 5399 gens
1959 5332 2139 5382 omnis
2185 5331 2329 5399 μου.
2350 5326 2683 5399 ξεκειιιι-ςίιιῑιιΔ
2703 5339 2881 5399 genus
2913 5329 3046 5378 Tert.
3077 5395 3090 5399 Α
3113 5328 3156 5361 ⁴⁶
3185 5330 3400 5386 Servict
3427 5343 3538 5392 Lm,

180 5389 403 5470 ilignis
431 5402 851 5470 vosconsumet
882 5401 993 5470 Lin.
1040 5389 1181 5451 Lam.
1222 5389 1327 5452 ΝΟ.
1368 5405 1407 5453 1.
1439 5405 1563 5454 Bod.
1598 5407 1642 5467 I,
1673 5407 1721 5465 2,
1752 5407 1759 5453 ὲ

1959 5403 2044 5465 gni
2067 5401 2223 5449 Oxon.
2289 5394 2331 5428 ⁴³
2361 5389 2799 5470 Βιοὶιᾲῡοωᾷῐὶαε
2822 5398 2962 5470 Lam.
3052 5395 3094 5431 ⁴⁹
3117 5399 3310 5455 Donec
3335 5389 3538 5469 μνέίῶ

178 5459 288 5537 tea.
330 5462 620 5537 [φιλο.
648 5468 693 5529 ι,
723 5468 771 5517 s.
890 5469 930 5502 ⁵ο
957 5470 1277 5523 Scebellum
1322 5477 1457 5525 Lam.
1492 5477 1602 5526 ιιή.
1631 5459 1735 5527 'Nc.

1965 5459 2051 5521 bd.
2082 5472 2129 5533 2,
2154 5470 2199 5520 3.
2332 5470 2370 5501 ⁵¹
2400 5466 2629 5518 Emittet
2658 5469 2792 5517 που.
2824 5469 2976 5519 Deus
3000 5484 3068 5521 ex
3093 5473 3227 5525 Sion
3263 5459 3400 5530 ιαῖη.
3432 5459 3544 5533 Lin.

180 5532 290 5583 ΝΟ.
321 5535 372 5593 1,
402 5534 453 5583 2.

1492 5609 1717 5693 Steph.
1763 5606 2010 5673 Baluzii
2052 5610 2247 5669 notae.

183 5720 375 5845 61583;)!
378 5721 858 5844 u(ibunebrabitur.
914 5731 1055 5785 Vide
1098 5732 1394 5788 Frontonis
1455 5737 1650 5790 Ducwi
1711 5742 1869 5792 notas
1928 5737 1986 5786 in
2034 5732 2315 5785 Homitiam
2366 5744 2423 5785 vx
2482 5731 2865 5802 Chrysostomi
2918 5737 2988 5791 ad
3049 5741 3325 5818 populum
3381 5744 3580 5793 Antio-

503 5884 780 5957 ΡΑτιιοι..
804 5890 907 5961 IV.

3200 5900 3277 5959 ιιι
