3998 6194
431 303 532 356 747

1316 301 1370 354 S.
1417 299 1728 355 CYPRIANI
1767 299 2043 355 OPERUM
2079 298 2257 355 PARS
2296 299 2362 354 ll.
2404 329 2472 339 —
2510 300 2878 356 OPUSCULA.

3654 306 3744 359 748

437 424 502 480 Et
529 423 640 478 vidi
664 426 884 494 septem
911 421 1254 478 candelabra
1290 439 1487 492 aurea,
1518 429 1574 479 et
1602 424 1661 479 in
1702 424 1890 480 medio
1918 440 2052 478 can-
2078 424 2215 507 Ain
2247 424 2468 479 Christo
2498 426 2629 479 Iesu
2662 446 2689 473 ››
2724 424 2922 495 (Rom,
2956 440 3034 490 III,
3066 424 3154 489 23,
3180 422 3286 493 24).
3316 425 3454 478 Item
3486 422 3538 477 in
3568 423 3738 499 ’719

434 517 793 572 delabrorum
821 516 1066 571 similem
1089 516 1228 572 Filio
1249 518 1505 572 hominis
1525 519 1792 574 vestitum
1818 517 2054 590 podere,

436 617 492 664 et
519 613 640 664 crat
664 608 999 680 praecinctus
1025 628 1199 684 supra
1221 612 1506 667 mamillas
1526 628 1725 667 zonam
1739 629 1971 667 auream
1994 623 2056 665 ιι.

435 704 612 774 Caput
675 707 869 759 autem
940 706 1062 775 ejus
1124 711 1181 760 et
1252 707 1440 776 capilli
1503 713 1664 761 erant
1733 706 1845 761 albi
1908 707 2061 760 velut

433 798 561 851 lana
610 801 709 852 aut
753 799 868 865 nix,
917 802 974 853 et
1011 800 1158 854 oculi
1217 799 1339 870 ejus
1391 804 1454 854 ut
1509 800 1744 855 ﬂamma
1794 800 1966 870 ignis,
2005 802 2061 855 et

430 891 602 961 pedes
649 892 769 962 ejus
824 892 1035 946 similes
1089 892 1441 962 aurichalco,
1500 895 1641 947 sicut
1703 894 1772 947 de
1828 894 2060 948 fornace

436 985 585 1056 ignis
612 987 672 1055 ⁵³,
704 989 760 1040 et
787 1002 889 1039 vox
929 988 1049 1055 ejus
1086 990 1154 1041 ut
1197 1003 1365 1042 sonus
1405 1003 1684 1059 aquarum
1714 988 2056 1054 multarum;

435 1084 491 1132 et
517 1078 763 1133 habebat
798 1080 857 1133 in
891 1079 1121 1135 dextera
1145 1097 1247 1134 sua
1275 1084 1497 1150 septem
1528 1082 1735 1150 stellas,
1768 1084 1824 1134 et
1854 1097 1921 1135 ex
1964 1096 2060 1135 ore

435 1172 557 1241 ejus
582 1171 799 1242 gladius
828 1177 1067 1244 utraque
1088 1178 1253 1244 parte
1284 1175 1327 1208 ⁵⁸
1356 1180 1554 1229 acutus
1582 1174 1790 1243 exibat,
1817 1177 1875 1228 et
1894 1174 2060 1228 facies

437 1264 558 1335 ejus
598 1265 934 1335 splendebat
978 1272 1016 1302 ⁵⁵
1060 1271 1124 1320 ut
1176 1267 1259 1321 sol
1304 1268 1362 1322 in
1407 1268 1615 1322 virtute
1658 1284 1777 1321 sua.
1816 1268 1883 1321 Et
1925 1284 2057 1321 cum

432 1358 699 1413 vidissem
762 1375 927 1429 eum,
997 1359 1173 1413 cecidi
1237 1361 1308 1415 ad
1369 1362 1539 1431 pedes
1602 1362 1726 1432 ejus
1786 1365 2060 1432 tanquam

437 1455 713 1519 mortuus,
748 1457 805 1507 et
832 1453 1106 1523 imposuit
1132 1454 1175 1487 ⁵⁵
1203 1470 1375 1525 super
1419 1471 1511 1510 me
1555 1456 1849 1511 dexteram
1897 1471 2060 1510 suam

438 1547 672 1601 dicens:
714 1546 840 1600 Noli
890 1546 1112 1615 timere,
1147 1564 1254 1617 ego
1285 1565 1410 1603 sum
1456 1549 1678 1620 primus
1725 1553 1781 1604 et
1820 1548 2058 1603 novissi-

435 1656 583 1709 mus,
614 1645 671 1693 et
707 1640 866 1695 vivus
903 1642 1001 1712 qui
1039 1642 1264 1696 fueram
1312 1646 1610 1712 mortuus;
1658 1648 1715 1697 et
1759 1650 1884 1698 ecc'e
1934 1658 2060 1697 sum

436 1735 627 1789 vivens
669 1734 729 1787 in
771 1734 979 1788 saecula
1022 1736 1356 1789 saeculorum
1396 1736 1525 1807 (38),
1557 1741 1613 1791 et
1656 1736 1840 1791 habeo
1878 1737 2061 1791 claves

437 1826 638 1882 mortis
681 1830 737 1881 et
778 1828 1094 1883 inferorum
1144 1852 1170 1878 ››

436 1920 742 1990 Evangelio
772 1921 1047 1975 Dominus
1068 1927 1196 1992 post
1221 1922 1696 1977 resurrectionem
1714 1919 1752 1952 ⁵⁷
1773 1922 2062 1993 discipulis

442 2014 577 2068 dicit
607 2030 619 2066 :
656 2035 683 2061 ‹‹
712 2014 849 2069 Data
876 2021 959 2069 est
988 2015 1127 2069 mihi
1156 2017 1341 2069 omnis
1378 2020 1623 2086 potestas
1651 2018 1712 2071 in
1756 2017 1894 2071 coelo
1922 2020 1979 2071 et
2003 2017 2061 2069 in

440 2112 614 2162 terra.
670 2109 748 2161 Ite
800 2123 937 2179 ergo
978 2111 1042 2177 ⁵⁸,
1096 2115 1151 2163 et
1195 2110 1393 2163 docete
1436 2127 1641 2164 omnes
1687 2113 1906 2180 gentes,
1952 2111 2061 2163 tin-

441 2205 641 2271 gentes
670 2199 710 2233 ⁵⁹
756 2218 853 2256 eos
882 2203 941 2256 in
986 2203 1219 2257 nomine
1270 2203 1442 2257 Patris
1484 2209 1538 2258 et
1570 2204 1694 2257 Filii
1739 2209 1795 2259 et
1828 2203 2065 2275 Spiritus

442 2296 640 2365 sancti,
677 2296 945 2350 docentes
991 2313 1089 2351 eos
1131 2298 1429 2351 observare
1474 2298 1668 2352 omnia
1710 2314 2067 2370 quaecunque

439 2390 682 2459 prtecepi
708 2389 862 2443 vobis
887 2387 932 2423 ‘0
963 2411 989 2440 η
1019 2389 1264 2461 (Matth.,
1296 2406 1477 2459 xxvm,
1509 2395 1594 2460 18,
1624 2391 1730 2461 19).

437 2508 564 2562 CAP.
591 2507 789 2561 XXVII.
829 2537 896 2545 —-
945 2507 1098 2572 Quod
1131 2510 1405 2576 pervmu'ri
1442 2523 1549 2561 non
1588 2512 1754 2577 possit
1790 2509 1866 2562 ad
1904 2511 2070 2563 Deum

537 2588 751 2641 Patrem
778 2589 886 2640 nisi
904 2602 1004 2656 per
1033 2587 1231 2641 Filium
1257 2588 1302 2621 δι
1337 2588 1455 2655 ejus
1480 2590 1660 2642 Jesum
1687 2588 1974 2643 Christum.

508 2690 569 2742 In
600 2688 907 2758 Evangelio
941 2704 953 2740 :
990 2708 1017 2736 ‹‹
1049 2690 1166 2757 Ego
1196 2705 1321 2742 sum
1349 2689 1439 2743 via
1486 2694 1542 2744 et
1585 2689 1790 2744 veritas
1832 2695 1889 2743 et
1930 2691 2067 2744 vita.

438 2784 622 2836 Nemo
652 2782 808 2836 venit
836 2781 906 2835 ad
938 2783 1161 2836 Patrem
1187 2781 1297 2836 nisi
1319 2799 1424 2854 per
1445 2799 1536 2837 me
1559 2804 1588 2831 »
1610 2782 2068 2854 (Joann.,x1v,6).

438 2877 585 2930 Item
611 2875 764 2929 illic:
796 2895 825 2923 «
872 2876 989 2945 Ego
1036 2891 1161 2930 sum
1210 2875 1440 2930 ostium.
1470 2876 1512 2909 ⁸³
1560 2878 1667 2930 Per
1716 2892 1807 2930 me
1854 2877 1899 2930 si
1946 2877 2072 2947 quis

448 2968 730 3023 introierit
754 2966 818 3035 ⁸³,
866 2968 1172 3023 salvabitur
1215 2992 1242 3017 ν
1290 2970 1488 3035 (Joan.,
1524 2986 1575 3037 ιι,
1610 2970 1680 3037 9).
1726 2973 1867 3024 Item
1911 2969 2068 3023 illic:

447 3086 473 3111 ‹‹
522 3063 679 3117 Multi
728 3064 1026 3134 prophetia
1071 3069 1126 3117 et
1176 3064 1317 3134 justi
1365 3064 1667 3133 cupierunt
1708 3063 1901 3117 videre
1946 3079 2072 3133 qum

442 3157 667 3222 videtis,
699 3161 755 3210 et
800 3173 919 3213 non
958 3156 1238 3220 viderunt,
1271 3162 1328 3211 et
1369 3158 1565 3212 audire
1600 3173 1727 3228 quae
1759 3156 1989 3222 auditis,
2018 3159 2073 3211 et

446 3267 562 3305 non
593 3250 903 3306 audierunt
926 3273 954 3300 ››
988 3252 1230 3318 (Matth,
1259 3268 1379 3318 xm,
1416 3252 1519 3319 17).
1556 3252 1692 3305 Item
1724 3251 1836 3305 illic
1870 3268 1882 3304 :
1916 3273 1944 3299 ‹‹
1967 3251 2072 3314 Οιιί

440 3344 622 3398 credit
649 3344 707 3397 in
738 3344 943 3398 Filium
970 3344 1144 3399 habet
1170 3344 1345 3399 vitam
1376 3348 1665 3398 aeternam.
1706 3344 1812 3408 Qui
1844 3344 1989 3399 dicto
2018 3342 2064 3378 ⁶⁴

442 3455 559 3491 non
603 3437 845 3491 audiens
887 3442 971 3491 est
1012 3437 1071 3490 in
1126 3437 1332 3491 Filium
1381 3454 1493 3491 non
1539 3437 1714 3492 habet
1755 3438 1947 3505 vitam,
1976 3438 2074 3492 sed

450 3532 532 3584 ira
553 3531 653 3585 Dei
675 3531 935 3585 manebit
974 3546 1146 3601 super
1186 3548 1316 3586 eum
1371 3532 1576 3601 (Joan.,
1616 3548 1695 3598 ιιι,
1727 3532 1840 3599 36).
1872 3553 1898 3580 ››
1932 3534 2075 3586 Item

446 3625 653 3679 Paulus
702 3624 854 3694 apud
883 3624 1191 3695 Ephesios:
1236 3644 1265 3676 (ί
1296 3626 1364 3679 Et
1402 3642 1530 3679 cum
1570 3624 1833 3691 venisset,
1861 3641 2078 3679 annun-

450 3718 611 3773 tiavit
662 3718 820 3772 vobis
878 3734 1073 3789 pacem
1133 3719 1220 3773 bis
1269 3718 1366 3790 qui
1420 3719 1590 3789 longe
1648 3721 1704 3774 et
1758 3735 1955 3790 pacem
2010 3719 2077 3772 iis

447 3812 545 3888 qui
588 3828 791 3885 prepe,
833 3811 969 3883 quia
1016 3828 1118 3884 per
1164 3813 1353 3883 ipsum
1394 3812 1677 3868 habemus
1723 3829 2012 3868 accessum
2035 3809 2076 3843 ⁸⁵

445 3905 618 3960 ambo
645 3906 704 3960 in
735 3923 848 3961 uno
894 3906 1106 3977 Spiritu
1159 3907 1231 3961 ad
1275 3910 1503 3962 Patrem
1552 3926 1579 3959 »
1619 3906 1859 3978 (Ephes.,
1896 3922 1954 3975 ιι,
1991 3910 2075 3973 17,

456 4002 562 4067 18).
618 4000 759 4054 ltem
792 4000 862 4055 ad
914 4003 1196 4057 Romanos
1230 4018 1244 4055 :
1278 4022 1305 4050 ‹‹
1353 4001 1565 4055 Omnes
1608 4000 1760 4055 enim
1808 4016 2075 4072 peccave-

449 4099 586 4148 runt
631 4098 689 4149 et
730 4098 903 4165 egent
945 4094 1203 4151 claritate
1248 4095 1345 4149 Dei
1394 4111 1407 4148 :
1450 4093 1834 4164 justiﬁcantur
1887 4098 2077 4148 autem

1219 1829 1430 1899 (Apoc.,
1478 1805 1535 1896 ιι,
1583 1831 1779 1899 12-18).
1820 1832 1959 1884 Item
2002 1805 2137 1883 inB

2159 518 2410 592 Epistola
2441 518 2591 573 Petri
2630 518 2876 590 apostoli
2912 535 2924 572 :
2960 538 2985 567 α
3028 516 3279 572 Christus
3304 516 3471 571 semel
3504 534 3600 588 pro
3629 534 3744 589 pec-

2160 612 2294 666 eatis
2345 612 2555 667 nostris
2581 613 2623 645 ⁶⁶
2670 615 2931 668 mortuus
2974 616 3078 678 est,
3105 609 3289 680 justus
3327 625 3428 680 pro
3463 610 3745 682 injustis,"

2162 709 2222 760 ut
2250 722 2353 785 nos
2381 705 2612 762 offerret
2660 707 2776 761 Deo
2809 728 2835 757 ››
2888 708 2928 776 (I
2975 708 3143 767 Petra,
3175 720 3253 772 ιιι,
3286 704 3389 772 18).
3433 704 3568 759 Item
3608 704 3742 762 illic:

2162 819 2191 847 «
2222 800 2281 853 In
2312 800 2421 854 hoc
2455 799 2610 854 enim
2649 804 2706 855 et
2746 800 2989 856 mortuis
3027 797 3401 870 praedicatum
3443 802 3520 852 est
3562 804 3616 852 ut
3643 816 3745 854 sus-

2161 894 2405 947 citentur
2433 915 2461 943 »
2494 894 2682 964 (Ibid.,
2726 910 2798 960 iv,
2827 896 2900 962 6).
2944 894 3086 948 Item
3133 891 3191 946 in
3228 890 3477 961 Epistola
3512 891 3743 947 Joannis:

2164 1007 2191 1034 ‹‹
2245 986 2348 1050 Qui
2401 992 2573 1058 negat
2630 987 2855 1055 Filium,
2912 1002 3097 1057 neque
3154 987 3376 1041 Patrem
3430 984 3607 1041 habet.
3654 986 3748 1049 Qui

2161 1080 2462 1136 conﬁtetur
2506 1081 2709 1135 Filium
2734 1080 2802 1148 ⁸⁸,
2837 1087 2893 1137 et
2936 1080 3141 1135 Filium
3186 1084 3241 1134 et
3280 1080 3501 1133 Patrem
3542 1078 3691 1135 habet
3721 1100 3744 1128 η

2163 1175 2205 1245 (Ι
2232 1176 2450 1242 Joann.,
2480 1190 2539 1241 ιι,
2568 1174 2682 1245 23).

2280 1279 2411 1335 CAP.
2437 1240 2659 1332 XXVIII.
2691 1308 2760 1318 —
2791 1278 2945 1346 Quod
2973 1279 3085 1348 ipse
3102 1277 3280 1347 judea:
3305 1280 3553 1330 venturus
3576 1279 3653 1332 sit.

2231 1382 2393 1451 Apud
2454 1381 2783 1435 Malachiam
2835 1397 2846 1434 ε
2908 1402 2935 1429 ‹‹
2992 1380 3131 1434 Ecce
3190 1379 3308 1434 dies
3363 1379 3575 1433 Domini
3618 1380 3748 1434 venit

2160 1474 2365 1529 ardens
2419 1475 2576 1528 velut
2635 1474 2925 1543 clibanus;
2995 1478 3275 1544 eruntque
3338 1488 3532 1527 omnes
3579 1471 3749 1526 alieni-

2164 1584 2323 1639 genaz
2371 1572 2427 1622 et
2474 1583 2668 1624 omnes
2712 1568 2895 1638 iniqui
2954 1566 3179 1637 stipula,
3228 1570 3286 1621 et
3328 1564 3612 1621 succendet
3644 1565 3748 1619 illos

2161 1662 2471 1716 adveniens
2517 1660 2660 1731 dies,
2705 1660 2840 1716 dicit
2888 1660 3162 1716 Dominus
3203 1681 3231 1709 »
3279 1658 3551 1729 (Malach.,
3593 1674 3660 1727 ιγ,
3690 1659 3746 1726 1).

2163 1756 2306 1808 Item
2349 1754 2408 1809 in
2461 1754 2678 1809 Psalmo
2721 1770 2843 1809 XLIX
2892 1770 2904 1807 :
2957 1773 2987 1805 «
3034 1754 3179 1808 Deus
3225 1752 3464 1807 deorum
3511 1751 3757 1823 Domipus

2163 1849 2385 1902 locutus
2428 1853 2510 1903 est
2562 1852 2618 1903 et
2657 1847 2875 1902 vocavit
2917 1850 3149 1901 terram.
3182 1847 3228 1900 A
3273 1846 3405 1900 solis
3446 1848 3564 1899 ortu
3608 1860 3757 1916 usque

2164 1942 2237 1996 ad
2283 1959 2546 1996 occasum
2590 1958 2655 1996 ex
2703 1941 2835 1997 Sion
2884 1942 3094 2012 species
3124 1939 3166 1973 "
3205 1940 3421 1995 decoris
3464 1939 3592 2010 ejus.
3634 1940 3758 1992 Deus

2163 2035 2460 2090 manifeste
2504 2035 2695 2090 veniet
2724 2032 2789 2103 ⁷ο,
2841 2035 2988 2088 Deus
3042 2036 3256 2101 noster,
3303 2038 3359 2087 et
3411 2048 3522 2086 non
3568 2030 3749 2085 silebit.

2164 2128 2317 2199 Ignis
2345 2133 2474 2183 ante
2502 2146 2635 2183 eum
2665 2127 2908 2195 ardebit,
2941 2132 2998 2183 et
3027 2128 3086 2181 in
3118 2126 3361 2181 circuitu
3386 2126 3503 2195 ejus
3540 2124 3756 2195 procella

2164 2223 2344 2277 nimia
2390 2226 2455 2277 ⁷¹.
2518 2224 2740 2277 Vocavit
2792 2223 2997 2277 ccelum
3047 2237 3274 2276 sursum
3310 2218 3353 2251 ⁷³
3402 2223 3458 2273 et
3505 2223 3695 2275 terram
3718 2217 3757 2249 ⁷³

2170 2321 2229 2369 ut
2279 2318 2504 2387 separet
2552 2316 2831 2389 populum
2878 2332 3064 2371 suum.
3113 2314 3376 2385 Colligite
3423 2313 3499 2367 illi
3537 2313 3757 2382 justus“

2170 2410 2309 2479 ejus,
2362 2426 2457 2464 eos
2510 2410 2607 2481 qui
2660 2409 2969 2479 disponunt
3020 2412 3432 2463 testamentum
3456 2404 3499 2437 ⁷⁵
3536 2406 3662 2475 ejus,
3714 2405 3760 2458 in

2169 2503 2488 2573 sacriﬁciis,
2547 2510 2604 2557 et
2656 2503 3085 2558 annuntiabunt
3138 2502 3265 2556 coeli
3316 2500 3584 2571 justitiam
3634 2498 3758 2567 ejus,

2169 2597 2438 2667 quoniam
2481 2597 2626 2650 Deus
2663 2597 2840 2666 judex
2888 2602 2973 2651 est
3021 2619 3048 2645 ››
3094 2596 3261 2665 (Psal.
3311 2610 3450 2663 XLIX,
3482 2593 3604 2661 1-6).
3642 2592 3761 2645 Item

2168 2690 2321 2761 apud
2352 2690 2553 2744 Isaiam
2587 2709 2600 2743 :
2638 2710 2665 2739 ‹‹
2694 2690 2963 2745 Dominus
2991 2690 3140 2743 Deus
3158 2687 3201 2722 ⁷⁸
3227 2688 3497 2742 virtutum
3522 2684 3760 2757 prodibit,

2172 2788 2227 2837 et
2257 2783 2607 2837 comminuet
2651 2783 2885 2838 bellum.
2918 2782 3197 2839 Excitabit
3240 2786 3542 2846 certamen,
3570 2783 3622 2833 et
3662 2778 3760 2832 cla-

2172 2872 2409 2931 mabit"
2459 2893 2628 2947 super
2674 2877 2935 2935 inimicos
2981 2893 3112 2931 suos
3154 2872 3199 2909 ⁷⁸
3250 2891 3380 2929 cum
3423 2872 3760 2928 fortitudine:

2171 2970 2335 3023 Tacui
2356 2967 2417 3032 ⁷9,
2462 2970 2723 3040 nunquid
2771 2986 2994 3040 semper
3035 2968 3233 3023 tacebo
3275 2987 3303 3018 »
3353 2970 3500 3037 (Isa.,
3529 2982 3649 3029 xm,
3691 2967 3760 3031 13,

2176 3063 2261 3130 14)
2282 3063 2309 3114 τ
2340 3065 2479 3116 Item
2510 3062 2569 3115 in
2601 3064 2819 3118 Psalmo
2847 3079 2987 3119 van
3014 3082 3024 3117 :
3049 3084 3075 3111 ‹‹
3099 3063 3373 3132 Exsurgat
3396 3061 3538 3114 Deus
3566 3063 3619 3113 et
3633 3056 3763 3112 dissi-

2174 3159 2381 3226 pentur
2426 3156 2474 3190 ⁸⁰
2526 3156 2749 3211 inimici
2804 3157 2926 3226 ejus
2985 3160 3041 3210 et
3088 3155 3318 3226 fugiant
3366 3170 3399 3208 a
3455 3151 3590 3206 facie
3636 3150 3761 3220 ejus,

2175 3248 2271 3319 qui
2304 3248 2550 3303 oderunt
2594 3266 2746 3304 eum.
2778 3250 2937 3305 Sicut
2971 3248 3161 3304 deﬁcit
3195 3248 3391 3302 fumus
3421 3247 3486 3313 3‘,
3514 3244 3762 3299 deﬁciant.

2175 3341 2332 3397 Sicut
2358 3342 2591 3397 tabescit
2617 3359 2750 3397 cera
2775 3359 2807 3396 a
2838 3343 2981 3398 facie
3015 3342 3186 3414 ignis,
3215 3342 3295 3395 sic
3329 3342 3564 3411 pereant
3592 3352 3760 3409 pecca-

2175 3441 2366 3491 toresa
2381 3436 2524 3490 facie
2540 3437 2658 3503 Dei,
2676 3440 2733 3490 et
2743 3436 2883 3507 justi
2905 3436 3298 3506 jucundentur
3311 3435 3353 3468 ⁸¹
3374 3437 3432 3488 et
3446 3431 3703 3488 exsultent
3716 3429 3763 3483 in

2175 3533 2481 3600 conspectu
2494 3529 2591 3584 Dei
2605 3534 2660 3584 et
2672 3530 2942 3585 laetentur
2953 3530 3010 3583 in
3017 3529 3039 3600 j
3050 3529 3375 3583 ucunditate
3387 3571 3396 3581 .
3414 3527 3637 3582 Cantate
3651 3524 3763 3587 Deo,

2177 3622 2393 3693 psallite
2419 3622 2647 3677 nomini
2670 3622 2870 3693 ejus”,
2887 3624 2998 3677 iter
3017 3623 3186 3677 facite
3222 3622 3338 3675 ei“
3350 3621 3445 3692 qui
3475 3615 3767 3673 ascenditin

2179 3733 2481 3784 occasum;
2540 3717 2685 3770 Deus
2739 3732 2953 3771 nomen
2998 3716 3100 3770 illi.
3139 3714 3536 3769 Turbabuntur
3577 3729 3607 3765 a
3650 3707 3767 3764 facie

2178 3812 2301 3881 ejus
2328 3810 2501 3881 patris
2529 3810 2919 3880 orphanorum
2937 3811 2981 3844 ⁸⁵
3012 3813 3068 3865 et
3085 3808 3296 3880 judicis
3324 3807 3632 3862 viduarum.
3648 3804 3767 3858 Deus

2177 3906 2236 3959 in
2286 3906 2409 3960 loco
2472 3907 2667 3958 sancto
2728 3921 2850 3971 suo,
2902 3894 3052 3959 Deus
3120 3902 3217 3974 qui
3288 3900 3598 3956 inhabitare
3653 3895 3766 3951 facit

2180 3998 2479 4053 unanimes
2490 3996 2530 4029 ⁸⁸
2555 3999 2615 4053 in
2628 3999 2821 4066 domo,
2836 3998 3158 4069 producens
3173 3992 3216 4028 ⁸⁷
3232 3997 3446 4051 vinctos
3466 3994 3570 4067 (39)
3593 3993 3646 4047 in
3673 3989 3765 4044 vir-

2179 4095 2323 4159 tute,
2356 4091 2616 4147 similiter
2644 4109 2737 4147 eos
2770 4092 2868 4164 qui
2898 4092 2959 4146 in
2996 4091 3140 4146 iram
3180 4095 3493 4162 provocant
3520 4085 3577 4155 ",
3605 4080 3767 4157 720

452 4188 601 4243 dono
652 4188 826 4258 ipsius
872 4193 930 4243 et
978 4188 1159 4259 gratia
1190 4204 1292 4258 per
1335 4187 1790 4258 redemptionem
1838 4202 1966 4258 quae
1998 4190 2082 4241 est
2181 4185 2277 4256 qui
2321 4185 2648 4241 inhabitant
2687 4187 2748 4241 in
2797 4187 3202 4241 monumentis.
3232 4186 3397 4253 Deus,
3428 4184 3562 4240 dum
3599 4176 3767 4251 prodi-

1824 4329 2037 4393 Variaa
2092 4327 2429 4393 lectiones.

516 4468 554 4498 ⁵³
582 4465 760 4530 Supra
784 4479 1055 4517 mammas
1087 4467 1207 4517 ϐοά.
1257 4470 1304 4528 1,
1330 4468 1381 4526 3,
1427 4469 1475 4517 4.
1509 4465 1658 4517 Zona
1685 4480 1852 4516 aurea
1883 4466 2021 4516 Foss.
2050 4465 2103 4515 Ct

2172 4464 2202 4512 5.
2274 4466 2312 4497 ⁵³
2342 4465 2590 4518 Fornace
2631 4468 2797 4533 ignea
2821 4466 2946 4516 Bod.
2988 4468 3037 4528 1,
3062 4466 3113 4528 3,
3151 4468 3199 4517 4.
3226 4465 3379 4517 Brev.
3418 4464 3525 4514 Ver.
3587 4461 3626 4533 ⁸1
3651 4457 3769 4511 (Ἡαι

453 4534 578 4586 dius
598 4536 861 4599 utrinque
891 4540 1089 4587 acutus
1115 4537 1251 4586 Lam.
1282 4538 1391 4586 Lin.
1420 4540 1526 4588 ΝΟ.
1560 4538 1599 4586 1.
1638 4536 1758 4584 Bod.
1791 4537 1838 4594 2,
1868 4534 1915 4583 4.
1988 4538 2025 4567 ⁵⁵
2076 4534 2379 4597 Splendida
2422 4537 2549 4586 Bod.
2599 4532 2671 4587 1(
2714 4537 2753 4573 ⁵⁸
2793 4538 2867 4587 Et
2911 4539 3099 4602 posuit
3138 4537 3264 4588 Bod.
3313 4539 3361 4598 1,
3405 4541 3448 4585 4.
3539 4533 3576 4568 ⁵⁷
3601 4532 3769 4582 Resur-

453 4607 755 4657 rectionem
786 4606 921 4656 dicit
945 4609 1087 4657 Lam.
1120 4609 1227 4656 Lz'n.
1262 4608 1429 4657 NCJ.
1460 4606 1581 4656 Bod.
1621 4608 1662 4666 l,
1690 4604 1739 4666 ‘2,
1774 4609 1820 4666 3,
1855 4606 1903 4655 4.

449 4674 493 4710 ⁸ο
540 4678 805 4740 Principio
845 4678 1000 4727 vobis
1034 4678 1154 4727 Bod.
1204 4680 1251 4727 1.
1294 4677 1552 4727 Mandavi
1582 4679 1698 4727 Lin.

452 4764 542 4800 me
570 4750 666 4813 qui
697 4750 966 4800 introierit
1002 4750 1123 4799 Red.
1158 4752 1297 4799 Foss.

448 4904 547 4955 pro
577 4890 784 4953 iniquis
813 4893 919 4942 ΝΕ.
954 4891 996 4939 1.
1026 4893 1168 4941 Lam.

451 4960 680 5025 Species
714 4960 1003 5022 elegantias
1028 4962 1169 5010 Lam.
1203 4961 1324 5009 Bod.
1357 4960 1402 5008 ‘2.
1433 4962 1539 5011 ΝΟ.
1588 4961 1631 5008 1.

452 5034 566 5081 Ιιιή.
588 5032 696 5082 NC.
722 5030 769 5078 2.
802 5031 925 5079 I301.
962 5031 1010 5080 3.

450 5105 671 5165 gregale
697 5100 920 5149 sanctos
945 5102 1053 5153 NG.
1082 5100 1112 5148 Ξ

2005 4605 2043 4637 ⁵³
2076 4606 2155 4655 Ite
2183 4610 2234 4655 et
2260 4606 2477 4669 docete,
2503 4610 2629 4659 Bod.
2660 4612 2702 4660 1.

1794 4676 1836 4706 ⁶¹
1862 4675 1980 4725 Nisi
2012 4688 2107 4739 per
2142 4675 2299 4725 illum
2324 4680 2467 4727 Lam.

452 4764 542 4800 me
570 4750 666 4813 qui
697 4750 966 4800 introierit
1002 4750 1123 4799 Bod.
1158 4752 1297 4799 Foss.
1441 4750 1484 4782 οδ
1514 4748 1623 4809 Qui
1656 4749 1712 4796 in
1744 4747 1891 4796 dicto
1917 4760 2028 4796 non
2060 4760 2103 4796 a1

447 4817 490 4853 ⁸⁸
532 4818 818 4868 Habemus
857 4833 1052 4870 nacem
1097 4819 1262 4868 ambo
1297 4821 1440 4868 Lam.
1471 4821 1581 4868 Lz'n.
1608 4819 1714 4869 ΝΟ.
1749 4818 1789 4865 1.
1816 4815 1945 4865 Bod.
1975 4815 2024 4870 2.
2052 4816 2101 4867 3.

2175 4748 2294 4797 iens
2327 4751 2473 4798 Lam.
2511 4751 2650 4798 Foss.
2681 4749 2826 4801 Gorb.
2868 4748 3214 4800 inobediens.
3268 4752 3382 4800 Lz'n.
3432 4748 3481 4796 2.
3509 4744 3621 4795 Red.
3670 4740 3767 4791 1.4.

2172 4855 2177 4866 .
2304 4818 2345 4851 ⁸⁸
2374 4820 2476 4869 Pro
2504 4821 2749 4870 peccatis
2779 4825 3033 4870 mortuus
3058 4821 3180 4870 Bod.
3220 4823 3264 4870 1.
3293 4822 3338 4870 3.
3383 4822 3431 4870 4.
3551 4815 3591 4850 ⁸⁷
3608 4815 3767 4864 Justiti

857 4834 1052 4881 pacem
1097 4834 1262 4868 amno
1297 4834 1440 4868 Lam.
1471 4834 1581 4868 Lm.
1608 4834 1714 4869 nu.
1749 4834 1789 4865 ι.
1816 4834 1945 4865 uoa.
1975 4834 2024 4875 z,
2052 4834 2101 4867 a.
2127 4834 2177 4867 4.
2304 4834 2345 4851 ὀ
2374 4834 2476 4869 ιιι-ο
2504 4834 2749 4883 peccatis
2779 4834 2921 4871 mort

857 4893 919 4942 'C.
954 4891 996 4939 1.
1026 4893 1168 4941 Lam.
1297 4886 1341 4923 ³⁸
1364 4887 1670 4938 Conﬁtetur
1696 4888 1895 4948 ﬁlium,
1927 4891 1982 4937 et
2004 4888 2221 4939 Patrem
2240 4888 2409 4941 habet
2436 4889 2562 4940 Bod.
2595 4891 2644 4953 1,
2688 4892 2737 4940 4.
2784 4893 2922 4943 Foss.

1139 4975 1169 5009 ι.
1203 4961 1324 5009 Bod.
1357 4960 1402 5008 ‘3.
1433 4962 1539 5011 ΝΟ.
1588 4961 1631 5008 1.
1732 4957 1775 4991 ⁷ο
1793 4960 1944 5009 Deus
1974 4960 2307 5009 manifestus
2344 4961 2468 5010 Bod.
2500 4961 2544 5021 1,
2571 4959 2618 5009 2.
2657 4962 2703 5009 4.

1139 5029 1181 5063 ⁷¹
1210 5030 1428 5081 Ccelum
1458 5043 1700 5081 sursum,
1734 5033 1923 5080 aterra
1952 5031 2066 5078 Ben.
2099 5032 2210 5080 Ver.
2338 5029 2379 5064 ⁷³
2412 5030 2479 5081 Ut
2512 5044 2703 5081 senara

1226 5066 1428 5081 mm...
1458 5066 1700 5087 -...-.....,
1734 5066 1923 5080 ...νην
2415 5066 2479 5082 υ.
2512 5066 2790 5081 ww“.-.
2883 5066 2913 5080 υ
2961 5066 3115 5080 _......
3158 5066 3296 5081 τυ...
3346 5066 3489 5081 νυ.-.
3662 5066 3735 5071 ν--

1226 5098 1268 5131 τε
1292 5098 1399 5161 Qui
1432 5097 1827 5149 ordinaverunt
1852 5100 1962 5152 ΝΟ.
1992 5100 2038 5149 2.
2069 5102 2181 5150 [λη.
2250 5098 2291 5133 τα
2320 5066 2596 5151 Dominus
2616 5101 2772 5160 dicit,
2791 5066 2952 5151 ῡὲιιὲ
2966 5102 3237 5151 virtutum
3266 5099 3388 5151 Bod.
3413 5099 3458 5148 ε.
3523 5095 3561 5129 τι
3598 5089 3770 5161 Excla-

2843 4610 2883 4643 ⁵⁸
2908 4611 3260 4675 Baptizantes
3292 4623 3388 4661 eos
3411 4609 3518 4662 ΝΟ.
3546 4608 3576 4657 2
3596 4603 3715 4675 Βοάᾷ
3729 4603 3770 4650 4.

2564 4679 2605 4713 θ’
2634 4680 2816 4729 Janua
2850 4671 3121 4733 LamfNC.
3157 4684 3203 4731 1.
3233 4680 3358 4729 Bod.
3392 4681 3442 4737 1,
3466 4679 3511 4728 3.
3602 4675 3639 4708 ⁸³
3687 4671 3769 4720 Per

3551 4815 3591 4850 ιτ
3608 4815 3771 4864 Justus

3052 4889 3095 4923 ⁸9
3128 4891 3336 4942 ASion
3381 4887 3510 4940 Bod.
3560 4888 3602 4947 1,
3647 4883 3686 4943 2,
3731 4880 3770 4929 4ο

2802 4958 2842 4992 7'
2872 4959 3122 5010 Circuitu
3152 4961 3272 5024 ejus
3294 4961 3583 5023 tempestas
3616 4948 3771 5024 valida

2338 5029 2379 5064 ⁷³
2412 5030 2479 5082 Ut
2512 5020 2790 5095 separaret
2844 5031 3115 5094 populum
3158 5020 3296 5081 Fest.
3346 5020 3489 5081 ϐοὶ-ὁ.
3584 5020 3772 5095 ⁷113911-

2304 4818 2345 4851 ⁶⁶
2374 4820 2476 4869 Pro
2504 4821 2749 4883 peccatis
2779 4825 3033 4871 mortuus
3058 4821 3180 4871 Bod.
3220 4823 3264 4871 1.
3293 4822 3338 4870 3.
3383 4822 3431 4870 4.

449 5160 621 5221 mabit
652 5171 773 5221 Bod.
812 5173 853 5220 1.
923 5169 964 5204 ⁷⁸
998 5172 1258 5221 Inimicos
1285 5160 1404 5232 ejus
1438 5173 1574 5220 Foss.
1641 5171 1683 5206 τ’
1710 5172 1886 5222 Tacui
1913 5172 2159 5235 quidem,
2198 5172 2453 5237 nunquid
2500 5173 2627 5223 Bod.
2658 5172 2704 5223 3.
2785 5170 2827 5205 ⁸⁰
2853 5172 3254 5235 Dispergantur
3280 5169 3486 5221 inimici
3512 5166 3632 5217 Bod.
3648 5167 3701 5237 1,

450 5241 491 5313 ff
527 5239 831 5313 Quomodo
860 5239 1057 5313 deﬁcit
1098 5243 1239 5313 Foss.
1289 5228 1436 5313 Cora.
1456 5241 1596 5313 ABod.
1639 5244 1684 5297 1,
1710 5243 1760 5301 ‘2,
1785 5242 1833 5304 3,
1862 5245 1908 5292 4.
1930 5228 2241 5305 'Quomodo
2273 5228 2506 5296 tabescit
2527 5258 2656 5295 cera
2676 5244 2803 5294 Bod.
2829 5245 2877 5299 1.
2916 5228 2973 5304 2,
2986 5243 3033 5304 3,
3054 5228 3111 5293 ῖι.
3152 5241 3296 5293 Cera
3322 5241 3455 5313 fluet

453 5308 494 5341 ³³
524 5310 1007 5383 ιιδῐίλρριιιθιιῑιιι
1033 5312 1186 5383 Lam.
1212 5310 1339 5383 B_od.
1366 5310 1413 5359 2.
1448 5310 1495 5361 3.
1522 5313 1633 5383 NC.
1666 5314 1710 5362 2.
1778 5314 1820 5347 ⁸³
1842 5303 2127 5365 Psalmum
2153 5315 2324 5366 dicite
2350 5320 2463 5366 Lm.
2496 5316 2604 5368 ΝΟ.
2632 5315 2680 5364 2.
2706 5303 3066 5364 Jucunditate
3092 5314 3148 5362 in
3177 5314 3292 5363 Deo
3321 5311 3446 5363 Bod.
3559 5303 3770 5383 ixi/illm

453 5382 615 5430 facite
647 5380 695 5430 ei
723 5381 830 5431 NG.
853 5382 908 5451 _i.
936 5380 1061 5429 Bod.
1089 5381 1134 5435 1,
1165 5380 1212 5439 2,
1238 5381 1285 5440 3,
1317 5382 1363 5429 4.
1415 5384 1556 5431 Foss.
1589 5382 1734 5432 Carb.
1802 5383 1843 5417 ³⁵
1874 5387 2061 5436 Patres
2081 5400 2103 5436 c

2172 5387 2460 5436 ihanorum
2487 5390 2543 5436 et
2562 5385 2779 5448 judices
2810 5385 2936 5435 Bod.
2968 5386 3015 5445 1,
3036 5385 3084 5445 3,
3111 5387 3158 5435 4.
3193 5387 3330 5435 Fors.
3360 5379 3506 5434 Corb.
3549 5377 3597 5451 _“

450 5452 619 5500 moris
653 5452 762 5500 βίη.
830 5447 873 5482 ⁸⁷
902 5450 1008 5513 Qui
1032 5452 1226 5501 educit
1258 5453 1473 5502 vinctos
1503 5454 1559 5503 in
1580 5456 1899 5508 fortitudine
1924 5461 2035 5508 Lz'n.
2069 5443 2179 5511 Νέ.
2217 5457 2261 5508 2.
2331 5455 2375 5493 ⁸⁸
2396 5458 2508 5509 Eos
2535 5443 2631 5521 qui
2670 5457 2975 5506 amaricant
3005 5443 3160 5507 Corb.
3194 5455 3306 5505 Eos
3348 5454 3443 5518 qui
3491 5443 3769 5501 inhabitant

455 5521 510 5570 in
534 5521 911 5572 monumentis
946 5524 1091 5573 Lam.
1118 5525 1168 5574 Ν
1172 5522 1224 5572 C.
1265 5524 1309 5572 1.
1337 5523 1463 5573 30d.
1494 5524 1543 5586 2,
1577 5524 1626 5585 3,
1661 5527 1709 5575 4.
1736 5529 1879 5577 Fors.

1753 5644 1977 5728 Steph.
2022 5646 2271 5710 Baluzii
2311 5650 2510 5710 notae.

510 5777 610 5839 (38)
649 5777 830 5827 Vivens
860 5778 917 5826 in
955 5775 1149 5828 secula
1190 5778 1515 5828 saeculorum.
1545 5778 1740 5831 Codex
1785 5781 2075 5834 Gratiano-

449 5848 747 5913 dolitanus,
778 5849 957 5901 vivens
986 5850 1043 5899 in
1061 5847 1278 5902 ecclesia
1305 5855 1625 5902 sanctorum.

2243 5782 2334 5845 (39)
2404 5783 2701 5835 Producens
2756 5785 2978 5835 vinctos.
3036 5782 3207 5833 Paulo
3273 5780 3435 5833 aliter
3482 5773 3637 5827 habet
3690 5768 3766 5845 hic}

2174 5841 2332 5906 locus
2374 5856 2430 5906 in
2477 5856 2667 5908 codice
2714 5854 3089 5921 Burgundlco,
3131 5851 3243 5905 ubi
3284 5853 3360 5905 sic
3409 5850 3639 5916 legitur:
3684 5841 3765 5904 0'“
