3998 6194
193 315 292 370 749
1157 354 1163 361 .
1204 310 1752 369 TESTIMONIORUM
1790 309 1946 364 ADV.
1986 308 2259 364 JUDASOS
2301 309 2428 364 LIB.
2473 309 2539 364 II.
3451 312 3557 363 750

192 456 283 493 res
310 440 357 473 ⁸⁸
385 437 444 492 in
487 443 792 508 conspectu
826 437 1024 508 populi
1062 437 1166 499 tui,
1203 436 1263 491 in
1296 435 1644 492 transeundo
1675 436 1721 468 91
1764 433 1825 487 in
1846 434 2013 518 A28,
2050 431 2157 502 29).
2223 432 2402 505 721
2450 436 2593 487 Item
2640 434 2699 487 in
2759 433 2980 488 Psalmo
3024 436 3158 487 xxiii
3189 449 3201 487 :
3242 453 3269 481 ‹‹
3323 432 3555 487 Auferte

195 547 457 586 eremum
510 552 539 581 »
610 531 780 601 (Psal.
828 546 993 598 van,
1034 532 1088 597 2,
1140 530 1218 599 8).
1280 531 1424 583 Item
1476 528 1537 582 in
1606 529 1825 582 Psalmo
1927 528 2185 597 portas‘,
2223 527 2527 597 principes,
2575 530 2805 592 vestras,
2866 530 2922 580 et
2976 525 3332 593 extollimini,
3379 531 3559 595 porta:

192 640 390 679 LxxxI:
429 644 457 673 ‹‹
504 625 775 695 Exsurge,
818 624 987 685 Deus,
1029 622 1228 692 judica
1269 627 1503 689 terram,
1558 621 1829 692 quoniam
1930 619 2252 687 aeternales,
2283 625 2339 673 et
2360 619 2619 673 introibit
2662 636 2766 673 rex
2813 619 3103 674 claritatis.
3138 618 3272 681 Quis
3330 623 3415 672 est
3452 619 3555 671 iste

190 721 250 771 tu
270 717 681 773 exterminabis
709 718 753 751 ⁹¹
773 718 828 770 in
854 717 1122 771 omnibus
1143 716 1407 787 gentibus
1437 716 1606 787 (Psal.
1646 730 1827 782 Lxxxi,

192 812 267 879 8).
330 813 472 866 Item
515 811 577 865 in
627 810 933 882 Evangelio
972 813 1101 865 cata
1148 809 1474 864 Matthaeum
1531 825 1544 863 :
1598 829 1626 859 «
1685 807 1832 871 Quid

193 903 360 959 nobis
418 908 477 959 et
530 904 652 966 tibi,
699 904 779 958 ﬁli
830 903 1042 959 David?
1095 903 1239 967 Quid
1290 903 1401 957 huc
1451 902 1656 956 venisti
1703 906 1833 956 ante

191 1002 421 1069 tempus
444 998 661 1069 punire
688 1013 792 1051 nos
812 998 861 1032 95
893 1018 921 1047 »
965 996 1209 1068 (Matt/1.,
1250 1012 1367 1059 vui,
1406 995 1521 1064 28).
1542 996 1681 1050 Item
1712 998 1835 1049 cata

185 1092 505 1146 Joannem:
545 1112 572 1141 «
598 1090 745 1145 Nihil
780 1093 946 1145 Pater
959 1090 1197 1161 judicat,
1217 1089 1319 1144 sed
1340 1088 1621 1160 judicium
1665 1102 1836 1143 omne

187 1183 327 1238 Filio
387 1184 563 1252 dedit,
620 1188 684 1239 ut
735 1201 939 1240 omnes
988 1182 1372 1239 honoriﬁcent
1416 1182 1640 1245 Filium,
1693 1181 1838 1237 sicut

188 1277 573 1332 honoriﬁcant
586 1280 828 1334 Patrem.
854 1277 963 1342 Qui
984 1294 1097 1332 non
1115 1276 1452 1332 honoriﬁcat
1471 1276 1692 1343 Filium,
1711 1291 1831 1329 non

189 1370 533 1426 honorificat
544 1372 791 1439 Patrem,
810 1372 909 1443 qui
923 1388 1060 1426 eum
1079 1371 1233 1426 misit
1248 1372 1518 1441 «(Joann.,
1534 1386 1583 1438 v,
1598 1373 1686 1438 22,
1722 1371 1836 1439 23).

194 1464 341 1518 Item
360 1465 426 1518 in
453 1465 695 1536 Epistula
707 1465 943 1519 Pauliad
957 1465 1276 1522 Corinthios
1286 1463 1536 1519 secunda
1561 1480 1612 1518 :«
1630 1464 1841 1518 Omnes

206 1573 309 1612 nos
356 1558 714 1612 manifestari
763 1562 989 1629 oportet
1028 1561 1161 1613 ante
1210 1558 1460 1613 tribunal
1497 1556 1724 1623 Christi,
1783 1560 1847 1610 ut

197 1654 471 1721 reportet
496 1652 889 1723 unusquisque
912 1651 957 1686 ³³
987 1652 1072 1706 sui
1103 1652 1357 1722 corporis
1383 1650 1616 1723 propria
1644 1665 1840 1705 secun-

197 1744 338 1799 dum
374 1760 505 1814 qua:
522 1745 661 1816 egit,
685 1745 797 1800 sive
815 1745 989 1813 bona,
1012 1745 1130 1800 sive
1157 1746 1305 1801 mala
1332 1746 1385 1816 »(
1408 1745 1623 1814 110012,
1658 1761 1713 1812 ν,
1734 1746 1841 1816 10).

212 1890 344 1946 CAP.
414 1891 583 1945 XXIX.
646 1921 714 1932 —
766 1892 918 1959 Quod
972 1894 1087 1962 ipse
1143 1893 1215 1945 sit
1289 1894 1403 1947 Rea:
1458 1893 1516 1945 in
1587 1896 1848 1946 aeternum

865 1991 1208 2055 regnaturus.

264 2119 437 2190 Apud
474 2118 840 2174 Zachariam:
877 2138 906 2169 «
952 2118 1127 2174 Dicite
1176 2118 1309 2173 ﬁlia:
1360 2119 1530 2175 Sion:
1571 2121 1709 2175 Ecce
1749 2135 1846 2174 rex

197 2220 327 2266 tuus
367 2212 528 2267 venit
570 2211 671 2266 tibi
693 2212 881 2283 justus
921 2217 978 2266 et
1026 2212 1271 2281 salvans,
1304 2212 1478 2280 mitis,
1510 2213 1711 2268 sedens
1759 2230 1848 2267 su-

201 2322 302 2376 per
328 2306 563 2360 asinum
591 2306 938 2360 indomitum
969 2307 1008 2340 "
1041 2327 1070 2355 η
1092 2306 1298 2377 (Zach.,
1324 2322 1399 2375 1x,
1429 2306 1504 2377 9).
1522 2308 1669 2361 Item
1693 2306 1848 2377 apud

198 2399 402 2453 Isaiam
459 2416 473 2453 :
538 2420 566 2448 ‹‹
616 2400 750 2463 Quis
808 2398 1098 2454 nuntiabit
1155 2399 1311 2453 vobis
1369 2399 1554 2453 locum
1584 2398 1627 2432 95
1681 2399 1844 2453 illum

200 2496 485 2547 aeternum
513 2492 542 2546 ?
572 2492 880 2547 Ambulans
935 2493 995 2547 in
1029 2492 1275 2562 justitia,
1307 2498 1363 2546 et
1417 2509 1617 2547 manus
1672 2492 1844 2546 absti-

202 2601 345 2640 nens
375 2602 407 2639 a
464 2586 817 2655 muneribus,
862 2602 1105 2656 gravaris
1150 2602 1317 2640 aures
1370 2590 1436 2640 ut
1485 2602 1603 2640 non
1658 2585 1849 2640 audiat

200 2679 483 2748 judicium
529 2680 841 2750 sanguinis,
870 2683 928 2734 et
954 2679 1335 2750 comprimens
1380 2679 1578 2734 oculos
1618 2696 1749 2735 suos
1775 2696 1847 2734 ne

208 2771 405 2826 videat
429 2772 787 2843 injustitiam,
816 2773 907 2827 hic
938 2772 1277 2827 inhabitabit
1297 2770 1342 2807 οδ
1361 2773 1421 2827 in
1438 2773 1554 2827 alta
1582 2773 1848 2843 speiunca

207 2868 390 2936 petrae
419 2866 601 2921 fortis.
631 2866 796 2920 Panis
825 2866 907 2919 illi
948 2865 1193 2930 dabitur,
1224 2871 1281 2921 et
1314 2883 1462 2937 aqua
1490 2867 1612 2936 ejus
1640 2866 1844 2921 fidelis.

206 2959 428 3029 Regem
462 2975 591 3013 cum
633 2958 887 3013 claritate
915 2958 1172 3013 videbitis
1200 2980 1228 3008 ››
1257 2960 1411 3030 (Isa.,
1442 2976 1591 3021 xxm,
1633 2960 1843 3028 14-17).

211 3051 354 3105 Item
411 3051 565 3121 apud
618 3052 944 3106 Malachiam
981 3070 993 3107 :
1032 3071 1058 3104 ι(
1092 3053 1206 3108 Rex
1258 3068 1505 3124 magnus
1547 3069 1672 3106 sum
1717 3068 1844 3124 ego,

1931 728 2024 767 rex
2057 712 2326 766 claritatis
2397 712 2424 765 ἱ)
2453 711 2725 766 Dominus
2748 712 2905 766 fortis
2930 715 2986 766 et
3027 716 3246 782 potens,
3293 710 3563 766 Dominus

1929 806 2087 860 fortis
2113 806 2173 860 in
2199 806 2417 876 prmlio.
2438 805 2667 861 Auferte
2696 808 2906 875 portas,
2930 804 3231 875 principes,
3259 810 3488 873 vestras,
3508 811 3565 859 et

1933 898 2293 965 extollimini,
2317 903 2495 969 portas
2516 898 2835 965 asternales,
2865 900 2923 951 et
2941 897 3194 952 introibit
3220 914 3313 953 rex
3335 898 3561 952 clarita-

1932 991 2022 1045 tis.
2058 991 2192 1055 Quis
2224 994 2309 1045 est
2345 991 2450 1045 iste
2490 1008 2587 1045 rex
2621 990 2893 1045 claritatis
2920 989 2947 1043 ?
2982 990 3251 1044 Dominus
3291 990 3563 1045 virtutum

1937 1084 2055 1155 ipse
2087 1087 2173 1138 est
2213 1100 2312 1138 rex
2352 1084 2620 1138 claritatis
2653 1103 2680 1133 ››
2712 1084 2877 1155 (Psal.
2906 1099 3057 1149 xxm,
3104 1084 3279 1151 7-10).
3322 1084 3463 1137 Item
3508 1082 3566 1135 in

1936 1178 2155 1232 Psalmo
2194 1194 2353 1231 xmv:
2387 1196 2415 1228 «
2448 1177 2733 1231 Eructavit
2756 1193 2851 1231 cor
2886 1193 3077 1231 meum
3104 1192 3431 1230 sermonem
3464 1176 3565 1229 bo-

1940 1291 2082 1329 num
2104 1277 2144 1341 3,
2168 1275 2293 1330 dico
2320 1282 2461 1345 ego.
2484 1290 2656 1346 Opera
2683 1290 2809 1329 mea
2836 1275 2977 1344 regi.
3012 1275 3230 1344 Lingua
3263 1290 3396 1327 mea
3426 1273 3571 1327 cala-

1940 1384 2066 1423 mus
2082 1368 2371 1439 scriptoris
2399 1369 2419 1401 ⁵
2440 1370 2602 1422 acute
2635 1367 2949 1435 scribentis,
2980 1367 3217 1423 decorus
3232 1367 3465 1437 8specie
3484 1384 3571 1420 su-

1941 1483 2044 1537 per
2068 1466 2212 1521 ﬁlios
2240 1466 2560 1521 hominum.
2585 1466 2769 1520 Effusa
2794 1464 2912 1520 est"
2934 1466 3114 1536 gratia
3140 1467 3200 1519 in
3231 1465 3393 1518 labiis
3436 1465 3569 1533 tuis,

1940 1564 2240 1631 propterea
2271 1559 2565 1614 benedixit
2588 1565 2643 1613 te
2688 1561 2831 1613 Deus
2866 1560 2923 1614 in
2950 1560 3151 1614 saecula
3175 1558 3214 1612 θ.
3263 1558 3571 1627 Accingere

1944 1668 2076 1708 ense
2092 1656 2188 1708 tuo
2202 1652 2302 1707 ’ad
2319 1653 2525 1719 femur,
2540 1653 2944 1723 potentissime.
2962 1652 3161 1707 Decori
3175 1656 3232 1706 et
3246 1649 3449 1721 speciei
3483 1668 3517 1706 u
3528 1669 3574 1705 ai

1946 1751 2004 1801 et
2031 1745 2150 1801 inte
2169 1746 2279 1801 nde
2297 1751 2352 1800 et
2380 1746 2565 1816 dirige
2592 1747 2636 1782 ιο
2665 1750 2720 1800 et
2750 1762 2931 1816 regna
2944 1749 3180 1817 propter
3204 1746 3503 1799 veritatem
3525 1747 3565 1779 ¹¹

1864 1808 1921 1879 Β
1949 1845 2006 1894 et
2042 1808 2537 1895 mansuetudinem
2591 1808 3001 1910 etjustitiam.»
3037 1808 3205 1909 (Psal.
3234 1854 3379 1903 xuv,
3408 1841 3462 1904 2,
3497 1838 3571 1908 ὅ).

1950 1934 2090 1987 Item
2142 1933 2202 1986 in
2259 1934 2480 1987 Psalmo
2525 1950 2558 1984 v
2615 1950 2627 1985 :
2683 1934 2852 1987 «Rex
2904 1949 3064 1987 meus
3108 1938 3166 1986 et
3206 1934 3351 1986 Deus
3389 1947 3578 1996 meus,

1950 2027 2218 2097 quoniam
2250 2027 2321 2080 ad
2354 2033 2407 2081 te
2439 2026 2629 2092 orabo,
2672 2026 2927 2088 Domine,
2958 2041 3127 2080 mane
3176 2025 3435 2080 exaudies
3477 2041 3571 2077 vo-

1948 2135 2072 2175 cem
2102 2135 2287 2173 meam
2312 2136 2329 2187 ;
2360 2135 2525 2172 mane
2555 2120 2813 2173 assistam
2840 2119 2943 2174 tibi
2974 2117 3033 2185 ¹²,
3068 2125 3123 2172 et
3149 2118 3577 2190 contemplabor

1946 2218 2003 2267 te
2032 2234 2060 2261 »
2094 2214 2260 2284 (Psal.
2291 2229 2344 2277 v,
2376 2215 2429 2278 3,
2457 2213 2530 2281 4).
2574 2214 2713 2267 Item
2768 2212 2827 2265 in
2869 2212 3089 2268 Psalmo
3122 2227 3241 2266 xcvr
3277 2230 3287 2265 :
3323 2232 3352 2264 «
3381 2212 3576 2265 Domi-

1946 2322 2054 2360 nus
2079 2306 2356 2376 regnavit,
2389 2307 2631 2359 exsultet
2664 2309 2833 2375 terra,
2870 2305 3264 2374 jucundentur
3306 2304 3348 2338 ¹³
3379 2305 3577 2359 insula:

1949 2399 2143 2454 multae
2202 2420 2229 2449 »
2281 2400 2447 2468 (Psal.
2505 2413 2644 2466 xcvr,
2698 2400 2770 2466 1).
2818 2400 2961 2453 Item
3011 2400 3068 2453 in
3123 2400 3338 2453 Psalmo
3392 2415 3509 2454 xLIv
3563 2418 3573 2451 :

1954 2512 1980 2540 (ι
2008 2493 2199 2546 Astitit
2243 2492 2449 2562 regina
2492 2492 2564 2546 ad
2603 2493 2895 2547 dexteram
2932 2503 3085 2546 tuam
3123 2493 3181 2546 in
3223 2499 3374 2546 veste
3412 2492 3580 2545 inau-

1947 2589 2070 2640 rata
2106 2584 2166 2652 ",
2195 2585 2401 2640 amicta
2429 2592 2515 2640 est
2542 2585 2835 2640 varietate.
2875 2586 3040 2653 Audi,
3070 2586 3205 2652 tilia,
3237 2593 3293 2640 et
3330 2585 3479 2653 vide,
3525 2590 3583 2639 et

1946 2679 2159 2733 inclina
2225 2695 2426 2733 aurem
2465 2682 2646 2749 tuam,
2707 2683 2766 2732 et
2813 2679 3140 2733 obliviscere
3180 2679 3374 2749 populi
3415 2678 3496 2731 tui
3524 2685 3580 2732 et

1948 2773 2152 2827 domus
2178 2773 2354 2843 patris
2376 2774 2421 2806 ‘5
2452 2772 2836 2843 tui,quoniam
2849 2772 3193 2826 desideravit
3221 2788 3314 2826 rex
3333 2772 3579 2842 speciem

1947 2869 2128 2934 tuam,
2159 2866 2447 2937 quialipse
2481 2868 2567 2919 est
2594 2866 2865 2919 Dominus
2906 2866 3053 2919 Deus
3098 2869 3229 2919 tuus
3260 2867 3307 2899 ¹⁶
3354 2886 3381 2913 ››
3411 2865 3578 2936 (Psal

1950 2975 2087 3028 κων,
2116 2958 2324 3030 10-12).
2362 2962 2502 3013 Item
2546 2960 2604 3013 in
2634 2960 2852 3013 Psalmo
2887 2974 3054 3012 Lxxm
3094 2976 3107 3013 :
3144 2981 3170 3008 ‹‹
3206 2961 3350 3014 Deus
3387 2963 3579 3013 autem

1947 3069 2049 3106 rex
2094 3055 2283 3107 noster
2324 3056 2456 3106 ante
2504 3053 2755 3106 seculum
2788 3048 2849 3120 ¹⁷,
2899 3057 3162 3123 operatus
3212 3058 3296 3107 est
3341 3052 3583 3107 salutem

214 3143 348 3197 dicit
386 3145 683 3211 Dominus,
730 3150 786 3199 et
827 3162 1039 3200 nomen
1077 3162 1272 3200 meum
1318 3146 1532 3200 illustre
1573 3152 1659 3201 est
1700 3148 1851 3218 apud
1875 3194 1924 3218 η
1953 3146 2009 3199 in
2040 3146 2230 3201 medio
2264 3149 2434 3200 terrm
2463 3167 2491 3195 «
2524 3147 2685 3215 (Psal.
2746 3162 2930 3215 Lxxm,
2973 3146 3080 3215 12).
3120 3147 3259 3200 Item
3300 3146 3359 3200 in
3408 3148 3586 3203 Evan-

212 3240 418 3306 gentes
449 3258 477 3287 n
509 3239 788 3307 (Malach.,
819 3255 855 3306 ι,
890 3238 996 3308 14).
1033 3241 1172 3294 Item
1202 3240 1261 3293 in
1299 3241 1523 3295 Psalmo
1550 3256 1587 3293 ιι
1617 3257 1629 3293 :
1664 3262 1691 3291 «
1731 3242 1848 3312 Ego

214 3335 408 3384 autem
439 3331 780 3385 constitutus
820 3348 948 3385 sum
980 3348 1075 3387 rex
1111 3332 1180 3386 ab
1217 3349 1285 3387 eo
1328 3349 1501 3403 super
1527 3334 1654 3388 Sion
1684 3351 1846 3389 mon-

216 3429 334 3477 tem
364 3426 632 3478 sanctum
662 3424 788 3495 ejus
812 3422 872 3493 ⁸⁷,
900 3427 1244 3480 annuntians
1281 3427 1587 3497 imperium
1619 3428 1793 3498 ipsius
1821 3449 1849 3478 »

213 3515 383 3585 (Psal.
418 3532 475 3584 ιι,
505 3520 557 3585 6,
589 3517 663 3589 7).
694 3518 832 3572 Item
859 3518 919 3572 in
939 3518 1161 3573 Psalmo
1204 3535 1326 3574 xxx:
1362 3539 1389 3568 ‹‹
1422 3520 1850 3575 Commemora-

213 3608 434 3664 buntur
456 3607 499 3640 ⁸⁸
524 3613 582 3665 et
626 3616 1024 3667 convertentur
1058 3613 1128 3667 ad
1164 3612 1476 3667 Dominum
1507 3630 1707 3668 omnes
1739 3618 1852 3669 ter-

217 3702 362 3756 mini
387 3706 580 3770 terres,
614 3707 671 3757 et
711 3703 1029 3759 adorabunt
1053 3704 1111 3758 in
1150 3708 1453 3775 conspectu
1509 3710 1605 3762 tuo
1659 3723 1858 3761 omnes

1872 3194 1927 3267 C

1953 3239 2099 3310 gelio
2150 3245 2273 3293 cata
2320 3240 2645 3294 Matthaeum
2676 3261 2686 3291 :
2726 3258 2753 3289 «
2800 3240 2865 3293 Et
2895 3255 3025 3292 cum
3051 3241 3209 3293 Iesus
3241 3244 3411 3293 natus
3440 3245 3588 3294 esset

1953 3332 2012 3387 in
2043 3333 2383 3387 Bethlehem
2412 3333 2593 3399 Iudae,
2642 3332 2700 3386 in
2736 3333 2936 3387 diebus
2966 3332 3200 3387 Herodis
3248 3333 3418 3403 regis,
3457 3349 3588 3388 ecce

1955 3427 2105 3498 magi
2139 3426 2209 3480 ab
2241 3426 2472 3481 Oriente
2516 3430 2801 3481 venerunt
2842 3427 3290 3498 Hierosolymam
3322 3424 3364 3460 ¹⁸
3392 3426 3590 3483 dicen-

1954 3526 2038 3574 tes
2072 3536 2085 3574 :
2118 3519 2222 3575 Ubi
2242 3526 2326 3575 est
2357 3520 2455 3591 qui
2481 3523 2648 3575 natus
2674 3525 2758 3574 est
2784 3537 2883 3575 rex
2918 3520 3245 3575 Iudaeorum
3274 3521 3301 3575 ?
3333 3520 3586 3576 Vidimus

1957 3613 2114 3666 enim
2157 3612 2375 3667 stellam
2414 3613 2538 3682 ejus
2566 3613 2623 3666 in
2658 3612 2905 3680 Oriente,
2947 3618 3005 3668 et
3048 3614 3305 3668 venimus
3346 3615 3585 3669 adorare

1960 3722 2090 3760 eum
2124 3724 2150 3755 »
2179 3706 2418 3777 (Matth,
2446 3722 2502 3768 II,
2555 3710 2601 3774 1,
2652 3706 2725 3776 2).
2776 3707 2917 3761 Item
2959 3712 3082 3761 cata
3120 3708 3400 3762 Joannem
3441 3707 3588 3762 dixit

218 3793 417 3864 patria:
471 3796 770 3866 gentium;
809 3799 1078 3868 quoniam
1123 3798 1341 3853 Domini
1387 3802 1470 3853 est
1504 3815 1771 3871 regnum,
1804 3803 1862 3854 et
1956 3800 2116 3854 Iesus
2145 3816 2159 3853 :
2190 3819 2217 3847 ‹‹
2248 3800 2510 3869 Regnum
2558 3816 2752 3854 meum
2799 3817 2909 3854 non
2951 3804 3036 3856 est
3087 3801 3154 3855 de
3208 3802 3315 3856 isto
3360 3805 3585 3858 smculo.

219 3887 345 3957 ipse
388 3887 778 3945 dominabitur
800 3888 846 3923 9°
868 3891 1145 3946 'omnium
1191 3891 1448 3962 gentium
1478 3914 1506 3942 »
1538 3893 1702 3964 (Psal.
1743 3909 1860 3961 xxi,

1963 3892 2017 3948 Si
2061 3893 2129 3946 de
2186 3893 2292 3947 isto
2319 3893 2525 3947 sescqu
2549 3890 2591 3927 ι⁹
2633 3895 2781 3947 esset
2806 3908 3052 3963 regnum
3088 3909 3302 3957 meum,
3334 3895 3585 3950 ministri

1626 4046 1830 4108 Variae
1872 4044 2209 4108 lectiones.

282 4180 479 4233 “Dum
504 4178 842 4243 egredereris
864 4179 976 4229 Li'n.
1002 4180 1109 4231 NG.
1146 4179 1193 4228 2.

223 4252 335 4305 ΝΟ.
366 4251 415 4301 2.
544 4249 586 4281 ⁹²
612 4248 844 4298 Perdere
862 4261 963 4296 nos
1002 4248 1135 4298 Bod.
1167 4248 1214 4297 3.

224 4326 269 4373 1.
306 4326 449 4373 Lam.

228 4540 282 4586 et
303 4538 705 4587 convertentur
723 4535 774 4586 Ν
778 4533 831 4581 C.
863 4532 912 4582 2.

229 4608 563 4667 Elevamini,
597 4608 768 4669 porta
794 4603 923 4654 Bod.
960 4605 1003 4663 I,
1023 4605 1072 4664 2,
1104 4604 1151 4653 3.
1182 4607 1321 4655 Lam.
1356 4607 1464 4658 ΝΟ.
1491 4609 1534 4655 1.

234 4750 471 4801 verbum
498 4749 706 4798 bonum
734 4746 863 4796 Bod.
885 4746 932 4807 2,
964 4745 1011 4795 3.
1039 4748 1181 4795 Lam.
1210 4748 1322 4796 Lin.
1356 4748 1465 4800 ΝΟ.
1497 4750 1541 4809 1,
1567 4748 1614 4798 2.

230 4892 344 4940 Lin.
381 4890 490 4941 ΝΟ.
519 4890 562 4938 2.
630 4886 652 4920 ⁷
674 4885 891 4937 Diffusa
923 4890 1006 4935 est
1036 4888 1218 4950 gratia
1250 4887 1373 4937 Bod.
1403 4888 1451 4949 2,
1479 4887 1528 4937 3.

234 4959 495 5012 Gladium
524 4961 632 5009 Lin.
658 4958 766 5011 ΝΟ.
788 4958 841 5006 2.
872 4957 990 5006 80d.
1030 4959 1075 5007 1.

235 5103 347 5150 ιίη.
372 5100 484 5153 ΝΟ.
516 5101 564 5149 2.

240 5243 279 5277 ’⁸
302 5244 578 5294 Dominus
605 5246 732 5292 tuus
757 5240 887 5291 Bod.
918 5243 964 5303 1,
992 5241 1040 5303 2,
1068 5242 1115 5291 3.

242 5314 487 5375 mundo;
521 5314 566 5363 si
594 5312 662 5365 de
691 5312 799 5364 hoc
829 5312 1039 5362 mundo
1070 5312 1198 5363 Bod.
1225 5313 1273 5362 2.
1301 5315 1443 5364 Lam.
1466 5316 1573 5368 Nc.
1609 5313 1658 5363 2.

1324 4178 1365 4212 90
1395 4180 1495 4212 ’Ῥιτί
1553 4180 1684 4212 dum
1723 4180 1974 4212 θυι-ηαίοή

1352 4180 1365 4212 ³
1395 4180 1521 4239 Tui,
1553 4180 1687 4230 dum
1723 4183 1870 4230 trans

1352 4250 1386 4281 ³³
1408 4249 1477 4299 Ut
1503 4251 1734 4312 recipiat
1788 4264 1867 4299 un

1950 4180 2009 4229 'is
2028 4182 2167 4230 Fors.
2265 4180 2313 4212 ⁸³
2356 4180 2441 4228 Tu
2463 4180 2845 4230 exharedabis
2875 4180 3004 4229 Bod.
3044 4180 3090 4229 2.
3120 4181 3261 4230 Lam.
3291 4180 3582 4244 disperdes

1950 4250 2181 4313 quisque
2209 4251 2351 4299 Lam.
2374 4248 2484 4299 ΝΟ.
2516 4250 2563 4298 1.
2591 4247 2738 4300 Gorb.
2772 4261 2898 4312 quas
2940 4250 3111 4313 gessit
3134 4249 3250 4298 sive
3276 4249 3423 4299 bona
3474 4253 3584 4304 ΝΟ.

548 4322 588 4353 ⁹⁴
619 4320 796 4384 Super
817 4320 1034 4383 pullum
1065 4320 1205 4368 asini
1235 4322 1378 4370 Lam.
1406 4321 1517 4372 ΝΟ.
1555 4324 1595 4371 ι,
1628 4322 1755 4371 Bod.
1787 4323 1833 4372 2.
1899 4321 1941 4355 9‘
1976 4322 2113 4384 Quis
2147 4317 2426 4367 nuntiabit
2450 4316 2613 4367 vobis
2643 4318 2772 4381 quia
2806 4318 2953 4381 ignis
2978 4319 3174 4369 ardet?
3190 4320 3285 4383 qui
3318 4322 3597 4371 nuntiabit

229 4394 391 4444 vobis
416 4394 602 4475 locum
629 4392 789 4441 illum
812 4396 1089 4476 fternum
1116 4392 1255 4476 Lam.
1285 4392 1490 4476 Bod'.‘.2,
1524 4392 1573 4475 3,
1597 4393 1802 4476 :5."I:in;

1961 4396 2006 4444 1.
2029 4393 2074 4442 2.
2107 4394 2248 4472 Fors.
2388 4392 2452 4470 ‘9'
2468 4392 2598 4476 liicJ
2614 4392 2799 4476 habita

227 4468 487 4516 sanctum
513 4466 652 4526 ejus,
680 4462 989 4526 praedicans
1014 4465 1356 4525 prmceptum
1388 4464 1612 4513 Domini
1636 4465 1687 4515 Ν
1692 4464 1744 4513 C.
1772 4465 1820 4513 2.
1854 4467 1870 4514 1

228 4540 282 4586 et
303 4538 705 4587 convertentur
723 4535 774 4586 Ν
778 4533 831 4581 C.
863 4532 912 4582 2.
1006 4531 1047 4565 9°
1076 4533 1460 4583 Dominabitur
1484 4535 1732 4599 gentium
1772 4537 1870 4585 Fas

1950 4479 1991 4512 ἐ.
2026 4462 2324 4526 Imperium
2351 4461 2470 4523 ejus
2490 4460 2615 4510 Bod.
2655 4461 2699 4508 1.
2724 4459 2772 4521 2,
2797 4461 2845 4520 3,
2866 4462 2910 4509 4.

2016 4538 2032 4566 ¹
2062 4533 2285 4593 Tollite,
2314 4536 2520 4594 portas,
2543 4530 2819 4594 principes
2838 4533 2908 4580 La

2265 4178 2313 4212 ⁸³
2356 4178 2441 4228 Tu
2463 4178 2845 4230 exhaeredabis
2875 4178 3004 4229 Bod.
3044 4180 3090 4229 2.
3120 4181 3261 4230 Lam.
3291 4180 3582 4244 disperdes

2410 4388 2573 4438 9'Hic
2614 4387 2887 4438 habitabit
2917 4390 3045 4439 Bod.
3074 4392 3120 4439 1.
3277 4390 3320 4425 ⁸⁷
3350 4392 3592 4442 Montem

3064 4460 3106 4495 ³⁸
3141 4461 3589 4514 Reminiscentur

2016 4538 2032 4566 ¹
2062 4533 2285 4593 Tollite,
2314 4536 2520 4594 portas,
2543 4530 2819 4594 principes
2838 4533 2979 4580 Lam.
3012 4532 3121 4584 ΝΟ.
3148 4534 3191 4592 1,
3214 4534 3259 4581 2.
3280 4534 3407 4582 Bod.
3440 4534 3488 4593 2,
3536 4536 3587 4585 3.

1634 4606 1656 4640 ²
1682 4607 1869 4656 Etern

1963 4605 2086 4656 Bod.
2114 4606 2161 4654 Δ.
2202 4603 2319 4653 Rex
2345 4602 2534 4665 glorias
2569 4602 2692 4651 Bod.
2721 4603 2768 4660 1,
2798 4600 2846 4662 2,
2873 4601 2918 4650 3.
2958 4604 3092 4651 Lam.
3143 4604 3254 4651 Lin.
3286 4603 3413 4653 ΝΟ.
3447 4605 3492 4662 1,
3543 4604 3589 4651 2.

232 4678 533 4739 Claritatis,
562 4677 835 4727 Dominus
858 4675 1015 4724 fortis
1035 4676 1091 4724 in
1120 4676 1328 4738 prmlio.
1357 4679 1495 4726 Fusa.
1529 4677 1707 4727 Fortis
1733 4678 1789 4726 in
1815 4677 2022 4740 prmlio,
2054 4679 2185 4727 item
2221 4675 2275 4723 in
2304 4674 2518 4722 Psalmo
2545 4673 2683 4721 Lam.
2711 4672 2821 4740 Lin.
2850 4672 2959 4723 ΝΟ.
2994 4673 3036 4732 1,
3059 4673 3105 4721 2.

1714 4750 1734 4779 ⁴
1754 4748 1892 4797 Dico
1923 4760 2087 4811 opera
2114 4758 2238 4795 mea
2257 4743 2371 4806 regi
2400 4742 2528 4792 Bod.
2560 4744 2601 4791 1.

234 4821 284 4881 2,
318 4824 364 4868 3.
404 4821 515 4869 Lin.
554 4819 664 4871 ΝΟ.
700 4820 747 4875 1,
779 4818 824 4866 2.
859 4816 1070 4867 Scriba)
1099 4817 1368 4868 velociter
1397 4820 1537 4868 Lam.
1575 4819 1702 4868 Bod.
1736 4816 1849 4878 2,3.

1950 4832 1995 4864 η.
2021 4817 2129 4868 NC.
2170 4816 2213 4863 1.
2240 4815 2288 4863 2.

1659 4887 1681 4921 ⁸
1709 4889 1860 4939 Deus
1889 4889 1946 4937 in
1975 4892 2243 4938 aeternum
2276 4883 2402 4934 Bod.
2436 4884 2481 4933 3.

1170 4956 1208 4990 ⁴⁰
1234 4958 1497 5022 Prospere
1521 4959 1767 5023 inequita
1793 4959 1917 5009 Bod.
1946 4961 1992 5020 I,
2028 4960 2074 5009 3.
2108 4955 2351 5007 Procede
2371 4958 2484 5007 Lm.
2514 4953 2621 5007 ΝΟ.
2646 4954 2691 5002 2.

231 5031 377 5080 Lam.
410 5030 537 5080 Bod.
569 5030 613 5091 1,
647 5030 691 5079 4.
726 5028 836 5081 ΝΟ.
868 5028 1311 5089 I.Justitiam,et
1363 5029 1658 5080 docebitte
1712 5029 1990 5079 mirabilia
2015 5029 2207 5079 dextra
2234 5032 2326 5076 tua
2358 5025 2485 5075 Bod.
2513 5026 2559 5074 3.

686 5103 723 5132 υ
754 5099 1011 5148 Exsultat
1034 5103 1201 5161 terra,
1233 5100 1488 5150 laetentur
1518 5100 1641 5150 Bod.
1672 5100 1721 5150 2.
1752 5102 1864 5149 Lin.
1896 5100 2006 5152 ΝΟ.
2038 5098 2083 5147 2.

235 5174 347 5222 Lz‘n.
378 5171 808 5222 Circumamicta
830 5171 1091 5221 varietate
1122 5171 1229 5222 ΝΟ.
1261 5171 1307 5221 2.
1337 5170 1762 5222 Circumamicta
1791 5175 1847 5222 et

1950 5171 2075 5221 riata
2104 5170 2241 5218 Lam.
2270 5167 2391 5218 Bod.
2418 5168 2464 5216 2.
2494 5168 2603 5220 NC.
2642 5168 2686 5216 I.

1282 5240 1320 5274 ’⁷
1342 5247 1484 5294 Ante
1506 5244 1709 5294 saecula
1736 5243 1881 5294 Carb.

3204 4678 3219 4705 ³
3267 4674 3375 4723 Cor
3410 4688 3595 4723 meum

2701 4743 2719 4773 ⁵
2746 4739 3008 4790 Calamus
3054 4743 3253 4793 scriba:
3292 4746 3431 4793 Lam.
3473 4746 3593 4794 Bod.

2418 4812 2440 4845 ⁸
2468 4811 2765 4875 Speciosus
2787 4811 2962 4859 forma
2991 4825 3105 4875 prae
3136 4812 3267 4862 ﬁliis
3306 4814 3598 4865 hominum

2581 4881 2602 4915 ³
2626 4881 2830 4931 Ensem
2865 4886 3021 4931 tuum
3064 4884 3203 4932 Lam.
3234 4885 3359 4933 Bod.
3387 4888 3436 4945 2,
3468 4888 3514 4947 3,
3546 4890 3593 4936 4.

2794 4955 2829 4985 ¹¹
2853 4953 3218 5005 Sanctitatem
3245 4960 3299 5005 et
3320 4958 3593 5020 justitiam

2694 5028 2733 5057 τι
2759 5024 2919 5074 Mane
2949 5025 3142 5074 astabo
3178 5026 3279 5077 tibi
3308 5032 3363 5076 et
3396 5027 3596 5078 videbo

2208 5099 2244 5130 ι⁴
2272 5098 2332 5145 In
2362 5097 2565 5146 vestitu
2596 5095 2861 5145 deaurato
2893 5097 3295 5148 circnmornata
3316 5103 3371 5148 et
3390 5101 3600 5150 variata

2851 5168 2888 5199 ³⁵
2943 5168 3178 5217 Domum
3214 5171 3388 5233 patris
3443 5171 3604 5222 Cari).

2045 5239 2086 5273 ’⁸
2124 5240 2487 5291 Advenerunt
2512 5238 2954 5302 Hierosolymam
2978 5239 3104 5289 Bod.
3138 5242 3182 5289 1.
3317 5241 3354 5275 '9
3388 5242 3467 5291 De
3498 5243 3604 5295 hoc

1544 5431 1767 5513 Steph.
1816 5426 2061 5492 Baluzii
2107 5431 2302 5491 notas.

242 5560 414 5610 educit
471 5558 693 5643 vinctas.
723 5558 779 5608 in
841 5556 1181 5643 militudine,
1224 5557 1486 5643 similiter.
1536 5571 1619 5643 eos
1669 5557 1763 5622 qui
1816 5553 3190 5643 iannen.tjbus.lIten1‘inlEvaangeliogec‘undum
3238 5558 3554 5638 Mattbreum
3590 5577 3602 5610 :

242 5635 381 5680 iram
411 5633 712 5693 provocant,
754 5630 848 5692 qui
882 5627 1124 5677 habitant
1162 5627 1218 5676 in
1257 5628 1530 5691 sepulcris.
1569 5629 1725 5683 Deus,
1761 5622 1949 5676 cum”
1980 5625 2113 5686 Quid
2158 5622 2309 5674 nobis
2365 5629 2411 5673 et
2458 5623 2570 5686 tibi,
2623 5624 2726 5673 Fili
2757 5627 2851 5675 Dei
2876 5622 2905 5675 ἴ)
2947 5626 3079 5687 Quid
3124 5629 3219 5677 huc
3261 5630 3446 5677 venisti
3484 5634 3633 5678 ante

244 5699 564 5763 egredereris
617 5710 797 5747 coram
845 5697 1039 5761 popqu
1094 5703 1223 5755 tuo,
1259 5697 1382 5747 dum
1428 5697 1875 5761 transgredereris
1977 5704 2178 5760 tempus
2218 5695 2434 5758 perdere
2480 5694 2628 5745 nos?
2656 5696 2779 5746 Duo
2827 5696 2951 5746 libri
2998 5702 3212 5749 veteres
3260 5701 3315 5749 in
3362 5698 3604 5749 editione

245 5774 303 5822 in
342 5771 560 5821 demto.
608 5770 744 5820 Item
790 5769 847 5819 in
892 5769 1112 5820 Psalmo
1143 5780 1330 5841 LXXXI
1364 5784 1373 5818 :
1418 5770 1677 5834 Exsurge,
1712 5770 1868 5841 Deus,
1974 5770 2295 5841 Anglicana
2322 5769 2531 5820 laudati
2575 5769 2785 5820 habent
2813 5772 2907 5834 qui
2947 5772 3121 5824 educit
3147 5775 3348 5825 vinctos
3392 5773 3445 5823 in
3484 5771 3598 5841 [or-

246 5842 411 5898 ιιᾱὶοα
464 5846 684 5905 terram,
747 5841 998 5909 quoniam
1062 5846 1117 5893 tu
1180 5840 1447 5908 disperde:
1518 5841 1577 5891 in
1627 5839 1866 5894 omnibus

1968 5841 2211 5895 “tudine.
2264 5839 2359 5894 Sic
2387 5840 2551 5893 etiam
2572 5841 2630 5892 in
2653 5854 2767 5893 uno
2794 5854 2935 5894 meo.
