3998 6194
187 5895 366 6002 “"1:

507 319 608 375 ’751

1395 313 1453 372 S.
1495 315 1809 373 CYPRIANI
1847 313 2122 373 OPERUM
2160 314 2329 372 PARS
2371 315 2434 369 il.
2476 345 2544 355 —
2582 311 2951 370 OPUSCULA.

3727 316 3818 372 752

508 443 621 498 mei
650 441 1016 495 turbarentur
1039 438 1088 474 ³ο
1115 454 1184 494 ne
1216 437 1476 494 traderer
1497 439 1725 494 Iudaeis.
1756 441 1914 494 Nunc
1941 442 2133 494 autem
2156 450 2214 524 Α
2237 439 2471 494 modum
2501 443 2695 510 pastor
2733 440 2993 509 segregat
3021 451 3152 489 oves
3198 433 3269 489 ab
3307 435 3512 500 haedis;
3545 440 3599 490 et
3632 439 3823 494 statuet

507 551 747 605 regnum
783 549 973 587 meum
1013 550 1121 586 non
1147 536 1233 586 est
1262 533 1413 587 hinc.
1448 533 1819 588 DixitPilatus
1850 533 1894 568 ²¹
1927 551 1942 587 :
1971 534 2122 604 Ergo
2222 552 2353 591 oves
2403 533 2474 587 ad
2522 533 2820 586 dexteram
2870 547 3057 595 suam,
3115 528 3306 582 haedos
3357 535 3546 584 autem
3583 531 3648 585 ad
3673 531 3820 586 sinis-

504 645 603 683 rex
626 644 685 682 es
711 627 814 681 tu?
836 626 1152 698 Respondit
1185 629 1381 681 Jesus:
1441 628 1517 681 Tu
1551 627 1688 681 dicis
1717 627 1989 698 quoniam
2029 643 2120 681 rex

501 737 650 775 sum.
698 722 813 792 Ego
845 720 901 774 in
954 721 1059 775 hoc
1099 726 1261 774 natus
1299 737 1424 774 sum
1446 721 1493 754 ²²
1539 724 1593 775 et
1637 721 1692 774 in
1743 721 1852 775 hoc
1892 722 2018 774 veni
2063 721 2118 774 in

499 815 794 884 saeculum,
851 818 914 868 ut
961 813 1349 869 testimonium
1409 814 1740 886 perhibeam
1805 815 2026 870 veritati
2048 814 2116 870 ³³.

501 902 696 976 722
747 902 940 959 Omnis
995 902 1089 974 qui
1148 907 1232 957 est
1294 903 1362 957 de
1428 904 1663 958 veritate
1713 903 1870 958 audit
1921 919 2117 960 vocem

499 1013 692 1052 meam
726 1017 754 1049 ι)
785 997 982 1067 (Joan.,
1015 1012 1170 1065 xvni,
1201 999 1287 1065 36,
1318 996 1426 1066 3‘7).

642 1093 770 1146 CAP.
803 1091 948 1144 ΧΧΧ.
978 1120 1046 1130 -
1095 1090 1248 1156 Quod
1275 1093 1388 1160 ipse
1413 1092 1485 1144 sit
1508 1091 1687 1146 Iudex
1713 1095 1762 1146 et
1785 1107 1884 1145 rex
1904 1091 1973 1145 ³⁸.

565 1186 624 1239 In
646 1184 865 1240 Psalmo
889 1200 1008 1238 LXXI
1043 1201 1056 1238 :
1091 1203 1119 1234 «
1155 1184 1318 1252 Deus,
1355 1184 1635 1254 judicium
1665 1189 1823 1238 tuum
1865 1183 1987 1254 regi
2019 1183 2112 1252 da,

494 1284 551 1334 et
573 1278 854 1350 justitiam
882 1283 1040 1332 tuam
1070 1277 1184 1331 ﬁlio
1216 1278 1362 1347 regis
1383 1277 1637 1347 judicare
1653 1277 1924 1348 populum
1950 1281 2114 1332 tuum

491 1373 548 1427 in
579 1372 795 1443 justitia
829 1394 856 1422 ››
890 1371 1058 1442 (Psal.
1093 1387 1233 1437 Lxx1,
1270 1371 1322 1438 1,
1363 1372 1438 1440 2).
1473 1373 1611 1425 ltem
1641 1372 1701 1425 in
1733 1371 2067 1442 Apocalypsi
2097 1387 2110 1425 ε

500 1488 526 1514 «
565 1468 629 1520 Et
658 1465 769 1520 vidi
799 1465 1002 1520 coelum
1046 1469 1305 1536 apertum
1340 1465 1419 1530 ’5;
1450 1470 1506 1518 et
1545 1481 1672 1518 ecce
1714 1481 1890 1536 equus
1929 1465 2111 1531 albus,

493 1565 546 1614 et
607 1559 702 1630 qui
759 1558 993 1613 sedebat
1045 1575 1214 1629 super
1274 1573 1403 1613 cum
1461 1559 1768 1612 vocabatur
1827 1558 2007 1613 fidelis
2058 1565 2112 1612 et

491 1670 656 1707 verus
683 1649 750 1721 ⁸⁸,
782 1669 1008 1724 aequum
1044 1652 1378 1724 justumque
1415 1652 1652 1722 judicat,
1701 1656 1756 1706 et
1801 1652 2109 1722 prmliatur.

491 1747 649 1802 Oculi
678 1749 870 1800 autem
902 1745 1021 1816 ejus
1056 1748 1219 1800 erant
1261 1749 1535 1816 tanquam
1573 1744 1802 1799 ﬂamma
1851 1745 2018 1816 ignis,
2057 1749 2114 1799 et

2220 634 2367 684 tram
2387 624 2447 682 ³⁸.
2486 629 2640 681 Tunc
2678 626 2825 680 dicet
2874 625 2990 679 Rex
3030 623 3112 678 eis
3155 623 3252 694 qui
3290 623 3358 677 ad
3399 622 3678 678 dexteram
3714 626 3821 694 ejus

2221 727 2424 778 erunt:
2500 721 2724 789 Venite,
2786 718 3070 773 benedicti
3131 717 3306 770 Patris
3377 716 3508 781 mei,
3573 717 3819 790 percipite

2217 832 2460 888 regnum
2488 813 2642 886 quod
2669 812 2824 868 vobis
2854 815 3116 883 paratum
3148 816 3233 864 est
3260 810 3329 864 ab
3359 809 3578 880 origine
3609 812 3812 867 mundi.

2217 909 2437 966 Esurivi
2494 908 2667 975 enim,
2703 912 2759 962 et
2787 905 3019 960 dedistis
3060 904 3199 958 mihi
3253 903 3630 972 manducare;
3670 904 3818 972 sitivi,

2217 1007 2277 1058 et
2294 1002 2526 1074 potestis
2554 1017 2649 1055 me
2677 998 2761 1054 “‘i
2788 1000 2994 1070 hospes
3027 998 3130 1065 fui,
3183 1001 3240 1051 et
3283 996 3591 1052 adduxistis
3635 1013 3720 1052 me
3743 997 3780 1032 "
3804 1016 3815 1053 :

2217 1096 2423 1165 nudus,
2455 1099 2514 1150 et
2555 1093 2772 1148 texistis
2823 1088 3023 1159 me”;
3073 1090 3334 1145 inﬁrmus
3363 1087 3427 1159 ⁸,
3479 1095 3536 1144 et
3578 1090 3816 1146 visitastis

2215 1206 2339 1256 me;
2400 1189 2458 1244 in
2529 1203 2756 1242 carcere
2812 1185 2916 1254 fui,
2981 1191 3037 1240 et
3104 1184 3334 1240 venistis
3385 1183 3456 1238 ad
3522 1200 3627 1238 me.
3683 1186 3820 1240 Tunc

2213 1282 2646 1354 respondebunt
2679 1281 2728 1336 ei
2771 1279 2913 1352 justi
2951 1279 3204 1334 dicentes
3239 1319 3252 1346 ,
3298 1277 3560 1344 Domine,
3615 1278 3817 1348 quando

2213 1380 2269 1432 te
2316 1377 2561 1430 vidimus
2604 1375 2950 1430 esurientem
3001 1375 3058 1428 et
3113 1372 3402 1442 pavimus,
3451 1370 3722 1426 sitientem
3769 1377 3818 1426 et

2214 1470 2574 1542 potavimus?
2623 1469 2849 1540 quando
2903 1471 3093 1522 autem
3148 1473 3202 1520 te
3247 1465 3499 1520 vidimus
3563 1465 3816 1535 hospitem

2213 1569 2271 1619 et
2305 1563 2647 1618 adduximus
2677 1563 2726 1597 ‘°
2814 1562 3057 1628 nudum,
3094 1567 3152 1615 et
3192 1559 3554 1614 vestivimus?
3617 1559 3816 1628 quando

2213 1661 2413 1712 autem
2459 1661 2514 1712 te
2556 1656 2802 1710 vidimus
2853 1655 3147 1709 inﬁrmum
3179 1655 3224 1688 ¹⁸
3271 1656 3328 1708 et
3379 1652 3438 1706 in
3492 1668 3720 1720 carcere,
3769 1659 3816 1706 et

2211 1751 2472 1805 venimus
2501 1750 2573 1804 ad
2617 1749 2710 1804 tet
2760 1750 2826 1803 Et
2876 1748 3222 1819 respondens
3277 1748 3396 1802 Rex
3423 1745 3467 1780 “
3518 1746 3661 1800 dicet
3712 1746 3813 1800 eis:

487 1856 657 1911 super
703 1845 872 1910 caput
915 1839 1038 1910 ejus
1101 1839 1427 1893 diademata
1477 1839 1658 1892 multa
1682 1881 1695 1905 ,
1747 1844 1802 1893 et
1849 1839 2113 1909 portabat
2135 1855 2187 1928 Β
2211 1846 2392 1898 Amen
2422 1843 2546 1899 dico
2575 1843 2748 1910 vobis,
2769 1842 3019 1914 quandiu
3047 1840 3252 1895 fecistis
3283 1840 3387 1894 uni
3418 1840 3617 1893 horum
3645 1837 3814 1911 723

486 1949 702 1988 nomen
746 1933 1021 2003 scriptum
1068 1932 1280 1986 nemini
1324 1931 1416 1986 alii
1448 1932 1551 1985 nisi
1578 1932 1680 1986 sibi
1712 1932 1757 1966 ’7
1793 1937 2009 1986 notum.
2047 1933 2110 1986 Et
2213 1954 2281 1992 ex
2299 1937 2568 1992 fratribus
2600 1937 2739 1991 meis
2770 1935 3040 2005 minimis,
3073 1935 3212 1989 mihi
3243 1933 3478 1988 fecistis.
3508 1934 3654 1987 Tunc
3685 1931 3813 1986 dicet

484 2031 603 2081 erat
665 2029 966 2096 coopertus
1019 2031 1231 2080 vestem
1288 2027 1642 2097 aspersam”
1694 2025 1988 2095 sanguine,
2051 2029 2110 2079 et

483 2120 687 2174 dicitur
741 2135 950 2174 nomen
997 2119 1118 2190 ejus
1168 2119 1416 2174 Verbum
1471 2119 1566 2174 Dei
1600 2119 1678 2188 9°;
1719 2122 1775 2174 et
1829 2119 2108 2174 exercitus

482 2214 580 2284 qui
632 2220 762 2267 sunt
801 2213 857 2266 in
891 2214 1029 2268 coelo
1064 2213 1449 2284 sequebantur
1475 2229 1605 2268 eum
1636 2213 1695 2266 in
1744 2213 1904 2284 equis
1944 2214 2102 2283 albis,

482 2307 668 2361 induti
699 2307 989 2378 byssinum
1037 2307 1230 2361 album
1263 2307 1541 2361 mundum
1573 2305 1636 2373 ³ο,
1665 2310 1723 2360 et
1751 2307 1821 2361 de
1858 2323 1954 2361 ore
1985 2307 2106 2378 ejus

482 2401 675 2455 exibat
715 2401 938 2472 gladius
979 2401 1252 2472 utrinque
1282 2401 1324 2434 ³¹
1373 2404 1592 2467 acutus,
1624 2404 1687 2454 ut
1722 2418 1786 2455 ex
1811 2418 1876 2455 eo
1902 2418 2104 2471 percu-

481 2499 628 2549 teret
671 2495 926 2548 nationes
967 2511 1104 2565 quas
1152 2494 1269 2564 ipse
1310 2495 1626 2565 pasciturus
1652 2495 1698 2528 ³³
1752 2500 1837 2549 est
1887 2496 1997 2566 (40)
2046 2496 2103 2549 in

476 2589 638 2658 virga
679 2588 888 2653 ferrea,
930 2594 987 2641 et
1018 2590 1137 2658 ipse
1174 2587 1412 2642 calcabit
1459 2589 1705 2642 torcular
1732 2588 1846 2642 vini
1881 2589 1980 2642 ira:
2012 2589 2102 2643 Dei

476 2681 894 2752 omnipotentis.
947 2681 1120 2734 Habet
1169 2681 1338 2735 etiam
1390 2680 1445 2734 in
1489 2687 1639 2735 veste
1681 2687 1738 2735 et
1788 2682 1844 2734 in
1891 2683 2104 2738 femore

475 2792 578 2830 suo
605 2791 819 2830 nomen
851 2774 1123 2844 scriptum
1157 2775 1313 2829 :Rex
1355 2790 1556 2844 regum
1597 2779 1653 2828 et
1682 2775 1954 2829 Dominus
2001 2776 2100 2830 do-

475 2869 821 2924 minantium
851 2868 898 2902 ³³
942 2867 1202 2939 »(Apoc.,
1229 2866 1809 2938 xIx,H-16).ltemin
1849 2870 2100 2940 Evange-

475 2961 550 3018 lio
603 2979 677 3016 :«
707 2964 848 3018 Cum
898 2961 1117 3016 venerit
1161 2961 1333 3015 Filius
1362 2960 1611 3015 hominis
1675 2961 1931 3016 claritate
1983 2980 2102 3027 sua,

475 3063 534 3112 et
566 3073 768 3112 omnes
809 3056 999 3127 angeli
1035 3071 1164 3110 cum
1209 3072 1298 3123 eo,
1347 3057 1483 3109 tunc
1533 3055 1751 3109 sedebit
1797 3056 1852 3110 iu
1895 3057 2102 3112 throno

474 3150 743 3205 claritatis
788 3166 906 3204 suae
959 3165 971 3203 :
1023 3153 1080 3202 et
1143 3149 1483 3217 colligentur
1539 3151 1670 3202 ante
1717 3165 1846 3203 eum
1906 3167 2102 3204 omnes

2207 2030 2320 2085 illis
2343 2031 2440 2101 qui
2473 2031 2544 2085 ad
2573 2030 2858 2085 sinistram
2892 2030 3013 2100 ejus
3053 2033 3220 2083 erunt
3243 2023 3288 2058 "
3316 2043 3330 2081 :
3373 2026 3690 2080 Disceditea
3714 2041 3812 2090 me,

2207 2125 2514 2191 maledicti,
2538 2125 2596 2178 in
2641 2124 2836 2195 ignem
2875 2127 3155 2178 aeternum
3193 2137 3369 2194 quem
3412 2121 3633 2192 paravit
3672 2121 3814 2174 Pater

2206 2234 2370 2272 meus
2401 2217 2624 2272 diabolo
2667 2222 2726 2271 et
2752 2215 2969 2288 angelis
3005 2216 3147 2287 ejus.
3205 2214 3423 2270 Esurivi
3463 2215 3610 2270 enim
3637 2217 3689 2267 et
3714 2229 3811 2266 non

2206 2310 2442 2365 dedistis
2487 2311 2630 2364 mihi
2677 2311 3057 2376 manducare;
3115 2307 3282 2376 sitivi,
3341 2314 3401 2362 et
3453 2324 3563 2362 non
3611 2306 3812 2378 potastis

2206 2421 2299 2460 me
2327 2403 2394 2472 “;
2446 2405 2650 2476 hospes
2688 2404 2791 2470 fui,
2838 2408 2894 2458 et
2942 2419 3057 2457 non
3101 2402 3425 2457 adduxistis
3484 2417 3606 2468 me;
3649 2401 3810 2454 nudus

2205 2503 2261 2552 et
2294 2515 2409 2552 non
2448 2498 2687 2553 vestistis
2723 2514 2811 2552 me
2835 2496 2908 2566 “;
2946 2497 3204 2552 inﬁrmus
3253 2501 3312 2551 et
3385 2496 3442 2549 in
3491 2511 3719 2559 carcere,
3763 2498 3810 2547 et

2205 2608 2322 2646 non
2354 2592 2615 2646 visitastis
2643 2608 2758 2646 me.
2784 2593 2938 2646 Tunc
2964 2589 3400 2662 respondebunt
3423 2587 3610 2660 724
3633 2594 3685 2641 et
3717 2586 3809 2657 ipsi

2205 2685 2460 2740 dicentes
2492 2702 2503 2740 :
2537 2685 2794 2752 Domine,
2844 2684 3078 2756 quando
3111 2688 3166 2738 te
3197 2683 3440 2738 vidimus
3469 2683 3808 2744 esurientem,

2205 2782 2304 2832 aut
2333 2779 2646 2847 sitientem,
2674 2783 2774 2833 aut
2802 2779 3110 2850 hospitem,
3143 2780 3242 2832 aut
3289 2776 3644 2844 nudum,aut
3681 2774 3809 2828 inﬁr-

2203 2889 2385 2939 mum,
2421 2878 2518 2926 aut
2563 2872 2620 2927 in
2659 2889 2910 2941 carcere,
2949 2875 3006 2928 et
3052 2888 3166 2926 non
3201 2870 3646 2926 ministravimus
3689 2866 3809 2922 tibi?

2202 2966 2271 3020 Et
2294 2966 2660 3038 respondebit
2686 2964 2850 3020 illis"
2883 2983 2896 3020 :
2932 2969 3110 3021 Amen
3157 2965 3282 3020 dico
3351 2963 3526 3032 vobis,
3573 2961 3803 3034 quandiu

2203 3076 2316 3114 non
2338 3060 2546 3115 fecistis
2575 3059 2668 3114 uni
2717 3077 2788 3114 ex
2811 3059 3060 3114 minimis
3108 3059 3216 3128 his,
3266 3074 3455 3129 neque
3489 3057 3624 3112 mihi
3653 3054 3800 3110 fecis-

2202 3154 2291 3207 tis.
2335 3153 2401 3208 Et
2444 3153 2684 3208 abibunt
2730 3153 2821 3208 isti
2881 3153 2938 3207 in
2980 3152 3408 3207 ambustionem
3467 3154 3722 3206 aeternam
3747 3144 3800 3213 ⁸⁸,

476 3248 694 3316 gentes,
737 3247 794 3298 et
834 3241 1160 3313 segregabit
1191 3241 1318 3296 illos
1346 3243 1392 3276 3‘
1424 3241 1493 3296 ab
1531 3242 1791 3311 invicem,
1821 3245 2098 3314 quemad-
2122 3231 2175 3306 C
2197 3246 2331 3316 justi
2361 3250 2554 3302 autem
2573 3247 2631 3301 in
2650 3246 2822 3302 vitam
2849 3252 3122 3302 aeternam
3153 3246 3448 3317 ››(Μαεε1ι.,
3467 3261 3587 3313 xxv,
3611 3241 3799 3309 21-46.)

1860 3360 2070 3425 νδτὶεὲ
2113 3361 2456 3428 lectiones.

536 3483 579 3515 ²⁰
611 3481 811 3545 Utique
835 3480 1174 3531 decertarent
1204 3480 1326 3529 Bod.
1363 3479 1408 3529 3.

474 3624 522 3681 1,
552 3622 598 3683 ι),
624 3622 674 3682 3,
710 3624 756 3671 4.
809 3620 956 3670 Corb.

471 3693 682 3742 meritis
711 3692 963 3742 restituet
992 3691 1116 3740 Bod.
1143 3692 1191 3741 3.

471 3832 640 3883 Veste
672 3846 859 3896 sparsa
892 3833 1031 3880 Lam.
1061 3834 1168 3884 ΝΟ.
1211 3835 1256 3883 1.
1299 3834 1411 3882 Li'n.
1462 3831 1585 3881 Bod.
1615 3832 1646 3881 2

470 3908 626 3967 parte
657 3901 806 3952 Corb.
939 3900 979 3933 ³³
1012 3903 1277 3953 Pasturus
1310 3903 1433 3965 Bod,
1457 3903 1504 3962 2,
1536 3905 1584 3963 3,
1610 3904 1657 3952 4.

471 4046 511 4079 ³⁷
537 4045 871 4107 Suscepistis
895 4058 983 4095 me
1013 4047 1162 4095 Lam.
1190 4048 1298 4098 ΝΟ.
1326 4047 1369 4095 1.
1394 4047 1518 4096 Bod.
1551 4047 1597 4096 2.

465 4116 717 4179 cepimus
739 4115 929 4165 Bod.2.
965 4115 1314 4166 Abduximus
1352 4118 1444 4166 Ver
1538 4118 1578 4148 ⁴¹
1608 4116 1879 4166 Inﬁrmari
1913 4117 2039 4166 Bod.
2069 4121 2114 4168 1.
2145 4121 2193 4178 3,
2229 4122 2278 4171 4.

1785 4181 1830 4220 ⁴⁴
1858 4187 2100 4240 Dedistis
2126 4191 2264 4242 mihi
2290 4191 2480 4242 bibere
2500 4181 2630 4240 Βὸᾱ.
2653 4191 2700 4240 2.
2743 4189 2977 4240 Potestis
3001 4203 3109 4246 me,
3140 4189 3343 4252 hospes
3365 4187 3441 4236 fui
3471 4189 3522 4236 et
3549 4197 3651 4235 non
3685 4193 3789 4252 susf

465 4187 534 4238 ad
559 4188 839 4236 sinistram
869 4187 1013 4235 Lam.
1043 4187 1159 4235 ιιή.
1183 4186 1292 4238 NC.
1327 4189 1373 4247 1,
1392 4187 1439 4235 2.
1480 4185 1658 4236 bod.2.

474 4257 701 4321 cepistis
732 4270 820 4306 me
851 4257 990 4305 Lam.
1020 4257 1127 4305 Lm.
1165 4257 1274 4308 ΝΟ.
1312 4258 1360 4305 1.
1387 4257 1434 4306 2.
1461 4257 1584 4306 Bod.
1613 4257 1663 4306 2.

1557 3480 1596 3510 ³⁸
1623 3481 1773 3530 Dixit
1797 3484 1984 3531 autem
2012 3482 2220 3534 Pilatus
2253 3485 2374 3534 Bod.
2407 3487 2450 3534 1.

475 3553 522 3614 1,
547 3553 597 3612 2,
622 3555 670 3612 3,
697 3554 743 3601 4.
774 3552 886 3600 Li'n.
920 3551 1028 3602 ΝΟ.
1061 3552 1102 3600 1.
1133 3552 1248 3613 Ego
1273 3551 1324 3599 in
1343 3550 1450 3600 hoc
1479 3552 1604 3600 veni
1632 3552 1686 3600 in
1723 3552 1991 3602 saeculum
2039 3553 2202 3603 Oxon.

1054 3622 1098 3654 ²⁴
1131 3620 1292 3682 Quod
1319 3621 1574 3670 Christus
1597 3622 1650 3670 in
1683 3621 1794 3671 ﬁne
1820 3622 2011 3672 saeculi
2035 3623 2210 3686 judex
2231 3625 2482 3675 omnium
2515 3627 2744 3677 veniens
2770 3626 2931 3676 bonis
2963 3625 3203 3689 praemia,
3234 3624 3399 3674 malis
3417 3620 3679 3686 supplicia
3714 3629 3796 3689 pro

1351 3695 1394 3724 ’⁵
1420 3690 1636 3742 Coelum
1667 3695 1842 3741 totum
1879 3697 2132 3756 apertum
2159 3695 2284 3745 Bod.
2339 3696 2386 3744 4.

469 3766 690 3816 Justum
719 3761 988 3825 judicans.
1038 3762 1174 3810 Lam.
1225 3760 1343 3813 ΝΟ.
1380 3763 1428 3810 1.
1461 3761 1749 3810 Praeliator
1769 3761 1908 3810 Lam.
1938 3764 2058 3814 ΝΟ.
2091 3766 2110 3813 1
2147 3765 2299 3816 Corb.

1804 3830 1846 3864 ²⁹
1869 3832 2062 3883 Sermo
2095 3835 2212 3884 Det.

1755 3901 1795 3936 ³³
1825 3902 2189 3956 Dominorum
2223 3909 2347 3959 Bod.
2381 3911 2426 3960 1.
2451 3910 2498 3958 4.

473 3973 621 4022 Cerb.
655 3974 916 4022 Dextram
949 3985 1106 4022 suam
1145 3977 1276 4022 sunt
1311 3974 1448 4022 Lam.
1479 3974 1591 4021 Li'n.
1628 3973 1733 4022 ΝΟ.
1769 3974 1813 4033 1,
1835 3973 1884 4022 2.
1916 3975 2038 4023 Bod.
2082 3979 2125 4038 1,
2159 3979 2208 4038 2,
2236 3981 2288 4042 3,
2322 3983 2368 4031 4.

1700 4045 1742 4079 ³⁸
1766 4045 1962 4095 Nudus
1993 4051 2044 4097 et
2075 4052 2441 4114 cooperuistis
2467 4052 2612 4100 Lam.
2653 4049 2759 4102 ΝΟ.
2794 4051 2840 4098 1.

1758 4260 1800 4290 ⁴⁵
1826 4259 1945 4308 Non
1968 4259 2194 4308 venistis
2219 4259 2288 4310 ad
2312 4275 2400 4312 me
2437 4260 2560 4311 Bod.
2580 4260 2629 4317 3,
2654 4261 2699 4310 4.
2738 4259 3068 4311 Abduxistis
3125 4261 3238 4310 Ver.

2603 3487 2643 3518 ³³
2680 3485 2854 3536 Natus
2894 3498 3019 3534 sum
3055 3488 3109 3534 et
3139 3485 3192 3533 in
3224 3483 3334 3534 hoc
3367 3483 3495 3532 veni
3528 3483 3660 3532 Lam.
3691 3475 3795 3528 Bod.

2333 3559 2372 3587 ⁸³
2409 3555 2816 3606 Testimonium
2837 3555 3018 3605 dicam
3045 3557 3185 3604 Lam.
3214 3554 3324 3603 Lin.
3367 3553 3478 3605 ΝΟ.
3522 3552 3563 3600 1.
3605 3550 3648 3598 2.
3693 3547 3795 3597 bal.

2517 3695 2558 3729 ⁸⁸
2583 3697 2790 3747 Fidelis
2822 3700 2878 3746 et
2916 3685 3081 3746 verax
3127 3685 3268 3745 Fas-3.
3326 3695 3399 3744 Et
3445 3685 3624 3756 justus
3661 3685 3792 3739 Corb.

2428 3766 2470 3800 ³⁷
2499 3767 2610 3816 Nisi
2638 3768 2740 3831 ipsi
2765 3767 2867 3816 soli
2901 3769 3042 3816 Foss.
3175 3764 3217 3799 ³⁸
3245 3764 3414 3815 Veste
3435 3774 3648 3826 aspersa
3672 3761 3790 3808 Fou.

2349 3835 2390 3872 ³ο
2418 3838 2654 3901 Byssino
2674 3837 2883 3887 mundo
2904 3839 3043 3887 Fors.
3179 3838 3218 3868 ³¹
3248 3833 3483 3885 Gladius
3502 3846 3565 3883 ex
3591 3835 3794 3892 utraque

2381 3911 2426 3959 1.
2451 3910 2498 3958 4.
2632 3911 2671 3941 ³⁴
2702 3907 3026 3959 Βθκτεααὺὶι
3048 3905 3172 3955 illas
3204 3903 3355 3954 Corb.
3458 3907 3496 3936 ³⁵
3520 3907 3564 3952 Α
3587 3899 3793 3950 sinistris

2632 3921 2671 3941 "
2702 3921 3026 3971 segregavit
3048 3921 3172 3955 luas
3204 3921 3355 3954 varo.
3458 3921 3496 3936 "
3520 3921 3564 3952 Α
3587 3921 3793 3950 Sinistus

2502 3978 2540 4012 ³⁸
2562 3979 2803 4028 Dedistis
2832 3978 2969 4028 mihi
2998 3977 3187 4028 bibere
3215 3978 3356 4025 Lam.
3389 3975 3496 4028 ΝΟ.
3528 3975 3570 4022 1.
3603 3970 3717 4022 Bod.
3749 3969 3796 4018 2.

2943 4049 2982 4083 ³³
3011 4048 3334 4098 Inﬂrmatus
3379 4048 3475 4097 Ver
3613 4041 3653 4075 ⁸ο
3675 4041 3791 4092 Sus-

2375 4123 2418 4154 “
2448 4119 2755 4183 Respondit
2785 4120 2906 4171 Rex
2935 4123 2990 4170 et
3019 4119 3152 4169 dicit
3187 4117 3314 4168 Bod.
3340 4117 3386 4166 1.
3481 4117 3521 4148 ⁴¹
3557 4113 3658 4175 Qui
3679 4114 3791 4160 sunt

3365 4258 3414 4292 “
3450 4251 3788 4320 Respondebit

463 4329 574 4379 illis
605 4329 720 4379 Rex
749 4327 956 4377 dicens
985 4329 1124 4377 Lam.
1155 4327 1263 4380 ΝΟ.
1287 4330 1330 4378 1.
1397 4326 1440 4361 ⁴⁷
1457 4328 1519 4377 In
1545 4328 1726 4392 ignem
1751 4334 2022 4381 aeternum
2049 4330 2156 4382 ΝΟ.
2186 4331 2234 4380 2.

1764 4447 1987 4529 Steph.
2035 4447 2281 4511 Baluzii
2325 4454 2526 4512 notas.

532 4545 628 4608 (40)
662 4546 804 4608 Quas
835 4547 949 4608 ipse
975 4545 1280 4609 pasciturus
1308 4551 1398 4597 est.
1427 4545 1564 4597 Haec
1602 4557 1714 4595 non
1753 4545 2032 4596 habentur
2059 4547 2114 4595 in
2146 4547 2495 4611 Apocalypsi,
2525 4551 2579 4599 et
2621 4547 2822 4599 desunt
2846 4549 2902 4598 in
2943 4546 3280 4613 quibusdem
3314 4545 3471 4597 libris
3497 4540 3784 4596 veteribus;

462 4618 666 4670 desunt
689 4619 853 4668 etiam
890 4619 946 4667 in
977 4617 1193 4669 Graeco.

3382 4778 3766 4799 —I———

1358 4936 2876 5066 TESTIMONIORUM

1791 5140 2024 5206 LIBER
2066 5138 2401 5208 TERTIUS
2435 5143 2484 5178 "

521 5473 820 5532 Cvrnunus
845 5469 1078 5540 Quirino
1116 5469 1232 5530 ﬁlio
1271 5475 1532 5530 salutem.
1572 5475 1675 5530 Pro
1720 5472 1825 5530 ﬁde
1876 5491 1938 5530 ac
1986 5474 2418 5580 de-Drissime,
2453 5475 2642 5547 petisti
2685 5481 2766 5543 ut,
2805 5475 2876 5529 ad
2908 5472 3304 5530 instruendum
3342 5476 3414 5541 te,
3449 5474 3776 5537 excerperem

528 5571 560 5580 ..
707 5568 747 5580 .-
794 5575 801 5580 .
1120 5572 1152 5580 κ
1269 5570 1279 5580 ο
1397 5571 1429 5580 λ
1616 5570 1629 5580 .
1660 5571 1690 5580 ι.
1829 5570 1898 5580 η..
1976 5571 1989 5580 .
2196 5571 2211 5580 .
2300 5572 2330 5580 ,-
2405 5570 2412 5580 ο
2467 5577 2473 5580 .
2559 5570 2567 5579 ο
2786 5571 2819 5580 ..
3042 5569 3055 5580 .
3309 5568 3339 5580 ι.
3391 5565 3403 5580 ι
3529 5562 3542 5580 1
3574 5555 3748 5580 __I:_.'A

450 5571 676 5626 Votione
703 5568 747 5602 ⁴²
788 5575 884 5624 tua
921 5586 1091 5641 quam
1118 5570 1364 5625 Domino
1396 5571 1503 5625 Deo
1545 5570 1794 5639 exhibes,
1825 5570 1901 5624 ﬁli
1943 5571 2078 5626 cha-

2180 5571 2250 5625 do
2299 5570 2601 5640 Scripturis
2645 5571 2851 5624 sanctis
2893 5569 3154 5639 quaedam
3198 5565 3442 5639 capitula
3481 5562 3542 5617 ad
3572 5555 3771 5627 religio-

1818 5681 2028 5745 Variaa
2083 5683 2417 5745 lectiones.

503 5784 547 5820 ⁴⁸
564 5785 645 5835 De
675 5781 933 5845 capitulis
965 5780 1348 5832 mandatorum
1378 5782 1502 5845 Dei,
1528 5781 1594 5832 ad
1622 5782 1940 5832 christiana:
1974 5782 2255 5844 religionis
2281 5781 2630 5846 disciplinam
2669 5780 3258 5846 pertinentibusﬂxon.
3289 5779 3337 5826 ιή
3363 5778 3495 5827 nota.

443 5869 508 5910 ac
530 5855 833 5905 dilectione
859 5854 1001 5902 Lam.
1037 5851 1150 5906 ΝΟ.
1180 5854 1226 5902 1.
1262 5854 1377 5902 Ben.

3590 5768 3629 5803 ι’
3657 5766 3766 5820 Fide
