3998 6194
208 239 301 296 753
616 212 622 235 ⁵
1184 238 1729 300 TESTIMONIORUM
1765 243 1921 301 ADV.
1960 226 2235 302 JUDASOS
2275 247 2403 303 LIB.
2445 247 2540 303 Ill.

3445 252 3545 309 754

202 377 318 417 sam
346 362 509 417 secta
538 366 747 417 nostra
774 361 1138 435 disciplinam
1162 363 1527 435 pertinentia,
1559 365 1819 421 lectionis
1840 380 1899 454 Α
1918 368 2044 423 XXI.
2078 372 2199 428 Non
2224 375 2412 425 temere
2438 371 2504 425 de
2532 372 2701 426 altera
2719 372 3106 441 judicandum.

199 455 397 511 divina
420 456 758 511 succinctam
797 455 1154 527 diligentiam
1186 473 1469 529 quaerens.
1504 464 1567 514 ut
1593 460 1817 516 animus

197 550 305 604 Deo
334 549 552 605 deditus
596 565 713 604 non
754 550 937 621 longis
967 555 1067 605 aut
1108 551 1301 606 multis
1344 551 1623 608 librorum
1658 555 1815 609 volu-

197 641 439 697 minibus
483 642 780 714 fatigetur,
820 642 919 698 sed
957 643 1212 700 eruditus
1248 643 1527 700 breviario
1560 662 1813 718 praecep-

195 740 384 791 torum
447 736 761 792 caelestium
823 737 1029 792 habeat
1094 737 1170 793 ad
1221 738 1526 795 fovendam
1591 756 1812 796 memo-

190 828 333 884 riam
362 845 524 884 suam
553 829 775 885 salubre
800 833 859 884 et
887 830 1102 901 grande
1127 831 1550 903 compendium.
1584 832 1651 888 Et
1680 832 1814 905 quia

190 921 286 977 tibi
315 922 549 993 plenum
577 923 885 978 dilectionis
913 923 1254 996 obsequium
1285 924 1486 994 debeo,
1516 925 1627 981 feci
1654 926 1813 998 quod

189 1015 393 1087 petisti,
422 1021 485 1070 ut
519 1015 842 1071 laborarem
878 1017 1074 1085 semel,
1117 1034 1191 1072 ne
1223 1022 1285 1072 tu
1323 1034 1554 1090 semper
1595 1019 1813 1074 labora-

137 1143 150 1158 .
186 1125 288 1164 res.
341 1109 630 1173 Quantum
696 1109 879 1181 potuit
945 1110 1138 1182 itaque
1198 1111 1563 1167 mediocritas
1623 1118 1811 1168 nostra

182 1203 503 1273 complecti,
556 1203 792 1259 collecta
839 1209 969 1259 sunt
1014 1220 1048 1258 a
1088 1220 1181 1260 me
1223 1205 1485 1277 quedam
1526 1213 1811 1277 praecepta

182 1295 472 1353 Dominica
516 1299 575 1350 et
613 1297 938 1369 magisteria
967 1297 1198 1367 divina;
1232 1315 1358 1370 qua:
1385 1315 1507 1354 esse
1548 1299 1731 1354 facilia
1758 1301 1808 1336 5°

184 1395 236 1444 et
290 1390 448 1445 utilia
495 1390 816 1462 legentibus
868 1391 1104 1463 possint,
1162 1390 1297 1446 dum
1349 1392 1409 1447 in
1460 1393 1807 1449 breviarium

181 1497 360 1553 pauca
396 1482 620 1554 digesta
645 1488 702 1539 et
734 1484 1005 1539 velociter
1029 1485 1399 1556 perleguntnr
1435 1492 1494 1541 et
1532 1486 1807 1559 frequen-
1860 1543 1865 1549 ,

180 1581 264 1630 ter
290 1576 595 1632 iterantur.
630 1579 771 1649 Opto
800 1582 873 1646 te,
903 1576 980 1632 ﬁli
1012 1578 1363 1647 charissima,
1393 1595 1619 1652 semper
1660 1581 1805 1637 bene

177 1669 387 1725 valere.

813 1765 1168 1821 CAPITULA.

172 1858 211 1913 I.
239 1860 315 1914 De
344 1858 479 1913 bono
507 1860 683 1929 operis
706 1863 757 1914 et
781 1860 1164 1915 misericordia
1183 1859 1251 1914 εί.

174 1952 235 2007 Il.
263 1954 327 2007 In
354 1968 513 2022 opere
541 1957 594 2007 et
617 1953 983 2022 elemosynis,
1016 1956 1227 2008 etiamsi
1249 1969 1349 2024 per
1380 1953 1803 2009 mediocritatem

235 2048 421 2101 minus
440 2049 560 2115 ﬁat,
590 2048 765 2117 ipsam
792 2048 1126 2101 voluntatem
1158 2047 1205 2081 ⁵³
1231 2049 1367 2102 satis
1395 2062 1523 2102 esse.

170 2139 252 2194 III.
282 2142 531 2210 Agapem
558 2144 608 2195 et
635 2140 974 2196 dilectionem
1007 2142 1314 2209 fraternam
1347 2142 1597 2211 religiose
1630 2147 1680 2197 et
1702 2145 1799 2213 ﬁr-

235 2236 401 2287 miter
428 2234 796 2289 exercendam.

169 2327 250 2380 IV.
279 2329 352 2382 In
378 2328 529 2383 nullo
553 2327 924 2397 gloriandum,
952 2327 1171 2398 quando
1200 2333 1446 2383 nostrum
1474 2328 1615 2383 nihil
1636 2330 1725 2384 sit.

173 2421 227 2475 V.
257 2422 638 2476 Humilitatem
664 2426 716 2475 et
740 2424 971 2491 quietem
997 2422 1057 2475 in
1081 2422 1326 2477 omnibus
1350 2423 1653 2477 tenendam.

169 2514 249 2567 Vl.
279 2515 458 2570 Bonos
501 2530 715 2585 quoque
745 2514 792 2549 ⁵³
830 2520 882 2569 et
914 2515 1095 2584 justos
1132 2515 1256 2585 plus
1298 2515 1347 2550 ⁵⁸
1386 2515 1656 2583 laborare,
1704 2517 1800 2571 sed

232 2608 468 2662 tolerare
490 2608 696 2674 debere,
725 2610 859 2678 quia
881 2608 1211 2677 probantur.

166 2700 272 2755 VII.
321 2701 448 2757 Non
490 2702 921 2757 contristandum
960 2701 1008 2735 ⁵⁵
1035 2702 1304 2771 Spiritum
1347 2705 1591 2757 sanctum
1638 2718 1795 2773 quem

229 2797 557 2864 accepimus,

164 2888 289 2943 VIII.
346 2889 701 2943 Iracundiam
742 2889 1059 2944 vincendam
1113 2904 1239 2957 esse,
1288 2904 1355 2945 ne
1406 2893 1563 2960 cogat
1613 2890 1789 2945 delin-

226 2998 411 3052 quere.

161 3076 242 3130 IX.
273 3078 516 3131 Invicem
545 3092 598 3131 se
624 3078 833 3145 fratres
857 3078 1123 3132 sustinere
1151 3076 1357 3131 debere.

158 3169 214 3223 X.
247 3172 315 3224 In
345 3172 514 3225 Deum
548 3172 721 3225 solum
764 3171 812 3205 ⁵⁸
850 3171 1145 3239 ﬁdendlm,
1197 3175 1247 3225 et
1288 3172 1348 3224 in
1388 3171 1503 3240 ipso
1544 3170 1786 3238 glorian-

222 3264 378 3318 dum.

155 3357 239 3412 XI.
272 3359 416 3411 Eum
445 3360 544 3427 qui
571 3358 728 3427 ﬁdem
776 3362 1083 3411 consecutus
1117 3362 1214 3423 est,
1257 3358 1495 3426 exposito
1522 3357 1567 3392 ⁸⁷
1604 3360 1786 3428 priore

218 3451 454 3514 homine,
487 3452 721 3506 caelestia
764 3456 975 3505 tantum
1019 3455 1070 3505 et
1106 3451 1388 3520 spiritalia
1427 3454 1661 3519 cogitare
1697 3452 1783 3507 de-

219 3546 342 3600 bere
380 3561 474 3600 nec
514 3545 793 3600 attendere
837 3544 910 3599 ad
935 3544 1202 3606 sarculum,
1235 3545 1321 3598 cui
1339 3544 1463 3612 jam
1500 3548 1782 3601 renuntia-

212 3642 293 3695 vit
324 3640 393 3695 ⁵⁸.

144 3734 250 3789 XII.
278 3736 405 3790 Non
418 3733 741 3804 jurandum.

142 3826 275 3882 XIII.
314 3830 436 3885 Non
465 3827 914 3882 maledicendum.

141 3921 268 3976 XIV.
317 3924 613 3991 Nunquam
656 3921 1074 3982 mussitandum,
1120 3920 1214 3975 sed
1255 3921 1398 3975 circa
1439 3921 1618 3975 omnia
1656 3935 1775 3991 quae

207 4015 468 4070 accidunt
494 4015 542 4049 "
574 4014 993 4070 benedicendum
1022 4016 1214 4071 Deum.

141 4109 242 4163 XV.
276 4108 374 4164 Ad
398 4110 491 4164 hoc
520 4110 722 4163 tentari
745 4110 981 4163 homines
1007 4124 1039 4161 a
1064 4110 1170 4163 Deo
1197 4112 1256 4163 ut
1277 4108 1573 4178 probentur
1604 4108 1673 4162 ⁸ο.

138 4201 268 4258 XVI.
308 4206 379 4258 De
406 4204 539 4258 bono
564 4205 840 4273 martyrii.

136 4297 296 4351 XVII.
332 4298 545 4351 Minora
584 4312 691 4352 esse
729 4312 849 4367 quae
888 4298 948 4351 in
981 4296 1172 4351 saeculo
1202 4297 1450 4367 patimur
1488 4311 1653 4366 quam
1694 4297 1768 4349 sit

203 4392 490 4460 praemium
516 4391 663 4460 quod
683 4392 1004 4460 promissum
1034 4396 1131 4446 est.

129 4483 307 4539 XVIII.
335 4485 624 4539 Dilectioni
642 4486 739 4539 Dei
765 4500 829 4539 ac
854 4483 1057 4539 Christi
1076 4484 1214 4538 nihil
1235 4482 1681 4555 praeponendam.

127 4578 250 4632 XIX.
312 4578 614 4646 Voluntati,
655 4593 762 4633 non
812 4582 1028 4644 nostrae,
1077 4578 1170 4633 sed
1216 4579 1335 4641 Dei,
1389 4578 1766 4647 obtemperan-

198 4672 350 4727 dum.

1917 464 2067 527 XXII.
2098 463 2336 534 Accepta
2382 464 2591 533 injuria
2628 465 2695 531 ⁸³,
2737 468 3115 523 remittendum
3166 475 3217 525 et
3269 472 3543 538 ignoscen-

1989 557 2139 611 dum.

1912 651 2083 706 XXIII.
2124 653 2301 708 Vicem
2328 652 2487 707 malis
2521 667 2628 706 non
2652 653 3008 710 reddendam.

1913 743 2088 799 XXIV.
2127 747 2248 802 Non
2292 760 2447 815 posse
2497 745 2571 799 ad
2618 747 2833 801 Patrem
2879 747 2926 783 ⁸³
2970 751 3246 818 perveniri
3288 753 3397 805 nisi
3440 766 3538 821 per

1986 838 2274 895 Christum.

1911 930 2060 985 XXV.
2087 931 2178 987 Ad
2201 947 2423 1001 regnum
2451 934 2568 995 Dei,
2609 934 2719 987 nisi
2747 932 3057 1003 baptizatus
3084 939 3136 989 et
3160 939 3380 990 renatus
3416 938 3535 1006 quis

1979 1025 2171 1090 fuerit,
2199 1028 2475 1095 perveniri
2496 1042 2605 1080 non
2627 1041 2796 1095 posse.

1909 1117 2077 1171 XXVI.
2102 1121 2308 1174 Parum
2335 1134 2442 1173 esse
2468 1120 2737 1190 baptizari
2761 1124 2813 1174 et
2838 1120 3241 1175 Eucharistiam
3270 1123 3527 1191 accipere,

1978 1212 2086 1265 nisi
2112 1214 2234 1281 quis
2257 1214 2421 1279 factis
2450 1219 2499 1268 et
2526 1228 2681 1283 opere
2699 1216 2969 1283 proﬁciat.

1906 1305 2104 1360 XXVII.
2158 1309 2499 1376 Baptizatum
2551 1323 2758 1377 quoque
2809 1309 3046 1374 gratiam
3090 1308 3315 1378 perdere
3366 1324 3531 1379 quam

1977 1405 2283 1455 consecutus
2309 1401 2471 1468 sit“,
2496 1403 2606 1455 nisi
2632 1403 2989 1456 innocentiam
3016 1406 3205 1456 servet.

1904 1493 2122 1549 XXVIII.
2160 1496 2283 1551 Non
2308 1508 2462 1564 posse
2492 1495 2553 1548 in
2590 1494 2822 1550 Ecclesia
2848 1496 3049 1549 remitti
3073 1496 3123 1549 ei
3156 1496 3251 1565 qui
3277 1497 3334 1550 in
3365 1498 3527 1550 Deum

1976 1586 2284 1657 deliquerit.

1907 1684 2096 1759 725
2124 1687 2291 1741 XXIX.
2321 1689 2396 1743 De
2422 1687 2544 1742 odio
2567 1690 2802 1742 nominis
2826 1694 2953 1743 ante
2969 1689 3311 1758 pradictum.

1824 1746 1879 1818 B
1903 1746 2230 1849 XXXfQuod
2254 1783 2376 1851 quis
2395 1784 2497 1836 De)
2524 1783 2745 1844 voverit,
2773 1783 2876 1835 cito
2906 1746 3256 1837 reddendum.

1903 1875 2073 1929 XXXI.
2101 1876 2240 1929 Eum
2263 1876 2362 1945 qui
2387 1889 2494 1929 non
2518 1875 2810 1929 crediderit
2822 1876 2943 1945 jam
2962 1876 3274 1944 judicatum
3301 1892 3431 1932 esse.

1902 1968 2094 2022 XXXII.
2123 1972 2197 2023 De
2224 1968 2354 2023 bono
2383 1970 2713 2037 virginitatis
2740 1974 2790 2023 et
2814 1972 3168 2025 continentia.

1901 2061 2117 2115 XXXIII.
2144 2062 2299 2120 Nihil
2319 2063 2537 2117 Patrem
2550 2061 2827 2132 judicare,
2857 2062 2953 2117 sed
2981 2064 3199 2126 Filium,
3233 2068 3284 2118 et
3308 2065 3525 2119 Patrem

1971 2156 2039 2209 ab
2092 2171 2150 2210 eo
2199 2171 2307 2209 non
2352 2157 2692 2225 honoriﬁcam
2745 2172 2781 2211 α
2829 2171 2933 2226 quo
2994 2172 3102 2212 non
3157 2157 3528 2226 honori/icetur

1969 2250 2138 2304 Filius
2162 2250 2232 2303 ⁸⁵.

1899 2344 2113 2398 XXXIV.
2144 2343 2374 2399 Fidelem
2399 2344 2674 2413 gentiliter
2696 2345 2873 2398 vivere
2901 2358 3008 2399 non
3032 2349 3270 2413 oportere
3297 2345 3366 2400 “.

1824 2421 1830 2426 ’
1897 2436 2088 2491 XXXV.
2118 2438 2285 2492 Deum
2312 2437 2386 2490 ad
2409 2438 2504 2491 hoc
2522 2438 2820 2506 patientem
2846 2452 2972 2501 esse,
3001 2442 3064 2492 ut
3085 2452 3180 2492 nos
3193 2441 3458 2509 paeniteat
3476 2441 3523 2476 ⁵⁷

1967 2533 2171 2601 peccati
2196 2533 2370 2585 nostri
2396 2535 2446 2585 et
2474 2532 2849 2597 reformemur.

1895 2624 2110 2678 XXXVI.
2142 2625 2419 2678 Mulierem
2444 2626 2632 2678 ornari
2647 2623 2976 2679 s2culariter
3001 2639 3111 2679 non
3134 2625 3324 2681 debere
3344 2626 3413 2679 ⁸⁸.

1894 2717 2138 2772 XXXVII.
2166 2717 2401 2772 Fidelem
2426 2731 2533 2771 non
2573 2721 2811 2787 oportere
2849 2716 2912 2771 ob
2941 2717 3055 2772 alia
3094 2718 3291 2773 delicta
3320 2720 3431 2773 nisi
3454 2719 3516 2774 ob

1963 2826 2154 2865 nomen
2183 2812 2356 2865 solum
2378 2812 2589 2880 puniri.

1891 2905 2154 2958 XXXVIII.
2206 2905 2430 2961 Servum
2486 2904 2583 2958 Dei
2630 2905 2963 2958 innocentem
3016 2918 3125 2959 esse
3180 2904 3402 2974 debere,
3450 2922 3517 2961 ne

1959 2998 2164 3052 incidat
2186 2999 2247 3051 in
2267 3012 2483 3067 pcenam
2517 2996 2841 3051 saecularem.

1887 3090 2099 3145 XXXIX.
2168 3094 2367 3145 Datum
2431 3091 2582 3145 nobis
2644 3104 2752 3145 esse
2815 3091 3115 3161 exemplum
3180 3092 3395 3146 vivendi
3452 3096 3509 3147 in

1960 3184 2185 3240 Christo.

1884 3279 1986 3333 XL.
2012 3281 2133 3335 Non
2145 3277 2425 3347 jactanter
2446 3292 2538 3332 nec
2566 3277 2889 3333 tumultuose
2915 3277 3269 3347 operandam.

1884 3381 2011 3435 XLI.
2042 3384 2224 3451 Inepte
2252 3386 2302 3435 et
2329 3381 2631 3435 scurriliter
2657 3381 2703 3415 θ’
2732 3395 2841 3435 ηοη
2863 3381 3208 3450 loquendum.

1880 3484 2030 3538 XLII.
2056 3484 2239 3539 Fidem
2266 3485 2323 3537 in
2350 3489 2522 3538 totum
2550 3484 2599 3517 ⁷ο
2619 3484 2891 3554 prodesse,
2914 3489 2964 3540 et
2991 3488 3205 3540 tantum
3231 3500 3337 3541 non
3355 3502 3509 3557 posse

1951 3583 2219 3647 quantum
2241 3578 2525 3632 credimus.

1878 3680 2060 3735 XLIII.
2100 3682 2255 3735 Posse
2297 3696 2414 3735 eum
2452 3682 2641 3735 statim
2676 3683 2929 3752 consequi
2968 3683 3213 3753 quivere
3260 3681 3504 3737 credide-

1945 3777 2040 3829 rit.

1874 3868 2048 3924 XLIV.
2076 3869 2280 3924 Fideles
2304 3870 2449 3924 inter
2472 3884 2527 3924 se
2561 3869 2922 3939 disceptantes
2956 3884 3064 3924 non
3102 3869 3291 3924 debere
3324 3872 3500 3937 genti-

1946 3963 2046 4017 lem
2059 3962 2301 4031 judicem
2326 3964 2586 4033 experiri.

1869 4064 2019 4119 XLV.
2057 4064 2217 4134 Spem
2251 4065 2568 4131 futurorum
2600 4079 2726 4128 esse,
2769 4068 2819 4120 et
2843 4064 2963 4119 ideo
2987 4064 3146 4135 ﬁdem
3191 4064 3235 4098 ⁷¹
3269 4066 3413 4121 circa
3439 4080 3503 4121 ea

1941 4173 2060 4227 quae
2081 4159 2349 4228 promissa
2374 4164 2503 4212 sunt
2524 4160 2825 4229 patientem
2854 4173 2964 4213 esse
2988 4158 3196 4214 debere.

1869 4262 2034 4317 XLVI.
2065 4261 2341 4316 Mulierem
2368 4262 2429 4316 in
2458 4262 2674 4317 ecclesia
2703 4266 2873 4318 tacere
2896 4262 3101 4319 debere.

1864 4365 2062 4420 XLVII.
2109 4366 2304 4420 Delicta
2351 4370 2401 4419 et
2445 4368 2632 4420 merito
2676 4369 2857 4421 nostro
2893 4368 3014 4435 ﬁeri
3063 4370 3124 4421 ut
3167 4366 3494 4431 laboremus,

1780 4480 1838 4551 Ι)
1934 4473 2031 4513 nec
2058 4459 2149 4513 Dei
2173 4473 2323 4528 opem
2351 4460 2409 4513 in
2433 4459 2673 4513 omnibus
2697 4461 3014 4514 sentiamus.

1865 4559 2085 4615 XLVIII.
2113 4562 2234 4617 Non
2259 4561 2653 4627 faenerandum.

1861 4654 2037 4709 XLIX.
2065 4655 2309 4710 Inimicos
2333 4668 2543 4723 quoque
2567 4654 2890 4722 diligendos.

126 4764 232 4819 xx.
298 4766 730 4822 Fundamentum
773 4772 824 4821 et
861 4769 1260 4836 ﬁrmamentum
1289 4768 1401 4837 spei
1426 4769 1475 4821 et
1498 4766 1627 4835 ﬁdei
1651 4779 1760 4821 esse
1859 4758 1918 4813 L.
1945 4759 2348 4814 sacramentum
2374 4756 2502 4824 ﬁdei
2528 4771 2636 4810 non
2662 4771 2768 4812 esse
2793 4758 3221 4827 profanandum-

201 4861 444 4915 timorem
467 4861 535 4914 ⁶¹.

1856 4858 1943 4915 LI.
1977 4859 2130 4927 Quod
2155 4874 2307 4914 nemo
2335 4860 2391 4913 in
2421 4873 2575 4929 opere
2599 4873 2695 4913 suo
2726 4859 2915 4913 ecrtolli
2938 4859 3144 4915 debeat.

1488 5060 1698 5126 Variae
1751 5060 2085 5125 lectiones.

186 5224 236 5261 ⁵ο
264 5227 398 5278 Esse
427 5228 479 5277 et
502 5224 682 5276 facilia
710 5228 819 5279 Nc.
842 5226 888 5277 2.
920 5226 1039 5277 Boot.
1068 5228 1112 5275 1.

122 5301 252 5350 Bod.
285 5302 328 5359 1,
354 5302 400 5350 4.
471 5301 510 5331 ⁵³
536 5298 718 5347 Bonos
749 5311 971 5361 quoque
1013 5297 1141 5347 Ηυᾱ.
1185 5298 1233 5358 1,
1276 5299 1326 5347 4.

121 5370 165 5405 ⁵⁸
187 5373 271 5422 De
288 5370 408 5420 solo
435 5368 559 5417 Bod.
588 5369 640 5427 1,
665 5367 697 5416 2
742 5366 1148 5418 Conﬁdendum
1195 5365 1350 5417 Carb.

118 5440 160 5474 ⁵³
188 5439 487 5493 Accidunt,
514 5451 735 5502 semper
766 5439 909 5487 Lam.
942 5438 1053 5491 ΝΟ.
1086 5440 1131 5488 1.
1165 5437 1291 5489 Bod.
1325 5440 1375 5491 2.

1214 5228 1253 5258 5'
1296 5223 1477 5289 Opere
1518 5223 1913 5274 misericordia
1944 5221 2094 5273 Corb.
2121 5225 2264 5274 Lam.
2293 5223 2401 5277 ΝΟ.
2433 5225 2477 5273 1.

1454 5293 1498 5327 ⁵⁴
1524 5294 1829 5344 Plurimum
1859 5293 2109 5350 laborare
2135 5297 2287 5348 Corb.
2384 5294 2426 5329 ⁸⁵
2448 5295 2566 5345 Non
2594 5296 2916 5346 contristare
2952 5297 3094 5346 Lam.
3128 5298 3240 5347 Lin.
3262 5299 3374 5351 ΝΟ.
3432 5293 3477 5341 1.

1449 5360 1492 5397 ⁵⁷
1514 5365 1812 5429 EXpoliato
1833 5366 2011 5428 primo
2030 5369 2260 5419 homine
2289 5367 2412 5418 Tha.

1518 5434 1562 5469 ⁸ο
1593 5438 1711 5487 Deo
1753 5441 1817 5486 ut
1853 5439 2210 5502 explorentur
2248 5439 2357 5493 ΝΟ.
2392 5438 2441 5488 2.
2468 5437 2597 5489 Bod.
2625 5440 2672 5501 1,
2692 5441 2741 5491 4.

2577 5227 2617 5258 ⁵³
2643 5225 2764 5289 Ipsa
2805 5224 3090 5276 voluntate
3119 5227 3257 5276 Lam.
3287 5228 3398 5280 ΝΟ.
3434 5231 3475 5278 1.

2542 5367 2583 5401 ⁸⁸
2619 5368 3082 5420 Renuntiavimus
3113 5368 3238 5418 Bod.
3269 5369 3381 5428 1,3.
3429 5376 3479 5424 4,

2869 5438 2912 5474 ⁸¹
2938 5439 3041 5490 Dei
3065 5438 3221 5489 addit
3260 5440 3386 5489 Bod.
3426 5439 3474 5487 4.

112 5509 157 5542 ⁸³
183 5513 483 5573 Acceptam
510 5508 768 5573 injuriam
789 5507 1178 5559 remittendam
1197 5512 1251 5559 et
1284 5509 1567 5561 ferendam
1596 5508 1734 5556 Lam.
1758 5506 1866 5559 NG.
1895 5508 1926 5558 2
1947 5508 2097 5561 Corb.
2161 5510 2204 5544 ⁸³
2230 5510 2351 5561 Non
2372 5521 2532 5573 posse
2553 5508 2622 5558 ad
2651 5510 2833 5560 Deum
2856 5509 3071 5559 Patrem
3097 5506 3251 5559 Corb.
3283 5509 3475 5561 Veniri

121 5579 247 5631 Bod.
280 5582 326 5641 1,
346 5580 393 5643 2,
420 5580 466 5630 4.
506 5578 625 5628 Thu.
649 5579 764 5629 Nisi
788 5591 886 5641 per
915 5577 1198 5631 Christum
1222 5581 1351 5631 Bod.
1381 5582 1427 5645 1,
1452 5580 1500 5631 2.
1536 5575 1688 5629 Corb.
1738 5578 1863 5628 Tha.

1963 5580 2004 5613 ⁶⁴
2030 5580 2379 5631 Consecutus
2408 5583 2494 5629 est
2522 5578 2624 5628 Tha
2655 5577 2803 5629 Corb.
2900 5577 2943 5611 ⁸⁵
2968 5578 3379 5629 Honoriﬁcetur
3422 5582 3477 5629 et

116 5650 273 5700 ﬁlius
299 5649 437 5699 Lam.
468 5649 578 5704 NG.
614 5651 633 5700 1
663 5650 789 5701 Bod.
816 5652 862 5701 2.
928 5649 971 5684 ⁰⁶
994 5652 1209 5702 Debere
1241 5653 1391 5703 Corb.
1456 5650 1500 5686 ⁸⁷
1521 5650 1789 5702 Pasniteat
1819 5664 1851 5702 a
1882 5652 2130 5715 peccatis
2158 5652 2362 5701 nostris
2385 5652 2526 5701 Lam.
2553 5650 2663 5705 ΝΟ.
2705 5652 2749 5701 1.
2816 5650 2868 5687 ⁸⁸
2883 5651 3005 5703 Non
3030 5654 3286 5715 oportere
3330 5651 3474 5700 Lam.

116 5721 233 5772 NC.
267 5722 311 5770 1.
375 5717 419 5753 ⁶⁰
438 5720 635 5784 Inepte
660 5722 716 5772 et
743 5720 1087 5774 saculariter
1118 5722 1243 5774 lod.
1269 5722 1317 5774 3.
1386 5720 1431 5757 ⁷ο
1455 5722 1699 5776 Tantum
1720 5722 1830 5778 ΝΟ.
1852 5724 1899 5775 2.
1928 5723 2127 5778 Totam
2144 5725 2289 5775 Lam.
2309 5722 2420 5777 ΝΟ.
2440 5723 2487 5773 1.
2512 5720 2639 5773 Bod.
2661 5721 2693 5774 2
2720 5720 2873 5774 Corb.
2937 5720 2980 5755 τι
3003 5719 3198 5775 Fidem
3217 5723 3470 5773 nostram

117 5792 280 5859 tmpr.
309 5791 432 5847 Tha.
468 5788 626 5845 Corb.
