3998 6194
108 5928 121 5943 ί
289 5928 421 6015 -ιι

494 238 596 292 755

1408 236 1463 291 S.
1506 238 1817 294 CYPRIANI
1855 238 2128 294 OPERUM
2168 235 2338 294 PARS
2380 238 2445 291 Il.
2477 263 2547 277 --
2574 232 2941 291 OPUSCULA.
3713 244 3801 297 756

498 363 599 417 LII.
633 361 897 417 Credendi
924 361 1006 414 vel
1044 376 1153 414 non
1188 360 1443 416 credendi
1480 361 1777 417 libertatem
1805 365 1865 416 in
1890 363 2121 417 arbitrio
2144 371 2203 444 Α
2222 361 2481 415 LXXXIV.
2506 362 2630 417 Non
2652 360 2961 415 vellendum
2981 367 3045 413 δι.

566 458 823 525 positam.

502 551 633 605 LIII.
666 550 766 602 Dei
793 564 998 602 arcana
1030 550 1263 618 perspici
1300 564 1407 602 non
1438 565 1612 618 posse,
1646 554 1696 605 et
1733 550 1930 605 idcirco
1964 551 2123 621 ﬁdem

569 647 810 697 nostram
834 643 1125 711 simplicem
1153 656 1259 697 esse
1284 642 1488 697 debere.

499 736 626 791 LIV.
656 738 929 793 Neminem
954 737 1068 790 sine
1095 736 1249 789 sorde
1274 741 1325 789 et
1352 738 1465 791 sine
1491 741 1708 806 peccato
1734 753 1862 793 esse.

498 831 604 886 LV.
640 833 761 887 Non
784 830 1103 891 hominibus,
1129 828 1223 884 sed
1250 832 1374 896 Deo,
1399 831 1745 899 placendum.

498 924 629 980 LVI.
661 925 827 977 Deum
856 922 996 977 nihil
1026 923 1192 977 latere
1218 939 1283 977 ea:
1306 925 1389 978 his
1416 940 1535 993 quae
1564 929 1849 994 geruntur.

503 1019 659 1073 LVII.
690 1018 923 1072 Fidelem
948 1018 1223 1072 emendari
1251 1024 1299 1071 et
1326 1020 1611 1072 reservari.

504 1113 678 1166 LVIII.
721 1113 997 1167 Neminem
1049 1114 1362 1165 contristari
1410 1116 1575 1166 morte
1628 1110 1833 1177 debere,
1882 1127 2001 1166 cum
2051 1113 2125 1166 sit

572 1208 631 1260 in
662 1207 889 1259 vivendo
918 1206 1070 1259 labor
1111 1209 1161 1259 et
1192 1206 1518 1273 periculum,
1556 1207 1612 1258 in
1648 1206 1923 1260 moriendo
1948 1204 1992 1237 ⁷³
2006 1221 2125 1274 pace

576 1303 626 1353 et
649 1299 965 1366 resurgendi
989 1300 1245 1352 securitas
1260 1297 1321 1350 ⁷³.

505 1392 629 1446 LIX.
657 1395 734 1445 De
757 1392 916 1446 idolis
940 1407 1059 1461 quae
1082 1392 1306 1460 gentiles
1330 1390 1453 1444 deos
1474 1394 1698 1460 putant.

504 1486 608 1539 LX.
644 1484 893 1541 Ciborum
930 1486 1155 1539 nimiam
1193 1485 1679 1553 concupiscentiam
1713 1500 1823 1539 non
1860 1490 2123 1555 appeten-

573 1580 718 1633 dam.

504 1673 629 1727 LXI.
668 1672 989 1726 Possidendi
1028 1674 1508 1741 concupiscentiam
1550 1678 1599 1727 et
1636 1674 1919 1743 pecuniam
1958 1688 2063 1728 non
2084 1670 2126 1705 ⁷⁸

572 1765 950 1836 appetendam.

506 1857 699 1931 726
740 1858 889 1912 LXII.
922 1860 1329 1913 Matrimonium
1366 1874 1485 1913 cum
1522 1860 1810 1928 gentilibus
1849 1875 1955 1914 non
1983 1861 2124 1928 jun-

574 1953 826 2021 gendum.

504 2047 688 2101 LXIII.
716 2045 891 2100 Grave
913 2042 957 2078 ⁷⁵
979 2044 1235 2100 delictum
1262 2060 1369 2100 esse
1390 2047 1788 2112 fornicationis.

507 2140 682 2194 LXIV.
731 2140 855 2205 Quae
898 2140 1009 2192 sint
1058 2140 1311 2192 carnalia
1357 2155 1476 2208 quae
1528 2144 1750 2194 mortem
1789 2140 2035 2210 pariant,
2078 2148 2128 2197 et

576 2248 695 2301 quae
722 2232 1000 2301 spiritalia
1028 2247 1147 2300 quae
1175 2231 1249 2285 ad
1275 2234 1445 2286 vitam
1472 2233 1671 2287 ducant
1699 2232 1759 2287 ⁷⁸.

505 2327 651 2380 LXV.
678 2327 870 2382 Omnia
897 2324 1095 2378 delicta
1119 2326 1179 2378 in
1212 2325 1475 2395 baptismo
1505 2325 1720 2394 deponi.

505 2420 676 2474 LXVI.
728 2418 1083 2489 Disciplinam
1148 2420 1246 2472 Dei
1308 2420 1365 2472 in
1428 2419 1793 2476 ecclesiasticis
1846 2424 2129 2493 praeceptis

576 2513 982 2568 observandam.

504 2608 703 2662 LXVII.
736 2606 1059 2660 Praedictum
1090 2606 1236 2675 quod
1265 2606 1608 2676 disciplinam
1645 2622 1839 2662 sanam
1867 2624 2126 2678 asperna-

580 2703 690 2755 turi
716 2704 904 2754 essent.

494 2784 724 2849 LXVIII.
757 2792 1128 2849 Recedendum
1151 2792 1218 2846 ab
1247 2808 1304 2847 eo
1333 2795 1431 2862 qui
1460 2794 1771 2849 inordinate
1793 2791 1837 2826 ⁷⁷
1862 2800 1911 2850 et
1941 2800 2129 2850 contra

578 2888 923 2957 disciplinam
946 2888 1113 2940 vivat.

508 2983 672 3036 LXIX.
700 2983 823 3038 Non
848 2983 907 3034 in
939 2982 1213 3049 sapientia
1246 2980 1440 3034 mundi
1465 2996 1558 3035 nec
1599 2982 1657 3035 in
1693 2982 1999 3051 eloquentia
2024 2998 2130 3038 esse

576 3092 805 3145 regnum
834 3076 948 3137 Dei,
984 3074 1078 3128 sed
1117 3075 1177 3127 in
1216 3074 1319 3142 ﬁde
1344 3075 1517 3128 crucis
1544 3081 1595 3128 et
1622 3076 1822 3130 virtute
1859 3092 2130 3132 conversa-

577 3171 755 3225 tionis.

509 3266 661 3319 LXX.
692 3262 1017 3317 Parentibus
1041 3259 1457 3329 obsequendum.

2223 454 2451 509 LXXXV.
2502 453 2842 523 Surgendum
2902 469 3024 507 cum
3087 455 3357 523 episcopus
3413 458 3505 508 aut
3557 456 3807 525 presbyter

2290 550 2492 604 veniat.

2222 643 2479 697 LXXXVI.
2526 641 2767 696 Schisma
2818 656 2926 696 non
2977 640 3286 708 faciendum
3308 681 3324 702 ,
3370 643 3573 696 etiamsi
3608 644 3663 696 in
3709 659 3807 699 una

2290 737 2395 804 ﬁde
2460 741 2510 790 et
2548 736 2608 790 in
2655 735 2840 790 eadem
2886 734 3179 790 traditione
3209 738 3524 803 permaneat
3565 738 3654 804 qui
3693 752 3808 792 rece-

2294 830 2396 884 dit.

2223 924 2509 978 LXXXVII.
2565 922 2770 978 Fideles
2809 922 3075 994 simplices
3114 937 3233 977 cum
3269 922 3560 992 prudentia
3596 938 3692 979 esse
3729 925 3807 980 de-

2295 1018 2430 1072 bere.

2223 1110 2532 1165 LXXXVIII.
2562 1112 2806 1165 Fratrem
2831 1126 2939 1165 non
2962 1109 3505 1165 circumveniendum.

2223 1204 2475 1258 LXXXIX.
2508 1204 2693 1258 Subito
2720 1206 2899 1259 venire
2923 1206 3082 1272 ﬁnem
3104 1203 3317 1257 mundi.

2224 1298 2323 1352 XC.
2376 1300 2601 1353 Uxorem
2640 1314 2673 1350 a
2715 1300 2833 1352 viro
2870 1313 2982 1351 non
3026 1297 3290 1360 recedere,
3333 1303 3432 1352 aut
3468 1300 3515 1351 si
3552 1302 3807 1362 recesserit,

2294 1394 2585 1462 innuptam
2608 1406 2826 1445 manere
2849 1388 2909 1443 ⁸³.

2225 1486 2349 1542 XCI.
2398 1489 2631 1541 Tantum
2670 1499 3103 1555 unumquemque
3142 1487 3350 1538 tentari
3384 1489 3637 1554 quantum
3664 1490 3813 1556 potest

2294 1582 2573 1634 sustinere.

2226 1672 2374 1727 XCII.
2402 1674 2525 1729 Non
2551 1673 2823 1742 quidquid
2855 1673 2975 1726 licet
3004 1686 3112 1726 esse
3136 1672 3474 1739 faciendum.

2149 1740 2203 1811 Β
2226 1766 2402 1821 XCIII.
2434 1740 2758 1821 Praedictum
2785 1766 2932 1835 quod
2955 1765 3173 1821 haereses
3198 1766 3406 1832 futura
3430 1770 3614 1821 essent.

2225 1861 2395 1916 XCIV.
2442 1859 2574 1915 Cum
2616 1862 2801 1915 timore
2836 1866 2888 1914 et
2925 1860 3122 1915 honore
3159 1860 3555 1916 Eucharistiam
3589 1862 3817 1930 accipien-

2297 1955 2445 2008 dam.

2230 2046 2416 2119 727
2476 2046 2624 2103 XCV.
2672 2048 2835 2102 Bonis
2886 2047 3273 2102 connivendum
3320 2049 3398 2110 “,
3452 2048 3613 2103 malos
3663 2052 3816 2102 autem

2297 2141 2572 2195 vitandos.

2226 2234 2395 2289 XCVI.
2428 2236 2626 2302 Factis,
2654 2249 2760 2288 non
2786 2235 2981 2301 verbis,
3013 2235 3351 2305 operandam
3366 2232 3430 2289 ⁸⁸.

2229 2331 2550 2386 XCVII..Ad
2579 2331 2737 2415 ﬁdem
2780 2336 2831 2386 et
2873 2331 2949 2385 ad
2989 2333 3419 2386 consecutionem
3457 2331 3821 2402 properandum

2299 2441 2405 2480 esse
2429 2430 2491 2478 ⁸⁸.

2228 2519 2439 2574 XCVIII.
2470 2519 2914 2574 Catechumenum
2935 2535 3154 2590 peccare
3168 2521 3296 2588 jam
3321 2518 3365 2554 ⁸⁷
3388 2535 3497 2574 non
3524 2520 3710 2574 debere.

2229 2613 2403 2668 XCIX.
2425 2613 2697 2667 Iudicium
2725 2613 3017 2667 secundum
3049 2619 3289 2682 tempora
3323 2616 3590 2681 futurum,
3622 2614 3820 2682 aequita-

2301 2709 2370 2760 tis
2397 2712 2524 2761 ante
2553 2708 2759 2775 Legem,
2790 2708 2877 2761 vel
2902 2708 3055 2774 Legis
3077 2711 3201 2777 post
3222 2709 3464 2776 Moysen.

2228 2802 2287 2856 C.
2320 2801 2564 2857 Gratiam
2587 2802 2684 2853 Dei
2710 2802 3009 2869 gratuitam
3039 2815 3145 2855 esse
3174 2800 3383 2855 debere.

2231 2893 2310 2947 CI.
2360 2894 2624 2976 Spiritum
2648 2898 2896 2948 sanctum
2958 2895 3017 2946 in
3082 2896 3204 2963 igne
3244 2896 3562 2964 frequenter
3597 2895 3637 2929 ⁸⁸
3674 2905 3821 2963 appa-

2297 2979 2488 3019 ruisse.

2231 3058 2337 3112 CII.
2397 3057 2795 3127 Correptionem
2840 3057 2999 3113 bonos
3038 3074 3278 3128 quosque
3317 3059 3360 3094 ⁸⁸
3399 3060 3618 3114 libenter
3665 3058 3824 3112 audire

2153 3107 2207 3180 Ο
2240 3107 2508 3206 "eis;

2231 3254 2357 3310 CIII.
2384 3254 2434 3308 Α
2456 3254 2893 3323 multiloquentia
2926 3254 3353 3324 temperandum.

510 3358 672 3411 LXXI.
728 3359 914 3410 Patres
965 3367 1173 3422 quoque
1226 3364 1444 3420 asperos
1497 3355 1643 3409 circa
1689 3356 1827 3423 ﬁlios
1875 3371 1979 3411 esse
2026 3373 2132 3412 non
2234 3355 2360 3411 CIV.
2401 3360 2521 3415 Non
2550 3358 2937 3412 mentiendum.

578 3453 783 3520 oportet
807 3454 867 3501 78.

510 3546 705 3600 LXXII.
743 3542 932 3597 Servos
959 3556 1079 3595 cum
1104 3540 1451 3607 crediderint,
1480 3541 1606 3609 plus
1631 3542 1865 3596 dominis
1891 3544 2130 3597 carnali-

582 3641 675 3693 bus
703 3638 900 3692 servire
926 3635 1133 3690 debere.

510 3733 721 3787 LXXIII.
751 3733 885 3784 Item
913 3729 1149 3782 dominos
1174 3728 1411 3781 mitiores
1438 3741 1547 3781 esse
1574 3727 1779 3782 debere.

512 3826 723 3881 LXXIV.
760 3824 967 3878 Viduas
991 3821 1247 3892 probatas
1277 3834 1516 3889 quasque
1543 3820 1904 3876 honorandus.

2233 3459 2337 3514 CV.
2385 3461 2707 3528 Frequenter
2753 3459 3115 3513 emendandos
3163 3461 3259 3529 qui
3299 3460 3617 3530 delinquunt
3652 3462 3705 3513 in
3746 3458 3823 3511 do-

2302 3555 2515 3607 mestico
2541 3554 2861 3607 ministerio.

2234 3656 2365 3709 CVI.
2392 3655 2611 3723 Injuria
2634 3660 2849 3725 accepta
2870 3657 3198 3725 patientiam
3222 3657 3269 3691 9°
3296 3657 3599 3722 tenendam,
3626 3660 3672 3710 et
3696 3655 3827 3709 ultio-

2303 3763 2422 3802 nem
2448 3750 2552 3802 Deo
2577 3749 3007 3818 relinquendam.

2233 3842 2386 3895 CVII.
2420 3844 2539 3899 Non
2568 3842 2985 3897 detrahendum.

509 3920 699 3976 LXXV.
757 3918 1053 4013 δυονωῖιιΔ
1079 3920 1128 4013 εξ
1180 3916 1412 4013 "minime
1460 3913 1728 3982 mdium:
1785 3931 1970 3968 Curam
2009 3916 2135 3985 Plus
2232 3943 2409 3997 CVIII.
2438 3947 2555 4000 Non
2584 3958 2691 3999 esse
2710 3946 2963 4013 proximo
2990 3945 3384 4001 insidiandum.

579 4024 1011 4081 unumquemque
1033 4008 1227 4062 habere
1252 4007 1455 4060 debere.

510 4107 729 4161 LXXVI.
762 4103 1016 4171 Majorem
1045 4106 1182 4154 natu
1206 4115 1311 4153 non
1339 4104 1525 4153 temere
1556 4101 1940 4155 accusandum.

509 4199 745 4255 LXXVII.
774 4200 1086 4251 Peccantem
1106 4194 1321 4262 publice
1346 4192 1768 4261 objurgandum.

511 4292 772 4347 LXXVIII.
802 4289 932 4344 Cum
955 4288 1215 4342 haereticis
1239 4301 1346 4340 non
1384 4286 1721 4355 loquendum.

511 4385 723 4439 LXXIX.
752 4383 1127 4437 Innocentiam
1148 4376 1191 4410 7’
1209 4380 1433 4448 ﬁdenter
1459 4384 1637 4449 petere
1663 4384 1713 4433 et
1738 4382 2046 4448 impetrare.

2235 4046 2365 4100 CIX.
2394 4048 2635 4114 Inﬁrmos
2664 4048 2981 4102 visitandos.

2236 4149 2341 4203 CX.
2374 4148 2701 4205 Susurrones
2726 4147 2765 4187 ⁹¹
2793 4150 3107 4205 maledictos
3133 4167 3257 4206 esse.

2236 4251 2363 4307 CXI.
2391 4253 2672 4322 Sacriﬁcia
2700 4254 2965 4308 malorum
2991 4255 3350 4324 acceptabilia
3379 4270 3483 4309 non
3509 4268 3630 4309 esse.

2238 4354 2387 4409 CXII.
2438 4356 2669 4410 Gravius
2712 4355 2965 4423 judicari
3014 4356 3082 4411 de
3137 4356 3217 4410 his
3271 4359 3368 4426 qui
3414 4359 3470 4411 in
3511 4355 3690 4411 sweulo
3722 4352 3827 4423 plus

511 4478 700 4533 LXXX.
748 4477 901 4532 Nihil
944 4476 1097 4529 licere
1144 4472 1359 4528 diabolo
1404 4474 1463 4526 in
1511 4473 1793 4541 hominem,
1846 4476 1956 4528 nisi
2008 4466 2216 4538 DeusD
2310 4448 2597 4502 ἰαδιιενίηε
2622 4452 2923 4518 mlestum-

579 4572 905 4643 permiserit.

510 4666 720 4720 LXXXI.
748 4662 1040 4719 Mercedem
1064 4657 1106 4691 ⁸ο
1134 4661 1458 4715 mercenario
1486 4660 1589 4713 cito
1608 4658 1963 4713 reddendam.

510 4760 746 4814 LXXXII.
775 4761 895 4815 Non
926 4754 1331 4825 augurandum.

512 4852 770 4908 LXXXIII.
807 4850 1021 4906 Cir-rum
1044 4847 1084 4885 ⁸¹
1112 4850 1171 4901 in
1197 4849 1377 4917 capite
1406 4861 1509 4901 non
1535 4846 1858 4900 habendum.

2239 4548 2411 4605 CXIII.
2448 4551 2658 4607 Viduas
2678 4548 2720 4583 ⁸⁸
2744 4555 2793 4605 et
2814 4552 3055 4621 pupillos
3073 4555 3291 4622 protegi
3315 4557 3572 4623 oportere.

2236 4652 2408 4707 CXIV.
2459 4655 2600 4706 Dum
2634 4656 2694 4707 in
2730 4669 2889 4708 carne
2927 4661 3006 4709 est
3040 4658 3191 4724 quis,
3239 4656 3641 4724 Emomologesin
3682 4654 3828 4719 facere

2308 4745 2517 4800 debere.

2235 4847 2381 4901 CXV.
2410 4848 2799 4904 Adulationem
2818 4851 3178 4919 perniciosam
3204 4865 3332 4905 esse.

1886 5046 2093 5112 Variae
2134 5048 2472 5114 lectiones.

569 5202 610 5234 ⁷³
647 5201 705 5249 In
722 5198 1010 5250 moriendo
1041 5201 1225 5249 autem
1258 5196 1513 5250 Lam.NC.
1544 5197 1586 5244 1.
1622 5194 1747 5243 Bod.
1771 5195 1818 5243 ι).
1847 5195 1992 5244 Corb.
2059 5196 2183 5245 73In
2211 5197 2545 5261 resurgendo
2585 5197 2851 5249 securitas
2887 5197 3010 5246 Bod.
3051 5197 3098 5246 2.
3164 5196 3206 5230 ⁷⁴
3244 5195 3650 5249 Admittendam
3680 5196 3825 5261 Lam.

510 5278 618 5327 ΝΟ.
652 5278 693 5325 1.
730 5275 852 5324 ﬂed.
883 5275 930 5324 2.
997 5275 1039 5307 ⁷⁵
1074 5273 1311 5325 Gravius
1335 5272 1464 5323 Bod.
1498 5273 1542 5331 1,
1574 5270 1622 5331 2,
1644 5268 1691 5328 3,
1724 5269 1784 5317 4.
1814 5269 2132 5320 Fornicaril

2232 5288 2237 5317 ι
2276 5260 2387 5323 ΝΟ.
2417 5272 2461 5320 1.
2490 5269 2612 5320 Bod.
2634 5268 2681 5317 2.
2748 5266 2797 5299 ⁷⁸
2821 5267 3037 5317 Ducant
3058 5267 3455 5330 sempiternam
3479 5267 3588 5315 Lin.
3649 5260 3830 5312 "Incr-

510 5346 696 5394 dinale
727 5348 779 5395 et
802 5344 1015 5407 absque
1040 5344 1332 5407 disciplina
1354 5344 1466 5391 Lin.
1495 5336 1809 5389 Inordinate
1838 5342 1989 5391 vadit
2013 5340 2162 5391 Carb.
2201 5341 2406 5391 Contra
2455 5339 2819 5402 disciplinam
2866 5339 2966 5388 Dei
3017 5338 3159 5387 Lam.
3188 5338 3298 5389 ΝΟ.
3340 5338 3383 5385 1.

1616 5408 1660 5442 79
1693 5415 2052 5463 Innocentem
2084 5410 2322 5461 ﬁdeliter
2350 5412 2456 5463 ΝΟ.
2492 5414 2538 5461 1.

512 5420 623 5463 lere
645 5415 784 5462 Lam.
827 5415 937 5463 Lin.
976 5415 1082 5465 ΝΟ.
1114 5416 1158 5462 1.
1213 5412 1332 5461 80d.
1360 5412 1410 5461 2.
1441 5413 1487 5461 4.

3471 5335 3513 5369 ⁷⁸
3556 5335 3669 5385 Non
3702 5346 3831 5397 opor-

2631 5408 2672 5444 ⁸ο
2702 5408 3002 5469 Mercedes,
3039 5412 3143 5460 etc.
3185 5409 3294 5457 Lin.
3422 5407 3463 5440 εί
3493 5406 3697 5457 Cirrum
3736 5408 3825 5445 non

512 5484 833 5534 habendum
864 5485 1000 5532 Lam.
1040 5484 1147 5531 Lin.
1180 5486 1285 5535 NG.
1318 5485 1359 5533 1.
1398 5481 1582 5539 Bodl,
1615 5484 1663 5540 2,
1698 5486 1722 5534 4
1759 5486 1880 5533 T’m.
1916 5481 2072 5531 Corb.
2138 5481 2179 5515 ⁸⁸
2208 5483 2409 5531 Pillum
2444 5480 2572 5531 Bod.
2606 5482 2649 5530 1.
2683 5478 2725 5512 ⁸³
2754 5482 3051 5542 Innuptam
3080 5490 3364 5528 remanere
3399 5477 3532 5524 Voss.
3568 5469 3824 5542 Innuplam

506 5559 856 5618 permaneret
887 5553 1023 5602 Lam.
1048 5554 1155 5605 ΝΟ.
1192 5556 1231 5602 1.
1263 5552 1386 5603 Bod.
1419 5552 1467 5601 2.

509 5628 670 5675 Oxon.
768 5626 810 5659 ⁸⁵
845 5625 1351 5675 Oblemnerandum
1380 5625 1467 5672 Hoc

549 5640 670 5675 που.

504 5698 634 5760 igne
660 5711 877 5760 semper
901 5697 1021 5745 Lam
1069 5696 1174 5748 ΝΟ.
1205 5699 1249 5746 1.
1276 5696 1389 5745 Bod
1446 5697 1491 5744 2.
1562 5694 1602 5727 59
1635 5695 1873 5757 Quoque
1897 5694 2019 5743 Bod.
2050 5695 2097 5754 2,
2129 5694 2179 5755 3,
2211 5695 2254 5743 4.

500 5767 784 5833 bilingues
807 5768 949 5818 Lam.
972 5767 1083 5819 ΝΟ.
1110 5769 1151 5816 1.
1182 5767 1302 5815 ﬁmi.
1326 5767 1353 5814 2
1380 5765 1525 5814 ('orb.
1618 5778 1635 5797 λ
1674 5766 1900 5815 Viduam
1935 5766 2092 5814 O.con.

768 5626 810 5659 ⁸⁵
845 5625 1351 5687 Oblemperandum
1380 5624 1503 5672 Bod.
1537 5628 1576 5673 I.
1661 5624 1702 5657 3'3
1748 5623 2163 5687 Properandum
2182 5624 2339 5672 Oxon.

1580 5551 1622 5585 ⁸⁵
1651 5538 2078 5605 Convivendum
2094 5553 2131 5601 L

2232 5587 2237 5600 .
2272 5553 2378 5599 [λη.
2411 5552 2518 5602 NC.
2550 5552 2591 5611 ι,
2624 5552 2669 5600 2.
2707 5552 2827 5599 r/m.
2863 5538 2987 5600 Βὸιι.
3022 5551 3068 5609 ι,
3100 5549 3150 5598 2.
3187 5549 3235 5609 3,
3279 5549 3326 5597 4.
3371 5538 3825 5611 Convenit-indulgi-

2437 5622 2478 5655 ⁸⁷
2507 5604 2741 5672 Peccare
2774 5633 2886 5670 non
2933 5604 3134 5670 debere
3164 5604 3303 5670 Lam.
3335 5619 3444 5667 Lin.
3474 5617 3576 5668 ΝΟ.
3617 5614 3654 5661 1.
3724 5604 3823 5653 “In

2325 5690 2367 5723 9°
2392 5691 2721 5743 Patientiam
2740 5704 2861 5742 esse
2887 5690 3028 5741 Lam.
3058 5692 3108 5744 Ν
3113 5690 3168 5740 C.
3198 5691 3243 5741 1.
3308 5688 3348 5722 ⁹¹
3382 5686 3705 5740 Susurrones
3730 5678 3823 5728 leta
