3998 6194
230 127 331 179 757

1237 122 1775 180 resmomonvu
1816 123 1968 179 ADV.
2008 124 2277 199 JUDzEOS
2320 88 2445 181 LIB.
2484 128 2551 181 ιι.

3472 134 3572 186 7Ξ58

224 252 389 311 CXVI.
426 222 555 306 Plus
585 251 651 305 ab
687 266 742 307 eo
772 250 931 320 diligi
962 253 1127 306 Deum
1166 253 1251 305 cui
1289 252 1349 303 in
1387 250 1649 321 baptismo
1683 251 1850 320 plura
1874 264 1933 336 Α
1954 251 2060 306 hoc
2086 253 2205 323 ipso
2233 254 2385 323 apud
2408 254 2511 308 Job
2543 270 2555 308 ε
2592 275 2619 303 ‹‹
2650 255 2986 311 Conservavi
3014 206 3267 327 egenum
3297 258 3366 312 de
3399 273 3572 313 manu

288 351 511 417 peccata
538 345 912 399 dimittuntur.

224 440 416 497 CXVII.
469 442 677 495 Fortem
730 440 1149 506 congressionem
1206 453 1313 494 esse
1362 439 1622 492 adversus
1670 438 1856 493 diabo-

299 535 428 596 lum,
472 537 523 588 et
554 534 672 587 ideo
700 534 918 599 fortiter
952 547 1046 586 nos
1084 536 1226 587 stare
1264 532 1467 595 debere,
1498 536 1560 587 ut
1591 534 1855 602 possimus

295 630 525 682 vincere.

226 721 442 778 CXVIII.
478 722 549 774 De
579 720 933 782 Antichristo,
966 720 1112 789 quod
1138 722 1196 773 in
1224 720 1433 774 homine
1457 720 1503 753 93
1525 722 1728 775 veniat.

228 814 397 869 CXIX.
445 815 616 870 Grave
643 815 813 880 fuisse
845 813 1045 881 jugum
1093 815 1219 880 legis
1256 812 1398 882 quod
1432 829 1465 867 a
1504 814 1652 868 nobis
1685 814 1856 889 abjng

304 913 421 962 tum
450 908 610 974 est“,
642 913 693 961 et
726 908 833 962 leve
867 923 970 961 esse
992 907 1192 977 jugum
1216 908 1431 961 Domini
1458 907 1602 976 quod
1636 920 1669 959 (ι
1707 907 1859 961 nobis

302 1005 610 1071 susceptum
638 1008 737 1055 est.

228 1095 378 1151 CXX.
410 1095 755 1150 Orationibus
780 1094 1136 1149 insistendum
1156 1095 1227 1148 9⁵.

303 1187 500 1262 728
540 1189 666 1243 CAP.
701 1190 743 1243 Ι.
776 1219 843 1227 —
879 1192 952 1243 De
992 1190 1126 1242 bono
1168 1190 1339 1259 operis
1380 1192 1428 1242 et
1462 1187 1857 1242 misericordiae.

299 1282 467 1353 Apud
510 1281 713 1337 Isaiam
759 1298 774 1335 '.
818 1302 845 1329 «
891 1281 1151 1337 Exclama
1169 1283 1239 1349 9⁵,
1285 1281 1488 1352 inquit,
1530 1281 1589 1335 in
1631 1280 1859 1335 fortitu-

230 1378 386 1445 dine,
411 1380 469 1433 et
493 1376 610 1431 noli
638 1392 900 1448 parcere,
929 1375 1070 1430 sicut
1102 1375 1239 1430 tuba
1259 1376 1442 1430 exalta
1467 1390 1659 1430 vocem
1680 1377 1858 1441 tuam,

230 1474 510 1529 annuntia
557 1473 711 1544 plebi
745 1488 884 1528 mea:
908 1474 953 1507 ⁹⁷
1004 1478 1238 1545 peccata
1272 1473 1528 1544 ipsorum
1575 1475 1632 1526 et
1669 1470 1862 1527 domui

228 1566 397 1622 Iacob
426 1567 680 1621 facinora
707 1583 926 1622 eorum.
954 1567 1036 1620 Me
1075 1567 1144 1621 de
1181 1566 1270 1620 die
1301 1565 1359 1620 in
1391 1565 1547 1620 diem
1580 1568 1858 1635 quaerunt,

1952 346 2214 415 potentis,
2244 350 2300 401 et
2330 347 2546 418 pupillo
2578 348 2667 401 cui
2711 366 2824 404 non
2857 355 2975 405 erat
3015 351 3242 420 adjutor
3269 351 3569 406 auxiliatus

1956 455 2099 493 sum.
2146 440 2216 493 Os
2261 440 2447 495 viduae
2488 441 2788 497 benedixit
2824 459 2938 509 me,
2992 461 3122 499 cum
3161 460 3341 500 essem
3378 447 3573 500 oculus

1956 548 2260 601 caecorum,
2290 550 2392 604 pes
2419 550 2640 605 quoque
2665 535 3002 591 claudorum
3034 553 3140 608 ego
3173 554 3373 605 essem,
3404 544 3461 593 et
3480 541 3569 594 in-

1958 625 2269 680 validoruni
2311 631 2471 696 pater
2502 648 2530 676 ››
2579 629 2737 695 (Job.,
2784 646 2927 699 XXIX,
2971 634 3054 697 I2,
3096 634 3178 697 13,
3224 634 3447 702 1ὅ,16).
3490 635 3567 687 De

1957 719 2063 773 hoc
2084 719 2204 790 ipso
2222 719 2375 789 apud
2393 719 2625 775 Tobiam
2656 737 2668 775 :
2694 744 2722 769 ‹‹
2754 723 2819 775 Et
2849 722 2966 777 dixi
2990 724 3233 778 Tobiae12
3262 724 3375 780 ﬁlio
3403 742 3530 781 meo
3556 744 3569 780 :

1958 812 2129 877 Vade,
2172 818 2227 867 et
2267 813 2449 867 adhuc
2490 830 2891 887 quemcunque
2936 832 3246 887 pauperem
3289 819 3572 874 inveneris

1962 923 2024 961 ex
2064 906 2333 961 fratribus
2374 908 2599 975 nostris,
2646 909 2743 979 qui
2786 912 2981 964 tamen
3026 910 3085 964 in
3132 918 3321 967 mente
3376 914 3580 969 habeat

1958 1002 2136 1055 Deum
2162 1017 2230 1055 ex
2257 1003 2373 1054 toto
2393 1002 2439 1035 ¹³
2467 1002 2633 1056 corde
2660 1019 2782 1057 suo.
2817 1004 2977 1058 Hunc
3017 1004 3203 1059 adduc
3232 1008 3295 1073 η,
3328 1012 3383 1061 et
3418 1024 3575 1062 man-

1963 1094 2190 1148 ducabit
2216 1095 2430 1165 pariter
2467 1112 2665 1150 meum
2691 1097 2735 1130 ‘5
2764 1098 3073 1169 prandium
3104 1100 3211 1153 hoc
3245 1117 3257 1153 :
3288 1102 3425 1154 Ecce
3456 1118 3576 1154 sus-

1960 1187 2112 1242 tineo
2154 1191 2230 1258 te,
2274 1190 2376 1259 ﬁli,
2420 1188 2599 1244 donec
2643 1190 2830 1245 venias
2876 1214 2902 1241 ››
2955 1194 3128 1263 (Tob.,
3187 1210 3253 1263 ιι,
3301 1194 3375 1265 2).
3436 1197 3580 1249 Item

1961 1281 2075 1335 illic
2118 1299 2130 1335 :
2186 1283 2517 1363 «Omnibus
2559 1283 2756 1338 diebus
2794 1284 2924 1339 vitm
2970 1292 3103 1353 tuas,
3148 1285 3247 1354 ﬁli,
3298 1288 3481 1343 Deum
3526 1290 3584 1344 in

1961 1378 2153 1429 mente
2179 1375 2344 1442 habe,
2375 1380 2431 1431 et
2459 1377 2573 1432 noli
2597 1376 2789 1450 729
2814 1379 3108 1448 praeterire
3134 1385 3419 1452 praecepta
3440 1383 3582 1453 ejus.

1961 1468 2247 1523 Justitiam
2290 1469 2378 1523 fac
2433 1471 2696 1525 omnibus
2744 1471 2941 1526 diebus
2992 1472 3120 1527 vita:
3162 1477 3308 1541 tuas,
3363 1481 3419 1529 et
3469 1478 3588 1532 noli

1964 1563 2256 1616 ambulare
2301 1564 2515 1618 viam“3
2558 1562 2914 1634 iniquitatis:
2956 1567 3230 1638 quoniam
3278 1574 3484 1641 agente
3534 1577 3588 1626 te

230 1665 285 1716 et
324 1676 678 1732 cognoscere
706 1661 823 1713 vias
860 1676 1014 1715 meas
1051 1660 1475 1731 concupiscunt,
1508 1659 1664 1730 quasi
1702 1657 1861 1729 plebs
1883 1637 1938 1709 B
1962 1671 2028 1710 ex
2064 1656 2317 1723 veritate,
2343 1657 2451 1711 erit
2471 1661 2759 1728 respectus
2786 1675 3023 1729 operum
3053 1664 3307 1716 tuorum.
3339 1664 3413 1717 Ex
3447 1664 3582 1718 sub-

229 1770 356 1826 quee
391 1753 678 1825 justitiam
720 1753 918 1809 fecerit
948 1757 1004 1807 et
1032 1753 1314 1824 judicium
1356 1752 1525 1806 Dei"8
1554 1768 1668 1807 non
1708 1752 1862 1806 dese-

230 1848 411 1903 ruerit
432 1849 502 1902 99.
548 1847 874 1902 Postulant‘
909 1863 1002 1901 me
1040 1863 1191 1901 nunc
1220 1846 1500 1916 judicium
1531 1846 1773 1917 justum,
1806 1847 1864 1898 et

228 1942 696 2015 appropinquare
735 1943 847 1996 Deo
890 1942 1295 2012 concupiscunt
1326 1940 1575 1994 dicentes
1605 1937 1781 2002 :Quid
1802 1939 1863 1991 2?

230 2036 364 2107 quia
424 2034 817 2107 jejunavimus
883 2039 939 2088 et
987 2051 1102 2088 non
1159 2033 1377 2099 vidisti,
1443 2031 1864 2087 humiliavimus

227 2130 456 2183 animas
490 2132 711 2184 nostras
748 2132 805 2183 ct
838 2144 952 2182 non
986 2126 1294 2198 cognovisti
1318 2128 1359 2181 ³.
1392 2128 1452 2180 [ιι
1483 2126 1681 2181 diebus
1710 2126 1865 2179 enim

220 2223 425 2296 jejunii
447 2224 467 2257 ἰ
512 2222 882 2277 inveniuntur
916 2223 1232 2276 voluntates
1256 2230 1277 2264 ε
1312 2226 1532 2274 vestrae.
1565 2224 1676 2273 Aut
1711 2219 1864 2274 enim

229 2317 516 2388 subjectos
555 2316 710 2370 vobis
745 2315 1125 2393 subpungitis,
1158 2319 1254 2368 aut
1291 2314 1358 2368 ad
1389 2312 1607 2383 judicia
1643 2318 1699 2367 et
1740 2313 1865 2367 lites

222 2410 531 2482 jejunatis,
584 2415 683 2464 aut
728 2409 1025 2481 proximos
1070 2407 1286 2462 creditis
1335 2406 1562 2478 pugnis.
1617 2407 1687 2460 Ut
1730 2406 1863 2477 quid

228 2504 365 2558 mihi
404 2504 682 2576 jejunatis
731 2505 864 2575 (41),
909 2506 971 2556 ut
1016 2502 1183 2556 hodie
1231 2488 1498 2556 audiatur
1535 2517 1639 2555 vox
1684 2505 1867 2555 vestra

228 2598 281 2652 in
327 2598 625 2653 clamore?
666 2597 784 2651 Non
834 2597 939 2650 hoc
977 2596 1267 2666 jejunium
1310 2596 1455 2665 6ego
1499 2594 1665 2665 elegi,
1713 2594 1861 2647 nisi?

230 2692 501 2747 humiliet
537 2690 646 2762 (42)
684 2691 859 2745 homo
901 2690 1153 2744 animam
1185 2706 1368 2744 suam.
1401 2690 1466 2743 Et
1503 2688 1547 2741 si
1574 2691 1863 2742 contorse~

229 2788 300 2841 ris
325 2785 489 2858 quasi
523 2785 796 2839 circulum
826 2784 1034 2838 collum
1067 2786 1249 2849 tuum,
1281 2786 1336 2836 et
1377 2798 1600 2836 saccum
1630 2786 1686 2835 et
1714 2781 1865 2834 ciue-

230 2897 348 2935 rem
385 2879 782 2946 substraveris,
822 2893 925 2934 nec
964 2877 1041 2931 sic
1066 2880 1084 2909 ⁸
1125 2876 1415 2931 vocabitur
1439 2875 1726 2945 jejunium
1771 2890 1864 2927 ac-

232 2980 481 3045 ceptum.
526 2974 650 3026 Non
685 2973 798 3025 tale
831 2969 1123 3042 jejunium
1166 2970 1335 3040 elegi,
1384 2968 1518 3021 dicit
1554 2967 1825 3021 Dominus
1851 2983 1863 3031 ;
1887 3006 1941 3079 Ο

231 3067 325 3121 sed
366 3068 526 3120 solve
572 3081 804 3120 omnem
845 3063 1062 3118 nodum
1100 3062 1410 3133 injustitiaa,
1452 3063 1663 3115 resolve
1703 3060 1866 3113 suffo-

233 3161 484 3215 cationes
568 3158 969 3229 impotentium
1056 3156 1553 3211 commerciorum.
1636 3155 1865 3209 Dimitte

232 3259 526 3325 quassatos
568 3253 628 3306 in
672 3252 954 3323 requiem,
1004 3256 1059 3304 et
1094 3266 1326 3304 omnem
1373 3248 1866 3319 consignationem

231 3347 505 3418 injustam
547 3345 813 3416 9dissipa.
850 3346 1070 3414 Frange
1111 3343 1380 3397 esurienti
1424 3358 1629 3412 panem
1670 3346 1855 3407 tuum,

231 3445 281 3493 et
319 3456 537 3509 egenos
578 3438 700 3492 sine
734 3442 880 3492 tecto
917 3437 1090 3490 induc
1128 3436 1185 3489 in
1219 3436 1453 3489 domum
1485 3438 1666 3488 tuam.
1700 3434 1755 3489 Si
1792 3434 1868 3487 vi-

230 3534 369 3588 deris
423 3532 685 3592 nudum,
735 3531 877 3584 vesti
911 3530 989 3598 ‘0;
1041 3533 1097 3583 et
1145 3529 1477 3583 domesticos
1506 3528 1735 3581 seminis
1784 3527 1866 3580 tui

229 3644 340 3681 non
367 3625 672 3696 despicies.
709 3626 862 3678 Tunc
903 3626 1168 3694 erumpet
1206 3626 1641 3693 temporaneum
1671 3621 1867 3675 lumen

233 3723 410 3787 tuum,
447 3723 507 3773 et
548 3718 886 3773 vestimenta
928 3721 1020 3772 tua
1065 3717 1177 3770 cito
1219 3717 1495 3770 orientur.
1538 3717 1604 3768 Et
1642 3715 1869 3784 precibit

232 3818 363 3867 ante
420 3818 479 3866 te
522 3812 763 3882 justitia,
805 3816 859 3865 et
918 3810 1143 3864 claritas
1198 3810 1298 3863 Dei
1362 3807 1740 3862 circumdabit
1787 3811 1863 3860 te.

230 3908 381 3961 Tunc
418 3904 783 3971 exclamabis,
816 3910 873 3958 et
913 3906 1058 3958 Deus
1100 3902 1369 3957 exaudiet
1401 3907 1475 3955 te.
1510 3903 1651 3955 Dum
1686 3901 1868 3955 adhuc

228 4000 478 4070 loqueris
509 3998 657 4053 dicet
687 4014 698 4053 :
731 4000 865 4053 Ecce
905 3997 1108 4052 adsum
1132 3999 1173 4030 ¹¹
1206 4016 1232 4046 ››
1263 3998 1416 4065 (Isa.,
1450 4011 1594 4062 LVIII,
1624 3994 1758 4064 1-9).
1789 3995 1866 4048 De

1964 1750 2171 1804 stantia
2223 1754 2323 1805 tua
2383 1750 2464 1805 fac
2521 1752 2984 1823 eleemosynam,
3032 1759 3088 1809 et
3142 1756 3263 1809 noli
3330 1742 3593 1813 avertere,

1962 1843 2168 1897 faciem
2191 1843 2265 1898 ab
2298 1844 2413 1898 ullo
2455 1861 2732 1916 paupere.
2764 1848 2845 1901 Ita
2882 1847 2979 1902 fiet
3011 1852 3077 1902 ut
3112 1864 3215 1903 nec
3252 1866 3285 1902 a
3331 1853 3383 1904 te
3423 1866 3581 1908 aver-

1962 1939 2115 1991 tatur
2156 1937 2328 1991 facies
2378 1939 2492 1993 Dei.
2541 1940 2829 2003 Quomodo
2872 1941 3159 2009 habueris,
3206 1942 3304 2010 fili,
3354 1944 3430 1998 sic
3482 1946 3589 2002 fac.

1964 2030 2019 2085 Si
2062 2030 2165 2084 tibi
2207 2031 2381 2085 fuerit
2425 2032 2651 2102 copiosa
2694 2033 3025 2103 substantia,
3073 2036 3201 2106 plus
3245 2053 3312 2091 ex
3360 2038 3455 2092 illa
3504 2040 3594 2093 fac

1966 2122 2406 2195 eleemosynam.
2440 2125 2494 2180 Si
2538 2126 2811 2197 exiguum
2839 2128 3107 2183 habueris
3130 2131 3197 2196 ¹⁷,
3235 2118 3302 2185 ex
3342 2132 3446 2186 hoc
3474 2132 3593 2203 ipso

1967 2217 2169 2287 exiguo
2202 2218 2578 2273 communica.
2612 2221 2678 2274 Et
2720 2239 2792 2275 ne
2820 2221 3075 2277 timueris
3103 2239 3235 2278 cum
3268 2225 3403 2280 facis
3438 2228 3591 2281 elec-

1966 2328 2282 2381 mosynam,
2330 2312 2633 2382 praemium
2680 2314 2892 2369 bonum
2934 2317 3162 2388 reponis
3210 2318 3312 2373 tibi
3340 2319 3399 2373 in
3441 2320 3601 2385 diem,

1969 2404 2353 2460 necessitatis:
2386 2407 2655 2476 quoniam
2698 2407 3057 2480 eleemosyna
3095 2428 3127 2465 a
3165 2415 3351 2467 morte
3392 2413 3596 2468 liberat

1968 2502 2024 2551 et
2071 2514 2185 2552 non
2220 2499 2435 2569 patitur
2474 2499 2556 2555 ire
2595 2500 2656 2555 in
2696 2502 2977 2558 tenebras.
3023 2505 3224 2559 Munus
3253 2505 3467 2562 bonum
3510 2512 3595 2562 est

1968 2592 2331 2662 elcemosyna
2372 2593 2416 2626 ¹³
2466 2593 2733 2648 omnibus
2788 2597 2888 2666 qui
2946 2597 3162 2652 faciunt
3214 2616 3345 2653 eam
3399 2617 3594 2655 coram

1968 2702 2192 2739 summo
2236 2686 2351 2739 Deo
2388 2708 2414 2737 »
2459 2688 2632 2756 (Tob.,
2673 2704 2745 2755 ιγ,
2790 2689 2961 2760 5-11).
3010 2692 3085 2745 De
3130 2691 3239 2745 hoc
3277 2693 3401 2764 ipso
3441 2695 3595 2765 apud

1967 2778 2332 2833 Salomonem
2373 2778 2431 2832 in
2469 2780 2781 2835 Proverbiis
2813 2800 2824 2836 :
2868 2803 2894 2830 ‹‹
2928 2782 3033 2847 Qui
3077 2787 3318 2855 pauperi
3342 2788 3384 2818 ‘9
3419 2788 3591 2841 mise-

1967 2877 2145 2940 retur,
2190 2874 2305 2926 Deo
2352 2873 2587 2928 foenerat
2630 2896 2656 2923 n
2706 2877 2908 2946 (Prov.,
2952 2894 3058 2945 xix,
3098 2882 3200 2947 17).
3246 2881 3389 2933 Item
3425 2880 3537 2934 illic
3576 2897 3589 2931 :

1971 2988 1997 3013 ‹‹
2044 2966 2151 3028 Qui
2180 2965 2276 3020 dat
2303 2967 2668 3037 pauperibus,
2699 2984 2995 3040 nunquam
3025 2971 3325 3042 indigebit.
3358 2972 3463 3036 Qui
3488 2991 3586 3027 au-

1967 3064 2083 3114 tem
2126 3060 2331 3113 avertit
2379 3061 2606 3114 oculum
2658 3064 2919 3131 suum”,
2965 3064 3024 3117 in
3067 3065 3246 3119 multa
3280 3068 3524 3137 penuria
3545 3069 3587 3101 ²¹

1968 3154 2073 3207 erit
2099 3176 2126 3202 »
2163 3153 2362 3223 (Prov.,
2391 3170 2576 3223 xxvm,
2605 3157 2711 3225 27).
2748 3157 2889 3210 Item
2912 3157 3021 3211 illic
3045 3174 3057 3211 ε
3084 3178 3109 3206 ι(
3141 3158 3521 3231 Eleemosynis
3544 3162 3589 3194 22

1968 3250 2023 3299 et
2049 3245 2160 3300 ﬁde
2185 3251 2412 3316 peccata
2454 3252 2777 3319 purgantur
2806 3248 2852 3281 3’3
2882 3270 2908 3297 ››
2958 3251 3155 3319 (Prov.,
3195 3268 3304 3319 xvx,
3347 3254 3418 3321 6).
3455 3255 3595 3307 Item

1967 3339 2079 3393 illic
2114 3357 2125 3392 :
2165 3362 2189 3387 ‹‹
2224 3339 2281 3394 Si
2317 3340 2580 3394 esurierit
2615 3341 2877 3396 inimicus
2914 3348 3060 3411 tuus,
3095 3342 3219 3399 ciba
3241 3346 3287 3378 ³⁵
3325 3362 3491 3413 eum;
3540 3350 3594 3400 et

1967 3433 2011 3485 si
2058 3432 2279 3500 sitierit,
2326 3434 2549 3504 potabis
2573 3432 2615 3467 2⁵
2667 3452 2818 3489 eum.
2862 3437 2974 3489 Hoc
3025 3437 3179 3490 enim
3227 3438 3438 3493 faciens
3480 3456 3596 3493 car-

1966 3525 2143 3579 bones
2171 3527 2324 3580 vivos
2346 3527 2393 3559 ²⁶
2419 3527 2793 3597 superfundes
2827 3529 2889 3582 in
2926 3536 3095 3600 caput
3120 3531 3163 3563 27
3196 3532 3317 3601 ejus
3337 3555 3365 3583 ››
3405 3532 3594 3603 (Ibid.,

1968 3636 2092 3685 xxv,
2140 3622 2227 3685 21,
2276 3620 2381 3691 22).
2427 3622 2564 3673 Item
2616 3621 2726 3675 illic
2775 3639 2787 3675 :
2842 3643 2869 3670 «
2917 3623 3071 3678 Sicut
3119 3640 3265 3695 aqua
3315 3627 3596 3695 extinguit

1970 3713 2185 3781 ignem,
2215 3712 2291 3765 sic
2320 3714 2674 3784 eleemosyna
2698 3715 2974 3786 extinguit
2994 3722 3284 3787 peccatum
3314 3738 3340 3769 »
3372 3721 3580 3790 (Eccli.,

1970 3822 2050 3870 ιιι,
2086 3805 2193 3871 33).
2233 3805 2397 3875 Apud
2445 3807 2713 3862 eumdem
2758 3808 2814 3861 in
2855 3810 3209 3864 Proverbiis:
3262 3834 3287 3859 ‹‹
3316 3813 3393 3865 Ne
3439 3813 3595 3867 dixe-

1968 3899 2043 3951 ris
2079 3915 2091 3951 :
2124 3898 2221 3952 Abi
2251 3901 2305 3951 et
2330 3905 2616 3953 revertere
2652 3901 2720 3968 98,
2760 3917 2885 3955 cras
2923 3918 3028 3974 ego
3062 3904 3227 3972 dabo,
3256 3920 3383 3960 cum
3414 3907 3596 3977 possis

1968 3991 2241 4046 continuo
2286 3990 2637 4048 benefacere.
2686 3996 2807 4049 Non
2856 3996 3012 4051 enim
3057 3999 3160 4052 scis
3201 3998 3339 4068 quid
3374 4000 3594 4055 contin-

1610 4143 1961 4206 Variorum
2005 4145 2201 4203 notze.

282 4267 319 4298 ⁸³
346 4266 407 4315 Ιιι
436 4265 721 4315 hominem
752 4265 939 4314 veniet
966 4262 1114 4313 Coro.
1179 4261 1221 4294 ⁹⁴
1248 4260 1586 4323 Susceptum
1615 4273 1725 4309 non
1763 4259 1911 4309 Corb.
1975 4260 2019 4291 95
2046 4258 2125 4307 De
2158 4256 2304 4307 bono
2331 4272 2494 4323 opere
2524 4265 2579 4311 et
2621 4261 2997 4312 misericordia
3042 4265 3180 4313 Lam.
3210 4264 3320 4317 ΝΟ.
3366 4267 3407 4313 1.
3436 4266 3600 4315 Coro.

223 4336 264 4369 ⁸⁸
291 4337 563 4387 Exclama
592 4336 647 4384 in
677 4334 999 4385 fortitudine
1031 4334 1165 4384 Voss.
1189 4334 1238 4383 2.

233 4412 244 4439 '
279 4409 317 4457 P
334 4407 587 4458 ostulant
612 4406 841 4471 quidem
862 4405 987 4455 Bod.
1017 4405 1061 4455 3.

1365 4333 1408 4365 9’
1439 4331 1592 4381 Plebi
1624 4335 1734 4381 tua:
1794 4332 1933 4379 Voss.
1960 4331 2007 4379 2.

1163 4404 1450 4455 Postulant
1478 4418 1508 4453 a
1544 4415 1632 4451 me
1651 4402 1776 4451 Iiod.
1812 4406 1855 4461 1,
1886 4402 1932 4450 2.
1969 4403 2107 4449 Lam.
2140 4398 2249 4449 ΝΟ.
2290 4405 2334 4462 1,
2365 4403 2412 4450 2.
2448 4402 2659 4451 Voss..2.

2136 4326 2179 4360 9⁸
2200 4328 2483 4399 .Iudicium
2517 4344 2631 4380 non
2669 4333 2807 4381 Voss.
2830 4333 2877 4381 4.
3006 4331 3047 4364 θ)
3073 4333 3439 4399 Dereliquerit
3482 4337 3598 4385 Lz’n.

2778 4402 2797 4474 ξ
2821 4402 3031 4474 thuid
3061 4406 3438 4467 jejunavimus
3455 4408 3595 4474 Lam.

231 4482 334 4531 ΝΟ.
367 4480 410 4528 1.
449 4477 572 4528 Bod.
597 4478 646 4526 2.
718 4479 734 4507 ³
769 4477 838 4526 Et
862 4476 1090 4527 nescisti
1115 4478 1226 4525 Lin.
1296 4476 1315 4506 ⁴
1342 4475 1688 4538 Jejuniorum
1713 4477 2015 4523 vostrorum
2038 4473 2177 4522 Lam.
2218 4473 2325 4525 ΝΠ.
2379 4473 2421 4519 1.
2462 4471 2586 4521 Bod.
2626 4470 2670 4519 2.
2740 4472 3065 4535 Voluptates
3113 4475 3222 4522 Li'n.
3272 4475 3395 4523 Tha.
3442 4476 3560 4523 Cor.

227 4548 246 4582 ⁸
274 4549 437 4611 Quod
471 4561 576 4611 ego
596 4548 737 4611 elegi
770 4549 909 4597 Lam.
937 4549 1044 4597 Lz‘n.
1072 4549 1177 4599 NG.
1214 4548 1260 4596 1.
1292 4546 1417 4595 Bod.
1454 4548 1496 4605 I,
1524 4546 1571 4607 2,
1603 4546 1649 4594 4.
1688 4546 1819 4592 Voss.
1853 4548 1896 4592 3.
1927 4544 2064 4594 Cott.
2129 4542 2151 4574 ⁷
2182 4543 2291 4595 Sed
2320 4541 2616 4611 humiliare
2637 4539 2920 4591 hominem
2948 4544 3084 4592 Cott.
3115 4544 3416 4605 Jejunium,
3457 4542 3589 4593 dicit

228 4610 527 4678 Dominus,
544 4631 642 4681 per
671 4610 817 4667 diem
840 4617 1137 4666 humiliare
1172 4616 1453 4666 hominem
1478 4616 1719 4664 animam
1750 4628 1925 4675 suam,
1959 4615 2174 4663 tametsi
2220 4610 2547 4663 contorseris
2574 4612 2732 4681 quasi
2762 4611 3032 4681 circulum
3070 4612 3209 4661 Lam.
3252 4613 3359 4660 Lz‘n.
3396 4614 3504 4663 ΝΟ.
3552 4615 3600 4660 1.

239 4690 355 4738 Bod.
392 4692 434 4747 1,
466 4689 517 4748 2,
544 4680 594 4736 1.
624 4690 763 4735 Cott.
798 4689 931 4737 Voss.
956 4688 1003 4737 3.
1071 4686 1091 4720 θ
1116 4688 1229 4738 Nec
1249 4688 1329 4737 sic
1356 4687 1463 4736 hoc
1494 4688 1631 4734 Lam.
1680 4688 1800 4737 ΝΟ.
1838 4687 1882 4733 1.
1914 4686 2039 4735 Bod.
2067 4690 2116 4732 2.
2143 4685 2263 4734 Hoc
2298 4696 2407 4731 non
2449 4682 2528 4730 sic
2569 4680 2700 4727 Coit.

232 4761 315 4807 tim
340 4761 449 4809 ΝΟ.
486 4761 528 4807 1.
630 4761 667 4790 ιο
689 4761 843 4807 Vesti
866 4771 992 4807 eum
1017 4761 1152 4807 Coti.
1220 4761 1263 4789 ιι
1287 4761 1499 4806 Adsum
1530 4768 1697 4818 prepc
1731 4761 1785 4805 Ct

234 4830 268 4857 ”
295 4828 403 4889 Qui
434 4832 621 4877 tamen
651 4827 821 4878 habet
852 4829 1151 4878 Dominum
1179 4830 1234 4876 in
1272 4832 1387 4877 toto
1427 4829 1562 4875 Lam.
1594 4827 1705 4879 ΝΟ.
1744 4827 1785 4873 1.

230 4899 330 4947 NG.
368 4899 412 4953 1,
438 4898 488 4946 2.
516 4898 642 4947 Bod.
678 4901 724 4958 l,
754 4898 800 4946 2.
840 4900 974 4947 Voss.

2799 4678 2819 4712 θ
2852 4680 3339 4744 Consignationem
3386 4684 3605 4744 injusti-

630 4757 667 4790 '°
689 4758 843 4807 Vesti
866 4771 992 4807 eum
1017 4758 1152 4807 Coti.
1220 4756 1499 4806 “Adsum
1530 4768 1697 4818 prepc
1731 4756 1865 4805 Coit.
1945 4758 1961 4785 ²
2007 4756 2161 4805 Dixit
2183 4754 2382 4805 Tobias
2416 4751 2530 4800 ﬁlio
2557 4762 2657 4799 suo
2687 4752 2951 4805 Lam.NC.
2977 4752 3025 4801 2.
3060 4753 3182 4801 Bod.
3220 4755 3265 4814 1,
3307 4754 3352 4802 2.
3388 4753 3521 4802 Voss.
3552 4755 3600 4802 4.

651 4827 821 4870 habet.
852 4829 1149 4870 hominum
1179 4830 1232 4870 in
1272 4832 1387 4870 toto
1427 4829 1561 4870 Lam.
1600 4827 1705 4870 ΝΟ.
1744 4827 1785 4870 1.
1894 4828 1932 4857 ¹⁴
1966 4826 2089 4870 Huc
2122 4826 2304 4870 adduc
2327 4823 2477 4870 Corb.
2566 4820 2604 4853 ¹⁸
2639 4822 2847 4870 Pariter
2873 4836 3091 4870 mecum
3120 4824 3238 4870 Thu.
3275 4823 3424 4870 Corb.
3464 4826 3600 4870 Lam.

1078 4842 1151 4877 1m
1179 4830 1234 4876 in
1272 4832 1387 4877 toto
1427 4829 1562 4875 Lam.
1594 4827 1705 4879 ΝΟ.
1744 4827 1785 4873 1.

1078 4897 1115 4931 ¹⁶
1138 4900 1198 4948 In
1230 4899 1390 4948 Viam
1434 4897 1568 4947 Voss.
1599 4898 1648 4946 2.
1723 4894 1760 4927 ’7
1785 4896 1856 4957 Qt

1966 4826 2089 4876 Huc
2122 4826 2304 4875 adduc
2327 4825 2477 4874 COrb.
2566 4825 2604 4853 “
2640 4825 2847 4872 Pariter
2873 4836 3091 4873 mecum
3119 4825 3238 4873 Tha.
3275 4825 3298 4872 ί

1973 4896 2077 4945 odo
2108 4901 2159 4946 et
2194 4895 2456 4946 habueris
2490 4893 2614 4943 Bod.
2645 4893 2692 4942 2.
2730 4896 2867 4943 Voss.
2897 4895 2944 4943 2.
2986 4894 3108 4944 Tha.
3161 4895 3298 4944 Lam.

2566 4820 2604 4853 ¹⁸
2639 4822 2847 4872 Pariter
2873 4836 3091 4873 mecum
3119 4824 3238 4873 Tha.
3275 4823 3424 4873 Corb.
3464 4826 3605 4873 Lam.

2566 4893 2614 4941 d.
2645 4893 2692 4942 2.
2730 4896 2867 4943 Voss.
2897 4895 2944 4943 2.
2986 4894 3108 4944 Tha.
3161 4895 3298 4944 Lam.
3388 4894 3427 4927 ’⁸
3446 4894 3603 4944 Elee-

3515 4908 3603 4946 ee-

232 4980 477 5031 mosyna,
514 4970 773 5019 omnibus
804 4968 1134 5019 facientibus
1164 4969 1311 5021 Corb.
1381 4966 1419 5000 ιο
1442 4966 1527 5015 Sic
1553 4968 1690 5016 Lam.
1734 4969 1867 5017 Voss.
1908 4973 1949 5016 3.
1983 4970 2294 5031 Pauperum
2323 4968 2480 5017 Oxon.
2508 4966 2689 5015 Deum
2716 4966 2945 5015 faeneret
2991 4966 3112 5014 Tha.
3160 4966 3307 5014 Corb.
3373 4965 3415 4999 ³ο
3457 4968 3603 5017 Ocu-

229 5038 342 5088 lum
368 5041 425 5089 in
456 5040 634 5088 multa
652 5042 777 5089 ΒΜ.
837 5042 885 5100 1,
911 5042 961 5097 2,
993 5044 1034 5088 li.
1070 5041 1203 5089 Lam.
1245 5041 1362 5089 Tim.
1398 5038 1601 5086 more.“
1632 5039 1691 5087 In
1718 5053 1856 5099 magi

1968 5040 2133 5102 nopia
2157 5041 2271 5091 ΝΟ.
2304 5038 2350 5087 2.

235 5109 361 5159 licta
388 5115 700 5174 purgantur
754 5111 877 5160 Bod.
914 5113 957 5169 1,
991 5112 1038 5170 2,
1065 5111 1112 5160 3.
1180 5114 1220 5143 ²⁴
1252 5112 1418 5161 Pasce
1453 5111 1564 5158 Lin.
1594 5109 1715 5157 Bod.
1750 5111 1867 5169 1,1.
1898 5109 2016 5158 Tlm.
2058 5112 2191 5158 Voss.
2220 5109 2265 5157 2.

1469 5178 1509 5213 ’7
1538 5178 1717 5244 Capiti
1744 5183 1885 5230 Lam.
1916 5182 2006 5229 Lin
2037 5180 2165 5230 Bod.
2202 5182 2248 5236 1,
2274 5178 2320 5227 2.
2351 5177 2472 5227 Tim.
2515 5178 2648 5225 Voss.
2686 5176 2736 5225 2.

483 5248 527 5284 ³⁸
553 5250 707 5303 Vade
737 5256 791 5301 et
811 5254 1084 5302 revertere
1117 5252 1250 5301 Cott.
1280 5250 1413 5302 Cras
1438 5250 1580 5301 dabo
1609 5250 1706 5300 tibi
1727 5252 1864 5300 Lam.
1892 5252 2000 5304 NG.
2030 5252 2076 5311 1,
2102 5250 2150 5297 2.

234 5180 366 5230 Oxon
375 5219 385 5229 .

244 5254 388 5300 Coll.

488 5182 528 5212 *δ
558 5180 840 5231 Carbones
869 5182 1014 5244 ignis
1037 5180 1194 5233 N02.
1230 5184 1370 5232 Gott.

2453 5038 2492 5067 ²²
2524 5035 2896 5098 Eleemosyna
2951 5034 3144 5085 13011.1.
3195 5038 3328 5085 Voss.
3346 5036 3392 5085 2.
3433 5038 3474 5069 ³³
3498 5038 3602 5087 Do-

2364 5108 2404 5136 ¹⁵
2438 5106 2522 5155 Sic
2562 5106 2695 5154 Voss.
2716 5104 2765 5153 3.
2799 5105 2922 5154 bad.
2954 5105 3003 5153 2.
3038 5105 3257 5155 Potabis
3290 5106 3445 5169 Impr.
3474 5107 3602 5157 Pota

2799 5176 3177 5241 Superponete
3230 5178 3397 5242 capiti
3451 5176 3602 5228 Corb.

1540 5389 1765 5471 Steph.
1816 5389 2059 5453 Baluzii
2104 5393 2297 5452 notae.

294 5526 388 5586 (41)
426 5528 483 5577 Ut
512 5526 645 5591 quid
674 5526 801 5576 mihi
829 5528 1115 5592 jejunatis.
1146 5527 1285 5577 Vide
1328 5526 1619 5577 Frontonis
1660 5528 1858 5577 Ducaii

246 5599 398 5645 notas
454 5597 508 5647 in
575 5598 877 5650 Homiliam
926 5612 985 5650 v1
1043 5597 1423 5664 Chrysostomi
1485 5599 1557 5650 ad
1613 5596 1865 5663 populum

246 5666 630 5720 Antiochenam.

2027 5528 2127 5588 (12)
2157 5528 2271 5578 Νἰδι
2307 5527 2557 5580 humiliet.
2589 5526 2731 5578 Vide
2776 5527 3038 5581 Cotelerii
3070 5530 3229 5579 notas
3256 5526 3314 5576 in
3346 5527 3513 5588 caput
3540 5536 3597 5575 ιιι

1973 5598 2237 5664 Epistolas
2264 5599 2548 5653 Barnabas.
