3998 6194
377 246 480 299 759

1285 243 1342 299 8.
1384 244 1699 301 CYPRIANI
1737 245 2011 302 OPERUM
2050 245 2223 302 PARS
2257 247 2318 300 II.
2361 275 2430 288 --
2466 247 2833 305 OPUSCULA.

3620 253 3732 307 760

381 375 482 443 gat
520 370 783 441 sequenti
826 369 915 423 die
955 390 980 419 ››
1014 369 1215 439 (Prov.,
1251 386 1328 435 III,
1360 371 1466 436 28).
1501 371 1638 423 Item
1669 370 1779 424 illic
1809 389 1822 425 :
1857 391 1884 420 ι(
1913 369 2021 435 Qui
2044 373 2190 455 Αιὸ
2224 414 2235 426 .
2293 373 2474 428 Etiam
2525 374 2814 429 modicum
2871 390 3012 445 opus
3051 375 3351 447 prodesse.
3403 377 3541 431 Item
3587 376 3704 432 illic
3739 394 3753 430 :

374 464 603 519 obturat
647 479 811 517 aures
855 479 980 516 suas
998 462 1046 496 ²⁹
1089 479 1158 517 ne
1209 463 1404 517 audiat
1427 464 1474 497 ³ο
1518 464 1898 531 imbecillum;
1952 469 2010 519 et

374 559 495 630 ipse
548 557 829 612 invocabit
892 559 1100 626 Deum,
1154 561 1210 612 et
1263 573 1379 611 non
1435 556 1544 611 erit
1593 557 1688 628 qui
1742 558 2009 613 exaudiat

378 669 508 707 eum
540 673 568 702 ››
609 654 811 721 (Prov.,
841 668 952 718 xxx,
994 652 1096 722 13).
1128 654 1269 708 Item
1314 651 1428 706 illic
1455 670 1472 705 :
1512 671 1538 700 «
1569 652 1673 716 Qui
1708 669 2004 707 conversa-

376 751 470 800 tur
519 745 638 800 sine
686 746 1104 816 vituperatione
1156 746 1214 800 in
1259 745 1484 816 justitia
1511 746 1578 813 3‘,
1634 745 1827 800 beatos
1861 747 2007 800 ﬁlios

373 839 713 910 relinquit”
748 862 776 890 »
814 839 1019 912 (Prov.,
1063 857 1152 906 xx,
1195 839 1270 910 7).
1303 840 1468 911 Apud
1513 841 1783 895 eumdem
1814 840 1870 895 in
1902 842 2003 894 Ec-

374 933 684 988 clesiastico
732 949 746 987 :
799 955 825 983 «
869 934 989 1000 Fili,
1023 934 1064 986 si
1112 933 1314 1001 habes,
1364 919 1507 988 bene
1557 935 1643 988 fac
1691 940 1904 1001 tecum,
1951 940 2006 988 et

373 1029 488 1083 Deo
527 1028 729 1098 dignas
769 1029 1080 1083 oblationes
1118 1027 1341 1096 oﬁ‘er”,
1373 1044 1690 1082 memorare
1733 1028 2001 1100 quoniam

374 1138 529 1176 mors
569 1139 683 1176 non
717 1123 903 1178 tardat
938 1143 966 1172 »
1008 1123 1213 1190 (Ecclz'.,
1250 1138 1364 1189 x1v,
1409 1125 1493 1189 11,
1528 1124 1632 1192 12).
1665 1125 1806 1177 Item
1842 1122 1998 1177 illic:

377 1237 405 1266 «
434 1216 721 1272 Conclude
751 1217 1166 1288 elcemosynam
1199 1216 1260 1270 in
1291 1216 1455 1270 corde
1487 1215 1772 1287 pauperis,
1801 1220 1855 1270 et
1882 1217 2002 1270 haec

370 1329 407 1383 p
434 1329 498 1367 ro
517 1318 571 1367 te
608 1311 792 1366 orabit
813 1312 860 1346 3‘
896 1311 965 1364 ab
1007 1310 1165 1364 omni
1200 1310 1348 1364 malo
1384 1331 1411 1359 »
1453 1309 1660 1378 (Eccli.,
1692 1326 1854 1377 xxvu,
1893 1308 1997 1379 12).

371 1406 448 1461 De
497 1406 603 1460 hoc
653 1406 775 1477 ipso
827 1405 884 1458 in
930 1405 1149 1460 Psalmo
1203 1421 1385 1470 xxxvx,
1438 1401 1628 1475 730
1684 1403 2002 1458 misericor-

370 1501 524 1555 diam
578 1499 624 1534 ³⁵
653 1503 708 1554 et
753 1501 993 1571 posteris
1037 1498 1308 1569 prodesse
1358 1515 1369 1551 :
1424 1519 1451 1546 ‹‹
1501 1498 1696 1552 Junior
1743 1498 1825 1552 fui
1867 1497 1997 1568 (43),

371 1594 581 1648 etenim
613 1593 772 1648 senui
795 1595 859 1660 ³⁸,
889 1597 944 1646 et
978 1609 1088 1645 non
1125 1590 1234 1644 vidi
1256 1591 1474 1661 justum
1508 1589 1859 1657 derelictum,
1895 1607 1999 1644 nec

373 1705 569 1743 semen
609 1689 731 1758 ejus
761 1703 1021 1760 quazrens
1057 1702 1285 1757 panem.
1318 1687 1451 1739 Tota
1489 1685 1912 1739 die'miseretur
1942 1690 1998 1739 et

371 1782 611 1837 faeneret
629 1780 696 1850 ³⁷,
745 1786 802 1836 et
845 1798 1044 1835 semen
1093 1780 1212 1850 ejus
1252 1779 1309 1832 in
1348 1778 1745 1832 benedictione
1793 1783 1878 1833 est
1898 1779 1944 1812 ³⁸
1972 1760 2079 1831 »Β

373 1876 542 1948 (Psal.
593 1892 776 1943 xxxvi,
825 1880 911 1943 25,
963 1875 1074 1941 26).
1120 1875 1195 1927 De
1237 1874 1342 1926 hoc
1381 1873 1503 1942 ipso
1549 1872 1604 1925 in
1638 1873 1857 1926 Psalmo
1894 1889 2002 1926 XL:

374 1991 403 2020 «
449 1973 650 2026 Beatus
669 1970 715 2003 39
748 1969 843 2040 qui
885 1968 1152 2038 intelligit
1194 1984 1363 2037 super
1407 1982 1652 2036 egenum
1696 1968 1751 2020 et
1789 1982 2006 2036 paupe-

371 2079 514 2130 rem,
552 2063 612 2116 in
659 2063 750 2116 die
790 2061 937 2115 malo
977 2060 1242 2114 liberabit
1275 2060 1433 2112 illum
1478 2060 1619 2112 Deus
1653 2081 1681 2108 »
1716 2061 1884 2128 (Psal.
1919 2075 2004 2126 XL,

369 2157 448 2227 2).
491 2160 628 2212 Item
671 2157 727 2209 in
766 2157 987 2209 Psalmo
1020 2171 1102 2209 cxx
1139 2171 1151 2207 :
1189 2176 1213 2204 α
1253 2153 1543 2207 Distribuit
1569 2154 1638 2219 ‘0,
1678 2152 1834 2206 dedit
1876 2169 2010 2223 pau-

371 2252 622 2323 peribus,
657 2249 880 2320 justitia
925 2249 1045 2318 ejus
1088 2248 1341 2302 manebit
1370 2248 1426 2301 in
1459 2247 1732 2301 sarculum
1760 2247 1950 2300 smculi
1979 2267 2005 2295 ››

372 2347 557 2417 (Ibz'd.,
594 2361 702 2412 cxi,
750 2344 826 2413 9).
875 2344 948 2396 De
989 2343 1097 2396 hoc
1141 2342 1262 2412 ipso
1302 2343 1449 2412 apud
1493 2341 1634 2395 Osee
1679 2359 1691 2395 :
1733 2363 1759 2391 ‹‹
1801 2341 2010 2396 Miseri-

373 2440 626 2494 cordiam
670 2439 795 2493 volo
839 2437 1079 2507 magis“
1131 2453 1304 2506 quam
1347 2435 1708 2500 sacrificium,
1757 2438 1813 2489 et
1851 2435 2011 2504 agni-

371 2535 590 2590 tionem
639 2533 731 2587 Dei
777 2532 901 2602 plus
949 2547 1122 2600 quam
1145 2531 1192 2564 ⁸³
1236 2531 1721 2584 holocaustomata
1764 2550 1790 2577 ››
1838 2530 2006 2599 (Osee,

261 2643 263 2646 ‘
370 2645 441 2696 Vl,
481 2631 552 2694 6).
600 2628 676 2680 De
707 2628 813 2680 hoc
854 2625 976 2695 ipso
1017 2624 1075 2676 in
1121 2623 1424 2693 Evangelio
1467 2628 1587 2676 cata
1631 2622 1956 2676 Matthmum
1991 2638 2004 2675 :

375 2744 400 2772 ‹‹
443 2722 593 2778 Beati
625 2720 720 2791 qui
753 2719 1010 2773 esuriunt
1041 2723 1095 2772 et
1124 2717 1625 2788 sitiuntjustitiam
1651 2717 1718 2781 ‘3,
1748 2716 1876 2786 quia
1904 2717 2009 2786 ipsi

370 2815 778 2871 saturabuntur
816 2835 843 2862 ››
878 2812 1119 2883 (Μαιιιιη
1165 2828 1216 2877 v,
1261 2811 1335 2881 6).
1393 2812 1533 2864 Item
1582 2809 1693 2863 illic
1734 2826 1746 2863 :
1790 2830 1818 2858 «
1858 2808 2006 2862 Beati

370 2909 764 2965 misericordes
792 2909 860 2975 ‘t,
905 2907 1178 2976 quoniam
1219 2905 1324 2975 ipsi
1372 2904 1827 2957 misericordiam
1873 2919 2007 2956 con-

378 3007 692 3075 sequentur
736 3023 763 3052 »
802 3002 986 3070 (Ibid.,
1029 3000 1102 3070 7).
1154 3001 1294 3054 Item
1342 2998 1453 3052 illic
1495 3014 1508 3051 :
1555 3019 1581 3046 «
1621 2997 2010 3050 Thesaurizate

368 3098 523 3152 vobis
570 3097 871 3150 thesauros
922 3095 979 3147 in
1033 3095 1194 3160 coelo,
1241 3092 1340 3146 ubi
1390 3108 1578 3163 neque
1620 3092 1778 3144 tinea
1824 3107 2007 3160 neque

370 3195 693 3246 comestura
717 3191 762 3224 ‘5
794 3188 1160 3254 exterminat,
1191 3192 1246 3240 et
1286 3186 1382 3238 ubi
1416 3187 1568 3239 fures
1599 3201 1710 3237 non
1744 3184 2017 3237 effodiunt

366 3291 422 3340 et
466 3283 796 3339 furantur“
844 3304 871 3331 ››
922 3282 1162 3351 (Matth,
1211 3296 1281 3345 γι,
1331 3283 1428 3342 20,
1466 3281 1576 3348 21).
1632 3301 1657 3326 ‹‹
1709 3278 1808 3332 Ubi
1861 3277 2016 3330 enim

366 3379 541 3433 fuerit
568 3379 867 3431 thesaurus
908 3379 1061 3440 tuus,
1095 3375 1205 3426 illic
1239 3373 1345 3428 erit
1383 3379 1436 3427 et
1468 3389 1566 3426 cor
1595 3376 1776 3425 tuum.
1819 3392 1846 3421 ›)
1878 3373 2018 3424 Item

365 3473 482 3528 illic
517 3491 528 3525 :
565 3492 590 3522 (ι
623 3469 812 3524 Simile
842 3474 925 3522 est
966 3484 1209 3538 regnum
1253 3469 1520 3520 cmlorum
1564 3465 1787 3519 homini
1835 3480 2014 3534 nego-

367 3565 532 3621 tianti
560 3563 841 3634 quzerenti
881 3563 1058 3615 bonas
1088 3560 1467 3632 margaritas;
1498 3559 1597 3613 ubi
1628 3561 1817 3612 autem
1853 3559 2012 3611 inve-

370 3659 456 3714 nit
494 3658 805 3729 pretiosam
848 3655 1218 3725 margaritam
1244 3657 1312 3723 ‘7,
1352 3654 1487 3708 abiit
1524 3659 1577 3708 et
1609 3652 1864 3707 vendidit
1892 3668 2012 3706 om-

369 3753 462 3808 nia
499 3768 624 3824 quae
659 3750 875 3820 habuit,
907 3755 963 3805 et
999 3749 1139 3804 emit
1175 3749 1326 3803 illam
1353 3749 1398 3782 ⁴⁸
1442 3771 1468 3797 ››
1502 3749 1744 3818 (Matth,
1780 3763 1891 3814 xui,
1926 3748 2013 3812 45,

2112 489 2139 518 ‹‹
2179 468 2246 523 Et
2271 467 2368 538 qui
2396 469 2672 538 potaverit
2691 469 2738 504 ⁴⁰
2773 485 2951 523 unum
2981 486 3048 524 ex
3081 469 3333 524 minimis
3364 469 3485 524 istis
3512 470 3754 526 calicem

2109 578 2272 633 aquae
2314 561 2537 632 frigidas
2580 561 2638 615 in
2685 562 2922 617 nomine
2963 563 3246 634 discipuli,
3292 580 3462 619 amen
3502 564 3632 620 dico
3665 582 3758 620 vo-

2105 655 2211 725 bis,
2263 672 2375 710 non
2420 655 2628 726 peribit
2650 655 2698 690 5°
2745 671 2959 712 merces
3005 657 3126 728 ejus
3170 679 3197 708 »
3249 659 3490 729 (Matth.,
3537 675 3592 728 x,
3636 659 3753 728 42).

2105 749 2330 804 Nemini
2357 749 2684 820 negandam
2713 751 3159 822 eleemosynam.
3190 753 3334 806 Item
3356 751 3505 807 illic:
3529 775 3558 801 «
3581 751 3757 808 Omni

2105 843 2355 914 poscenti
2385 849 2438 899 te
2461 844 2505 877 ⁸¹
2545 843 2634 913 da,
2666 846 2722 899 et
2757 844 2826 898 ab
2868 860 2934 898 eo
2973 845 3072 916 qui
3109 845 3350 900 voluerit
3381 847 3635 901 mutuari
3675 864 3752 902 ne

2102 943 2390 993 aversatus
2428 937 2603 992 fueris
2621 934 2666 972 ⁵³
2717 960 2746 988 ››
2779 939 2957 1007 (Luc.,
3003 955 3054 1007 v,
3084 939 3198 1008 42).
3241 942 3384 996 Item
3426 940 3587 995 illic:
3621 963 3648 990 ι(
3694 941 3754 996 Si

2104 1031 2184 1086 vis
2231 1031 2300 1085 ad
2348 1031 2519 1085 vitam
2541 1032 2588 1066 ⁸³
2631 1031 2846 1100 venire,
2891 1048 3051 1087 serva
3094 1034 3382 1089 mandata.
3432 1033 3573 1088 Dicit
3606 1034 3752 1090 ille:

2101 1125 2286 1189 Quae?
2331 1125 2476 1178 Dicit
2518 1125 2599 1179 illi
2637 1127 2796 1180 Jesus
2837 1142 2850 1179 :
2883 1127 3006 1180 Non
3052 1126 3297 1196 occides,
3343 1144 3457 1182 non
3498 1129 3755 1182 mcecha-

2102 1218 2282 1286 beris,
2340 1235 2456 1273 non
2511 1219 2714 1274 falsum
2767 1219 3230 1274 testimonium“
3286 1221 3468 1288 dices,
3526 1222 3756 1276 honora

2103 1318 2325 1384 patrem
2369 1317 2426 1367 et
2471 1318 2731 1380 matrem,
2775 1318 2831 1368 et
2860 1313 3065 1384 diliges
3105 1314 3436 1385 proximum
3475 1316 3580 1370 tibi
3620 1321 3756 1374 tan-

2102 1423 2276 1478 quam
2327 1412 2384 1462 te
2406 1407 2474 1460 ⁸⁵.
2522 1407 2668 1462 Dicit
2710 1406 2790 1460 illi
2825 1407 3052 1478 juvenis
3094 1425 3106 1462 :
3152 1409 3355 1464 Omnia
3405 1409 3511 1464 ista
3556 1409 3750 1464 observ

2098 1500 2240 1555 vavi.
2275 1501 2424 1565 Quid
2466 1500 2655 1555 adhuc
2700 1500 2841 1555 mihi
2885 1501 3084 1556 deest?
3125 1502 3272 1556 Dicit
3311 1501 3395 1556 illi
3439 1504 3601 1557 Iesus
3638 1520 3650 1558 :
3685 1498 3750 1558 Si

2097 1595 2180 1648 vis
2219 1594 2501 1664 perfectus
2547 1610 2688 1664 esse,
2730 1594 2872 1649 vade
2921 1599 2976 1649 et
3016 1596 3199 1650 vende
3223 1596 3270 1630 ⁵⁸
3309 1597 3505 1650 omnia
3544 1601 3664 1663 tua,
3696 1602 3756 1651 et

2101 1689 2172 1743 da
2219 1688 2565 1759 pauperibus
2590 1689 2660 1754 ⁵⁷,
2708 1693 2763 1743 et
2806 1689 3044 1744 habebis
3087 1690 3419 1744 thesaurum
3462 1689 3644 1763 731
3691 1693 3753 1745 in

2105 1781 2265 1849 coelo,
2301 1784 2358 1834 et
2397 1781 2547 1849 veni,
2579 1797 2818 1853 sequere
2864 1799 2960 1837 me
3005 1804 3030 1831 η
3071 1783 3314 1853 (Matth.,
3347 1799 3497 1851 xxxx,
3533 1782 3751 1855 l7-20).

2109 1877 2249 1930 Item
2295 1874 2452 1928 illic:
2491 1895 2517 1923 «
2561 1875 2701 1930 Cum
2751 1875 2973 1931 venerit
3014 1875 3185 1933 Filius
3229 1877 3480 1932 hominis
3529 1877 3588 1932 in
3625 1894 3752 1932 ma-

2101 1968 2303 2038 jestate
2339 1985 2439 2021 sua
2461 1969 2508 2002 ⁸³
2553 1974 2608 2023 et
2643 1985 2840 2024 omnes
2867 1970 3056 2041 angeli
3085 1986 3217 2024 cum
3252 1986 3337 2038 eo,
3367 1974 3506 2026 tunc
3533 1970 3757 2026 sedebit

2107 2062 2166 2115 in
2217 2062 2422 2116 throno
2475 2061 2746 2117 claritatis
2792 2064 3000 2133 sum“,
3059 2066 3117 2118 et
3164 2063 3506 2135 colligantur
3531 2065 3580 2099 ⁶⁰
3621 2067 3755 2120 ante

2111 2171 2244 2209 eum
2287 2171 2490 2209 omnes
2508 2156 2552 2190 ⁶¹
2597 2159 2817 2227 gentes.
2856 2158 2922 2210 Et
2965 2157 3288 2229 segregabit
3307 2157 3354 2193 ⁸³
3389 2157 3513 2212 illos
3553 2157 3623 2212 ab
3664 2157 3758 2212 in-

2116 2248 2319 2316 vicem,
2375 2249 2867 2320 quemadmodum
2931 2255 3127 2322 pastor
3175 2255 3440 2323 segregat
3495 2268 3625 2306 oves
3690 2251 3761 2306 ab

2110 2342 2312 2397 haedis.
2339 2344 2405 2397 Et
2431 2347 2641 2398 statuet
2672 2360 2805 2398 oves
2835 2344 2907 2398 ad
2938 2344 3237 2400 dexteram
3259 2346 3326 2415 ‘3,
3349 2345 3546 2400 haados
3567 2351 3761 2400 autem

2109 2436 2178 2490 ad
2222 2436 2504 2490 sinistram
2529 2438 2599 2492 ⁸⁸.
2645 2438 2799 2492 Tunc
2846 2437 2994 2493 dicet
3025 2439 3144 2492 Rex
3193 2439 3274 2492 eis
3319 2439 3418 2510 qui
3463 2440 3532 2494 ad
3573 2440 3762 2495 dexte-

2110 2547 2233 2583 ram
2265 2547 2429 2584 suam
2457 2534 2591 2584 sunt
2626 2547 2638 2586 :
2674 2532 2895 2600 Venite,
2927 2532 3215 2587 benedicti
3242 2533 3421 2589 Patris
3469 2533 3602 2602 mei,
3632 2550 3761 2604 per-

2110 2623 2282 2693 cipite
2307 2625 2354 2658 ⁸⁵
2383 2640 2626 2694 regnum
2659 2624 2814 2696 quod
2840 2625 2997 2679 vobis
3039 2629 3301 2697 paratum
3326 2631 3411 2682 est
3440 2626 3512 2680 ab
3537 2626 3760 2698 origine

2111 2718 2334 2772 mundi.
2369 2717 2595 2772 Esurivi
2623 2719 2801 2786 enim,
2845 2724 2902 2774 et
2941 2719 3180 2774 dedistis
3210 2720 3348 2775 mihi
3377 2716 3750 2775 manducare;

2111 2806 2284 2875 sitivi,
2328 2813 2384 2860 et
2426 2807 2666 2876 potastis
2695 2823 2787 2861 me
2806 2808 2875 2877 5°;
2907 2808 3123 2880 hospes
3166 2809 3268 2877 fui,
3307 2813 3361 2864 et
3391 2809 3759 2865 adduxistis67

2109 2915 2235 2968 me;
2275 2899 2485 2967 nudus,
2523 2906 2579 2955 et
2616 2900 2829 2956 texistis
2871 2918 2964 2957 me
2981 2902 3063 2972 ⁸⁸,
3102 2901 3423 2960 infirmatus
3456 2920 3584 2958 sum
3609 2905 3676 2973 θ’,
3705 2907 3762 2958 et

2109 2993 2375 3048 visitastis
2407 3009 2530 3062 me;
2573 2994 2634 3048 in
2673 3011 2909 3050 careere
2953 2996 3056 3063 fui,
3102 2999 3162 3050 et
3196 2995 3429 3051 venistis
3460 2997 3510 3031 ⁷ο
3535 2997 3607 3052 ad
3648 3014 3755 3052 me.

2112 3089 2268 3140 'I‘unc
2333 3087 2756 3158 respondebunt
2820 3088 2874 3142 ei
2927 3087 3068 3158 justi
3121 3089 3370 3144 dicentes
3417 3112 3426 3144 :
3478 3090 3752 3157 Domine,

2118 3180 2346 3251 quando
2390 3183 2445 3235 te
2489 3181 2729 3235 vidimus
2767 3181 3053 3253 hospitem
3093 3188 3148 3238 et
3187 3182 3616 3250 adduximus“,
3649 3201 3753 3238 nu-

2119 3275 2255 3330 dum
2302 3279 2358 3329 et
2397 3275 2774 3331 vestivimus?
2804 3277 3043 3340 Quando
3076 3284 3269 3332 autem
3309 3286 3364 3332 te
3396 3279 3638 3333 vidimus
3667 3279 3752 3332 in-

2117 3369 2345 3424 ﬁrmum
2366 3369 2415 3406 ⁷³
2448 3373 2504 3423 et
2543 3369 2600 3423 in
2644 3386 2892 3438 carcere,
2938 3373 2996 3424 et
3029 3372 3292 3426 venimus
3329 3372 3401 3426 ad
3435 3379 3489 3427 te
3510 3373 3538 3426 ‘t
3567 3374 3635 3427 Et
3665 3388 3752 3427 re-

2118 3464 2406 3534 spondens
2451 3464 2568 3518 Rex
2611 3463 2760 3518 dicet
2799 3464 2880 3518 eis
2917 3481 2930 3518 2
2966 3466 3150 3520 Amen
3191 3465 3314 3521 dico
3359 3466 3534 3531 vobis,
3577 3483 3751 3538 quan-

2121 3558 2214 3612 .tiu
2251 3557 2463 3612 fecistis
2502 3558 2602 3612 uni
2641 3558 2848 3612 horum
2887 3575 2958 3613 ex
2997 3559 3266 3614 fratribus
3293 3559 3436 3614 meis
3474 3559 3746 3626 minimis,

2117 3655 2170 3706 et
2236 3651 2377 3705 mihi
2427 3651 2654 3706 fecistis.
2701 3653 2855 3706 Tunc
2906 3652 3055 3707 dicet
3111 3653 3220 3708 illis
3269 3655 3366 3726 qui
3425 3670 3458 3708 a
3511 3654 3747 3708 sinistris

2118 3745 2307 3816 ejus73
2351 3747 2482 3799 sunt
2519 3761 2532 3800 :
2563 3744 2840 3800 Discedite
2880 3762 2914 3800 a
2948 3762 3062 3814 me,
3101 3746 3411 3816 maledicti,
3454 3748 3513 3802 in
3554 3747 3745 3819 ignem

1741 3899 1950 3963 Variae
2006 3897 2344 3961 lectiones.

424 4042 469 4100 1°
500 4043 680 4091 Aures
730 4053 799 4090 ne
845 4039 1033 4089 audiat
1064 4038 1188 4088 Bod.
1227 4041 1270 4099 1,
1303 4039 1349 4088 3.
1385 4039 1516 4086 Voss.
1550 4037 1598 4086 2.

391 4115 533 4164 Gott.
571 4114 701 4162 Voss.
725 4113 774 4162 2.

371 4183 431 4242 1,
453 4185 503 4242 2,
533 4188 576 4240 3,
619 4185 666 4232 4.
689 4185 830 4232 Lam.
863 4182 984 4230 Thu.
1029 4183 1164 4230 Voss.

375 4266 547 4315 quam
583 4253 713 4302 Cott.
760 4251 906 4300 Corb.
978 4251 1017 4283 ³⁷
1052 4250 1339 4300 Miseretur
1367 4255 1422 4300 et
1452 4247 1772 4300 commodat
1797 4247 1921 4297 Bod.
1954 4249 2000 4302 1,
2023 4247 2073 4305 2,
2105 4248 2152 4296 4.
2188 4246 2327 4294 Voss.
2359 4246 2406 4296 2.

1897 4316 1939 4349 40

2112 4316 2251 4366 ersit
2281 4318 2427 4366 Lam.
2466 4316 2584 4364 Lin.
2612 4317 2722 4368 NG.
2758 4318 2872 4376 L2.
2901 4318 3024 4368 Bod.
3065 4319 3106 4378 Ι,
3134 4319 3180 4368 2.
3223 4319 3271 4367 4.
3321 4321 3459 4368 Gott.
3513 4320 3647 4368 Voss.
3690 4319 3738 4367 2.

805 4394 847 4426 ⁴¹
875 4393 1322 4444 Misericordiam
1347 4392 1491 4442 malo
1521 4405 1689 4456 quam
1723 4390 1858 4438 Lam.
1888 4390 1980 4438 Li'n
2009 4388 2117 4440 Ni}.
2152 4391 2201 4444 1,
2227 4387 2275 4436 2.
2305 4387 2432 4437 Bod.
2467 4387 2515 4447 2,
2548 4391 2591 4435 4.
2625 4387 2750 4437 Thu.
2780 4387 2927 4440 Corb.

1184 4466 1226 4497 ⁴³
1256 4465 1410 4515 Beati
1437 4464 1748 4515 esurientes
1773 4463 1825 4508 et
1858 4459 2037 4508 sitiant

2154 4461 2290 4509 l—"oss.
2329 4459 2376 4508 2.
2413 4461 2536 4507 Lam
2582 4459 2692 4510 NG.
2726 4461 2768 4508 1.
2798 4460 2921 4509 Bod.
2960 4461 3008 4519 1,
3039 4459 3090 4515 2,
3116 4462 3157 4507 4.
3194 4459 3314 4507 Tha.
3362 4458 3512 4508 (.‘orb.
3577 4460 3620 4491 ⁴⁴
3649 4458 3720 4507 Fc

1469 4533 1510 4567 ‘5
1537 4533 1861 4583 Comestura
1884 4529 2184 4579 demolitur
2215 4532 2354 4580 Gott.

380 4327 438 4384 1,
461 4326 510 4385 Ξ,
538 4325 586 4373 4.
617 4327 751 4376 Gott.

392 4395 516 4444 Thu.
556 4397 708 4444 Cora.

378 4469 478 4519 NG
499 4503 511 4514 .
539 4467 582 4516 1.
610 4468 734 4516 T/tu.
763 4466 918 4518 Carb.
951 4469 1089 4517 Gott.

373 4536 522 4586 lices
577 4536 965 4587 misericordes
992 4535 1115 4585 Bod.
1145 4538 1191 4586 4.
1228 4536 1349 4586 Tha.

371 4606 419 4655 4.
459 4609 590 4656 Voss.
621 4609 665 4656 4.
705 4607 816 4656 Nec
834 4607 1104 4665 furantur,
1129 4619 1286 4668 supra
1322 4605 1382 4654 de
1409 4605 1564 4668 Opere
1584 4605 1631 4651 et
1658 4602 1858 4650 Elcem.

852 4322 891 4356 ³³
925 4323 1080 4372 Felix
1111 4325 1205 4386 qui
1240 4322 1361 4370 Bod.
1402 4324 1445 4369 4.
1487 4320 1609 4371 Thu.
1647 4317 1796 4367 Corb.

1670 4036 1709 4068 ³ο
1735 4035 2026 4085 Inﬂrmum
2058 4035 2194 4084 Gott.

877 4115 914 4143 ³³
947 4109 1273 4161 Oblationes
1299 4108 1497 4158 offeres
1523 4108 1632 4160 NG.
1671 4109 1716 4165 1,
1756 4107 1804 4156 2.
1838 4108 1977 4155 (tott.
2000 4105 2140 4154 Lam.
2183 4105 2318 4154 Voss.
2351 4104 2399 4153 2.

1264 4179 1305 4212 ³⁵
1333 4179 1766 4230 Misericordiam
1790 4178 1877 4226 {ac
1906 4181 1960 4226 et
1991 4175 2198 4238 poteris
2220 4175 2482 4236 prodesse
2509 4174 2661 4224 Corb.

1956 4597 2004 4632 ⁴⁷
2029 4601 2239 4649 Bonam
2270 4603 2620 4664 margaritam
2648 4603 2787 4653 Gott.

2331 4033 2368 4067 ³⁸
2401 4033 2822 4097 Vituperatione
2866 4035 3100 4098 justitiar
3135 4036 3262 4085 Cott.
3400 4039 3439 4068 ³³
3476 4035 3746 4100 Relinque

2500 4105 2540 4135 ³⁴
2574 4105 2652 4154 Te
2683 4105 2935 4156 exorabit
2965 4109 3110 4157 Gorb.
3144 4107 3248 4154 Lt'n.
3306 4105 3414 4158 ΝΟ.
3461 4108 3504 4166 1,
3529 4107 3579 4156 2.
3619 4107 3738 4156 Bod-

2766 4175 2806 4209 ³⁸
2851 4177 3121 4226 Juvenior
3147 4177 3227 4225 fui
3254 4181 3310 4226 et
3333 4179 3496 4227 senui
3523 4182 3578 4227 et
3608 4191 3746 4226 nun-

2530 4247 2572 4280 ³⁸
2589 4246 2989 4303 Benedictione
3014 4249 3117 4298 erit
3144 4249 3280 4297 Lam.
3314 4248 3425 4300 ΝΟ.
3463 4249 3511 4308 1,
3538 4248 3586 4298 2.
3619 4248 3742 4297 Bod.

3042 4391 3083 4420 ⁴²
3109 4388 3212 4437 Dei
3243 4400 3411 4450 quam
3459 4389 3598 4437 Lam.
3634 4389 3738 4437 Li'n.

2467 4528 2508 4562 ⁸⁸
2549 4528 2858 4580 Eﬂ'odiunt.
2895 4530 3000 4580 Ubi
3027 4532 3138 4580 Lin.
3171 4530 3282 4584 NG.
3308 4531 3356 4580 2.
3385 4531 3506 4579 Tha.
3537 4531 3659 4579 Bod.
3696 4533 3740 4590 1,

2885 4601 2931 4636 ’⁵⁸
2966 4602 3053 4651 Ad
3094 4601 3387 4651 emendem
3433 4601 3587 4651 illam
3632 4603 3735 4651 ιιή.

368 4675 410 4710 ⁸⁸
436 4677 663 4729 Dederit
686 4679 783 4727 uni
815 4679 951 4728 Cott.
987 4678 1230 4726 Tantum
1261 4677 1317 4725 in
1344 4677 1570 4726 nomine
1596 4687 1720 4724 meo
1755 4672 1887 4720 Cott.
1956 4671 1996 4705 5°
2021 4673 2140 4721 Non
2171 4670 2362 4734 perdet
2392 4671 2707 4722 mercedem
2745 4675 2879 4724 Gott.
2949 4676 2988 4706 εί
3018 4673 3231 4722 Petenti
3261 4671 3332 4720 da
3361 4675 3496 4724 Gott.
3580 4674 3622 4705 5'
3665 4672 3738 4721 Ne

373 4750 637 4798 averteris
664 4755 716 4799 te
745 4749 876 4800 Bod.
913 4750 958 4798 3.
991 4752 1130 4802 Voss.
1158 4750 1204 4798 4.
1337 4752 1375 4780 ⁵³
1404 4747 1464 4796 In
1487 4749 1657 4796 vitam
1687 4745 1821 4792 Cott.

1953 4744 1993 4774 5‘
2017 4743 2138 4791 Non
2164 4741 2556 4802 mmchaberis,
2582 4756 2695 4792 non
2719 4743 2927 4792 furtum
2970 4744 3162 4802 facies,
3194 4757 3305 4792 non
3349 4744 3555 4794 falsum
3603 4746 3735 4795 Gott.

376 4821 416 4856 55
447 4820 768 4870 Proximum
799 4825 956 4870 tuum
977 4824 1242 4884 tanquam
1270 4821 1510 4882 teipsum
1543 4819 1675 4868 Gott.
1709 4811 2029 4864 Proximum
2057 4817 2320 4876 tanquam
2353 4813 2476 4862 Tha.
2513 4814 2554 4846 ⁵⁸
2582 4813 2775 4863 Vende
2797 4813 2942 4864 bona
2973 4814 3097 4863 Bod.
3133 4815 3177 4875 1,
3204 4815 3249 4874 2,
3276 4814 3323 4863 4.
3356 4813 3560 4864 Omnia
3599 4814 3739 4864 bona

376 4889 494 4940 Cott
556 4894 690 4941 Voss.
717 4891 762 4939 2.

903 4889 944 4923 ⁵⁷
968 4890 1174 4952 Egenis
1209 4891 1349 4938 Lam.
1384 4889 1490 4937 Lt'n.
1524 4887 1684 4940 NGJ.
1722 4887 1842 4936 Tha.
1888 4887 2020 4936 Voss.
2055 4889 2100 4938 2.

2231 4885 2274 4920 ⁸⁸
2304 4888 2367 4935 In
2392 4888 2645 4938 claritate
2677 4901 2778 4937 sua
2813 4890 2956 4937 Lam.
2984 4889 3095 4940 NG.
3130 4891 3174 4938 1.
3224 4889 3347 4937 Bod.
3379 4891 3423 4950 l,
3445 4889 3492 4949 2,
3528 4893 3572 4938 4.
3622 4889 3736 4939 Tim.

379 4961 530 5013 ϐου-ὁ.
597 4963 639 4994 ’θ’
661 4961 840 5024 Super
859 4961 1047 5012 sedem
1073 4960 1391 5022 majestatis.
1429 4959 1562 5008 Cott.
1599 4956 1640 4988 ⁶⁰
1667 4956 2160 5022 Congregabantur
2191 4962 2317 5008 ante
2343 4959 2478 5008 Cott.
2514 4959 2557 4993 "
2582 4959 2790 5010 Omnes
2838 4962 3031 5022 gentes
3050 4963 3208 5009 terras
3225 4960 3488 5011 Lam.NC.
3526 4961 3570 5008 1.
3616 4958 3738 5008 Bod.

375 5032 423 5082 2.
489 5031 531 5064 ⁸³
561 5033 632 5081 Et
659 5031 938 5095 separabit
969 5034 1107 5082 Gott.

1199 5029 1241 5062 ⁸³
1269 5029 1415 5079 Oves
1451 5027 1675 5092 quidem
1702 5041 1732 5076 a
1759 5027 1970 5078 dextris
1998 5030 2132 5079 Gott.

369 5101 419 5136 "
446 5102 706 5154 Dedistis
743 5103 877 5152 mihi
902 5106 1095 5151 notum
1119 5102 1229 5151 ιιή.
1257 5101 1389 5151 Mihi
1413 5100 1603 5150 bibere
1637 5099 1774 5149 Cott.
1859 5099 1900 5132 ⁸⁷
1924 5100 1995 5150 Et
2024 5099 2326 5164 collegistis
2352 5104 2492 5152 Gott.
2577 5100 2620 5135 ⁸⁸
2641 5101 2952 5164 Operuislis
2983 5102 3117 5152 Gott.

381 5177 516 5225 Voss.
548 5175 594 5224 2.
630 5175 712 5224 Sic
740 5189 896 5237 supra
925 5172 1009 5222 tib.
1035 5186 1087 5222 ιι.
1125 5175 1257 5222 Voss.
1289 5173 1336 5221 2.
1401 5169 1444 5204 το
1475 5171 1750 5219 Visitastis
1779 5184 1865 5218 me
1888 5169 2010 5218 Bod.
2050 5171 2091 5232 l,
2123 5171 2170 5227 2,
2204 5172 2250 5229 3,
2276 5172 2321 5220 4.
2357 5173 2495 5220 Lam.
2534 5173 2648 5222 Lin.
2687 5173 2792 5224 NG.
2828 5174 2871 5221 1.

2263 5027 2306 5060 ⁶⁴
2329 5033 2376 5078 Α
2401 5031 2638 5080 sinistris
2663 5032 2799 5080 Gott.
2927 5029 2969 5063 ⁸⁵
2992 5030 3273 5080 Possidete
3317 5036 3572 5094 paratum
3607 5030 3735 5080 Cott-

3211 5101 3253 5135 ⁸⁸
3284 5101 3546 5151 Inﬁrmus
3589 5099 3734 5153 Car-6.

2971 5171 3402 5235 “Collegimus.
3501 5171 3543 5205 ⁷³
3590 5171 3736 5220 lnﬁr

372 5245 510 5294 mari
540 5246 680 5294 Lam.
732 5246 840 5294 Lin.
875 5248 985 5300 NG.
1020 5247 1062 5294 1.
1090 5244 1213 5295 Bod.
1243 5245 1284 5300 I.
1313 5244 1359 5293 2.
1384 5245 1427 5293 4.
1465 5244 1586 5294 Thu.
1621 5241 1771 5293 Gorb.
1801 5241 1886 5291 Sic
1911 5255 2069 5304 supra
2102 5241 2193 5290 lib.
2223 5254 2259 5290 ιι
2283 5241 2420 5292 Cott.
2488 5242 2533 5277 ⁵³
2553 5241 2640 5293 Ad
2700 5243 2982 5293 sinistram
3023 5241 3150 5292 Bod.
3181 5243 3226 5306 1,
3257 5243 3304 5301 2,
3337 5245 3379 5292 4.
3410 5243 3534 5293 Thu.
3582 5239 3734 5296 Corb.

375 5316 510 5366 Gott.
551 5315 686 5364 Voss.
713 5315 760 5364 2.

1670 5429 1896 5512 Steph.
1945 5429 2192 5494 Baluzii
2237 5436 2433 5496 notae.

437 5585 537 5648 (43)
595 5585 794 5637 Iunior
854 5586 952 5649 fui.
1018 5587 1276 5651 Plerique
1342 5586 1468 5637 libri
1525 5589 1742 5636 veteres
1805 5584 2013 5635 habent

359 5651 631 5719 juvent'o'i'.
683 5659 974 5722 Apuleius,
1003 5659 1097 5710 lib.
1130 5673 1230 5710 vm
1271 5658 1759 5723 Metamorphosson
1788 5672 1803 5706 :
1841 5673 1870 5705 α
1904 5656 2013 5708 Sed

363 5740 510 5778 unus
552 5741 668 5793 pra
714 5730 932 5780 casteria
975 5734 1027 5782 et
1071 5731 1256 5780 animo
1306 5731 1492 5780 fortior
1545 5733 1594 5779 ct
1643 5731 1800 5779 artato
1855 5729 2014 5790 juve-

359 5798 499 5850 nior.
535 5817 564 5847 »
626 5799 910 5867 Sosipater
974 5800 1284 5864 Charisius,
1339 5801 1436 5852 lib.
1485 5814 1567 5853 II:
1609 5818 1636 5848 «
1693 5799 2010 5866 Aliquando

2115 5586 2329 5650 primus
2355 5591 2409 5637 et
2452 5586 2752 5649 secundus,
2785 5589 2846 5637 ut
2887 5597 3059 5636 senex
3098 5585 3302 5646 senior,
3333 5583 3558 5648 juvenis
3579 5586 3734 5648 juve-

2114 5659 2251 5708 nior.
2279 5677 2305 5704 »
2335 5658 2428 5708 Sic
2455 5657 2622 5708 etiam
2657 5657 2805 5725 apud
2845 5657 3199 5724 Fulgentium
3230 5655 3571 5716 Planiadem,
3595 5653 3684 5706 lib.
3717 5665 3732 5703 ι

2113 5728 2527 5794 Etymotogicon.
