3998 6194
194 254 286 307 761

1224 252 1768 312 TESTIMONIORUM
1807 252 1962 308 ADV.
2002 254 2269 311 JUDKEOS
2299 256 2423 312 LIB.
2466 258 2559 313 IlI.

3451 260 3552 316 762

189 385 468 434 aeternum
493 381 540 415 7‘
580 396 751 451 quem
790 381 1193 451 praeparavit75
1220 383 1385 436 Pater
1410 398 1569 437 meus
1602 380 1827 436 diabolo
1851 378 2307 463 Aabundavit”
2344 399 2447 453 per
2481 384 2715 439 multam
2736 385 3119 454 91gratiarum
3169 385 3448 440 actionem
3492 387 3551 441 in

188 479 240 527 et
273 474 497 545 angelis
534 476 673 545 ejus.
718 476 931 529 Esurivi
964 475 1137 543 enim,
1179 482 1234 530 et
1264 493 1379 530 non
1417 476 1649 531 dedistis
1680 474 1822 529 mihi

187 568 577 637 manducare;
613 569 776 637 sitivi,
809 574 864 624 et
897 586 1007 624 non
1042 570 1271 641 potastis
1317 586 1440 636 me;
1480 570 1685 641 hospes
1716 570 1819 636 fui,

184 664 241 715 et.
278 678 399 715 non
438 662 750 717 adduxistis
783 680 903 732 me;
948 664 1131 717 nudus
1174 663 1274 732 fui,
1325 667 1380 719 et
1422 681 1536 718 non
1581 663 1822 717 vestistis

181 770 311 823 me;
376 756 636 811 inﬁrmus
694 762 750 810 et
812 756 869 811 in
936 773 1192 826 carcere,
1261 760 1317 812 et
1382 775 1495 812 non
1559 756 1823 811 visitastis

179 864 272 902 me
299 851 373 904 7°.
398 852 550 904 Tunc
572 851 1002 921 respondebunt
1030 857 1083 906 et
1103 852 1211 922 ipsi
1242 851 1493 907 dicentes
1521 869 1531 903 :
1556 851 1817 918 Domine,

180 944 419 1014 quando
463 948 518 998 te
562 944 808 999 vidimus
850 947 1198 1001 esurientem
1247 952 1345 1000 aut
1392 946 1675 1000 sitientem
1724 948 1823 999 aut

175 1038 473 1108 hospitem
511 1043 606 1093 aut
646 1040 864 1093 nudum
900 1046 997 1095 aut
1026 1040 1319 1095 inﬁrmum
1350 1046 1445 1094 aut
1472 1040 1530 1094 in
1567 1055 1817 1106 carcere,

174 1136 228 1185 et
252 1148 378 1186 non
403 1132 846 1187 ministravimus
865 1134 910 1167 '”
943 1134 1085 1189 tibi?
1114 1136 1182 1188 Et
1208 1133 1574 1205 respondebit
1596 1133 1706 1188 illis
1727 1132 1773 1167 ⁷⁸
1803 1149 1817 1186 :

172 1228 360 1278 Amen
411 1227 535 1281 dico
580 1227 758 1296 vobis,
788 1228 1043 1299 quandiu
1082 1246 1195 1283 non
1232 1229 1440 1284 fecistis
1480 1228 1578 1283 uni
1616 1243 1679 1281 ex
1710 1225 1818 1281 mi-

175 1320 352 1373 nimis
400 1320 488 1375 his
512 1322 579 1389 7’,
637 1338 823 1393 neque
867 1323 1007 1377 mihi
1050 1323 1284 1377 fecistis.
1335 1324 1401 1377 Et
1446 1322 1685 1376 abibunt
1726 1321 1819 1377 isti

173 1414 230 1467 in
282 1414 713 1470 ambustionem
757 1422 1059 1484 aeternam,
1104 1417 1244 1487 justi
1293 1421 1487 1470 autem
1535 1416 1593 1470 in
1644 1416 1816 1469 vitam

172 1512 459 1562 aeternam
494 1531 520 1560 ››
553 1511 788 1577 (Matth,
817 1527 943 1578 xxv,
976 1511 1187 1581 31ο46).
1225 1510 1331 1579 (44)
1365 1512 1439 1565 De
1465 1511 1573 1565 hoc
1606 1509 1724 1581 ipso
1755 1510 1815 1563 in

172 1602 487 1672 Evangelio
534 1607 655 1657 cata
706 1605 912 1660 Lucam
955 1621 968 1659 :
1023 1625 1049 1655 α
1100 1606 1209 1659 Res
1244 1610 1452 1660 vestras
1475 1605 1523 1639 ⁸ο
1569 1604 1812 1672 vendite,

174 1698 229 1750 et
264 1697 406 1751 date
445 1697 869 1769 eleemosynam
900 1721 927 1749 n
963 1700 1133 1769 (Luc.,
1178 1715 1271 1765 xn,
1316 1698 1423 1769 33).
1469 1700 1610 1753 Item
1647 1699 1761 1752 illic
1797 1716 1810 1752 :

177 1810 202 1838 ι(
240 1791 352 1854 Qui
394 1791 528 1845 fecit
566 1792 722 1863 quod
759 1798 841 1847 est
884 1792 1054 1860 intus,
1094 1792 1226 1847 fecit
1258 1798 1312 1847 et
1350 1793 1503 1864 quod
1531 1792 1669 1847 foris
1701 1795 1803 1847 est.

170 1884 584 1939 Verumtamen
607 1887 648 1922 ⁸⁸
698 1885 829 1940 date
878 1888 1324 1958 eleemosynam,
1374 1892 1428 1941 et
1472 1903 1599 1941 ecce
1649 1885 1807 1940 vobis

172 1978 372 2033 omnia
414 1983 547 2033 sunt
578 1980 810 2034 munda.
852 2003 877 2029 »
913 1981 1082 2049 (Luc.,
1114 1982 1187 2051 ιι)
1222 1982 1362 2035 Item
1405 1980 1520 2034 illic
1550 1997 1562 2034 :
1597 2001 1624 2028 ‹‹
1669 1982 1805 2036 Ecce

170 2072 477 2126 dimidium
523 2089 589 2127 ex
640 2074 957 2128 substantia
996 2091 1120 2129 mea
1153 2074 1224 2128 do
1266 2074 1492 2145 egenis;
1542 2078 1598 2128 et
1635 2074 1682 2128 si
1712 2074 1803 2127 cui

167 2165 362 2239 732
396 2166 535 2239 quid
570 2167 827 2222 fraudavi
851 2168 915 2235 ⁸³,
947 2169 1331 2239 quadruplum
1365 2168 1537 2222 reddo
1559 2168 1625 2221 ⁸³.
1656 2167 1804 2223 Dixit

165 2268 357 2316 autem
400 2262 558 2315 Jesus
591 2277 605 2315 :
644 2261 787 2325 Quia
832 2263 977 2316 salus
1024 2261 1192 2316 hodie
1242 2261 1441 2316 domui
1488 2262 1619 2315 huic
1659 2262 1803 2316 facta

164 2360 263 2421 est,
296 2354 573 2425 quoniam
606 2358 661 2408 et
691 2355 811 2426 ipse
838 2356 987 2410 filius
1014 2360 1100 2410 est
1134 2356 1375 2410 Abrahm
1409 2377 1435 2405 »
1483 2356 1654 2425 (Luc.,
1688 2372 1799 2424 xxi,

162 2449 247 2517 40,
283 2448 404 2517 41.)
446 2450 521 2502 De
564 2449 667 2502 hoc
705 2449 825 2520 ipso
845 2449 889 2483 3‘
929 2451 999 2504 ad
1040 2451 1363 2504 Corinthios
1406 2451 1499 2505 II:
1538 2470 1565 2499 «
1606 2453 1800 2506 Vestra

161 2542 508 2596 abundantia
534 2542 765 2596 illorum
796 2543 1045 2613 in0piam
1078 2546 1359 2615 suppleat,
1394 2549 1457 2599 ut
1487 2551 1543 2600 et
1571 2546 1798 2602 illorum

161 2636 515 2689 abundantia
566 2639 769 2689 vestra:
820 2637 1024 2707 inopiae
1078 2638 1148 2691 sit
1203 2640 1694 2709 supplementum,
1738 2644 1800 2695 ut

161 2730 228 2782 sit
258 2729 577 2800 aequalitas,
608 2730 749 2783 sicut
792 2731 1065 2801 scriptum
1110 2737 1233 2785 est:
1267 2733 1370 2796 Qui
1416 2734 1656 2788 multum
1696 2734 1794 2788 ha-

158 2822 281 2877 buit
345 2839 459 2876 non
502 2822 829 2890 abundavit,
878 2828 934 2877 et
975 2824 1072 2894 qui
1131 2824 1420 2880 modicum
1473 2844 1589 2881 non
1645 2827 1793 2882 indi-

161 2917 280 2986 guit
304 2917 356 2950 35
384 2937 412 2965 »
441 2916 503 2985 (ll
535 2918 677 2977 Cor.,
709 2933 821 2981 vm,
858 2919 942 2983 14,
970 2918 1074 2985 15).
1106 2920 1243 2972 Item
1264 2919 1378 2974 illic
1407 2938 1418 2973 :
1448 2942 1474 2968 ‹‹
1503 2920 1604 2984 Qui
1630 2938 1796 2992 parce

160 3010 425 3078 seminat,
450 3026 616 3080 parce
649 3014 705 3063 et
733 3013 931 3078 metet,
959 3016 1015 3065 et
1045 3011 1139 3082 qui
1162 3012 1412 3067 seminat
1440 3011 1497 3067 in
1531 3015 1795 3068 benedic-

1932 475 2107 530 Deum
2144 498 2171 525 »
2217 476 2284 548 (ΙΙ
2334 478 2479 541 0ον.,
2522 495 2595 546 1x,
2645 482 2695 544 6,
2738 484 2790 544 7,
2847 482 3015 547 9-12).
3061 481 3136 533 De
3178 480 3285 535 hoc
3328 480 3447 550 ipso
3491 482 3551 534 in

1922 569 2171 639 Epistola
2231 572 2464 625 Joannis
2525 588 2538 626 :
2602 593 2629 620 ‹‹
2681 572 2788 636 Qui
2851 572 3115 627 habuerit
3177 573 3551 629 substantiam

1924 663 2125 717 mundi
2143 663 2210 730 9³,
2247 668 2302 719 et
2335 665 2536 720 viderit
2573 666 2809 719 fratrem
2838 682 3003 720 suum
3035 667 3454 722 desiderantem
3477 669 3547 735 9³,

1924 760 1979 809 et
2010 756 2272 812 clauserit
2301 758 2517 813 viscera
2548 775 2649 813 sua
2664 759 2711 795 “
2751 760 2820 813 ab
2861 776 2950 826 eo,
2990 760 3277 829 quomodo
3306 760 3547 815 Charitas

1922 848 2023 903 Dei
2045 850 2092 885 ’5
2128 856 2319 906 manet
2348 852 2404 905 in
2449 852 2612 907 illo”6
2656 874 2682 902 ››
2732 854 2774 921 (Ι
2813 856 2996 919 Joan.,
3041 870 3117 917 ιιι,
3166 853 3287 925 1'7)?
3335 855 3408 909 De
3440 855 3547 909 hoc

1921 943 2041 1013 ipso
2074 944 2131 998 in
2172 946 2474 1015 Evangelio
2515 951 2640 1001 cata
2684 948 2892 1001 Lucam
2926 964 2939 1001 :
2976 968 3002 996 ‹‹
3032 950 3170 1003 Cum
3207 946 3341 1001 facis
3376 965 3542 1018 pran-

1922 1037 2081 1092 dium
2131 1045 2228 1093 aut
2272 1056 2508 1104 ccenam,
2548 1040 2661 1095 noli
2699 1057 2899 1095 vocare
2933 1040 3143 1095 amicos
3186 1043 3328 1107 tuos,
3357 1057 3544 1111 neque

1919 1131 2123 1185 fratres
2145 1133 2215 1199 97,
2245 1149 2432 1205 neque
2466 1134 2696 1201 vicinos,
2730 1150 2915 1205 neque
2951 1134 3173 1201 divites,
3212 1150 3282 1187 ne
3318 1133 3459 1188 forte
3490 1138 3547 1188 et

1921 1225 1999 1279 illi
2047 1226 2355 1281 reinvitent
2390 1233 2464 1295 te,
2508 1233 2565 1281 et
2608 1228 2705 1283 ﬁat
2750 1228 2850 1282 tibi
2889 1228 3205 1281 retributio.
3247 1227 3380 1295 Sed,
3415 1243 3545 1281 cum

1921 1319 2055 1373 facis
2093 1321 2352 1390 epulum,
2407 1337 2541 1375 voca
2565 1322 2613 1357 9³
2655 1338 2950 1393 pauperes,
2991 1321 3217 1387 debiles,
3262 1337 3439 1375 caecos
3488 1324 3544 1375 et

1919 1413 2174 1479 claudos,
2205 1420 2259 1468 et
2285 1414 2479 1468 beatus
2501 1415 2547 1451 99
2576 1417 2703 1483 eris,
2747 1415 3021 1487 quoniam
3062 1432 3171 1468 non
3214 1415 3423 1469 habent
3460 1431 3542 1468 re-

1919 1507 2168 1561 tribuere
2199 1507 2326 1576 tibi;
2371 1510 2757 1564 retribuetur‘
2791 1512 2981 1564 autem
3024 1508 3125 1562 tibi
3162 1509 3223 1562 in
3264 1524 3543 1562 resurrec—

1916 1601 2074 1657 tione
2096 1601 2377 1671 justorum
2408 1622 2435 1655 »
2467 1603 2639 1673 (Luc.,
2667 1620 2777 1671 xxv,
2805 1603 3005 1672 12-14).
3032 1651 3037 1656 .

1915 1706 2041 1760 me.
2062 1705 2129 1758 Il.
2158 1735 2225 1743 —
2251 1707 2315 1757 In
2345 1721 2498 1775 opere
2528 1712 2578 1759 et
2605 1707 2956 1775 elemosynis,
2991 1708 3203 1761 etiamsi
3226 1722 3325 1777 per
3346 1707 3539 1761 medio-

1985 1786 2233 1839 critatem
2256 1786 2436 1839 minus
2462 1788 2581 1854 ﬁat,
2610 1788 2784 1856 ipsam
2807 1788 3137 1841 voluntatem
3166 1791 3301 1841 satis
3336 1802 3460 1842 esse.

1980 1879 2037 1930 In
2068 1877 2305 1948 epistola
2342 1878 2504 1933 Pauli
2541 1880 2610 1933 ad
2642 1880 2960 1934 Corinthios
2992 1881 3036 1935 II
3068 1896 3080 1935 :
3124 1899 3152 1932 ι(
3181 1880 3238 1936 Si
3275 1880 3536 1934 voluntas

1903 1977 2169 2041 prompta
2220 1962 2340 2039 est,’
2396 1973 2707 2027 secundum
2758 1973 3142 2044 quodcunque
3172 1974 3192 2009 ³
3240 1973 3533 2040 habuerit,

1904 2064 2248 2129 acceptabile
2271 2065 2291 2099 ³
2323 2068 2426 2131 est,
2463 2064 2655 2139 733
2692 2083 2805 2120 non
2836 2068 3149 2121 secundum
3190 2066 3342 2137 quod
3365 2068 3385 2101 ‘
3421 2084 3535 2121 non

1902 2156 2194 2225 habuerit;
2226 2175 2413 2229 neque
2441 2160 2512 2213 sit
2544 2160 2668 2214 aliis
2688 2162 2709 2195 ⁵
2743 2160 3126 2232 refrigerium,
3158 2160 3313 2214 vobis
3338 2165 3532 2215 autem

1903 2267 2186 2322 pressura.
2222 2273 2249 2301 »
2278 2254 2341 2321 (Il
2374 2252 2519 2320 Cor.,
2552 2270 2667 2322 vni,
2702 2257 2786 2321 12,
2822 2257 2929 2325 13).

1900 2354 2031 2409 CAP.
2066 2356 2157 2411 Ill.
2190 2387 2257 2396 -—
2291 2360 2518 2426 Agapen
2540 2358 2560 2391 δ
2601 2362 2651 2411 et
2686 2358 3021 2412 dilectionem
3054 2359 3361 2423 fraternam
3400 2358 3529 2412 reli-

2279 2439 2423 2504 giose
2452 2444 2502 2491 et
2530 2440 2759 2506 ﬁrmiter
2788 2439 3154 2492 exercendam.

1970 2538 2135 2609 Apud
2174 2538 2549 2593 Malachiam:
2595 2540 2851 2593 «Nonne
2896 2541 3040 2594 Deus
3082 2555 3231 2593 unus
3276 2539 3531 2593 condidit

1899 2631 2045 2684 nos?
2100 2633 2298 2686 Nonne
2341 2637 2506 2702 pater
2550 2649 2695 2685 unus
2741 2637 2827 2686 est
2876 2632 3131 2687 omnium
3191 2634 3528 2687 nostrum"?

1897 2724 2044 2787 Quid
2100 2725 2292 2795 utique
2343 2724 2725 2796 dereliquistis
2758 2727 2778 2760 ³
2837 2726 3227 2797 unusquisque
3288 2727 3526 2780 fratrem

1896 2833 2062 2871 suum
2105 2839 2133 2868 »
2180 2820 2459 2888 (Malach.,
2514 2836 2573 2886 ιι,
2618 2820 2742 2887 10)?
2774 2821 2851 2874 De
2898 2820 3003 2875 hoc
3044 2820 3165 2890 ipso
3201 2824 3319 2873 cata
3356 2822 3523 2874 Joan-

1898 2927 2029 2964 nem
2065 2930 2075 2965 :
2126 2930 2153 2959 «
2183 2912 2429 2966 Pacem9
2470 2912 2625 2966 vobis
2666 2914 2915 2978 remitto,
2964 2930 3161 2984 pacem
3210 2930 3401 2967 meam
3453 2914 3525 2967 do

1896 3004 2106 3059 vobis»
2148 3006 2349 3075 (Joan.,
2390 3022 2499 3072 xlv,
2540 3005 2650 3077 27).
2680 3008 2823 3061 Item
2861 3008 2972 3061 illic
3002 3024 3015 3061 :
3050 3028 3077 3056 «
3106 3009 3217 3061 Hoc
3249 3011 3335 3061 est
3361 3024 3523 3061 man-

160 3104 305 3157 tione
334 3105 402 3172 8⁸,
447 3104 517 3157 de
559 3103 955 3159 benedictiona
997 3111 1048 3159 et
1086 3108 1262 3160 metet
1285 3108 1355 3166 ετ,
1404 3107 1795 3181 unusquisque
1819 3127 1873 3201 C
1899 3098 2091 3152 datum
2120 3115 2333 3164 meum,
2362 3104 2423 3153 ut
2459 3099 2702 3170 diligatis
2738 3101 2999 3168 invicem,
3030 3100 3521 3172 quemadmodum

162 3203 357 3251 autem
392 3198 538 3251 sicut
569 3199 739 3253 corde
772 3200 1082 3269 proposuit,
1117 3217 1233 3254 non
1266 3201 1424 3271 quasi
1458 3219 1526 3256 ex
1568 3202 1794 3259 tristitia
1829 3191 1873 3201 v
1900 3191 2067 3246 ἀίῙθΧί
2108 3208 2225 3247 VOS-
2270 3193 2540 3263 Maiorem
2585 3194 2689 3247 hac
2736 3194 3069 3249 Charitatem
3115 3211 3285 3248 nemo
3331 3194 3521 3260 habet.

162 3292 243 3344 vel
285 3308 357 3345 ex
409 3291 760 3347 necessitate.
812 3291 1058 3347 Hilarem
1106 3293 1260 3347 enim
1306 3295 1565 3349 datorem
1608 3296 1795 3368 diligit
1891 3302 2063 3356 quam
2084 3289 2148 3339 ut
2175 3285 2429 3341 animam
2453 3303 2615 3341 suam
2643 3288 2770 3359 quis
2798 3294 2973 3359 ponat
3000 3306 3101 3360 pro
3131 3288 3332 3342 amicis
3356 3288 3470 3343 suis
3496 3310 3522 3336 ›ι

163 3386 326 3438 Deus.
360 3404 388 3435 ι)
424 3386 563 3439 Item
594 3386 741 3439 illic:
772 3405 799 3436 α
829 3386 985 3441 Sicut
1013 3388 1283 3457 scriptum
1313 3391 1400 3442 est
1429 3405 1441 3442 ε
1473 3390 1790 3461 Distribuit,

162 3479 313 3533 dedit
346 3479 708 3549 pauperibus,
731 3479 953 3549 justitia
979 3480 1098 3551 ejus
1127 3487 1321 3535 manet
1342 3482 1399 3535 in
1432 3486 1737 3539 aeternum.
1760 3506 1788 3534 ››

161 3574 298 3625 Item
332 3572 450 3626 illic
484 3590 495 3626 :
529 3594 554 3621 «
586 3572 690 3637 Qui
719 3580 908 3628 autem
944 3573 1306 3629 administrat
1328 3577 1374 3612 ⁸⁸
1404 3591 1601 3631 semen
1631 3578 1795 3632 semi-

163 3666 343 3732 nanti,
379 3672 434 3721 et
472 3683 676 3736 panem
718 3668 787 3721 ad
830 3668 1115 3723 edendum
1160 3671 1466 3740 praestabit,
1498 3678 1553 3727 et
1598 3672 1790 3726 multi-

158 3761 392 3831 plicabit
438 3777 633 3815 semen
676 3763 1013 3831 vestrum”,
1060 3768 1117 3818 et
1165 3764 1399 3835 augebit
1443 3765 1793 3820 incrementa

156 3856 392 3925 frugum
433 3854 670 3925 justitiaa
710 3859 927 3922 vestras,
969 3862 1031 3910 ut
1077 3858 1134 3911 in
1180 3858 1448 3913 omnibus
1490 3861 1793 3931 locuplete-

156 3950 320 4003 mini.
370 3969 399 3997 »
448 3951 587 4002 item
631 3948 743 4003 illic
789 3966 801 4004 :
850 3970 877 3998 «
921 3951 1349 4008 Administratio
1398 3954 1567 4025 hujus
1618 3954 1791 4008 ofﬁcii

158 4059 268 4098 non
316 4046 541 4097 tantum
579 4043 861 4116 supplevit
904 4061 973 4099 ea
1006 4061 1134 4117 qua:
1173 4047 1382 4102 sanctis
1428 4048 1651 4116 desunt,
1693 4048 1789 4103 sed

1890 3378 2088 3450 (Joan.,
2122 3395 2213 3446 xv,
2258 3379 2365 3449 15).
2413 3382 2559 3435 Item
2590 3381 2743 3436 illic:
2786 3403 2815 3431 «
2852 3383 3006 3436 Beati
3030 3384 3077 3416 ¹⁰
3114 3381 3347 3453 pacifici,
3382 3397 3520 3452 quo-

1893 3472 2047 3526 niam
2074 3472 2180 3544 ipsi
2211 3473 2309 3527 ﬁlii
2342 3474 2440 3527 Dei
2472 3474 2874 3530 vocabuntur»
2908 3476 3155 3546 (Matth.,
3184 3492 3235 3545 v,
3273 3476 3348 3543 9).
3379 3477 3521 3529 lteni

1889 3566 2001 3620 illic
2032 3583 2044 3620 :
2079 3570 2313 3622 «Amen
2351 3566 2475 3622 dico
2511 3568 2687 3637 vobis,
2729 3570 3002 3639 quoniam
3038 3569 3081 3623 si
3132 3568 3425 3623 “duobus
3452 3585 3521 3622 ex

1892 3659 2051 3713 vobis
2079 3660 2408 3715 convenerit
2448 3662 2505 3715 in
2551 3668 2721 3729 terra,
2758 3664 2877 3717 "de
2920 3662 3078 3718 omni
3111 3679 3171 3717 re
3197 3678 3513 3734 quamcun-

1894 3769 2003 3823 que
2052 3753 2362 3824 petieritis,
2411 3756 2707 3827 continget
2754 3757 2907 3811 vobis
2949 3774 2981 3810 a
3031 3759 3193 3811 Patre
3245 3772 3373 3810 meo
3422 3756 3519 3826 qui

1892 3846 1949 3899 in
1983 3846 2133 3901 cmlis
2168 3852 2268 3901 est.
2312 3846 2640 3919 Ubicunque
2672 3850 2826 3904 enim
2864 3851 3077 3905 fuerint
3112 3848 3225 3904 duo
3267 3852 3367 3903 aut
3406 3852 3520 3902 tres

1892 3940 2109 3994 collecti
2137 3940 2195 3993 in
2223 3939 2455 3994 nomine
2486 3958 2632 4009 meo,
2666 3959 2773 4014 ego
2801 3960 2931 3998 cum
2958 3944 3038 3998 eis
3066 3960 3192 3997 sum
3219 3964 3246 3992 »
3276 3943 3515 4011 (Matth.,

1891 4050 2038 4101 xvm,
2083 4035 2186 4103 19).
2237 4033 2312 4087 De
2358 4033 2464 4089 hoc
2502 4035 2624 4107 ipso
2666 4038 2681 4090 Ι
2715 4038 2786 4092 ad
2821 4036 3145 4093 Corinthios
3185 4054 3197 4091 :
3233 4057 3261 4086 ί(
3300 4037 3367 4090 Et
3406 4052 3515 4107 ego

1532 4216 1741 4281 Variae
1792 4210 2129 4279 lectiones.

222 4338 261 4370 7‘
285 4338 346 4387 In
377 4337 717 4401 supplicium
749 4342 1023 4389 aeternum
1064 4341 1199 4391 0011.
1282 4341 1323 4374 ⁷⁵
1350 4342 1529 4405 Quem
1563 4344 1773 4406 paravit
1803 4388 1804 4391 η

222 4411 425 4459 ivimus
454 4410 577 4459 Bod.
612 4411 659 4470 1,
692 4411 738 4459 4.
778 4411 898 4459 Thu.
931 4413 1001 4460 sic
1028 4426 1184 4474 supra
1225 4414 1359 4463 Voss.
1384 4414 1431 4463 2.
1545 4414 1588 4448 ⁷⁸
1618 4415 1776 4465 Tunc

1918 4376 1929 4387 .
1959 4337 2001 4384 1.
2038 4328 2114 4378 sic
2146 4339 2326 4389 supra.
2407 4328 2447 4362 ⁷⁸
2474 4329 2718 4382 Venistis

1911 4398 2166 4474 )ondrebit
2192 4399 2330 4447 Lam.
2361 4401 2466 4474 ΝΟ.
2504 4405 2549 4452 1.
2578 4404 2723 4453 Corb.

158 4411 425 4459 travimus
454 4410 577 4459 Bod.
612 4411 659 4470 1,
692 4411 738 4459 4.
778 4411 898 4459 Thu.
931 4413 1001 4460 sic
1028 4426 1184 4475 supra
1225 4414 1359 4463 Voss.
1384 4414 1431 4463 2.

2407 4327 2447 4362 ⁷⁸
2474 4329 2718 4382 Venistis
2744 4332 2812 4383 ad
2842 4347 2930 4383 me
2972 4336 3076 4384 ιιή.
3158 4333 3197 4367 ⁷⁷
3226 4333 3517 4384 Adminis-

2842 4405 2883 4439 79
2908 4406 3150 4456 Minimis
3190 4407 3330 4457 meis
3363 4404 3514 4454 Corb-

154 4479 189 4511 3’
220 4480 463 4530 Vendite
495 4493 621 4543 quae
659 4480 952 4543 possidetis
979 4470 1100 4532 Ιιιήἶ
1162 4482 1204 4513 δ’
1226 4484 1432 4534 Verum
1460 4485 1583 4537 date
1625 4487 1750 4537 Bod.
1794 4489 1837 4545 1,
1867 4470 1916 4543 3,
1947 4484 1991 4530 4.
2025 4470 2200 4545 VODiS
2217 4472 2433 4545 _m_1}nda
2465 4476 2648 4525 omnia
2680 4478 2816 4526 Lam.
2850 4480 2959 4529 ΝΟ.
3006 4480 3042 4527 Ι.
3079 4478 3202 4527 Bod.
3238 4480 3282 4538 1,
3304 4476 3354 4533 2,
3391 4478 3439 4537 3,
3466 4478 3512 4525 4.

838 4551 881 4585 ⁸³
901 4552 1168 4603 Reddam.
1201 4557 1341 4605 Lam.
1374 4556 1482 4610 ΝΟ.
1518 4558 1560 4605 1.
1596 4556 1742 4607 Corb.

152 4625 265 4673 Non
295 4622 593 4671 minOravit
635 4621 756 4671 Bod.
803 4624 841 4671 1.
902 4626 1038 4673 Voss.
1077 4626 1121 4674 2.

150 4551 187 4585 "
226 4550 561 4601 Detraudavi
604 4553 710 4600 Li’n.

150 4763 270 4814 Bod.
300 4768 345 4827 1,
372 4766 421 4825 2,
451 4765 498 4826 3,
526 4766 571 4814 4.
599 4766 773 4815 Benev.
810 4768 943 4816 Voss.
980 4767 1025 4815 2.

152 4838 291 4889 ‘Per
336 4836 635 4886 multarum
674 4838 812 4886 Lam.
849 4838 952 4886 NC.
986 4839 1029 4887 1.
1063 4839 1199 4888 Cott.
1236 4841 1375 4890 Voss.
1405 4842 1451 4890 2.

157 4903 289 4957 Lam.
340 4907 462 4956 had.
488 4913 534 4956 2.
576 4910 688 4957 Ver.

148 4971 283 5019 Lam.
330 4972 435 5021 NC.
471 4971 514 5020 1.
547 4971 668 5019 Bod.
698 4972 746 5021 2.

145 5041 250 5088 11οά
301 5044 351 5099 1,
380 5041 427 5097 2,
465 5042 511 5089 4.
544 5040 665 5091 Tha.
695 5039 844 5092 Corb.
883 5044 1019 5093 Cott.
1056 5045 1189 5091 Voss.
1221 5043 1266 5092 2.

146 5112 264 5160 Bod.
300 5114 344 5173 1,
386 5113 435 5173 2,
470 5114 518 5162 4.
555 5113 673 5162 Tim.

155 5182 285 5231 Voss.
335 5183 381 5230 2.
515 5186 531 5214 ³
570 5183 941 5247 Acceptabilis
974 5184 1076 5233 NC.
1106 5189 1154 5232 2.

146 5257 209 5307 Ut
231 5252 358 5301 aliis
383 5253 747 5316 refrigerium,
778 5253 937 5303 vobis
964 5268 1219 5319 pressura
1253 5257 1323 5306 sit
1356 5257 1457 5306 Tim

148 5322 287 5390 Coro.
418 5323 707 5387 1’Despicit
772 5327 1160 5390 unusquisque
1210 5326 1317 5379 N0.
1365 5330 1412 5375 2.
1460 5326 1608 5376 Corb.

150 5386 185 5424 ὀ
206 5393 422 5444 Felices
445 5386 585 5445 Bod.,
608 5396 655 5457 1,
686 5395 739 5457 2,
781 5396 828 5445 4.
859 5386 1000 5445 Lam.
1036 5386 1159 5447 Tha.

144 5467 343 5515 terram
370 5465 509 5515 0011.
542 5506 543 5509 η

1872 4540 1914 4588 οἱ
1933 4544 2137 4601 Paulus
2164 4540 2232 4589 ad
2266 4543 2371 4592 ΝΟ.
2408 4546 2452 4606 1,
2487 4547 2535 4595 2.
2568 4547 2715 4599 Coro.

1253 4625 1295 4661 ⁸⁸
1320 4628 1381 4676 In
1422 4627 1870 4678 benedictionem
1914 4622 2034 4672 Tim.

149 4695 186 4728 ⁸⁸
211 4696 322 4757 Qui
362 4694 713 4743 administrat
746 4696 886 4743 Lam.
924 4696 1029 4744 Lin.
1067 4696 1191 4745 Bod.
1236 4699 1281 4757 1,
1322 4698 1369 4759 2,
1405 4698 1453 4759 3,
1488 4700 1535 4748 4.
1581 4700 1688 4749 ΝΟ.
1731 4702 1776 4757 1,
1814 4698 1863 4746 2.
1909 4694 2027 4743 Tha.
2063 4681 2216 4739 0ονὸ.

1186 4767 1227 4800 ’θ
1254 4756 1365 4819 8οἆ
1394 4756 1450 4819 et
1478 4756 1780 4819 abundavit
1810 4768 1946 4816 Lam.
1981 4761 2086 4811 ΝΟ.
2122 4762 2165 4809 1.
2210 4756 2336 4805 Bod.
2370 4763 2411 4820 1,
2439 4758 2484 4808 2.
2521 4761 2845 4811 Abundabit
2892 4762 3014 4811 Bod.
3046 4762 3092 4811 2.
3132 4762 3253 4812 Thu.
3294 4762 3428 4808 Voss.
3466 4758 3514 4805 4-

1580 4840 1621 4875 οι
1651 4842 1832 4903 Hujus
1872 4835 2066 4885 mundi
2100 4836 2235 4883 Lam.
2281 4833 2386 4903 ΝΟ.
2426 4835 2468 4882 1.
2516 4836 2645 4881 0011.

799 4907 839 4941 9⁸
871 4909 1095 4980 Xiscera
1122 4924 1222 4960 sua
1248 4911 1525 4980 quomodo
1550 4912 1680 4963 Bod.
1712 4913 1754 4970 1,
1786 4911 1835 4966 3,
1859 4910 1904 4980 4.
1939 4908 2080 4980 ,νο-δἐι
2103 4908 2164 4980 :3-

873 4970 915 5005 ⁹⁷
944 4972 1133 5036 Neque
1165 4970 1427 5036 cognatos
1454 4979 1602 5034 tuos,
1634 4987 1814 5037 neque
1846 4971 2060 5021 vicinos
2096 4971 2237 5018 Cott.

1366 5043 1579 5095 99Felix
1612 5045 1719 5093 eris
1755 5042 1879 5092 Bod.
1913 5043 1957 5089 1.
1990 5041 2035 5088 4.
2072 5040 2194 5089 Tim.
2234 5043 2344 5091 Ver.
2385 5042 2513 5089 Voss.
2546 5041 2593 5089 2.

804 5116 823 5145 ι
853 5114 973 5176 Ipsa
1008 5115 1295 5165 voluntate
1324 5117 1473 5178 quod
1500 5115 1759 5165 habuerit
1794 5118 1935 5165 Lam.
1964 5109 2071 5158 NC.
2102 5112 2141 5158 1.
2177 5113 2302 5162 Bod.
2328 5114 2375 5173 2,
2405 5111 2714 5163 secundum
2749 5111 2896 5175 quod
2926 5114 3313 5176 unusquisque
3361 5116 3510 5165 Corb.

1282 5186 1302 5216 ⁴
1329 5186 1491 5247 Quod
1529 5199 1639 5235 non
1686 5185 1879 5233 habuit
1907 5182 2049 5229 Lam.

1605 5256 1983 5307 ‘Charitatem
2016 5257 2153 5304 Lam.
2191 5256 2299 5308 ΝΟ.
2334 5257 2379 5305 2.
2422 5255 2540 5304 Bod.
2566 5256 2608 5305 1.
2655 5258 2790 5305 Voss.
2822 5256 2868 5303 2.

1737 5326 1758 5359 θ
1788 5327 1987 5377 Pacem
2028 5343 2209 5380 meam
2262 5329 2331 5378 do
2371 5327 2551 5387 vobis,
2593 5340 2786 5389 pacem
2829 5341 3011 5376 meam
3067 5327 3325 5392 relinquo
3374 5328 3510 5377 (‘ott.

1326 5396 1363 5431 “
1387 5399 1509 5449 Duo
1538 5412 1606 5449 ex
1646 5398 1807 5449 vobis
1833 5401 2197 5451 convenerint
2225 5404 2365 5453 Lam.
2416 5401 2523 5450 Lz’n.
2562 5398 2672 5452 ΝΟ.
2710 5400 2751 5449 1.
2800 5400 2924 5450 Bod.
2961 5399 3008 5461 2,
3050 5400 3080 5449 3

2846 4549 2889 4583 ⁸⁵
2916 4550 3035 4599 Νοιι
3071 4548 3339 4611 indigebit
3367 4546 3510 4595 Corb.

2164 4610 2207 4644 ⁸⁷
2232 4613 2400 4664 Metet
2436 4618 2602 4667 vitam
2652 4624 2914 4670 aeternam
2964 4623 3106 4669 Lam.
3152 4610 3257 4670 ΝΕ.
3302 4621 3347 4666 1.
3378 4617 3513 4665 0011.

2347 4685 2387 4719 ⁸⁸
2413 4687 2849 4740 Seminationem
2882 4696 3118 4740 vestram
3147 4693 3285 4739 Lam.
3332 4688 3439 4737 ΝΟ.
3466 4688 3514 4735 1.

2776 4832 2817 4868 9³
2841 4833 3265 4884 Desiderantem
3296 4829 3515 4899 aliquid

2278 4901 2318 4935 ⁸⁵
2340 4907 2528 5016 qu/pe
2560 4905 2658 4952 Dei
2691 4906 2865 4953 Benev.
2977 4905 3018 4938 9'
3044 4906 3287 4957 Manebit
3328 4910 3383 4958 in
3418 4913 3513 4961 illo

2366 4968 2407 4999 ’⁸
2482 4980 2579 5016 oca
2618 4966 2905 5016 mendicos
2934 4969 3073 5016 Lam.
3108 4970 3214 5016 Lm.
3242 4971 3353 5016 N.C
3389 4974 3432 5016 1-
3464 4976 3512 5016 οὶ-

2366 4966 2407 4999 νε
2434 4966 2579 5017 Voca
2618 4966 2905 5017 mendicos
2934 4969 3073 5017 Lam.
3108 4970 3214 5017 Lm.
3242 4971 3353 5019 N.C
3389 4974 3434 5033 1,
3464 4976 3513 5025 2.

2703 5042 2715 5068 ⁴
2744 5041 3084 5091 Restituetur
3123 5046 3307 5091 autem
3334 5044 3440 5093 ΝΟ.
3468 5048 3510 5095 1.

2183 5187 2201 5215 ⁵
2228 5184 2298 5234 Ut
2336 5187 2405 5233 sit
2444 5185 2567 5233 aliis
2611 5184 2955 5248 refrigerium
3001 5184 3145 5233 Corb.
3192 5185 3315 5235 Bod.
3372 5189 3415 5236 1.
3463 5189 3509 5238 2.

2989 5255 3010 5288 ⁷
3039 5255 3300 5305 Omnium
3318 5259 3343 5305 εἲ
3379 5261 3511 5320 quid

3262 5402 3299 5431 "
3332 5402 3512 5465 Super

1439 5562 1659 5644 Steph.
1722 5562 1971 5626 Baluzii
2024 5569 2223 5628 noue.

201 5705 299 5766 (44)
325 5706 447 5755 Item
478 5705 587 5759 ilhc
612 5722 725 5760 cum
753 5710 972 5761 rensrit.
1005 5712 1113 5761 Ista
1140 5724 1320 5777 usque
1350 5712 1419 5763 ad
1444 5713 1585 5763 Iusti
1620 5719 1791 5763 autem
1830 5714 1885 5762 in
1920 5713 2084 5764 vitam
2113 5719 2380 5774 sternam,
2409 5713 2612 5765 desunt
2643 5714 2699 5764 in
2729 5712 2919 5766 codice
2966 5711 3323 5777 Burgundico
3362 5712 3414 5762 et
3452 5709 3507 5758 in

143 5775 501 5830 Lamoniano.
