3998 6194
490 246 590 305 763
1377 247 1435 304 S.
1476 249 1785 306 CYPRIANI
1824 248 2101 306 OPERUM
2140 248 2312 306 PARS
2349 246 2413 304 II.
2455 274 2525 287 -—
2560 244 2927 303 OPUSCULA.
3731 247 3823 301 764

491 370 746 443 quidem,
776 371 996 442 fratres,
1028 388 1146 427 non
1172 372 1335 444 potui
1369 374 1529 430 vobis
1559 375 1716 446 loqui
1750 375 1912 446 quasi
1949 375 2117 447 spiri-
2140 389 2197 460 Α
2218 374 2385 429 ritate
2408 373 2476 443 ³³,
2507 373 2564 427 in
2600 375 2711 428 Deo
2753 375 2973 441 manet,
3013 374 3070 425 et
3106 372 3248 427 Deus
3270 372 3316 405 ³³
3346 368 3404 425 in
3445 386 3512 425 eo
3539 390 3565 419 ι)
3599 372 3640 441 (l
3661 374 3827 441 Joan.,

494 465 719 532 talibus,
750 466 845 520 sed
882 465 1046 537 quasi
1086 467 1442 535 carnalibus;
1474 469 1633 540 quasi
1670 469 2045 524 infantibus”
2061 471 2122 525 in
2224 484 2301 535 IV,
2345 466 2453 538 16).
2495 468 2639 521 Item
2680 466 2794 520 illic
2825 484 2837 520 :
2881 485 2908 518 (ι
2951 464 3057 529 Qui
3102 464 3237 519 dicit
3272 480 3333 518 se
3384 465 3444 518 in
3478 466 3601 520 luce
3638 481 3749 521 esse
3782 472 3833 522 et

489 558 728 625 Christo,
756 558 842 613 lac
871 558 1028 614 vobis
1054 565 1257 631 potum
1270 561 1403 617 dedi
1424 564 1490 629 ¹⁴,
1523 579 1637 617 non
1669 578 1859 617 eseam
1880 564 1951 618 ιδ.
1983 565 2124 618 Dum
2227 561 2467 615 fratrem
2514 575 2679 613 suum
2722 559 2860 626 odit,
2904 558 3155 614 mendax
3181 559 3355 627 est”,
3405 564 3463 613 et
3506 558 3564 613 in
3607 561 3832 617 tenebris

492 650 649 705 enim
674 652 720 685 ¹⁶
740 651 925 707 adhuc
959 653 1152 724 pusilli
1184 654 1378 722 eratis,
1410 671 1522 710 non
1562 657 1856 727 poteratis,
1890 657 1985 711 sed
2023 674 2124 713 ne-
2227 654 2481 709 ambulat
2510 669 2687 725 usque
2712 653 2898 707 adhuc
2926 675 2954 704 »
2981 654 3020 721 (Ι
3047 656 3226 721 Joan.,
3258 669 3321 721 ιι,
3353 653 3429 721 9).

493 754 603 810 que
636 756 788 795 nunc
824 742 1083 812 potestis,
1126 743 1314 798 adhuc
1352 744 1510 799 enim
1548 746 1681 800 estis
1716 745 1986 801 carnales.
2025 746 2127 800 Ubi
2228 759 2353 815 (ιη,
2397 758 2484 812 Ιν,
2526 786 2596 797 _.
2640 759 2703 813 1n
2747 757 2901 811 nullo
2939 755 3312 823 gloriandum,
3357 755 3577 824 quando
3617 763 3834 813 nostrum

493 832 651 888 enim
682 833 741 888 in
766 834 927 889 vobis
954 836 1244 891 aemulatio
1296 838 1401 891 "et
1428 839 1718 893 contentio
1748 842 1805 893 et
1830 838 2131 894 dissensio-
2912 836 3053 890 nihil
3078 839 3170 891 sit.

488 941 610 993 nes,
652 943 841 983 nonne
878 930 1137 985 carnales
1177 931 1331 998 estis,
1375 933 1434 986 et
1477 932 1793 987 secundum
1836 932 2129 988 hominem
2304 931 2363 984 In
2392 929 2699 1001 Evangelio
2726 935 2849 985 cata
2881 930 3203 985 Joannem:
3235 948 3261 981 (ί
3295 928 3473 983 Nemo
3500 932 3677 999 potest
3706 932 3836 1001 quic-

491 1019 796 1077 ambulatis
828 1042 856 1071 ››
895 1021 936 1093 (l
979 1022 1124 1091 Cor.,
1158 1040 1238 1091 III,
1271 1024 1418 1095 1-3)?
1453 1027 1597 1081 Item
1635 1024 1789 1081 illic:
1827 1048 1855 1075 «
1884 1027 1999 1083 Etsi
2029 1027 2132 1082 ha-
2235 1039 2408 1095 quam
2457 1023 2746 1094 accipere,
2794 1023 2903 1078 nisi
2950 1024 3146 1078 datum
3191 1022 3369 1077 fuerit
3414 1021 3497 1075 illi
3543 1022 3610 1076 de
3644 1023 3767 1078 coelo
3811 1046 3833 1073 υ

491 1112 673 1169 buero
727 1130 964 1170 omnem
1018 1116 1215 1185 ﬁdem,
1261 1117 1339 1171 ita
1388 1122 1454 1172 ut
1502 1123 1727 1174 montes
1764 1119 2131 1189 transferam,
2236 1119 2438 1188 (Ιοαηυ
2478 1133 2558 1184 ιιι,
2587 1120 2696 1186 27).
2729 1119 2871 1172 Item
2898 1117 2957 1171 in
2988 1116 3234 1188 Epistola
3260 1115 3423 1170 Pauli
3450 1115 3523 1170 ad
3549 1116 3840 1173 Corinthios

494 1206 827 1263 charitatem
860 1212 1056 1264 autem
1083 1226 1197 1265 non
1226 1211 1493 1280 habeam,
1519 1212 1664 1267 nihil
1695 1229 1822 1267 sum
1846 1212 1908 1269 ίθ.
1932 1212 2047 1268 Etsi
2077 1214 2134 1267 in
2237 1210 2422 1281 prima
2454 1227 2467 1265 :
2507 1231 2533 1259 ‹‹
2578 1210 2722 1275 Quid
2767 1211 2919 1266 enim
2964 1210 3138 1265 habes
3181 1210 3334 1282 quod
3382 1226 3501 1264 non
3542 1211 3841 1281 acceperis?

480 1299 653 1355 cibos
698 1301 1096 1358 19distribuero
1135 1306 1327 1360 omnia
1357 1321 1504 1375 mea,
1535 1312 1592 1361 et
1619 1307 1665 1360 si
1694 1306 1981 1361 tradidero
2011 1323 2134 1361 cor-
2237 1305 2289 1360 Si
2323 1307 2515 1358 autem
2555 1304 2843 1376 accepisti,
2876 1304 3014 1376 quid
3047 1303 3331 1374 gloriaris,
3363 1303 3524 1375 quasi
3562 1320 3672 1358 non
3702 1321 3838 1361 acce-

493 1410 600 1464 pus
640 1410 837 1450 meum
874 1400 937 1451 ut
977 1398 1210 1453 ardeam
1231 1398 1301 1467 ³ο,
1339 1400 1675 1455 charitatem
1717 1401 1978 1455 "autem
2021 1417 2138 1456 non
2238 1399 2389 1469 peris
2411 1399 2457 1433 ³⁸
2504 1419 2532 1449 ››
2576 1399 2615 1469 (1
2654 1398 2799 1461 Cor.,
2844 1415 2919 1465 IV,
2961 1399 3044 1466 7)?
3073 1400 3213 1453 Item
3252 1397 3314 1451 in
3356 1396 3600 1451 Basilion
3636 1399 3837 1469 primo:

496 1487 757 1555 habeam,
785 1488 928 1544 nihil
966 1492 1203 1562 proficio
1228 1493 1301 1547 ’³.
1339 1494 1599 1549 Charitas
1627 1494 1997 1566 magnanima
2035 1500 2138 1549 est,
2242 1514 2269 1541 ‹‹
2302 1491 2480 1546 Nolite
2510 1491 2761 1563 gloriari,
2792 1508 2977 1563 neque
3004 1490 3322 1562 loquamini
3348 1491 3394 1523 ³⁷
3423 1490 3568 1545 elata
3587 1492 3650 1559 ³⁸,
3681 1498 3839 1549 etnon

496 1581 739 1637 charitas
759 1582 809 1616 ³³
860 1582 1116 1656 benigna
1182 1591 1295 1653 est,
1352 1587 1593 1642 charitas
1648 1604 1764 1643 non
1815 1589 2136 1652 aamulatur,
2242 1586 2509 1656 procedat
2539 1584 3028 1656 magniloquentia
3050 1586 3094 1620 ³9
3117 1601 3187 1639 ex
3214 1599 3313 1638 ore
3339 1587 3544 1651 vestro,
3573 1585 3695 1655 quia
3720 1587 3841 1641 Deus

496 1674 757 1729 charitas
784 1692 900 1731 non
930 1679 1049 1749 agit
1076 1695 1402 1752 perperam,
1433 1698 1549 1737 non
1580 1681 1833 1747 inﬂatur,
1873 1698 1988 1736 non
2017 1682 2143 1736 irri'
2243 1678 2607 1734 scientiarum
2640 1679 2687 1713 ‘0
2706 1680 2977 1740 Dominus
3005 1700 3031 1728 ››
3065 1678 3105 1747 (l
3146 1681 3300 1747 Reg.,
3343 1694 3403 1745 ιι,
3436 1678 3510 1747 3).
3546 1680 3678 1733 Item
3704 1678 3836 1733 illic:

494 1771 669 1837 tatur,
701 1785 818 1824 non
852 1771 1065 1843 cogitat
1093 1751 1326 1842 malum,
1358 1791 1475 1830 non
1513 1775 1727 1846 gaudet
1759 1792 1927 1847 super
1954 1776 2133 1846 injus-
2162 1751 2218 1823 B
2247 1793 2274 1822 «
2306 1772 2588 1827 Invalidus
2633 1773 2815 1828 factus
2852 1778 2937 1827 est
2969 1787 3131 1827 arcus
3174 1771 3524 1842 potentium,
3565 1776 3620 1825 et
3661 1771 3841 1826 inﬁrmi

496 1861 711 1929 titiam,
741 1863 1059 1920 collaetatur
1086 1872 1280 1922 autem
1310 1869 1367 1922 in
1398 1869 1660 1925 veritate.
1688 1870 1893 1924 Omnia
1931 1869 2134 1940 diligit,
2237 1866 2469 1920 accincti
2509 1869 2641 1921 sunt
2674 1866 2883 1921 virtute
2911 1867 2978 1920 Η.
3023 1887 3051 1916 ))
3105 1866 3179 1919 De
3225 1865 3335 1919 hoc
3383 1863 3505 1935 ipso
3550 1864 3608 1917 in
3645 1864 3838 1919 Macha-

497 1955 691 2010 omnia
716 1956 912 2025 credit,
944 1959 1141 2015 omnia
1169 1966 1379 2032 sperat,
1411 1962 1604 2018 omnia
1632 1962 1875 2018 sustinet
1891 1964 1961 2017 3‘.
1991 1962 2136 2018 Cha-
2235 1958 2372 2014 baais
2403 1976 2416 2014 :
2448 1978 2475 2011 ‹‹
2502 1962 2725 2015 Iustum
2755 1964 2839 2015 est
2866 1959 3154 2015 subditum
3188 1960 3307 2013 Deo
3335 1973 3455 2013 esse
3485 1963 3541 2013 et
3568 1960 3838 2011 mortalem

498 2047 637 2103 ritas
668 2065 966 2121 nunquam
1004 2053 1225 2109 excidet
1262 2074 1290 2106 »
1327 2057 1371 2126 (Ι
1409 2056 1553 2119 Cor.,
1596 2072 1715 2125 χιιι,
1758 2057 1891 2127 2-8).
1923 2057 2000 2110 De
2034 2057 2139 2111 hoc
2238 2070 2350 2109 non
2401 2054 2562 2125 paria
2605 2054 2715 2108 Deo
2759 2054 2972 2109 sentire
3018 2076 3045 2103 »
3093 2054 3158 2124 (II
3197 2054 3404 2118 Mach.,
3448 2068 3522 2118 ιχ,
3571 2054 3671 2121 t2).
3717 2053 3838 2106 Item

497 2140 622 2212 ipso
675 2142 745 2197 ad
786 2143 1010 2199 Galatas
1057 2163 1071 2200 :
1115 2168 1142 2196 «
1196 2147 1406 2219 Diliges
1448 2150 1777 2220 proximum
1822 2149 1921 2204 tibi
1944 2149 1991 2183 ²⁸
2022 2155 2142 2205 tan-
2246 2147 2359 2203 illic
2399 2164 2411 2202 :
2458 2168 2487 2200 ε(
2535 2150 2603 2204 Et
2637 2147 2811 2202 verba
2863 2147 2961 2202 viri
3005 2147 3319 2218 peccatoris
3365 2162 3437 2200 ne
3470 2144 3834 2213 timueritis",

498 2249 672 2305 quam
701 2238 779 2291 te.
810 2236 866 2293 Si
894 2240 1086 2294 autem
1114 2242 1381 2296 mordetis
1404 2243 1452 2277 ²⁶
1482 2248 1539 2297 et
1566 2244 1836 2299 incusatis
1871 2244 2139 2314 invicem,
2241 2241 2376 2312 quia
2405 2242 2585 2313 gloria
2635 2244 2754 2314 ejus
2802 2244 2859 2297 in
2909 2245 3161 2296 stercora
3182 2242 3225 2279 ⁸³
3274 2240 3387 2294 erit
3422 2244 3476 2294 et
3526 2238 3581 2292 in
3627 2254 3832 2293 vermes.

499 2327 688 2383 videte
742 2346 813 2386 ne
854 2334 1271 2389 consumamini
1315 2335 1385 2390 ab
1434 2337 1701 2393 invicem.
1749 2360 1775 2387 ››
1826 2338 2052 2408 (Galat.,
2088 2354 2139 2404 v,
2244 2335 2420 2390 Hodie
2454 2335 2646 2410 735
2683 2338 3070 2402 extolletur“,
3103 2338 3161 2389 et
3197 2349 3321 2389 cras
3356 2350 3473 2388 non
3516 2331 3835 2386 invenietur:

509 2422 720 2493 14-16).
750 2426 827 2479 De
855 2425 964 2481 hoc
991 2426 1183 2499 734
1209 2428 1335 2501 ipso
1366 2430 1425 2485 in
1450 2431 1700 2502 Epistola
1723 2433 1954 2487 Joannis
1978 2449 1992 2487 ;
2025 2454 2052 2481 ‹‹
2081 2434 2144 2486 In
2246 2429 2521 2499 quoniam
2551 2447 2853 2487 conversus
2878 2434 2963 2484 est
2988 2430 3046 2484 in
3077 2432 3293 2483 terram
3325 2442 3506 2495 suam,
3529 2431 3583 2481 et
3605 2425 3836 2496 cogitatio

497 2516 606 2570 hoc
643 2523 922 2588 apparent
957 2519 1057 2575 ﬁlii
1083 2521 1126 2554 ²⁷
1174 2522 1270 2577 Dei
1315 2527 1372 2579 et
1410 2524 1510 2578 ﬁlii
1547 2525 1774 2580 diaboli.
1814 2526 2011 2581 Omnis
2047 2541 2145 2597 qui
2248 2524 2370 2594 ejus
2400 2522 2444 2559 ⁴⁸
2471 2525 2695 2595 periit»
2731 2527 2771 2597 (Ι
2800 2525 2998 2592 Much,
3030 2540 3088 2591 ιι,
3119 2525 3226 2593 62).

500 2625 614 2664 non
656 2615 742 2665 est
774 2612 985 2683 justus,
1013 2630 1131 2673 non
1172 2621 1256 2672 est
1299 2618 1368 2671 de
1396 2617 1536 2682 Deo,
1572 2622 1630 2673 et
1672 2620 1771 2690 qui
1806 2636 1919 2675 non
1960 2621 2147 2691 diligit
2243 2628 2373 2683 CAP.
2425 2630 2485 2682 ν,
2532 2660 2599 2669 --
2637 2630 3015 2685 Humilitatem
3057 2632 3106 2682 et
3151 2628 3386 2696 quietem
3427 2627 3483 2679 in
3522 2624 3742 2679 omnibus
3775 2629 3834 2677 te-

503 2705 743 2759 fratrem
774 2722 961 2763 suum.
991 2709 1097 2773 Qui
1130 2710 1285 2765 enim
1318 2712 1557 2766 fratrem
1584 2729 1752 2768 suum
1779 2713 1916 2780 odit,
1954 2714 2142 2769 homi-
2933 2708 3186 2762 nendum-

502 2798 629 2853 cida
659 2800 761 2853 est.
806 2802 873 2855 Et
906 2802 1058 2856 scitis
1103 2804 1240 2874 quia
1279 2805 1465 2859 omnis
1500 2805 1787 2860 homicida
1825 2823 1939 2860 nou
1979 2807 2148 2861 habet
2314 2801 2481 2871 Apud
2524 2802 2722 2856 Isaiam
2763 2802 2840 2855 sic
2882 2801 3018 2856 dicit
3056 2800 3330 2855 Dominus
3368 2799 3512 2852 Deus
3542 2814 3554 2852 ἒ
3589 2818 3614 2846 ί(
3654 2796 3834 2852 (Σαξιυω

512 2892 568 2945 in
598 2909 657 2946 se
687 2892 862 2948 vitam
890 2897 1164 2950 aeternam
1194 2897 1253 2952 in
1281 2914 1339 2952 se
1366 2903 1699 2953 manentem
1733 2917 1761 2951 »
1791 2900 1831 2969 (Ι
1854 2903 2038 2969 Joan.,
2073 2918 2147 2968 iv,
2248 2896 2387 2948 mihi
2434 2896 2671 2949 thronus
2700 2897 2767 2962 ⁸⁸,
2815 2900 2871 2949 et
2917 2905 3067 2948 terra
3118 2893 3439 2948 scabellum
3485 2891 3685 2963 pedum
3711 2904 3834 2990 meo-

509 2987 611 3054 16).
641 2985 783 3039 Item
811 2986 924 3040 illic
946 2987 993 3021 ²³
1028 3006 1041 3042 :
1074 3010 1103 3038 «
1143 2990 1200 3044 Si
1238 2991 1362 3061 quis
1404 2991 1612 3047 dixerit
1658 2994 1926 3064 quoniam
1960 2994 2149 3064 diligit
2246 3004 2395 3042 rum.
2444 2990 2622 3052 Quam
2678 2988 2821 3043 mihi
2873 2988 3063 3043 sedem
3098 2989 3142 3021 ‘7
3172 2985 3555 3054 zediﬁcabitis,
3604 2990 3689 3037 aut
3732 2985 3831 3052 quis

501 3077 702 3144 Deum,
731 3083 787 3134 et
812 3080 1048 3136 fratrem
1078 3099 1243 3137 suum
1265 3084 1403 3151 odit,
1435 3086 1680 3140 mendax
1711 3093 1816 3140 est.
1849 3087 1956 3150 Qui
1983 3088 2135 3141 enim
2157 3116 2213 3189 Ο
2248 3084 2398 3136 locus
2432 3083 2503 3137 ad
2531 3083 2786 3173 requiem
2820 3081 3003 3136 mihi?
3034 3080 3239 3183 Omnia
3278 3080 3436 3189 enim
3471 3080 3572 3133 ista
3598 3075 3717 3131 fecit
3741 3091 3832 3128 ma-

503 3188 617 3226 non
645 3172 830 3244 diligit
857 3174 1096 3229 fratrem
1118 3192 1281 3231 suum
1304 3194 1475 3248 quem
1496 3179 1648 3233 videt
1669 3179 1737 3249 '9,
1761 3181 1942 3234 Deum
1963 3197 2136 3252 quem

510 3281 625 3319 non
668 3266 821 3321 videt
847 3269 1133 3339 quomodo
1177 3274 1367 3341 potest
1402 3271 1677 3342 diligere?
1706 3296 1732 3322 ››
1766 3274 1841 3327 De
1870 3274 1977 3328 hoc
2014 3275 2136 3344 ipso

509 3358 567 3411 in
617 3359 849 3415 Actibus
902 3362 1287 3431 apostolorum
1335 3381 1347 3417 :
1395 3385 1421 3411 ‹‹
1465 3365 1653 3419 Turba
1699 3370 1892 3420 autem
1936 3383 2137 3422 eorum

504 3452 605 3521 qui
636 3452 1006 3509 crediderant
1038 3455 1230 3510 anima
1255 3473 1319 3511 ac
1357 3463 1552 3513 mente
1593 3475 1703 3513 una
1740 3459 2004 3531 agebant,
2035 3477 2138 3515 nec

506 3544 613 3599 fuit
640 3544 793 3600 inter
812 3546 940 3601 illos
966 3547 1271 3605 discrimen
1297 3550 1491 3618 ullum,
1516 3568 1621 3606 nec
1641 3553 1949 3625 quicquam
1971 3570 2139 3609 suum

498 3638 837 3708 judicabant
882 3656 945 3694 ex
990 3641 1155 3696 bonis
1186 3644 1234 3677 ³ο
1253 3661 1378 3716 quae
1426 3645 1507 3698 eis
1545 3652 1724 3715 erant,
1769 3648 1869 3701 sed
1910 3648 2140 3703 fuerunt

508 3731 613 3785 illis
650 3732 843 3787 omnia
882 3736 1264 3791 communia»
1298 3739 1464 3807 (Act,
1506 3755 1579 3806 Iv,
1619 3740 1731 3809 32).
1761 3741 1839 3794 De
1872 3742 1979 3795 hoc
2018 3744 2138 3812 ipso

509 3826 565 3879 in
596 3827 904 3897 Evangelio
930 3829 973 3862 ³¹
1002 3834 1126 3885 cata
1154 3831 1486 3886 Matthazum
1514 3848 1525 3887 :
1557 3854 1584 3884 ‹‹
1621 3833 1674 3888 Si
1714 3834 1981 3890 obtuleris
2010 3852 2134 3890 mu-

507 3935 615 3974 nus
652 3925 814 3976 tuum
850 3922 917 3976 ad
958 3924 1155 3991 altare,
1188 3928 1245 3979 et
1272 3926 1385 3980 illic
1424 3928 1753 3983 recordatus
1792 3929 1962 3984 fueris
2005 3930 2139 4001 quia

508 4014 688 4068 frater
737 4017 868 4069 tuus
926 4016 1101 4071 habet
1147 4018 1357 4090 aliquid
1413 4020 1714 4076 adversum
1758 4027 1832 4089 te,
1882 4022 2137 4095 relinque

513 4106 627 4161 illic
658 4123 869 4163 munus
899 4113 1061 4164 tuum
1094 4114 1227 4166 ante
1258 4113 1458 4182 altare,
1494 4118 1550 4168 et
1579 4115 1716 4170 vade
1746 4117 1902 4185 prius
1940 4132 2136 4171 recon-

508 4200 680 4255 ciliari
737 4201 896 4257 fratri
939 4207 1058 4271 tuo,
1102 4209 1157 4259 et
1195 4208 1330 4260 tunc
1371 4208 1497 4262 veni
1556 4211 1613 4263 et
1668 4208 1808 4265 offer
1829 4210 1875 4244 ³³
1928 4227 2138 4265 munus

508 4298 673 4347 tuum
710 4295 779 4349 ad
819 4295 993 4352 altare
1024 4318 1051 4347 »ι
1083 4297 1325 4368 (Matth,
1365 4316 1417 4371 v,
1460 4302 1569 4371 23).
1614 4304 1755 4356 Item
1786 4303 1844 4357 in
1887 4304 2139 4375 Epistola

509 4387 739 4443 Joannis
768 4405 780 4443 :
819 4410 845 4439 ‹‹
872 4391 1019 4445 Deus
1048 4391 1296 4447 charitas
1326 4396 1430 4462 est,
1468 4399 1524 4450 et
1555 4395 1652 4467 qui
1688 4402 1879 4453 manet
1910 4396 1969 4452 in
1999 4398 2135 4453 cha-

2241 3193 2347 3229 nus
2378 3191 2525 3244 mea,
2568 3179 2625 3229 et
2655 3162 2787 3229 sunt
2825 3191 2952 3228 mea
2992 3173 3191 3227 omnia
3221 3174 3351 3228 ista.
3395 3174 3462 3225 Et
3502 3187 3663 3241 super
3693 3183 3830 3239 quem

2240 3269 2524 3340 aspiciam
2554 3269 2811 3335 “alium,
2844 3268 2951 3321 nisi
2992 3283 3165 3338 super
3194 3266 3478 3321 humilem
3523 3272 3576 3319 et
3615 3263 3829 3334 quietum

2240 3367 2297 3416 et
2335 3367 2675 3417 trementem
2697 3362 2740 3393 δν
2770 3376 3063 3415 sermones
3097 3376 3257 3414 meos
3289 3382 3316 3410 ››
3345 3362 3492 3425 (Isa.,
3525 3372 3655 3423 Lm,
3691 3358 3729 3421 1,
3756 3352 3829 3417 2}?

2240 3457 2315 3509 De
2346 3456 2456 3510 hoc
2499 3456 2621 3525 ipso
2654 3454 2710 3508 in
2755 3453 3063 3524 Evangelio
3100 3457 3221 3507 cata
3257 3454 3577 3507 Matthzeum
3607 3467 3618 3503 2
3653 3472 3674 3497 (ι
3706 3446 3827 3502 Beati

2240 3549 2405 3603 mites
2420 3549 2487 3615 ⁵ο,
2507 3547 2774 3619 quoniam
2795 3547 2905 3618 ipsi
2925 3547 3344 3601 hmreditabunt
3368 3554 3609 3599 terram»
3629 3540 3825 3607 (Matth,

2239 3659 2289 3709 v,
2324 3644 2393 3712 5).
2420 3644 2496 3696 De
2519 3642 2627 3696 hoc
2656 3641 2777 3711 ipso
2805 3647 2925 3695 cata
2950 3641 3190 3695 Lucam:
3217 3660 3243 3689 ι(
3274 3640 3381 3704 Qui
3408 3637 3664 3693 minimus
3684 3631 3821 3687 erit51

2239 3736 2299 3789 in
2332 3734 2597 3789 omnibus
2629 3734 2806 3800 vobis,
2842 3733 2931 3787 hic
2971 3734 3078 3788 erit
3114 3749 3359 3804 magnus
3388 3756 3413 3782 ››
3447 3732 3612 3801 (Luc,
3645 3743 3708 3794 ιχ,
3734 3726 3821 3793 48).

2242 3830 2379 3884 Item
2411 3828 2522 3882 illic
2563 3845 2574 3881 :
2611 3849 2637 3877 ‹‹
2673 3826 2778 3891 Qui
2810 3842 2868 3883 se
2902 3826 3117 3882 extollit
3147 3825 3555 3890 humiliabitur,
3594 3825 3644 3876 et
3672 3819 3821 3890 quise

2240 3921 2628 3976 humiliaverit
2672 3920 3018 3975 exaltabitur
3054 3943 3080 3969 n
3130 3921 3303 3990 (Luc,
3344 3936 3451 3985 xxv,
3504 3917 3600 3988 11).
3641 3916 3704 3969 De
3726 3911 3823 3963 .hoc

2239 4016 2361 4087 ipso
2392 4016 2462 4069 ad
2483 4017 2763 4071 Romanos
2795 4031 2807 4068 :
2844 4040 2870 4062 ιι
2902 4013 3025 4069 Noli
3057 4014 3238 4068 altum
3270 4027 3466 4085 sapere
3487 4012 3552 4079 5’,
3582 4008 3668 4064 sed
3694 4004 3817 4059 time.

2240 4115 2294 4170 Si
2335 4113 2491 4168 enim
2532 4114 2675 4168 Deus
2716 4111 3070 4167 naturalibus
3109 4112 3280 4165 ramis
3328 4126 3440 4165 non
3485 4104 3730 4179 pepercit,
3764 4114 3819 4153 ne

2241 4209 2387 4263 forte
2417 4222 2519 4261 nec
2547 4205 2649 4260 tibi
2674 4208 2869 4277 parcat
2894 4223 2922 4257 »
2956 4206 3150 4275 (Rom.,
3179 4221 3252 4271 χι,
3286 4204 3395 4274 20).
3424 4205 3497 4258 De
3526 4202 3623 4255 hoc
3649 4198 3750 4268 ipso
3773 4194 3818 4246 in

2241 4301 2466 4357 Psalmo
2498 4314 2662 4354 χχχιιι
2688 4316 2700 4352 :
2737 4320 2763 4348 ‹‹
2791 4299 2859 4353 Et
2883 4297 3127 4352 humiles
3155 4297 3359 4369 spiritu
3390 4293 3627 4351 salvabit.
3656 4312 3679 4339 ι)
3705 4290 3816 4343 Item

2239 4371 2308 4450 ad
2339 4396 2660 4450 Romanos:
2692 4412 2719 4441 ‹‹
2754 4391 2991 4447 Reddite
3030 4390 3297 4446 omnibus
3335 4406 3461 4461 quae
3497 4386 3748 4442 debentur
3763 4378 3816 4446 ⁵³,

1889 4577 2099 4641 Variae
2140 4577 2477 4641 lectiones.

568 4707 605 4737 "
634 4704 887 4757 Parvulis
907 4707 964 4756 in
997 4707 1215 4759 Christo
1242 4710 1375 4759 σου.
1448 4715 1486 4746 ¹⁴
1509 4713 1676 4763 Lacte
1707 4726 1805 4763 vos
1835 4715 2037 4777 potavi,
2069 4713 2189 4763 Bod.
2224 4713 2337 4773 1,2,
2372 4713 2418 4761 4.
2447 4711 2588 4759 Lam.
2615 4709 2725 4757 Lm.
2750 4707 2854 4757 ΝΟ.
2888 4709 2934 4757 1.
2969 4710 3081 4757 Var.
3114 4707 3232 4757 Ben.
3260 4707 3382 4757 Thu.
3412 4702 3577 4777 COrb._
3604 4700 3671 4777 _“
3703 4695 3800 4777 N99

507 4777 632 4828 cibo
655 4779 794 4827 Lam.
830 4780 942 4829 Li'n.
976 4782 1020 4829 1.
1049 4780 1157 4831 NC.
1193 4782 1312 4831 Thu.
1346 4783 1491 4833 Corb.

507 4848 653 4908 cadit
679 4849 962 4899 aemulatio
992 4851 1115 4900 Bod.
1138 4852 1185 4902 3.
1224 4853 1393 4904 Vobis
1418 4860 1549 4903 sunt
1578 4857 1713 4904 Coti.

1624 4785 1663 4818 ³⁸
1688 4785 1886 4835 Escam
1916 4784 2165 4834 nondum
2195 4785 2343 4834 enim
2371 4781 2639 4845 poteratis
2668 4781 2809 4829 Lam.
2837 4779 2944 4829 ΝΟ.
2980 4781 3026 4828 1.
3065 4780 3175 4829 Lin.
3206 4778 3332 4829 Bod.
3363 4781 3406 4829 1.

1817 4855 1856 4889 ¹⁸
1873 4855 2025 4906 Nihil
2054 4854 2280 4919 proﬁcio
2311 4856 2434 4904 Bod.
2457 4853 2505 4903 3.
2534 4849 2640 4900 ΝΟ.
2668 4851 2717 4899 2.

3543 4772 3577 4806 I7
3603 4771 3656 4821 In
3683 4764 3805 4815 vobis

2824 4849 2861 4883 '9
2886 4850 2945 4898 In
2980 4849 3133 4900 cibos
3158 4862 3462 4913 pauperum
3486 4846 3619 4894 Lam.
3695 4837 3729 4913 “l
3752 4834 3803 4883 Ut

512 4907 701 4970 credat
727 4923 844 4997 lien.
886 4924 1000 4971 Ver.
1016 4922 1181 4997 _Corl).
1250 4927 1291 4956 ¹¹
1317 4927 1540 4989 Agapen
1577 4928 1718 4975 Lam.
1745 4928 1848 4977 ΝΟ.
1887 4928 1929 4976 1.
1969 4907 2093 4976 Thr}.
2128 4928 2240 4976 ιιή.
2263 4928 2344 4975 δίε
2367 4930 2562 4989 passim
2584 4924 2744 4997 infra.
2830 4920 2874 4953 “
2900 4919 3051 4970 Nihil
3080 4907 3205 4997 sum
3236 4907 3373 4969 Cctt.
3437 4922 3475 4950 ³³
3503 4907 3799 4997 μίξειῆδξξξξξξ

509 4995 611 5052 est,
637 4992 852 5062 patiens
882 4996 986 5049 est,
1014 4992 1256 5057 benigna
1279 4978 1518 5056 estrn‘on
1549 4996 1796 5057 inﬂatur,
1830 5011 1943 5047 non
1972 4978 2385 5057 dehonestatur,
2413 5011 2527 5048 non
2560 4978 2759 5062 quaerit
2793 5005 2919 5056 qum
2944 5005 3046 5040 sua
3082 4994 3231 5051 sunt.
3257 5005 3366 5041 non
3399 4989 3591 5062 οοεῑω
3619 4978 3805 5062 male?

515 5061 778 5125 ingaudet
803 5064 1132 5127 injustitiam
1163 5066 1296 5115 Cott.

508 5135 748 5197 teipsum
781 5135 915 5184 Cott.
950 5136 1075 5186 Thu.
1112 5137 1258 5187 Corb.
1298 5140 1436 5188 Lam.
1474 5140 1711 5192 Li'n.NC.
1741 5143 1787 5201 1,
1816 5141 1862 5189 2.

517 5206 756 5256 invicem
790 5206 911 5255 Bod.
944 5205 988 5255 3.

510 5290 678 5340 quem
707 5275 860 5327 videt
887 5277 1142 5339 quotidie
1173 5280 1308 5329 Cott.

520 5346 558 5379 δ’
591 5345 749 5396 Tunc
780 5344 977 5397 oﬂ‘eres
1007 5346 1144 5395 Lam.
1175 5351 1300 5400 Bod.
1330 5352 1377 5401 2.
1405 5353 1511 5404 NG.
1546 5355 1589 5402 1.

1418 5070 1459 5099 ²⁴
1488 5068 1685 5119 Omnia
1711 5070 1920 5120 suffert.
1948 5070 2090 5118 Lam.
2119 5070 2231 5118 Li‘n.
2267 5068 2374 5119 ΝΟ.
2408 5070 2453 5118 1.
2494 5068 2614 5119 Bod.
2650 5066 2697 5117 2.
2725 5066 2857 5114 Coti.

1907 5107 2911 5203 ’“’;έίςίξι;ᾱ.ιξ.ῖ’.ίὀέιξίηῖίιίξιδφ
2959 5137 3003 5184 ι.
3038 5107 3496 5203 nassa...
3666 5107 3708 5203 az
3729 5114 3793 5203 lg

1088 5206 1128 5241 ³⁷
1152 5210 1515 5273 Apparebunt
1542 5210 1642 5261 ﬁlii
1686 5214 1820 5262 Lam.
1851 5212 1977 5262 Bod.
2004 5211 2052 5261 2.
2084 5214 2131 5263 Ν

1090 5280 1142 5329 ie
1173 5280 1308 5329 Cott.
1408 5281 1447 5315 ³ο
1469 5283 1580 5334 Nec
1612 5283 1909 5340 quisquam
1931 5297 2094 5334 suum
2118 5286 2135 5340 j

2240 5215 2270 5263 l.
2371 5213 2412 5246 ³⁸
2438 5213 2571 5263 Item
2597 5210 2710 5260 illic
2749 5223 2759 5255 :
2785 5207 2893 5269 Qui
2917 5206 3141 5256 fratrem
3177 5206 3300 5254 Thu.
3330 5206 3470 5255 Corb.
3546 5206 3582 5229 ιν
3604 5206 3799 5274 Fratrem

2242 5284 2405 5335 cabat
2431 5285 2500 5335 de
2529 5283 2689 5334 bonis
2716 5278 2863 5329 Corb.
2952 5281 2991 5311 3'
3021 5278 3080 5327 In
3111 5276 3411 5340 Evangelio
3442 5271 3610 5340 desunt
3634 5276 3682 5340 ut
3702 5260 3799 5340 Tha.

1612 5298 1909 5347 quisquam
1931 5298 2094 5334 suum
2118 5298 2405 5347 Juaicanat
2431 5298 2500 5335 ae
2529 5298 2689 5334 DODIS
2716 5298 2863 5329 coro.
2952 5298 2991 5311 ι-

1725 5356 1763 5386 ³³
1792 5354 1979 5406 Manet
2006 5356 2063 5405 in
2090 5356 2389 5406 dilectione
2415 5358 2555 5405 Lam.
2588 5352 2708 5402 Bod.
2734 5351 2781 5400 2.
2809 5349 2917 5401 ΝΟ.
2952 5350 2997 5398 1.

2974 5064 3015 5097 ⁸⁵
3048 5064 3364 5112 Proximum
3384 5065 3550 5116 tuum,
3579 5057 3799 5116 tanqu“!l

2371 5213 2412 5246 ιε
2438 5213 2571 5263 Item
2597 5210 2710 5260 illic
2749 5223 2759 5255 :
2785 5207 2893 5269 Qui
2917 5206 3141 5256 fratrem
3177 5205 3300 5254 Thu.
3330 5201 3470 5255 Corb.
3546 5197 3582 5229 ²⁹
3604 5194 3805 5269 Frag?!”

3088 5350 3129 5380 ⁹⁴
3149 5327 3304 5398 Deus
3340 5346 3395 5395 in
3428 5354 3489 5392 eo
3521 5338 3615 5389 erit
3641 5329 3741 5382 Bod.
3770 5327 3806 5373 1.

509 5419 571 5468 In
601 5418 719 5468 Deo
752 5419 956 5487 manet.
991 5416 1130 5467 Item
1161 5398 1444 5483 Roma—,2,
1548 5398 1620 5456 “3‘
1647 5398 2392 5487 Oditfhdmieidd
2415 5398 2575 5476 νηί*
2588 5398 2881 5485 chepisti
2904 5422 3045 5469 Lam.
3078 5417 3202 5468 Bod.
3234 5419 3283 5476 1,
3313 5417 3357 5467 2.
3384 5412 3486 5487 NG.
3531 5411 3573 5459 1.

508 5488 757 5553 quamini
782 5485 907 5536 Bod.
940 5487 986 5537 2.
1121 5489 1160 5524 ³³
1183 5490 1339 5542 Elate
1364 5493 1512 5542 Corb.

507 5561 548 5594 δ’
567 5557 821 5609 Accincti
845 5561 976 5606 sunt
1005 5559 1218 5623 robore,
1251 5563 1375 5612 Bod.
1402 5569 1445 5611 3.

524 5632 565 5661 44
594 5628 902 5679 Extollitur
929 5629 1051 5679 Bod.
1082 5632 1129 5683 2.

1646 5494 1683 5527 3°
1704 5495 2111 5559 Magniloquela
2143 5496 2277 5545 Lam.
2309 5496 2416 5545 ΝΟ.
2453 5497 2491 5545 i.
2527 5496 2649 5545 Bod.
2671 5494 2716 5543 2.

1574 5567 1615 5597 ⁴¹
1642 5566 1918 5616 Timueris
1943 5567 2083 5616 Lam.
2128 5567 2242 5617 Lin.
2283 5568 2390 5618 NG.
2436 5566 2560 5616 Bod.
2598 5568 2644 5616 4.
2680 5563 2816 5614 Gott.

1260 5635 1302 5666 ⁴⁶
1332 5635 1537 5685 Peribit
1560 5637 1700 5686 Lam
1736 5638 1845 5686 Li'n.
1877 5637 2013 5686 Coll.
2041 5637 2149 5687 NC.
2181 5638 2358 5687 LBod.
2395 5639 2439 5696 1,
2471 5638 2519 5696 2,
2575 5636 2621 5684 4.
2665 5636 2785 5684 Thu.
2827 5631 2972 5682 Carb.

2850 5490 2892 5523 ⁸ο
2911 5469 3282 5541 Scientiarum
3313 5485 3562 5539 Dominus
3592 5479 3670 5528 est
3700 5469 3805 5541 Cotl-

2945 5539 2999 5594 41
3026 5559 3279 5611 Stercore
3330 5563 3460 5610 Lam.
3504 5553 3604 5603 ιιή.
3649 5539 3804 5611 NCJ;

3102 5601 3531 5680 :3§.;5.;'c".;;bf
3623 5615 3658 5647 ιτ
3697 5601 3801 5660 Mihi

507 5699 907 5780 domum_Lam.
934 5700 1043 5780 NC_.
1072 5704 1116 5751 1.
1140 5704 1273 5780 δρα,
1303 5683 1353 5755 εξ
1388 5683 1538 5780 omit.
1561 5683 1865 5780 "mea
1886 5683 2351 5780 ξυευιχέέρξεῑέέη
2385 5683 2519 5756 ..ξεῖ
2552 5706 2753 5780 ιςοιιητ.
2841 5704 2983 5780 «at
2995 5703 3283 5780 “male...
3307 5698 3423 5780 ις...
3450 5697 3495 5780 ξ.
3524 5762 3549 5780 λ
3572 5690 3607 5780 ις
3631 5683 3797 5737 Fauces

507 5770 689 5837 mites,
719 5770 844 5822 Bod.
879 5775 929 5823 4ο
966 5773 1085 5827 Tha.
1160 5774 1194 5808 ³⁸
1222 5775 1485 5828 Minimus
1511 5778 1671 5829 fuerit
1695 5760 1816 5828 Βοξί.
1842 5777 1890 5829 3.
1915 5760 1930 5771 ’
1960 5780 2001 5811 ⁵⁸
2028 5760 2219 5831 Altum
2250 5780 2532 5845 respicere
2573 5777 2715 5828 Bod.
2752 5781 2797 5828 3.
2880 5774 2920 5811 ³³
2946 5774 3221 5829 Omnibus
3245 5771 3424 5826 debita
3451 5762 3565 5820 Bod.
3591 5760 3630 5812 ιο
