3998 6194
208 173 306 223 765

1227 167 1771 226 TESTIMONIORUM
1800 171 1951 226 ADV.
1993 170 2261 227 JUDEOS
2291 172 2416 226 LIB.
2460 173 2548 226 III.

3456 180 3557 233 766

201 293 293 345 cui
324 289 598 344 tributum
634 290 931 360 tributum,
974 292 1063 346 cui
1098 292 1332 362 vectigal
1362 294 1617 365 vectigal,
1646 294 1735 348 cui
1764 294 1831 348 ti~
1857 308 1915 379 Α
1938 294 2039 348 tibi
2072 295 2256 365 gratia
2296 310 2438 349 mea.
2480 297 2623 350 Nam
2662 297 2837 351 virtus
2876 298 2934 352 in
2972 298 3306 355 inﬁrmitate
3342 300 3569 371 perﬁci—

200 400 424 439 morem
472 384 763 450 timorem,
809 384 896 437 cui
938 384 1215 439 honorem
1260 386 1557 440 honorem.
1611 388 1835 441 Nemini

200 480 505 549 quicquam
530 478 802 545 debeatis,
828 477 933 531 nisi
955 483 1018 533 ut
1048 479 1289 533 invicem
1314 480 1560 549 diligatis
1586 502 1612 528 n
1638 482 1831 550 (Rom,

195 589 314 639 Ini,
364 573 434 635 7).
466 574 605 626 Item
648 572 702 625 in
750 573 1056 641 Evangelio
1094 576 1217 626 cata
1264 574 1586 627 Matthaeum
1621 590 1632 627 :
1666 595 1691 621 ‹‹
1740 573 1829 626 Di-

195 666 387 736 ligunt
428 665 680 735 primum
725 665 1091 720 recumbendi
1142 668 1328 719 locum
1372 666 1430 720 in
1471 668 1641 721 caenis
1664 669 1734 736 δ”,
1778 671 1835 720 et

193 759 443 829 primam
484 758 795 812 sessionem
836 758 891 812 in
922 759 1248 829 synagogis,
1280 764 1337 813 et
1378 760 1743 814 salutationes
1774 760 1830 813 in

192 854 316 908 foro
366 856 422 905 et
464 851 653 906 vocari
690 851 759 905 ab
806 852 1129 906 hominibus
1176 852 1480 906 rabbi.Vos
1524 857 1717 907 autem
1762 870 1833 907 ne

193 946 536 1000 rocaveritis
562 947 605 982 ⁸⁵
635 946 812 999 rabhi.
836 947 989 1000 Unus
1017 950 1100 1000 est
1132 947 1283 1000 enim
1316 947 1472 1000 vobis
1503 948 1775 1018 magister
1804 970 1829 996 ››

96 1100 100 1103 Α
194 1042 436 1111 (Matth,
479 1056 634 1107 XXIII,
680 1040 813 1109 6-8).
856 1041 996 1093 Item
1034 1039 1091 1092 in
1140 1040 1439 1110 Evangelio
1491 1045 1617 1094 cata
1663 1042 1832 1111 Joan-

189 1150 324 1187 nem
360 1150 373 1186 :
410 1153 436 1179 (ί
468 1134 587 1187 Non
629 1137 712 1185 est
752 1148 944 1187 servus
986 1132 1171 1201 major
1209 1133 1439 1186 domino
1486 1149 1607 1203 suo,
1648 1150 1830 1204 neque

189 1228 483 1297 apostolus
512 1226 701 1295 major
726 1242 790 1279 eo
819 1226 914 1296 qui
959 1242 1016 1279 se
1057 1226 1231 1279 misit.
1262 1227 1389 1279 Haec
1419 1226 1658 1281 scientes
1682 1227 1833 1281 beati

191 1321 350 1374 eritis
376 1321 443 1386 ⁵6,
490 1319 535 1372 si
576 1336 639 1373 ea
686 1319 936 1373 feceritis
978 1340 1003 1368 ››
1051 1318 1253 1389 (Joan.,
1296 1336 1406 1385 xm,
1456 1322 1563 1387 16).
1600 1322 1737 1375 Item
1772 1320 1831 1372 in

189 1415 413 1468 Psalmo
468 1430 629 1467 LXXXI
677 1430 689 1466 :
748 1435 773 1461 ‹‹
816 1412 1100 1467 Humilem
1153 1418 1208 1467 et
1262 1428 1575 1483 pauperem
1626 1412 1825 1483 justiﬁ-

196 1513 339 1561 cate.
376 1530 403 1556 ››

196 1657 319 1711 CAP.
363 1655 451 1709 VI.
485 1681 552 1693 -
580 1655 756 1706 Bonos
793 1667 1030 1721 quosque
1054 1652 1161 1707 5"et
1184 1654 1363 1721 justas
1390 1655 1514 1722 plus
1554 1654 1801 1707 laborare

466 1734 556 1787 sed
584 1734 810 1787 tolerare
838 1733 1044 1799 debere,
1075 1736 1203 1801 quia
1225 1735 1543 1803 probantur.

256 1851 425 1921 Apud
471 1850 837 1907 Salomonem
868 1867 880 1903 :
914 1870 939 1898 ‹‹
984 1852 1126 1904 Vasa
1164 1849 1326 1921 ﬁguli
1356 1850 1562 1921 probat
1603 1850 1821 1919 fornax,

193 1949 243 1999 et
290 1945 567 1999 homines
607 1944 793 2014 justos
844 1944 1082 1997 tentatio
1130 1943 1573 1998 tribulationis»
1619 1944 1824 2013 (Eccli.,

193 2055 353 2105 xxvu,
408 2041 480 2107 6).
528 2039 666 2093 Item
718 2037 776 2090 in
823 2038 1042 2091 Psalmo
1091 2054 1120 2091 L
1165 2054 1177 2091 :
1233 2058 1260 2086 ‹‹
1311 2036 1665 2092 Sacriﬁcium
1711 2038 1826 2092 Deo

192 2132 422 2201 spiritus
461 2130 894 2197 contribulatus,
924 2148 1023 2185 cor
1052 2132 1359 2185 contritum
1386 2137 1442 2185 et
1467 2130 1830 2185 humiliatum
1900 2189 1911 2199 ,

194 2225 333 2277 Deus
384 2240 503 2278 non
553 2223 905 2295 despiciet”.
966 2244 988 2273 ι)
1042 2224 1179 2278 Item
1232 2223 1289 2277 in
1346 2223 1563 2277 Psalmo
1612 2240 1825 2278 xxxm:

196 2339 219 2363 ‹‹
260 2318 557 2371 Proximus
596 2320 681 2370 est
726 2316 918 2388 736
973 2317 1239 2370 Dominus
1284 2317 1541 2370 contritis
1558 2317 1602 2352 ⁸9
1636 2317 1827 2384 corde,

196 2418 246 2465 et
291 2411 542 2465 humiles
594 2410 793 2481 spiritu
844 2409 1097 2463 salvabit.
1142 2432 1168 2457 »
1214 2412 1352 2464 Item
1397 2410 1549 2463 illic:
1591 2431 1617 2458 ‹‹
1646 2410 1831 2463 Multae

194 2521 468 2575 pressurae
496 2506 543 2538 ⁶⁰
576 2504 886 2574 justorum,
930 2503 1030 2557 sed
1061 2504 1104 2537 ⁶¹
1135 2519 1203 2556 ex
1248 2503 1509 2557 omnibus
1546 2503 1655 2557 illis
1700 2504 1833 2557 libe-

196 2599 333 2652 rabit
372 2614 475 2651 eos
513 2598 809 2651 Dominus.
840 2618 865 2644 ››
907 2598 981 2649 De
1012 2596 1118 2649 hoc
1156 2596 1276 2666 ipso
1305 2596 1459 2665 apud
1488 2597 1591 2650 Job
1623 2613 1635 2650 :
1671 2618 1697 2647 ‹‹
1727 2598 1832 2651 Nu-

198 2692 293 2745 dus
324 2690 473 2746 exivi
514 2692 580 2745 de
622 2693 783 2744 utero
821 2689 1021 2743 matris
1056 2705 1222 2757 meae,
1254 2690 1439 2743 nudus
1472 2690 1643 2744 etiam
1672 2690 1763 2743 ibo
1786 2691 1831 2724 ⁶²

198 2786 291 2838 sub
319 2790 566 2838 terram.
603 2784 881 2837 Dominus
910 2782 1085 2848 dedit,
1115 2782 1384 2837 Dominus
1410 2783 1658 2837 abstulit.
1684 2784 1837 2838 Sicut

200 2879 437 2932 Domino
474 2878 767 2947 placuit“,
794 2876 868 2929 ita
901 2878 1109 2930 factum
1135 2882 1234 2930 est.
1263 2876 1343 2930 Sit
1370 2892 1579 2930 nomen
1610 2878 1835 2930 Domini

1936 392 2082 442 tur»
2128 390 2193 459 (II
2233 389 2379 456 Cor.,
2420 406 2512 459 ΧΠ,
2548 392 2678 459 7-9).
2716 394 2788 445 De
2828 392 2935 445 hoc
2975 393 3094 463 ipso
3130 394 3201 448 ad
3238 396 3559 451 Romanos:

1938 504 1964 531 ‹‹
2000 482 2319 536 Gloriamur
2346 482 2404 536 in
2433 499 2530 554 spe
2558 484 2820 538 claritatis
2850 485 2966 554 Dei,
2995 503 3109 540 non
3138 488 3323 542 solum
3347 494 3561 556 autem,

1934 576 2028 629 sed
2071 581 2126 631 et
2172 576 2485 647 gloriamur
2534 576 2591 629 in
2640 578 2946 647 pressuris,
2997 579 3236 636 scientes
3286 582 3561 651 quoniam

1936 685 2197 738 pressura
2252 669 2611 724 tolerantiam
2660 676 2965 740 operatur,
3018 673 3319 728 tolerantia
3369 680 3560 729 autem

1933 761 2350 831 probationem,
2402 762 2657 833 probatio
2702 768 2893 818 autem
2951 781 3129 834 spem.
3177 766 3314 836 Spes
3368 772 3558 823 autem

1932 871 2046 908 non
2077 855 2398 922 confundit,
2427 856 2557 927 quia
2590 855 2809 911 dilectio
2841 857 2939 911 Dei
2968 858 3151 911 infusa
3172 860 3219 892 ⁷ο
3241 863 3325 913 est
3350 860 3408 914 in
3440 877 3560 915 cor-

1934 947 2099 1001 dibus
2140 949 2343 1002 nostris
2386 965 2488 1019 per
2531 949 2804 1019 Spiritum
2835 954 3094 1004 sanctum
3134 953 3229 1023 qui
3272 953 3436 1007 datus
3479 958 3561 1008 est

1931 1040 2091 1095 nobis
2121 1065 2147 1091 ν
2178 1042 2370 1112 (Rom,
2404 1060 2456 1110 v,
2485 1047 2613 1113 2-5).
2653 1044 2727 1097 De
2758 1044 2864 1097 hoc
2895 1044 3015 1115 ipso
3042 1051 3164 1099 cata
3189 1046 3511 1100 Mattheeum
3543 1066 3556 1101 :

1937 1156 1963 1183 α
2000 1136 2182 1198 Quam
2218 1136 2331 1189 lata
2360 1139 2417 1189 et
2447 1137 2693 1206 spatiosa
2727 1139 2809 1190 via
2840 1142 2924 1191 est
2960 1154 3089 1208 quas
3128 1138 3281 1193 ducit
3306 1139 3375 1192 ad
3416 1140 3561 1193 inte-

1932 1224 2128 1293 ritum,
2161 1228 2215 1277 et
2249 1225 2414 1278 multi
2452 1226 2649 1278 sunt'H
2680 1225 2776 1295 qui
2810 1225 3022 1279 intrant
3052 1242 3153 1295 per
3179 1227 3342 1280 eam!
3379 1227 3561 1289 Quam

1931 1320 2085 1371 arcta
2131 1321 2189 1370 et
2236 1321 2479 1386 angusta
2528 1319 2613 1372 via
2660 1324 2741 1372 est
2785 1335 2911 1389 qua:
2960 1319 3113 1373 ducit
3158 1320 3231 1373 ad
3270 1320 3461 1387 vitam,
3506 1324 3563 1375 et

1931 1411 2099 1480 pauci
2141 1417 2270 1465 sunt
2315 1410 2413 1481 qui
2453 1428 2578 1465 eam
2621 1412 2918 1465 inveniunt
2957 1432 2984 1462 »
3028 1412 3266 1481 (Matth.,
3306 1429 3403 1480 v11,
3439 1413 3556 1484 I3)!

1935 1505 2005 1557 De
2051 1504 2155 1558 hoc
2204 1505 2325 1575 ipso
2376 1505 2435 1560 in
2479 1505 2649 1559 Tobia
2690 1522 2703 1558 :
2753 1526 2779 1555 ‹‹
2823 1506 2927 1559 Ubi
2975 1511 3106 1561 sunt
3142 1506 3374 1576 justitiaa
3405 1509 3559 1561 tute?

1932 1598 2068 1652 Ecce
2103 1614 2229 1669 qua:
2263 1598 2469 1669 pateris
2504 1618 2529 1649 »
2564 1598 2741 1669 (Tob.,
2782 1615 2841 1667 II,
2872 1600 2980 1669 24).
3016 1601 3151 1653 Item
3182 1600 3241 1653 in
3278 1600 3559 1670 Sapientia

1805 1694 1821 1715 '
1844 1673 1900 1745 Β
1923 1692 2236 1749 Salomonis
2266 1709 2279 1745 :
2314 1714 2341 1741 (ι
2373 1694 2435 1747 In
2464 1692 2603 1745 locis
2626 1693 2671 1725 ⁷²
2701 1692 3010 1762 impiorum
3049 1698 3289 1763 gemunt
3309 1693 3466 1764 justi.
3500 1695 3559 1747 In

1927 1785 2153 1840 illorum
2199 1789 2392 1839 autem
2433 1786 2817 1857 perditionem
2863 1786 3464 1857 abundabuntujusti
3506 1808 3533 1835 »

1928 1879 2087 1951 (Prov
2102 1922 2136 1949 .,
2168 1896 2361 1947 xxvm,
2391 1880 2496 1951 28).

1928 2008 2052 2061 CAP.
2095 2007 2199 2061 VII.
2229 2036 2297 2045 —
2325 2008 2447 2063 Non
2474 2007 2905 2061 contristandum
2934 2007 3199 2076 Spiritum
3220 2006 3266 2041 7‘
3295 2009 3560 2068 sanctum,

2494 2102 2650 2155 quem
2677 2088 2992 2156 accepimus.

2001 2188 2207 2243 Paulus
2228 2189 2275 2221 ⁷⁵
2309 2189 2593 2259 apostolus
2632 2188 2705 2242 ad
2732 2188 3002 2259 Ephesios
3034 2206 3045 2243 :
3082 2210 3109 2237 ‹‹
3142 2188 3324 2243 Nolite
3351 2188 3559 2242 contri-

1932 2288 2078 2337 stare
2118 2282 2391 2352 Spiritum
2429 2284 2689 2336 sanctum
2720 2282 2841 2349 Dei,
2876 2281 2933 2335 in
2968 2298 3080 2352 quo
3109 2282 3313 2352 signati
3344 2282 3476 2338 estis
3505 2282 3561 2336 in

1934 2376 2026 2430 die
2054 2375 2547 2446 76redemptionis.
2590 2376 2785 2430 Omnis
2824 2375 3152 2431 amaritudo
3181 2380 3237 2430 et
3272 2377 3354 2429 ira
3385 2380 3441 2429 et
3468 2376 3562 2451 in-

1935 2470 2189 2540 dignatio
2237 2472 2291 2524 et
2340 2469 2549 2523 clamor
2595 2472 2653 2522 et
2701 2466 3124 2540 blasphemia"
3164 2471 3494 2526 auferantur
3532 2486 3561 2521 a

1934 2563 2088 2616 vobis
2120 2584 2146 2612 »
2178 2562 2415 2633 (Ephes.,
2449 2579 2523 2629 ιν,
2555 2564 2661 2631 30).

1938 2695 2123 2768 737
2160 2697 2285 2751 CAP.
2334 2697 2466 2751 VIII.
2504 2725 2571 2735 —
2603 2696 2949 2750 Iracundiam
2982 2697 3300 2751 vincendam
3334 2709 3463 2758 esse,
3502 2710 3565 2749 ne

2485 2781 2640 2844 cogat
2665 2776 2999 2845 delinquere.

2008 2877 2168 2948 Apud
2201 2878 2581 2943 Salomonem,
2612 2879 2669 2932 in
2701 2877 3017 2933 Proverbiis
3047 2894 3059 2930 :
3091 2898 3116 2925 (ι
3149 2875 3344 2930 Melior
3370 2878 3454 2929 est
3482 2875 3566 2927 vir

201 2972 560 3027 benedictum
582 2972 643 3023 5‘.
670 2972 733 3024 In
759 2971 846 3024 his
872 2969 1133 3023 omnibus
1157 2986 1285 3039 quae
1314 2971 1677 3040 contigerunt
1698 2971 1834 3037 ei“,
1884 3038 1898 3040 _
1947 2971 2171 3040 patiens
2229 2970 2384 3025 forti.
2445 2972 2549 3034 Qui
2612 2972 2761 3025 enim
2827 2969 3180 3025 iracundiam
3210 2969 3461 3022 continet
3492 2970 3560 3035 τε,

200 3067 335 3120 nihil
366 3065 621 3135 peccavit
650 3066 749 3118 Job
781 3063 941 3117 labiis
970 3064 1084 3117 suis
1114 3038 1513 3133 conspectu
1546 3064 1777 3117 Domini
1811 3086 1837 3113 »
1862 3038 1915 3111 Ο
1942 3038 2140 3117 melior
2172 3070 2254 3118 est
2281 3080 2451 3135 quam
2486 3064 2581 3134 qui
2610 3064 2809 3118 urbem
2839 3063 2985 3133 capit
3013 3085 3038 3111 ››
3076 3064 3278 3131 (Prov.,
3312 3079 3420 3131 xvr,
3453 3062 3562 3129 32).

208 3162 328 3226 (Job,
384 3177 420 3226 ι,
470 3158 587 3226 2i).
632 3159 711 3211 De
755 3158 860 3211 hoc
912 3158 1033 3227 ipso
1076 3157 1134 3211 in
1181 3158 1490 3226 Evangelio
1536 3161 1658 3211 cata
1702 3159 1834 3211 Mat-

202 3254 401 3306 thaeum
436 3270 450 3306 :
493 3274 517 3299 ‹‹
550 3252 699 3305 Beati
738 3251 1166 3322 plangentes“,
1200 3250 1473 3321 quoniam
1500 3250 1606 3321 ipsi
1636 3267 1835 3305 conso-

204 3346 467 3401 labuntur
492 3366 515 3395 ››
545 3347 787 3415 (Matth,
820 3362 871 3410 ν,
896 3346 972 3413 4).
999 3346 1137 3399 Item
1163 3350 1280 3398 cata
1308 3346 1617 3398 Joannem:
1654 3368 1676 3394 (ι
1708 3347 1837 3399 llaec

206 3440 415 3494 locutus
467 3456 591 3492 sum
635 3438 812 3506 vobis,
862 3444 921 3491 ut
968 3439 1027 3491 in
1072 3454 1164 3492 me
1208 3453 1404 3507 pacem
1448 3438 1727 3506 habeatis,
1777 3440 1834 3494 in

204 3535 395 3588 saeculo
435 3536 630 3587 autem
673 3547 993 3603 pressuram
1017 3532 1062 3564 6⁷
1104 3531 1417 3596 habebitis;
1451 3532 1541 3585 sed
1591 3532 1743 3586 fidite
1762 3534 1829 3601 ⁸⁸,

205 3628 472 3696 quoniam
506 3643 613 3695 ego
648 3625 753 3679 vici
790 3624 1071 3678 mundum
1093 3625 1139 3659 ⁵9
1172 3646 1199 3673 ››
1235 3624 1437 3693 (Joau.,
1482 3642 1588 3691 ενι,
1619 3628 1724 3693 33).
1761 3627 1834 3678 De

206 3720 304 3773 hoc
336 3721 461 3790 ipso
502 3720 574 3773 ad
607 3719 930 3775 Corinthios
973 3718 1223 3772 secunda
1255 3734 1267 3770 :
1307 3738 1335 3765 «
1372 3719 1541 3772 Datus
1581 3722 1661 3771 est
1693 3719 1835 3771 mihi

208 3814 463 3868 stimulus
495 3813 683 3866 carnis
724 3828 869 3866 meae
898 3811 1132 3881 angelus
1162 3811 1408 3878 Satanae,
1438 3811 1538 3882 qui
1576 3828 1667 3864 me
1699 3812 1837 3865 cola-

207 3906 401 3976 phizet,
440 3912 507 3960 ut
534 3923 650 3960 non
680 3907 931 3961 extollar.
968 3906 1205 3974 Propter
1231 3905 1384 3975 quod
1414 3909 1500 3958 ter
1532 3905 1835 3959 Dominum

210 4001 393 4069 rogavi
438 4004 507 4053 ut
548 3999 861 4055 discederet
900 4015 932 4053 a
973 4014 1084 4065 me,
1115 4000 1170 4052 et
1212 3997 1351 4051 dixit
1395 3997 1578 4051 mihi:
1616 3999 1834 4053 Sufﬁcit

1944 3160 2086 3211 Item
2112 3156 2284 3211 7"illic
2314 3175 2337 3210 εΔ
2361 3178 2387 3205 ‹‹
2422 3158 2760 3227 Imprudens
2792 3158 2985 3211 eadem
3018 3157 3106 3210 die
3134 3156 3395 3209 enuntiat
3422 3155 3566 3208 iram

1942 3267 2125 3317 suam,
2156 3251 2453 3305 abscondit
2479 3256 2671 3305 autem
2698 3250 3203 3304 inhonorationem
3234 3266 3393 3302 suam
3420 3255 3567 3303 astu~

1942 3349 2032 3397 tus
2070 3362 2097 3394 »
2140 3346 2339 3413 (Prov.,
2369 3360 2466 3404 x11.
2512 3343 2616 3413 16).
2647 3345 2723 3397 De
2766 3344 2873 3397 hoc
2920 3343 3041 3413 ipso
3068 3343 3204 3396 "ad
3244 3342 3514 3413 Ephesios
3547 3359 3555 3392 :

1944 3461 1969 3485 ι(
2016 3437 2347 3504 Irascimini,
2393 3442 2449 3490 et
2488 3436 2667 3490 nolite
2706 3453 2935 3507 peccare
2959 3438 3023 3487 ⁸³.
3059 3436 3149 3491 Sol
3194 3453 3306 3489 non
3347 3435 3565 3489 occidat

1941 3547 2113 3600 super
2150 3530 2503 3584 iracundiam
2539 3536 2782 3584 vestram
2822 3552 2848 3579 ››
2887 3530 3125 3600 (Ephes.,
3168 3547 3236 3596 IV,
3278 3528 3385 3599 26).
3422 3532 3563 3582 Item

1938 3628 1997 3678 in
2039 3624 2348 3693 Evangelio
2380 3629 2500 3677 cata
2536 3624 2858 3677 Matthaeum
2890 3640 2902 3677 :
2942 3646 2967 3672 ‹‹
2997 3623 3241 3680 Audistis
3283 3622 3419 3693 quia
3447 3622 3559 3676 dic-

1940 3721 2061 3771 tum
2101 3723 2183 3771 est
2210 3716 2253 3750 ⁸2
2286 3716 2532 3788 antiquis
2565 3734 2576 3770 :
2608 3718 2732 3771 Non
2774 3718 3019 3781 occides;
3054 3717 3152 3788 qui
3189 3721 3380 3770 autem
3418 3715 3558 3769 ceci-

1938 3811 2103 3879 derit,
2138 3826 2264 3865 reus
2301 3812 2410 3864 erit
2442 3810 2673 3880 judicio.
2712 3812 2829 3881 Ego
2861 3816 3050 3865 autem
3081 3811 3207 3863 dico
3238 3809 3392 3863 vobis
3431 3810 3562 3879 quia

1938 3906 2122 3959 omnis
2159 3904 2256 3975 qui
2292 3904 2549 3958 irascitur
2576 3903 2736 3957 fratri
2775 3921 2875 3959 suo
2906 3905 3027 3959 sine
3066 3920 3231 3959 causa
3265 3903 3395 3973 (45),
3430 3918 3562 3957 reus

1940 3998 2049 4053 erit
2077 3996 2286 4068 judicio
2314 4018 2340 4047 »
2378 3997 2615 4067 (Matth,
2642 4014 2694 4064 v,
2727 4000 2833 4068 21).

1659 4119 1869 4182 Variae
1927 4119 2265 4182 lectiones.

263 4230 300 4263 ⁸⁵
326 4231 385 4279 In
419 4229 769 4280 comestione
797 4227 923 4276 Bod.
949 4227 993 4275 3.

224 4301 337 4349 Βία.
364 4304 408 4359 1,
444 4303 489 4349 4.
576 4300 615 4332 ⁵⁷
644 4301 828 4348 Bonos
855 4311 1081 4362 quoque
1108 4298 1233 4347 Bod.
1260 4302 1307 4358 1,
1345 4298 1393 4357 2,
1416 4298 1465 4345 .4.

210 4372 474 4422 tribulatis
505 4371 669 4421 corde
698 4371 821 4419 Bod.
857 4373 902 4429 1,
928 4375 975 4431 2,
1006 4370 1055 4429 3,
1084 4372 1130 4418 4.
1172 4369 1296 4419 Thu.
1341 4368 1487 4417 Corb.
1539 4368 1676 4417 Cott.

210 4440 246 4471 ⁸⁸
270 4443 330 4491 Et
358 4457 423 4492 ex
453 4441 715 4491 omnibus
748 4440 897 4489 Corb.

1092 4228 1132 4259 ⁵⁵
1158 4227 1340 4277 Nolite
1372 4226 1557 4275 vocari
1592 4227 1700 4275 Lz‘n.
1736 4228 1816 4276 Ne
1848 4226 2125 4278 vocemini
2154 4223 2260 4276 ΝΟ.
2305 4224 2349 4273 2.
2382 4224 2579 4275 Vocati
2615 4225 2829 4274 fueritis
2861 4224 3005 4274 Corb.

998 4440 1041 4473 ⁶¹
1061 4442 1157 4490 Ibo
1190 4442 1244 4489 in
1272 4444 1475 4490 terram
1508 4439 1634 4489 Bod.
1672 4442 1718 4500 i,
1746 4442 1792 4489 4.
1826 4440 1945 4489 T/iu.
1981 4439 2116 4487 Coti.

3108 4224 3148 4258 ⁵⁸
3173 4225 3385 4275 Felices
3412 4220 3565 4275 eritis

1560 4297 1599 4329 ⁵⁸
1623 4297 1866 4360 Despicit
1895 4297 2021 4347 Bod.
2053 4298 2097 4345 2.
2123 4295 2344 4358 Spernit
2377 4297 2487 4344 Lin.
2526 4296 2633 4344 ΝΟ.
2666 4296 2710 4356 2,
2742 4295 2865 4345 Bod.
2897 4296 2942 4344 3.
2975 4295 3099 4346 Thu.
3136 4295 3277 4345 Corb.
3362 4296 3403 4329 ⁵⁸
3425 4296 3566 4347 Con-

1777 4367 1819 4400 ⁶⁰
1842 4368 2016 4417 Multa
2046 4366 2261 4428 ﬂagella
2303 4367 2428 4415 Bod.
2470 4368 2514 4416 3.
2558 4367 2744 4416 Multas
2780 4367 3164 4417 tribulationes
3201 4368 3306 4418 ΝΟ.
3344 4366 3391 4415 2.
3433 4368 3562 4420 Cott,

2215 4436 2253 4468 ⁸⁵
2276 4438 2515 4486 Domino
2541 4438 2727 4486 visum
2758 4441 2843 4487 est
2872 4440 3016 4486 Lam.
3043 4438 3173 4486 60d.
3207 4439 3250 4498 1,
3278 4438 3331 4497 2,
3361 4442 3402 4485 4.
3449 4438 3561 4485 Lin.

212 4514 303 4563 NG.
336 4517 380 4571 1,
412 4516 459 4563 2.
496 4514 622 4562 Thu.
652 4513 797 4561 Corb.
830 4512 963 4560 Coit.
1027 4512 1070 4544 ⁶⁴
1104 4511 1469 4562 Benedictum
1500 4510 1555 4558 in
1584 4510 1788 4559 saecula
1822 4512 1956 4559 Lam.
1986 4511 2091 4561 NII.
2129 4509 2169 4555 1.
2206 4508 2326 4557 Bod.
2355 4514 2398 4555 2.
2466 4508 2508 4539 ⁶⁴
2531 4506 2914 4570 Contigerunt,
2942 4508 3079 4556 nihil
3101 4507 3230 4558 Bod.
3259 4508 3307 4556 2.
3376 4507 3421 4539 ⁸⁸
3465 4508 3564 4556 Fe-

208 4580 330 4630 lices
350 4582 474 4630 Bod.
506 4583 555 4630 4.
594 4582 998 4644 Thu.Lugentes
1028 4581 1148 4629 80d.
1182 4583 1222 4628 1.
1264 4580 1373 4641 Qui
1399 4580 1589 4641 lugent
1621 4580 1759 4627 Coit.
1796 4580 2128 4643 Plangentes
2171 4593 2322 4628 nunc
2362 4580 2499 4626 Lam.
2540 4578 2646 4626 ΝΟ.
2686 4581 2726 4626 1.
2798 4577 2837 4610 ⁸⁷
2890 4579 3214 4627 Pressuram
3283 4578 3382 4627 sed
3435 4578 3597 4626 Tliu.‘

212 4650 328 4700 Ball.
356 4656 397 4712 I,
425 4653 474 4712 3,
510 4655 552 4698 4.
644 4651 686 4683 ⁸⁸
705 4650 979 4701 Conﬁdite
1011 4650 1131 4699 Bod.
1159 4652 1205 4711 1,
1231 4652 1278 4699 3.

1377 4648 1420 4681 ⁸9
1453 4650 1571 4699 Vici
1604 4648 1876 4698 saeculum
1910 4649 2038 4698 Bod.
2072 4651 2112 4708 1,
2146 4651 2193 4698 4.
2233 4650 2339 4697 Thu
2393 4646 2541 4699 Corb.

2644 4648 2682 4679 ⁷³
2713 4648 2925 4698 Ditfusa
2968 4649 3103 4697 Cott.
3207 4649 3244 4679 7'
3274 4650 3562 4698 Introeunt

210 4722 337 4770 Lam.
370 4726 482 4772 Lin.
516 4722 621 4771 ΝΟ.
662 4724 702 4782 1,
731 4723 777 4771 2.
816 4721 943 4771 Bod.
975 4723 1017 4779 1,
1048 4726 1094 4780 2,
1127 4722 1174 4769 4.
1217 4721 1321 4770 Thu
1360 4720 1513 4769 Corb.
1580 4719 1620 4752 ⁷³
1651 4721 1713 4768 In
1744 4720 1867 4768 loco
1891 4720 2018 4769 Bori.
2064 4721 2109 4769 2.
2176 4720 2216 4751 ⁷³
2244 4719 2615 4768 Perditionem
2642 4720 2795 4782 Impr.
2864 4719 3258 4770 7*Contristare
3286 4722 3425 4768 Lam.
3450 4721 3560 4767 Lin.

216 4794 313 4845 ΝΟ.
344 4794 382 4826 ⁷⁵
404 4794 796 4843 ΡδιιΙιιεθΟτοη.
827 4791 974 4841 (.‘orb.
1004 4792 1142 4839 Lam.
1175 4792 1287 4839 Lz'n.
1319 4791 1425 4839 ΝΟ.
1456 4791 1501 4838 2.
1536 4790 1659 4839 Bod.
1684 4790 1831 4838 Tribi

1939 4794 1973 4838 it
2003 4790 2136 4839 Cott.
2177 4790 2224 4851 2,
2256 4790 2298 4838 3.
2329 4788 2369 4820 ⁷⁵
2400 4790 2459 4837 In
2479 4789 2624 4838 diem
2653 4789 2772 4837 Tim.
2806 4788 2949 4837 ('orb.
2974 4790 3114 4837 Lam.
3151 4791 3263 4838 Lm.
3286 4790 3396 4839 ΝΟ.
3428 4792 3469 4845 1,
3499 4793 3547 4835 2.

215 4865 330 4913 Bod.
363 4867 407 4914 2.
450 4865 489 4898 77
514 4866 809 4913 Auferatur
844 4864 964 4912 Thu.
995 4862 1138 4911 Corb.
1168 4864 1214 4911 Α
1240 4862 1419 4921 vobis,
1453 4876 1581 4911 cum
1613 4864 1763 4910 omni
1790 4862 1999 4910 malitia
2048 4862 2136 4909 Vir
2169 4860 2533 4923 perditionem
2569 4858 2703 4907 Cott.
2772 4859 2813 4892 ⁷⁸
2857 4860 3209 4909 Iracundiam
3254 4860 3562 4910 contemnit

218 4936 349 4983 Boi.
389 4938 437 4997 3,
469 4936 515 4983 4.
563 4935 670 4995 Qui
711 4933 1057 4983 iracundiam
1104 4933 1352 4982 continet
1390 4933 1569 4995 capiet
1614 4931 1809 4981 urbem
1868 4933 2009 4980 Coit.

218 5006 318 5053 ΝΟ.
348 5011 391 5053 2.

218 5075 257 5123 2.
287 5078 324 5125 1.
420 5077 460 5110 ⁸³
487 5078 708 5126 Dictum
752 5080 833 5126 est
855 5074 927 5124 ab
958 5074 1200 5136 antiquis
1232 5075 1372 5123 Lam.
1411 5075 1515 5124 ΝΟ.
1551 5076 1592 5122 1.

524 5006 562 5036 ⁸³
583 5005 787 5053 Paulus
816 5005 969 5052 Oxon.
999 5004 1138 5051 Lam.
1179 5003 1340 5063 NCJ,
1383 5003 1432 5051 2.
1467 5003 1589 5051 Bod.
1624 5008 1667 5051 2.
1700 5004 1832 5052 deest
1864 5003 1915 5050 ιή
1950 5004 2227 5063 impressis.

2140 4930 2181 4963 7°
2211 4932 2269 4980 In
2302 4930 2576 4993 parabolis
2601 4930 2737 4979 Lam.
2761 4931 2867 4979 ΝΟ.
2903 4932 2947 4992 1,
2975 4932 3022 4979 2.
3052 4930 3177 4979 Bod.
3223 4938 3270 4983 2.
3303 4930 3559 4980 Proverb.

2326 5001 2362 5034 ⁶¹
2395 5000 2794 5065 Derelinquere
2822 5003 2959 5050 Lam.
3006 5002 3117 5051 Li'n.
3177 5002 3283 5052 ΝΟ.
3314 5004 3380 5064 ,1.
3431 5001 3565 5051 Bod.

1502 5192 1721 5273 Steph.
1774 5190 2013 5253 Baluzii
2060 5193 2258 5251 notae.

276 5292 365 5353 (45)
420 5294 542 5343 Sine
595 5306 772 5341 causa.
836 5290 1168 5351 Cassianus,
1229 5288 1322 5337 lib.
1380 5303 1506 5351 νηί,
1562 5304 1679 5352 cap.
1751 5289 1833 5348 20,

218 5362 396 5412 scribit
423 5366 494 5413 ita
524 5364 631 5427 legi
670 5365 725 5411 in
768 5360 1103 5425 quibusdam
1135 5361 1566 5423 exemplaribus,
1600 5366 1648 5409 et
1687 5359 1838 5408 addit

220 5435 481 5495 superflua
531 5449 653 5484 esse
699 5436 807 5483 sine
869 5444 1055 5491 causa,
1109 5436 1163 5479 et
1225 5432 1435 5495 adjecta
1488 5431 1556 5481 ab
1602 5431 1689 5479 his
1739 5431 1837 5494 qui

222 5503 585 5566 iuiputandam
620 5506 754 5553 iram
784 5517 880 5566 pro
908 5502 1073 5565 justis
1109 5503 1291 5550 causis
1335 5502 1564 5551 minime
1608 5504 1835 5564 putave-

221 5579 359 5633 runt,
389 5590 513 5625 cum
557 5576 752 5639 utique
800 5574 1008 5633 nullus,
1038 5572 1343 5636 quamlibet
1380 5572 1590 5634 absque
1627 5572 1835 5623 ratione

225 5652 534 5707 commotus,
577 5648 695 5696 sine
746 5660 909 5695 causa
956 5658 1015 5694 se
1057 5644 1205 5693 dicat
1248 5644 1425 5693 irasci.
1460 5643 1835 5705 Hieronymus

226 5728 436 5783 quoque
487 5721 539 5769 in
592 5722 761 5782 caput
802 5732 859 5770 IV
906 5717 1168 5782 Epistolas
1214 5716 1284 5765 ad
1332 5715 1595 5779 Ephesios,
1642 5718 1693 5764 et
1750 5726 1836 5765 ca-

1940 5292 2039 5350 put
2070 5300 2106 5337 v
2147 5286 2402 5343 Matthxi,
2450 5287 2597 5336 unde
2643 5290 2895 5350 sumptus
2940 5291 3023 5337 est
3070 5288 3160 5339 hic
3202 5288 3377 5352 locus,
3416 5292 3491 5341 ait
3535 5306 3564 5339 a

1940 5359 2273 5423 quibusdam
2326 5358 2609 5409 codicibus
2657 5360 2785 5408 addi
2815 5362 2928 5409 sine
2974 5375 3156 5421 causa,
3189 5366 3241 5411 et
3283 5364 3431 5412 istud
3473 5378 3565 5411 ra-

1940 5431 2187 5480 dendum
2231 5444 2371 5491 esse,
2403 5432 2530 5494 quia
2576 5432 2661 5481 ira
2696 5433 2803 5481 viri
2836 5432 2974 5494 justi
3014 5434 3289 5496 justitiam
3336 5435 3430 5481 Dei
3459 5447 3563 5481 non

1938 5507 2203 5564 Operatur.
2237 5503 2378 5552 Vide
2408 5502 2617 5552 Erasmi
2651 5503 3036 5555 adnotationes
3062 5505 3118 5553 in
3142 5504 3294 5554 hunc
3322 5504 3561 5553 Matthzei

1938 5572 2222 5693 locum3et
2271 5574 2543 5625 Renatum
2600 5574 2944 5627 Massuetum
2996 5580 3053 5629 in
3102 5575 3195 5625 lib.
3248 5587 3303 5626 1v
3355 5575 3569 5633 Irenaei,

1938 5658 2056 5693 can.
2162 5682 2170 5693 .

1938 5658 2056 5707 cap.
2100 5658 2170 5693 ιδ.
