3998 6194
25 5859 318 5982 -.η’

552 393 681 451 CAP.
712 396 797 450 IX.
825 425 894 436 —
919 397 1148 452 Invicem
1176 411 1228 452 se
1249 399 1454 465 fratres
1481 402 1746 455 sustine-re
1775 400 1980 456 debere.

526 488 684 542 Ad"
729 488 944 543 Galatas
992 508 1004 544 :
1057 511 1081 538 τ‹
1131 492 1191 546 In
1218 493 1760 562 contemplatione“
1807 494 2080 551 habentes

453 581 862 652 unusquisque,
911 598 983 637 ne
1028 587 1085 638 et
1129 600 1226 639 vos
1274 586 1598 641 tentemini.
1649 587 2002 644 Alterutrum
2031 591 2078 624 ⁸⁵

457 689 632 727 onera
668 675 958 744 sustinete,
996 680 1052 732 et
1079 677 1156 732 sic
1182 678 1566 750 adimplebitis
1601 681 1785 752 legem
1817 682 2018 738 Christi
2046 705 2074 733 ››

460 768 688 834 (Galat.,
716 785 790 838 v1,
822 769 896 840 1).

455 861 582 918 CAP.
629 863 686 918 Χ.
738 893 806 902 -
852 865 917 918 In
957 867 1123 921 Deum
1168 868 1338 922 solum
1361 869 1406 903 ⁸⁸
1450 869 1725 938 ﬁdendum
1768 875 1818 926 et
1861 872 1918 925 in
1965 874 2078 943 ipso

1010 947 1356 1012 gloriandum
1393 963 1522 1003 esse.

526 1036 694 1106 Apud
733 1037 1032 1093 Jeremiam
1065 1058 1078 1094 :
1111 1064 1136 1090 ι(
1167 1041 1285 1094 Non
1326 1042 1605 1111 glorietur
1633 1044 1856 1115 sapiens
1893 1045 1950 1098 in
1990 1062 2074 1099 sa-

456 1128 667 1198 pientia
714 1147 836 1198 sua,
879 1149 1062 1204 neque
1109 1134 1384 1205 glorietur
1431 1135 1594 1191 fortis
1641 1137 1698 1190 in
1747 1137 2076 1194 fortitudine

457 1239 576 1289 sua,
621 1240 808 1295 neque
851 1226 1124 1296 glorietur
1165 1229 1315 1283 dives
1355 1229 1414 1283 in
1455 1231 1660 1285 divitiis
1704 1233 1840 1300 suis,
1886 1234 1982 1288 sed
2017 1233 2075 1288 in

454 1315 558 1370 hoc
587 1316 862 1386 glorietur
889 1319 987 1390 qui
1019 1320 1297 1390 gloriatur
1317 1323 1383 1392 ⁸⁷,
1413 1323 1730 1395 intelligere
1761 1329 1819 1379 et
1847 1343 2008 1380 nosse
2028 1326 2076 1362 ⁸⁸

458 1409 732 1478 quoniam
758 1427 863 1483 ego
883 1429 1010 1467 sum
1030 1415 1323 1483 Dominus,
1343 1418 1439 1487 qui
1464 1418 1605 1472 facio
1625 1420 2075 1474 misericordiam

456 1507 510 1555 et
535 1503 816 1572 judicium
847 1510 903 1560 et
930 1506 1204 1576 justitiam
1246 1526 1418 1580 super
1451 1514 1679 1579 terram,
1710 1513 1979 1584 quoniam
2018 1515 2076 1570 in

455 1594 541 1648 his
577 1600 662 1649 est
690 1597 947 1653 voluntas
989 1617 1136 1668 mea,
1177 1602 1310 1657 dicit
1340 1605 1610 1658 Dominus
1654 1628 1681 1656 ››
1721 1608 1956 1677 (Jerem.,
1999 1624 2072 1678 lx,

452 1689 561 1759 22).
602 1691 676 1744 De
705 1689 813 1745 hoc
843 1691 967 1762 ipso
1007 1693 1063 1748 in
1094 1696 1309 1751 Psalmo
1338 1713 1423 1752 le
1455 1714 1468 1752 :
1508 1718 1534 1747 α
1576 1700 1639 1754 In
1677 1699 1912 1755 Domino
1944 1718 2072 1772 spe-

453 1783 593 1850 ravi,
628 1800 745 1838 non
784 1785 1002 1842 timebo
1049 1789 1185 1859 quid
1233 1790 1398 1844 faciat
1439 1792 1581 1846 mihi
1619 1793 1812 1848 homo.
1858 1815 1885 1843 »
1934 1780 2152 1851 ltemB

451 1876 566 1930 illic
590 1892 602 1932 :
628 1899 656 1926 ‹‹
684 1879 805 1932 Non
833 1879 942 1934 nisi
966 1882 1069 1935 soli
1089 1884 1201 1938 Deo
1227 1884 1475 1956 subjecta
1491 1885 1538 1921 ⁸9
1560 1890 1644 1941 est
1669 1888 1860 1942 anima
1883 1906 2023 1944 mea.
2046 1911 2072 1938 ››

454 1971 593 2024 Item
610 1970 665 2025 in
685 1974 904 2027 Psalmo
923 1990 1069 2030 cxvu
1089 1993 1101 2030 :
1121 1999 1148 2025 «
1170 1979 1288 2032 Non
1312 1984 1561 2034 metuam
1590 1981 1729 2052 quid
1751 1982 1921 2037 faciat
1938 1983 2078 2038 mihi

454 2063 648 2134 homo,
681 2065 951 2122 Dominus
986 2070 1126 2123 mihi
1156 2072 1455 2127 auxiliator
1475 2073 1524 2108 9°
1554 2078 1654 2128 est.
1688 2096 1715 2125 »
1749 2078 1888 2130 Item
1921 2077 2032 2131 illic
2062 2094 2075 2132 :

455 2177 482 2203 ‹‹
514 2159 728 2212 Bonum
754 2165 837 2214 est
857 2163 1138 2219 conﬁdere
1165 2163 1221 2218 in
1254 2165 1484 2220 Domino
1499 2168 1544 2202 ⁹¹
1571 2184 1738 2238 quam
1761 2169 1934 2224 ﬁdere
1955 2170 2012 2224 in
2029 2171 2078 2206 ⁹²

455 2249 704 2306 homine.
731 2252 952 2308 Bonum
986 2260 1071 2310 est
1105 2274 1329 2328 sperare
1367 2259 1423 2313 in
1453 2260 1713 2330 Domino,
1736 2279 1909 2333 quam
1948 2281 2069 2334 spe-

452 2359 579 2399 rare
605 2344 665 2398 in
690 2346 1037 2419 principibus
1057 2351 1123 2404 ’3.
1143 2371 1171 2402 »
1195 2353 1273 2406 De
1294 2353 1397 2407 hoc
1425 2354 1546 2424 ipso
1569 2355 1721 2426 apud
1749 2357 2036 2411 Danielem
2062 2373 2075 2412 :

458 2457 485 2488 ι(
515 2438 954 2510 Responderunt
984 2447 1179 2499 autem
1220 2445 1437 2512 Sidrac,
1466 2447 1630 2501 Misac
1661 2453 1719 2502 et
1752 2449 2078 2521 Abdenago,

455 2535 511 2584 et
538 2531 804 2589 dixerunt
832 2536 955 2607 regi
986 2538 1500 2595 Nabuchodonosor
1529 2558 1540 2595 :
1578 2541 1770 2614 738
1800 2543 1934 2610 Rex,
1969 2561 2081 2598 non

455 2640 596 2694 opus
627 2633 710 2681 est
736 2627 897 2682 nobis
934 2629 1004 2684 de
1043 2632 1151 2686 hoc
1189 2633 1362 2687 verbo
1394 2637 1733 2705 respondere
1755 2637 1801 2671 9‘
1833 2637 1954 2691 tibi.
1990 2639 2083 2692 Est

453 2718 605 2772 enim
633 2721 794 2789 Deus,
828 2722 916 2776 cui
943 2740 1048 2778 nos
1077 2726 1372 2795 servimus,
1403 2734 1605 2798 potens
1632 2729 1854 2801 eripere
1881 2747 1981 2784 nos
2011 2731 2080 2785 de

453 2813 676 2869 camino
723 2815 869 2886 ignis
913 2817 1204 2888 ardentis;
1251 2827 1305 2875 et
1351 2821 1418 2875 de
1472 2821 1732 2876 manibus
1775 2824 1907 2890 tuis,
1957 2841 2077 2891 rex,

450 2905 712 2962 liberabit
761 2926 880 2964 nos.
934 2913 1001 2964 Et
1048 2913 1095 2967 si
1147 2931 1280 2984 non,
1336 2919 1536 2970 notum
1595 2916 1669 2970 sit
1693 2917 1740 2951 ’5
1793 2916 1892 2971 tibi
1947 2918 2082 2988 quia

453 3001 558 3054 diis
593 3003 702 3056 tuis
730 3020 845 3058 non
882 3007 1178 3074 servimus,
1213 3014 1268 3064 et
1296 3009 1616 3080 imaginem
1646 3027 1876 3066 auream
1905 3029 2079 3082 quam

453 3095 691 3150 statuisti
734 3114 848 3153 non
889 3099 1194 3156 adoramus
1215 3102 1263 3137 ⁹⁶
1303 3124 1330 3152 ››
1372 3105 1550 3170 (Dom,
1584 3121 1664 3169 tu,
1709 3105 1904 3173 16-18).
1943 3106 2078 3158 Item

451 3189 600 3258 apud
625 3191 964 3246 Jeremiam:
995 3216 1021 3243 «
1045 3195 1371 3250 Maledictus
1399 3196 1569 3250 homo
1592 3197 1689 3267 qui
1717 3214 1874 3268 spem
1904 3198 2076 3252 habet

450 3283 507 3336 in
551 3284 812 3354 homine;
862 3292 916 3340 et
954 3287 1286 3343 benedictus
1328 3290 1501 3343 homo
1549 3291 1642 3360 qui
1689 3291 1812 3344 ﬁdit
1858 3291 1914 3344 in
1964 3293 2069 3346 Do-

449 3375 628 3445 mino,
658 3382 714 3432 et
743 3379 852 3433 erit
878 3379 936 3434 in
970 3381 1082 3435 Deo
1108 3398 1230 3450 spes
1257 3383 1378 3452 ejus
1410 3406 1437 3431 »
1466 3382 1698 3453 (Jerem.,
1731 3400 1853 3450 xvu,
1884 3384 1957 3452 5).
1992 3386 2068 3438 De

446 3468 554 3522 hoc
584 3469 703 3540 ipso
730 3471 786 3525 iu
816 3473 1249 3530 Deuteronomio
1281 3492 1293 3530 :
1322 3498 1348 3525 ι(
1373 3476 1674 3530 Dominum
1704 3479 1876 3532 Deum
1908 3481 2068 3531 tuum

448 3563 734 3632 adorabis,
777 3569 836 3619 et
873 3567 956 3621 illi
1000 3568 1101 3621 soli
1146 3569 1350 3624 servies
1391 3594 1418 3621 ››
1466 3573 1663 3641 (Deut,
1708 3588 1786 3638 vr,
1838 3571 1943 3640 t3).
1993 3573 2069 3627 De

446 3657 554 3711 hoc
597 3658 718 3729 ipso
759 3659 829 3713 ad
866 3661 1158 3716 Romanos
1195 3679 1208 3717 :
1245 3683 1271 3714 ‹‹
1318 3665 1382 3718 Et
1423 3665 1715 3719 coluerunt
1759 3671 1814 3720 et
1854 3665 2064 3719 servie-

445 3754 581 3806 runt
623 3757 894 3808 creaturae.
929 3755 1124 3810 relicto
1163 3757 1426 3812 Creatore
1449 3759 1515 3813 97.
1559 3761 1793 3830 Propter
1826 3759 1978 3830 quod
2015 3763 2073 3814 et

447 3845 677 3901 tradidit
701 3847 825 3902 illos
862 3851 1006 3904 Deus
1033 3849 1091 3903 in
1129 3851 1420 3921 passiones
1450 3852 1784 3923 ignominia:
1812 3873 1840 3901 »
1876 3855 2069 3924 (Rom.,

446 3956 485 4005 ι,
531 3941 642 4010 25).
689 3943 772 3997 De
817 3943 924 3998 hoc
969 3943 1093 4014 ipso
1139 3945 1293 4016 apud
1339 3946 1616 4002 Joannem
1655 3966 1668 4002 :
1704 3965 1731 3998 ‹‹
1774 3947 1952 4017 Major
1989 3951 2073 4001 est

447 4034 545 4105 qui
571 4034 630 4089 in
663 4036 820 4091 vobis
850 4039 1129 4108 estquam
1158 4038 1254 4110 qui
1290 4038 1349 4094 in
1376 4040 1482 4095 hoc
1509 4039 1726 4095 mundo
1758 4059 1784 4092 )›
1817 4039 1856 4111 (1
1888 4042 2067 4106 Joun.,

447 4147 520 4198 ιν,
545 4131 620 4200 4).

359 279 362 286 ’
456 267 560 322 767
1362 269 1416 328 S.
1459 271 1770 330 CYPRIANI
1808 274 2082 330 OPERUM
2121 273 2291 330 PARS
2328 273 2391 328 ll.
2431 299 2501 312 —
2537 271 2902 329 OPUSCULA.
3695 274 3786 331 768

2098 401 2302 484 ACAP.
2330 399 2541 484 ‘Xlnn—
2571 399 2716 484 _Eum
2761 399 2858 467 qui
2890 396 3066 484 ﬁdem.
3089 400 3395 484 consecutus
3435 401 3527 484 est,
3572 401 3789 484 apposito

2248 480 2427 548 priore
2449 477 2496 512 98
2565 479 2808 538 homine,
2869 477 3102 530 cmtestia
3159 480 3372 529 tantum
3431 482 3480 529 et
3533 479 3792 546 spiritalia

2249 561 2483 627 cogitare
2532 558 2741 620 debere,
2796 572 2890 611 nec
2942 556 3220 610 attendere
3272 555 3351 610 ad
3405 557 3666 619 secutum,
3713 561 3793 614 cui

2243 640 2364 707 jam
2400 640 2755 694 renuntiavit.

2248 801 2412 872 Apud
2461 800 2658 857 Isaiam
2714 816 2728 856 :
2778 821 2806 850 «
2869 798 3115 864 Quaerite
3171 797 3512 865 Dominum;
3565 801 3620 854 et
3673 815 3792 855 cum

2177 894 2528 960 inveneritis,
2576 895 2833 948 invocata
2881 909 3033 947 eum.
3082 893 3224 948 Cum
3259 897 3455 946 autem
3502 893 3791 964 appropin-

2179 989 2440 1060 quaverit
2487 989 2664 1057 vobis,
2709 988 2995 1060 relinquat
3033 985 3242 1058 impius
3281 985 3402 1040 vias
3439 1002 3586 1053 suas,
3629 993 3682 1040 et
3718 988 3794 1042 vir

2175 1083 2524 1138 facinorosus
2545 1083 2590 1119 93
2633 1081 3002 1153 cogitationes
3045 1096 3196 1149 suas,
3242 1085 3299 1134 et
3339 1084 3689 1134 convertatur
3727 1080 3794 1136 ad

2180 1177 2500 1244 hominum,
2543 1182 2599 1230 et
2641 1174 3092 1230 misericordiam
3138 1178 3540 1245 consequetur,
3585 1174 3706 1244 quia
3741 1175 3791 1230 in

2178 1269 2462 1324 multum‘
2517 1270 2761 1323 remittet
2809 1274 3039 1339 peccata
3095 1271 3278 1322 vestra
3327 1289 3355 1316 ››
3403 1268 3558 1337 (Isa.,
3603 1283 3682 1333 Lv,
3722 1267 3788 1337 6).

2178 1365 2253 1418 De
2303 1364 2407 1418 hoc
2457 1364 2576 1434 ipso
2630 1363 2780 1434 apud
2827 1363 3196 1417 Salomonem
3240 1377 3253 1415 :
3305 1381 3334 1412 tt
3382 1360 3506 1414 Vidi
3558 1361 3792 1415 universa

2178 1474 2351 1528 opera
2389 1474 2517 1529 quae
2553 1457 2694 1512 facta
2733 1459 2866 1510 sunt
2905 1456 3007 1510 sub
3049 1455 3188 1522 sole,
3234 1458 3291 1510 et
3327 1470 3457 1509 ecce
3490 1453 3673 1508 omnia
3703 1471 3788 1509 va-

2177 1551 2321 1605 nitas
2353 1572 2379 1599 »
2426 1553 2640 1622 (Eccle.
2675 1567 2714 1616 I,
2757 1551 2862 1620 14).
2900 1550 2979 1604 De
3012 1550 3116 1604 hoc
3146 1550 3268 1620 ipso
3307 1549 3366 1603 in
3401 1549 3587 1604 EXOdu
3617 1567 3630 1602 :
3661 1569 3686 1594 «
3716 1549 3792 1604 Sic

2177 1648 2373 1698 autem
2417 1643 2720 1698 comedetis
2758 1659 2910 1698 eum.
2957 1641 3158 1696 Lumbi
3201 1642 3370 1697 vestri
3418 1641 3718 1712 praecincti,
3745 1649 3792 1697 et

2177 1737 2547 1792 calciamenta
2593 1739 2816 1792 2vestra
2857 1737 2916 1790 in
2967 1736 3204 1808 pedibus
3252 1736 3475 1802 vestris,
3522 1740 3577 1789 et
3613 1735 3794 1790 bacula

2177 1834 2362 1886 vestra
2403 1831 2459 1885 ill
2499 1831 2765 1885 manibus
2797 1831 3014 1899 vestris,
3063 1835 3118 1885 et
3154 1830 3330 1884 edetis
3365 1846 3500 1884 eum
3535 1829 3792 1883 festinan-

2181 1932 2283 1979 ter.
2325 1925 2537 1980 Pascba
2586 1929 2672 1980 est
2710 1925 2864 1980 enim
2911 1924 3180 1981 Domini3
3223 1945 3250 1974 »
3290 1923 3514 1995 (Exod,
3561 1939 3653 1988 xu,
3699 1923 3791 1993 tt).

2180 2020 2257 2073 De
2297 2020 2404 2073 hoc
2433 2019 2554 2090 ipso
2591 2019 2650 2073 in
2681 2019 2983 2090 Evangelio
3014 2023 3135 2073 cata
3161 2019 3501 2072 Matthteum
3537 2034 3549 2070 :
3583 2039 3607 2064 ‹‹
3636 2016 3793 2071 Nolite

2180 2112 2427 2182 cogitare
2474 2113 2722 2167 dicentes
2769 2129 2782 2165 :
2835 2112 2978 2176 Quid
3028 2111 3282 2177 edemus,
3337 2115 3436 2164 aut
3483 2111 3616 2182 quid
3651 2109 3792 2162 bibe-

2181 2222 2307 2260 mus
2329 2208 2372 2273 ‘,
2423 2211 2520 2260 aut
2567 2206 2700 2276 quid
2761 2205 3110 2260 vestiemur?
3157 2205 3286 2258 Haec
3340 2204 3492 2258 enim
3559 2203 3793 2256 nationes

2179 2299 2542 2370 inquirunt".
2574 2299 2687 2354 Scit
2727 2304 2919 2352 autem
2945 2300 2966 2333 ⁸
3009 2299 3173 2352 Pater
3212 2300 3399 2352 vester
3433 2298 3566 2368 quia
3605 2297 3788 2350 horum

2180 2392 2438 2447 omnium
2484 2392 2768 2463 indigetis.
2805 2392 3053 2456 Quaerite
3081 2392 3331 2462 primum
3364 2406 3600 2460 regnum
3631 2390 3716 2444 Dei
3742 2393 3791 2442 et

2170 2486 2453 2557 justitiam
2483 2487 2624 2556 ejus,
2660 2489 2715 2540 et
2744 2486 2939 2539 omnia
2967 2485 3069 2539 ista
3097 2490 3463 2556 apponentur
3493 2482 3674 2555 739
3703 2499 3785 2536 vo-

2179 2579 2283 2632 bis.
2319 2601 2345 2629 ››
2389 2581 2533 2637 Item
2579 2579 2737 2632 illic:
2776 2600 2803 2628 «
2850 2578 3029 2632 Nolite
3070 2579 3326 2648 cogitare
3372 2577 3429 2631 in
3479 2577 3785 2630 crastinum.

2179 2672 2508 2728 Crastinus7
2549 2673 2702 2726 enim
2743 2672 2866 2726 dies
2906 2672 3025 2743 ipse
3068 2669 3388 2741 cogitabit“
3431 2670 3554 2724 sibi.
3595 2669 3787 2725 Sufﬁcit

2181 2766 2294 2820 diei
2343 2765 2561 2819 malitia
2603 2783 2704 2819 sua
2747 2787 2774 2815 »
2821 2766 3061 2833 (Matth.,
3103 2782 3174 2831 vl,
3213 2765 3423 2835 31-34).
3468 2766 3600 2818 Item
3638 2762 3783 2816 illic:

2183 2879 2211 2910 ς(
2253 2861 2430 2913 Nemo
2477 2862 2630 2914 retro
2683 2859 2987 2913 attendens
3037 2864 3094 2913 et
3141 2874 3532 2929 superponens
3574 2872 3782 2910 manum

2180 2969 2342 3006 suam
2387 2969 2558 3022 super
2597 2959 2843 3006 aratrum
2884 2957 3047 3023 aptus
3078 2955 3164 3006 est
3201 2968 3384 3024 regno
3430 2952 3530 3006 Dei
3570 2973 3595 3000 »
3633 2952 3783 3019 (Lua.

2180 3063 2252 3112 lx,
2297 3047 2402 3116 62).
2452 3048 2591 3100 Item
2634 3046 2795 3100 illic:
2833 3066 2860 3095 «
2902 3046 3146 3116 Aspicite
3191 3046 3447 3100 volatilia
3485 3045 3621 3109 cceli,
3663 3059 3780 3113 quo-

2101 3149 2155 3223 C
2180 3139 2331 3194 niam
2360 3156 2474 3194 non
2503 3140 2805 3207 seminant,
2830 3156 3015 3210 neque
3046 3143 3292 3208 metunt,
3324 3155 3509 3210 neque
3535 3137 3784 3207 colligunt

2178 3234 2236 3287 in
2288 3234 2514 3296 horrea,
2571 3239 2627 3287 et
2677 3236 2839 3287 Pater
2889 3238 3074 3288 vester
3124 3233 3367 3288 cmlestis
3423 3232 3592 3304 pascit
3638 3231 3779 3284 illa’.

2177 3328 2377 3381 Nonne
2423 3344 2520 3381 vos
2559 3327 2739 3397 pluris
2780 3327 2912 3381 estis
2953 3327 3061 3380 illis
3100 3348 3126 3376 »
3171 3327 3414 3396 (Matth,
3457 3343 3522 3390 VI,
3562 3325 3678 3383 26)?
3716 3325 3781 3377 De

2178 3421 2282 3474 hoc
2326 3421 2448 3491 ipso
2491 3427 2610 3474 cata
2656 3421 2867 3475 Lucam
2919 3437 2986 3474 τι(
3033 3420 3157 3474 Sint
3202 3419 3381 3473 lumbi
3411 3420 3456 3454 ¹⁰
3495 3417 3653 3472 vestri
3699 3431 3779 3469 ac-

2175 3514 2362 3580 cincti,
2391 3519 2446 3568 et
2480 3515 2729 3568 lucernae
2768 3514 3068 3582 ardentes,
3101 3517 3159 3567 et
3181 3515 3221 3546 “
3261 3529 3361 3568 vos
3387 3512 3590 3566 similes
3619 3508 3780 3565 homi-

2176 3607 2344 3661 nibus
2389 3607 2848 3678 exspectantibus
2891 3607 3186 3662 dominum
3235 3623 3404 3661 suum
3453 3604 3666 3677 quando
3705 3620 3777 3656 ve-

2172 3701 2258 3754 nit
2282 3699 2328 3735 ¹¹
2365 3717 2399 3755 a
2439 3701 2673 3771 nuptiis,
2715 3706 2776 3754 ut
2813 3716 2939 3754 cum
2981 3701 3199 3754 venerit
3237 3704 3295 3755 et
3334 3699 3630 3771 pulsaverit
3661 3713 3774 3767 ape-

2174 3793 2323 3848 riant
2367 3794 2464 3849 illi.
2509 3795 2663 3848 Beati
2703 3794 2850 3849 servi
2887 3794 2965 3848 illi
3007 3810 3148 3866 quos
3187 3795 3498 3849 adveniens
3537 3791 3775 3847 dominus

2173 3887 2461 3942 invenerit
2511 3887 2808 3958 vigilantes
2862 3909 2890 3938 »
2948 3890 3120 3959 (Luc.,
3172 3905 3268 3955 xtl,
3321 3888 3522 3956 35-37).
3572 3888 3641 3942 De
3684 3884 3773 3938 hoc

2172 3981 2296 4052 ipso
2346 3981 2494 4052 apud
2537 3981 2867 4036 Matthteum
2905 3998 2918 4036 :
2950 4001 2978 4030 ‹‹
3011 3983 3214 4053 Vulpes
3243 3982 3283 4018 *³
3330 3981 3519 4036 foveas
3563 3978 3769 4042 habent,

2172 4079 2227 4128 et
2267 4076 2522 4130 volucres
2561 4075 2683 4130 cmli
2722 4074 3034 4130 diversoria
3058 4077 3125 4142 ιδ,
3172 4075 3343 4130 Filius
3389 4080 3575 4130 autem
3614 4068 3768 4126 homi-

2169 4168 2257 4223 nis
2292 4185 2404 4223 non
2435 4169 2613 4223 habet
2638 4169 2732 4223 ubi
2760 4171 2804 4204 ¹δ
2833 4173 3004 4242 caput
3030 4186 3194 4223 suum
3227 4169 3466 4224 inclinet
3496 4190 3521 4217 ››
3553 4165 3767 4235 (Matth,

2171 4279 2285 4329 vnt,
2326 4263 2434 4331 29).
2467 4264 2610 4317 Item
2651 4263 2804 4318 illic:
2839 4285 2866 4312 ‹‹
2898 4264 3004 4328 Qui
3046 4279 3164 4318 non
3209 4263 3496 4318 renuntiat
3533 4258 3767 4315 omnibus

2170 4373 2300 4428 quea
2343 4361 2478 4410 sunt
2514 4357 2656 4427 ejus,
2697 4374 2812 4412 non
2852 4361 3036 4428 potest
3073 4373 3234 4412 meus
3275 4357 3576 4428 discipulus
3612 4367 3763 4406 esse»

2179 4449 2352 4520 (Luc.,
2383 4465 2491 4520 xxv,
2533 4450 2643 4519 33).
2676 4451 2751 4505 De
2790 4451 2899 4506 hoc
2933 4451 3054 4523 ipso
3096 4451 3167 4506 ad
3207 4451 3524 4507 Corinthios
3560 4445 3762 4519 prima:

1813 4671 2024 4737 Variae
2087 4670 2426 4733 lectiones.

501 4808 543 4844 ⁸³
582 4809 784 4860 Paulus
811 4813 966 4862 Oxon.
993 4814 1132 4863 Lam.
1162 4813 1266 4863 ΝΟ.
1297 4813 1342 4872 1,
1365 4812 1411 4861 2.
1460 4811 1584 4864 Bod.
1617 4811 1664 4860 2.
1699 4808 1739 4841 3‘
1773 4808 1884 4858 Vos
1913 4806 2124 4866 fratres,
2147 4808 2202 4855 et
2237 4803 2283 4853 si
2309 4809 2731 4870 prmoccupatus
2759 4807 2926 4858 fuerit
2955 4807 3122 4857 homo
3151 4807 3208 4860 in
3242 4805 3428 4870 aliquo
3457 4803 3755 4874 delicto_vos

443 4883 539 4945 qui
586 4884 860 4945 Spiritales
901 4886 1052 4946 estis,
1095 4869 1354 4935 inservite
1382 4880 1768 4945 hujuscemodi
1798 4881 1852 4928 in
1887 4879 2088 4942 spiritu
2117 4869 2585 4937 mansuetudinis,
2612 4879 2973 4928 considerans
3013 4878 3251 4940 teipsum
3277 4869 3349 4926 ne
3375 4873 3607 4946 tentet-is.
3639 4869 3763 4946 Invi-

442 4936 565 5002 cem
601 4936 768 5005 onera
792 4959 970 5007 vestra
1002 4936 1214 5020 portate
1245 4957 1381 5006 Cott.
1449 4936 1490 4989 δε
1519 4955 1670 5006 Alter
1700 4936 1935 5002 alterius
1965 4963 2130 5001 onera
2158 4947 2281 5020 NC.
2311 4948 2356 4997 2.
2388 4951 2500 4998 Lin.
2533 4936 2713 5000 Onera
2744 4955 2926 5000 vestra
2953 4949 3059 4998 ΝΟ.
3170 4947 3290 4996 Bod.
3319 4947 3386 5020 2.Δ
3431 4945 3476 5020 _“
3515 4945 3623 5020 D99
3660 4936 3760 5020 8019

452 5024 572 5073 Bod.
610 5032 659 5077 2.
730 5025 771 5060 ³⁷
799 5006 1080 5078 ΟΙοτὶθίιιι·
1105 5029 1260 5077 fortis
1298 5029 1432 5078 Cott.
1467 5027 1767 5084 Glorietur,
1795 5024 1888 5086 qui
1915 5022 2186 5086 gloriatur
2213 5019 2374 5068 fortis
2403 5023 2546 5070 Lam.
2575 5021 2684 5071 ΝΟ.
2731 5023 2774 5070 1.
2813 5021 2936 5070 Bod.
2966 5025 3014 5071 2.
3084 5019 3128 5054 ⁸⁸
3152 5020 3325 5068 Nosse
3357 5017 3525 5088 debet
3560 5006 3761 5088 ζίφει

444 5096 580 5145 sciat
613 5098 744 5161 quia
775 5112 876 5162 ego
902 5113 1024 5148 sum
1063 5101 1337 5150 Dominus
1369 5101 1504 5149 Cott.
1569 5097 1609 5132 ⁸³
1635 5098 1752 5146 Deo
1781 5083 1966 5144 subita
1993 5092 2122 5143 Bod.
2152 5091 2196 5141 2.
2283 5089 2324 5123 ³)
2356 5093 2590 5156 Adjutor
2620 5095 2756 5142 Lam.
2795 5093 2899 5141 Lin.
2941 5090 3063 5140 Bod.
3100 5091 3251 5162 2.7Et
3288 5102 3391 5162 ego
3412 5083 3627 5162 ividebo
3661 5083 3760 5162 .inif

441 5155 966 5219 micos.meostott.
1032 5170 1074 5204 ⁹¹
1103 5172 1344 5222 Domino
1375 5171 1494 5220 Τὴν.
1532 5169 1667 5219 Coit.
1705 5165 2024 5216 Dominum.
2065 5165 2220 5212 Oxon.
2285 5164 2330 5197 οι
2363 5165 2423 5214 In
2442 5155 2709 5214 homines
2749 5163 2870 5214 Tim.
2901 5161 3027 5214 Bod.
3057 5163 3103 5211 4.
3141 5161 3273 5210 Coti.
3340 5159 3381 5193 θ’
3410 5161 3468 5209 In
3511 5155 3757 5220 principes

441 5239 570 5288 ΒοιΙ.
600 5242 647 5299 1,
677 5240 724 5301 2,
756 5243 802 5290 4.
872 5242 912 5273 ⁹⁴
944 5242 1212 5293 Sermone
1232 5241 1564 5305 respondere
1597 5239 1723 5290 Bod.
1755 5238 1805 5287 2.
1872 5236 1914 5269 ⁹⁵
1947 5236 2015 5286 Et
2042 5249 2079 5284 n

2182 5243 2419 5286 :notum
2454 5236 2544 5285 sit.
2570 5237 2711 5284 Lam.
2741 5234 2869 5284 Bod.
2901 5238 2951 5282 2.
2983 5233 3093 5283 ΝΟ.
3135 5234 3178 5282 1.

3266 5231 3308 5262 9‘
3336 5231 3448 5281 Nec
3489 5224 3755 5287 imaginem

439 5298 662 5359 auream
681 5298 848 5375 quam
885 5315 1123 5365 statuisti
1147 5298 1441 5365 adoramus
1479 5315 1617 5362 Lam.
1650 5311 1758 5359 Lt‘n.
1817 5308 1921 5357 ΝΟ,
1954 5309 1997 5357 1.
2031 5307 2384 5360 adorabimus
2430 5309 2573 5357 Coro.
2639 5307 2681 5341 ⁸⁷
2709 5307 2986 5367 Creatore,
3018 5307 3113 5370 qui
3140 5309 3224 5355 est
3252 5304 3575 5375 benedictus
3586 5298 3652 5375 lin
3673 5305 3757 5342 saa-

441 5379 567 5428 cula
594 5381 733 5429 Lam.
764 5383 870 5431 N0.
909 5385 950 5432 1.
981 5383 1103 5432 Bod.
1133 5390 1182 5438 2.
1216 5385 1353 5434 Cott.

1422 5383 1464 5417 rs
1485 5382 1776 5447 Expoliato
1805 5380 1985 5441 priore
2020 5379 2141 5429 Thu.

2218 5378 2255 5412 ‘9
2304 5379 2673 5431 Facinorosus
2707 5379 2936 5428 semitas
2970 5368 3118 5426 Loro.
3147 5376 3377 5439 iniquus
3412 5368 3754 5439 consilia_sua

439 5449 549 5498 Lin.
653 5454 667 5482 ί
701 5451 842 5514 Quia
873 5455 1111 5503 multum
1134 5433 1458 5505 misericors
1488 5433 1648 5505 est‘et
1677 5433 1914 5502 remittet
1958 5448 2079 5498 Bod.
2115 5451 2161 5499 4.
2232 5448 2250 5478 ¹
2276 5449 2345 5499 Et
2379 5451 2573 5514 caligas
2607 5453 2804 5500 vestrae
2852 5451 2987 5498 Lam.
3021 5447 3125 5496 NC.
3153 5448 3196 5495 t.
3245 5433 3362 5496 "Lm.
3394 5441 3596 5514 Bod._t,
3637 5433 3752 5514 si}.

443 5519 564 5569 Tha.
594 5503 743 5571 Cerb‘.
767 5523 904 5572 Coit.
974 5528 990 5556 ³
1025 5503 1240 5575 Ρειεοὶιξι
1260 5503 1355 5575 est
1373 5503 1593 5576 Domini
1631 5524 1755 5574 Thu.
1822 5523 1842 5552 ⁴
1868 5519 2103 5572 Edimus
2134 5527 2232 5573 aut
2259 5521 2392 5584 Quid
2427 5503 2672 5573 bibimus
2695 5521 2828 5569 Cott.
2869 5521 2886 5552 ⁵
2909 5519 3168 5568 Nationes
3196 5518 3474 5582 qumruntf
3507 5503 3749 5584 Lam._NQ-

437 5591 480 5639 1.
517 5591 637 5639 Red.
669 5594 716 5648 1,
745 5592 792 5653 2,
823 5594 873 5654 3,
909 5598 950 5644 6.
1015 5594 1036 5627 ⁸
1066 5596 1182 5648 Scit
1208 5598 1356 5647 enim
1388 5599 1544 5647 Pater
1579 5597 1715 5646 σου.
1804 5591 1826 5624 ⁷
1861 5590 2080 5642 Crastin

2182 5599 2328 5647 enim
2355 5599 2472 5658 ipse
2500 5593 2621 5644 Bod.
2653 5593 2695 5641 1.

670 5664 691 5696 ⁹
733 5664 985 5716 Caelestis
1009 5669 1101 5717 alit
1134 5669 1224 5718 illa
1257 5669 1396 5717 Lam.
1424 5670 1539 5718 Lz‘n.
1568 5668 1673 5719 ΝΟ.
1707 5668 1753 5726 1,
1783 5665 1829 5713 2.
1859 5661 1980 5711 Bod.
2025 5664 2070 5724 2,
2103 5667 2147 5716 3.
2181 5669 2317 5720 ("ott.

435 5661 483 5719 3,
517 5665 564 5711 4.

2793 5592 2814 5626 ⁸
2844 5591 3063 5655 Cogitat
3122 5570 3243 5638 11οᾶ.
3276 5591 3322 5637 1.
3357 5581 3619 5655 Cogitavit

2423 5665 2460 5698 ‘°
2487 5665 2685 5714 Lumbi
2716 5665 2883 5713 vestri
2923 5645 3213 5726 praecincti
3263 5662 3404 5709 Lam.
3441 5645 3546 5726 Lt'n.
3575 5646 3683 5726 Bait.

435 5712 543 5781 Nc.
583 5735 628 5796 ι,
655 5735 700 5784 2.
733 5712 982 5784 ἑιῖἰιΪῖἶ
1008 5712 1644 5790 Χὲξιέίὶῐεξῖὲῖὲηέιῖιῖιηῖἐέ
1664 5712 1794 5785 ιιὸέι.
1828 5735 1875 5793 ι,
1906 5732 1954 5780 3.
2029 5712 2317 5800 ιὀἶίοίιῖὶδ
2347 5712 2684 5786 revexit-Atii?
2716 5712 2851 5784 cett.
2923 5712 2961 5767 ῖι
2995 5731 3207 5796 Vulpes
3250 5729 3458 5782 cubilia
3493 5725 3619 5776 Lam.
3644 5712 3747 5768 Bod.

430 5806 471 5861 1.
509 5808 558 5864 2,
590 5808 759 5864 4.Ν(].
818 5810 936 5864 ΤΙιιι.
972 5813 1114 5868 Corb.
1149 5813 1180 5842 "
1249 5812 1387 5867 ϐα)ὶί
1417 5812 1575 5866 nidos
1610 5810 1735 5862 ΟθίιΔ
1815 5809 1850 5837 ’⁵
1886 5811 2064 5880 Caput

2182 5810 2325 5863 :llnet
2360 5807 2483 5862 Tim.
2514 5806 2764 5863 licuitne!
2788 5805 2928 5880 ιαηξ.
2958 5803 3071 5858 ΝΟ.
3109 5804 3154 5856 1.
3183 5801 3312 5854 Bod.
3336 5800 3383 5852 Ξ.
