3998 6194
179 210 271 266 769

1186 198 1729 262 TESTIMONIORUM
1770 204 1922 260 ADV.
1961 198 2231 261 JUDEOS
2269 198 2396 260 LIB.
2429 202 2471 260 I.

3408 212 3515 270 770

178 356 202 384 ‹‹
239 336 352 389 Non
397 331 526 386 estis
568 330 755 385 vestri.
800 330 1053 401 Empti“
1094 330 1248 385 enim
1289 332 1421 385 estis
1455 332 1639 401 pretio
1673 347 1791 384 ma-
1820 347 1870 419 Α
1895 331 2115 386 Christo
2167 330 2226 384 in
2280 331 2410 384 Deo.
2454 329 2594 385 Cum
2640 335 2828 387 autem
2872 334 3126 390 Christus
3170 339 3519 407 apparuerit,

178 446 297 499 gno.
323 426 633 482 Clarificate
661 428 718 480 et
745 430 964 494 portate
993 426 1165 478 Deum
1192 425 1251 477 in
1282 440 1523 494 corpore
1551 430 1736 478 vestro
1762 446 1789 474 »

177 522 214 592 (Ι
252 521 393 581 Cor.,
431 535 503 583 γι,
553 520 656 588 19).
692 520 831 572 Item
870 518 978 571 illic
1009 535 1021 571 :
1061 539 1088 565 (ι
1117 519 1359 588 Tempus
1394 518 1691 571 collectum
1727 519 1793 571 1⁷.

176 614 431 684 Superest
460 628 596 682 ergo
640 614 699 664 ut
745 614 803 664 et
834 612 929 681 qui
966 610 1180 665 habent
1214 627 1438 678 uxores,
1474 610 1635 681 quasi
1676 627 1791 665 non

172 707 432 763 habentes
471 705 602 773 sint,
645 710 701 759 et
739 705 834 776 qui
867 705 1147 776 plangunt
1174 705 1252 771 ‘3,
1291 703 1446 775 quasi
1486 721 1597 758 non
1633 705 1794 775 plan-

173 805 384 873 gentes,
426 805 482 853 et
522 798 620 869 qui
663 799 938 869 gaudent,
983 797 1146 869 quasi
1189 815 1303 852 non
1352 798 1685 868 gaudentes,
1739 801 1797 851 et

172 894 259 965 qui
296 894 513 959 emunt,
549 889 709 962 quasi
749 907 866 945 non
915 894 1192 960 ementes,
1247 895 1304 943 et
1343 890 1442 961 qui
1478 890 1793 961 possident,

171 986 319 1059 quasi
344 1002 455 1040 non
483 984 857 1055 possidentes,
888 990 942 1038 et
966 985 1063 1055 qui
1088 985 1194 1038 hoc
1216 983 1433 1038 mundo
1461 988 1701 1038 utuntur
1722 983 1792 1052 ιθ,

171 1080 322 1151 quasi
372 1096 487 1133 non
526 1070 771 1133 utantur
791 1078 861 1132 ²⁰.
911 1078 1165 1133 Praeterit
1202 1078 1359 1131 enim
1397 1079 1583 1148 figura
1628 1078 1795 1147 hujus

172 1172 355 1227 mundi
399 1192 425 1223 υ
468 1174 509 1243 (1
542 1172 686 1239 Cor.,
728 1189 823 1239 v11,
875 1174 1079 1241 29-3l).
1126 1173 1262 1224 Item
1308 1171 1460 1225 illic:
1501 1192 1528 1220 «
1571 1170 1793 1225 Primus

170 1267 331 1321 homo
361 1265 434 1320 de
475 1270 638 1319 terra:
675 1265 811 1319 limo
834 1265 898 1333 ²¹,
927 1264 1207 1319 secundus
1240 1265 1410 1318 homo
1452 1264 1521 1318 de
1561 1263 1699 1320 coelo
1720 1264 1788 1318 ²².

173 1359 354 1424 Qualis
393 1360 485 1413 ille
520 1376 550 1414 e
588 1358 751 1427 limo,
796 1359 932 1413 tales
975 1364 1031 1413 et
1075 1359 1173 1429 qui
1206 1358 1276 1412 de
1316 1360 1483 1426 limo;
1518 1361 1575 1412 et
1614 1357 1793 1428 qualis

173 1453 415 1519 caelestis,
466 1458 521 1507 et
570 1453 714 1506 tales
762 1452 1031 1507 caelestes.
1089 1451 1390 1514 Quomodo
1446 1452 1792 1522 portavimus

173 1546 469 1617 imaginem
507 1546 628 1616 ejus
672 1545 770 1616 qui
812 1546 878 1599 de
916 1545 1048 1599 limo
1081 1551 1184 1613 est,
1226 1549 1518 1616 portemus
1558 1548 1617 1598 et
1652 1544 1788 1598 ima-

172 1641 354 1710 ginem
386 1641 510 1709 ejus
536 1639 631 1710 qui
661 1640 728 1693 de
761 1640 896 1693 caelo
928 1643 1060 1692 est»
1100 1639 1139 1708 (Ι
1170 1638 1315 1707 Cor.,
1345 1654 1433 1707 xv,
1463 1639 1671 1707 47-49).
1714 1638 1788 1691 De

171 1734 266 1787 hoc
308 1733 429 1803 ipso
476 1733 551 1787 ad
600 1732 984 1803 Philippenses

171 1830 312 1891 runt,
344 1832 400 1880 et
441 1843 554 1880 non
582 1843 708 1897 qua:
740 1833 869 1880 sunt
896 1826 1099 1880 Christi
1118 1826 1162 1859 ²⁴
1195 1848 1222 1875 ››
1261 1826 1538 1896 (Philipp,
1581 1841 1637 1892 ιι,
1674 1827 1786 1894 21).

173 1920 473 1983 «Quorum
520 1920 646 1974 finis
688 1924 773 1974 est
809 1919 1088 1987 interitus,
1130 1935 1371 1989 quorum
1416 1920 1552 1973 deus
1592 1922 1791 1972 venter

171 2016 263 2079 est,
300 2018 352 2066 et
392 2014 569 2085 gloria
610 2014 663 2067 in
709 2012 1100 2067 confusionem
1122 2013 1171 2046 ²⁵
1206 2028 1403 2067 eorum
1441 2013 1536 2083 qui
1568 2017 1791 2067 terrena

168 2106 402 2176 sapiunt.
487 2107 689 2161 Nostra
770 2113 959 2160 autem
1054 2106 1403 2160 conversatio
1488 2105 1547 2159 in
1640 2106 1791 2159 caelis

169 2203 243 2254 est
287 2201 415 2272 (46);
462 2201 617 2255 unde
667 2206 724 2254 et
774 2201 1108 2254 salvatorem
1159 2204 1549 2269 exspectamus
1594 2198 1787 2253 Domi-

170 2310 295 2347 num
331 2297 592 2348 nostrum
621 2295 813 2347 Jesum
844 2294 1153 2359 Christum,
1185 2290 1376 2363 ’740
1403 2292 1499 2362 qui
1529 2292 1791 2346 transfor-

170 2391 330 2445 mabit
383 2408 597 2463 corpus
649 2391 978 2444 humilitatis
1037 2395 1238 2444 nostra:
1296 2390 1715 2445 conformatum
1743 2389 1791 2424 ³⁸

170 2489 381 2559 corpori
432 2489 706 2543 claritatis
755 2505 869 2542 suta
917 2509 944 2537 »
996 2489 1277 2558 (Philipp,
1330 2504 1411 2554 ιιι,
1459 2488 1663 2558 19ο21).
1715 2488 1792 2541 De

175 2583 273 2637 hoc
291 2584 410 2654 ipso
439 2583 517 2636 ad
540 2583 761 2636 Galatas
791 2599 803 2636 :
832 2602 857 2633 (ι
885 2582 1017 2636 Mihi
1043 2587 1231 2636 autem
1264 2582 1410 2635 absit
1436 2581 1663 2652 gloriari
1686 2582 1795 2635 nisi

171 2677 224 2729 in
252 2693 412 2731 cruce
444 2676 674 2730 Domini
705 2675 880 2729 nostri
910 2676 1037 2729 Jesu
1068 2675 1293 2743 Christi,
1323 2691 1427 2746 per
1453 2691 1623 2746 quem
1655 2675 1796 2729 mihi

171 2773 405 2827 mundus
454 2772 759 2827 cruciﬁxus
806 2777 909 2837 est,
962 2774 1017 2825 et
1070 2787 1176 2841 ego
1224 2770 1438 2825 mundo
1492 2792 1519 2820 »
1566 2771 1792 2841 (Galat.,

170 2881 232 2931 vt,
260 2867 358 2935 I4).
384 2866 467 2919 De
501 2866 610 2919 hoc
632 2866 753 2936 ipso
775 2865 841 2919 ad
869 2864 1228 2918 Timotheum
1258 2880 1270 2917 :
1300 2884 1327 2913 «
1350 2864 1525 2917 Nemo
1548 2862 1797 2916 militans

1899 424 2008 477 vita
2038 427 2242 490 vestra,
2277 426 2413 477 tunc
2450 428 2503 477 et
2532 441 2626 478 vos
2659 440 2788 479 cum
2821 443 2888 481 eo
2927 428 3274 499 apparebitis
3303 431 3361 483 in
3396 432 3518 501 glo-

1896 516 1978 570 ria
2022 536 2049 565 ››
2103 517 2285 581 (Ibz'd.,
2330 532 2407 584 ιιι,
2461 518 2594 586 1-4).
2644 520 2716 572 De
2762 519 2867 572 hoc
2911 520 3031 590 ipso
3084 521 3157 575 ad
3199 523 3464 593 Ephesios
3505 542 3518 579 :

1899 631 1925 659 (ι
1966 609 2242 680 Exponite
2269 611 2311 644 ³⁴
2342 609 2542 680 prioris
2581 613 3023 667 conversationis
3054 620 3300 671 veterem
3343 616 3523 672 homi-

1895 718 2051 771 nem,
2095 703 2191 774 qui
2235 704 2626 773 corrumpitur
2672 705 2987 759 secundum
3035 709 3520 779 concupiscentias

1895 796 2244 867 deceptionis
2268 798 2333 850 ³⁸.
2368 797 2721 853 Innovamini
2746 804 2934 853 autem
2961 800 3158 871 spiritu
3183 819 3379 857 sensus
3405 820 3522 857 ves-

1893 890 1987 957 tri,
2018 896 2073 944 et
2103 890 2320 945 induite
2352 907 2561 945 novum
2600 892 2892 947 hominem
2916 894 2984 961 3°,
3027 910 3158 948 eum
3190 897 3287 965 qui
3317 914 3516 951 secun-

1896 984 2032 1038 dum
2060 984 2235 1038 Deum
2267 985 2602 1040 constitutus
2629 992 2712 1041 est
2733 986 2778 1021 ³⁷
2809 987 2865 1041 in
2890 987 3106 1057 justitia
3145 994 3201 1043 et
3229 991 3519 1045 sanctitate

1894 1080 1951 1132 et
1976 1078 2211 1132 veritate
2233 1100 2261 1127 ››
2293 1080 2528 1148 (Ephes.,
2558 1096 2631 1148 Iv,
2664 1081 2866 1149 22-24).
2897 1082 2974 1136 De
3012 1082 3117 1136 hoc
3150 1081 3273 1153 ipso
3302 1082 3358 1136 in
3395 1082 3520 1153 Epi-

1895 1172 2037 1225 stola
2067 1172 2248 1225 Petri:
2275 1192 2303 1221 «
2333 1172 2504 1235 Quasi
2530 1172 2785 1243 hospites
2813 1179 2871 1228 et
2900 1175 3218 1245 peregrini,
3244 1175 3521 1231 abstinete

1892 1280 1991 1319 vos
2027 1280 2057 1316 a
2103 1263 2417 1319 carnalibus
2457 1265 2772 1334 desideriis,
2804 1284 2930 1339 quia
2970 1268 3214 1322 militant
3257 1270 3521 1323 adversus

1892 1358 2170 1424 animam,
2206 1358 2689 1413 conversationem
2737 1365 2925 1415 autem
2978 1361 3251 1416 habentes
3277 1363 3324 1397 ³⁸
3372 1363 3521 1417 inter

1890 1453 2092 1507 Gentes
2121 1451 2356 1519 bonam,
2392 1458 2453 1507 ut
2498 1452 2635 1506 dum
2668 1452 2992 1507 detrectant
3013 1455 3143 1508 39de
3172 1455 3327 1509 vobis
3356 1456 3515 1527 quasi

1892 1544 1959 1598 de
1992 1544 2261 1616 malignis
2288 1546 2356 1613 ⁸ο,
2387 1545 2535 1601 bona
2567 1562 2739 1616 opera
2777 1551 2962 1601 vestra
3000 1547 3339 1619 aspicientes
3367 1566 3524 1620 mag-

1892 1637 2123 1693 niﬁcent
2172 1640 2347 1692 Deum
2386 1660 2414 1688 ››
2463 1640 2502 1709 (I
2542 1641 2712 1703 Petr.,
2757 1656 2818 1707 ιι,
2870 1641 2974 1710 11).
3017 1643 3091 1695 De
3136 1641 3245 1696 hoc
3286 1642 3407 1713 ipso
3462 1644 3519 1696 in

1028 1748 1040 1785 :
1083 1752 1111 1780 ‹‹
1157 1732 1364 1786 Omnes
1390 1732 1433 1769 93
1487 1748 1587 1785 sua
1634 1746 1790 1802 quai-
1816 1735 1871 1806 B
1897 1730 2142 1802 Epistula
2181 1730 2410 1785 Joannis
2441 1748 2454 1787 :
2486 1732 2645 1796 «Qui
2676 1732 2813 1787 dicit
2847 1749 2905 1788 se
2944 1733 3003 1788 in
3038 1734 3259 1789 Christo
3289 1752 3520 1792 manere

1888 1826 2060 1879 debet
2096 1826 2382 1897 quomodo
2414 1826 2507 1880 ille
2544 1826 2855 1881 ambulavit
2884 1832 2939 1882 et
2983 1827 3104 1898 ipse
3135 1828 3455 1884 ambulare.
3492 1852 3517 1877 η

1889 1922 2030 1975 Item
2061 1919 2174 1973 illic
2204 1935 2216 1974 :
2244 1939 2272 1968 «
2300 1920 2479 1974 Nolite
2505 1920 2741 1990 diligere
2777 1921 3055 1976 mundum
3085 1938 3270 1993 neque
3301 1939 3366 1977 ea
3394 1940 3519 1995 (pias

1888 2014 1949 2067 in
1978 2014 2191 2067 mundo
2223 2016 2373 2067 sunt.
2407 2012 2463 2068 Si
2492 2014 2620 2084 quis
2658 2013 2919 2069 dilexerit
2948 2015 3248 2083 mundum,
3288 2034 3399 2071 non
3436 2022 3521 2072 est

1891 2107 2138 2161 charitas
2185 2106 2364 2161 Patris
2413 2106 2472 2160 in
2525 2106 2655 2175 illo;
2703 2108 2972 2179 quoniam
3030 2126 3202 2163 omne
3260 2110 3411 2180 quod
3460 2112 3517 2164 in

1892 2200 2109 2254 mundo
2151 2202 2236 2254 est
2270 2200 2723 2271 concupiscentia
2758 2202 2946 2256 carnis
2991 2206 3095 2272 est,
3130 2207 3187 2257 et
3223 2204 3517 2275 concupis-

1892 2294 2080 2349 centia
2115 2294 2429 2362 oculorum,
2459 2300 2515 2348 et
2544 2295 2779 2349 ambitio
2817 2296 3028 2363 seculi,
3057 2312 3183 2368 quas
3221 2314 3333 2351 non
3367 2301 3451 2352 est
3486 2316 3519 2353 a

1892 2389 2078 2454 Patre,
2110 2387 2208 2441 sed
2250 2404 2315 2442 ex
2361 2388 2813 2457 concupiscentia
2856 2387 3134 2457 saeculi";
3174 2394 3233 2444 et
3272 2393 3519 2446 mundus

1892 2480 2175 2550 transibit,
2210 2486 2267 2535 et
2305 2481 2763 2551 concupiscentia
2797 2481 2935 2552 ejus.
2968 2483 3072 2545 Qui
3102 2486 3291 2538 autem
3322 2486 3521 2540 fecerit

1856 2572 1857 2575 “
1893 2576 2249 2629 voluntatem
2276 2573 2379 2628 Dei
2398 2574 2467 2641 ‘9,
2497 2578 2695 2628 manet
2720 2573 2908 2646 741
2950 2575 3006 2629 in
3045 2581 3346 2646 aeternum,
3376 2595 3519 2648 quo-

1895 2668 2068 2723 modo
2096 2669 2238 2723 Deus
2264 2674 2457 2722 manet
2492 2668 2549 2722 in
2590 2672 2869 2722 mternum
2903 2688 2931 2719 »
2971 2670 3010 2739 (I
3035 2671 3216 2733 Joan.,
3256 2688 3313 2737 ιι,
3345 2675 3396 2738 6,
3433 2676 3521 2726 15-

1900 2766 2005 2831 17).
2052 2764 2191 2817 Item
2230 2762 2291 2815 in
2330 2761 2577 2832 Epistola
2615 2762 2771 2816 Pauli
2818 2762 2889 2816 ad
2930 2762 3251 2818 Corinthios
3294 2765 3516 2835 prima:

1902 2879 1929 2906 «
1976 2858 2293 2927 Expurgate
2336 2860 2493 2910 vetus
2528 2855 2901 2923 fermentum,
2948 2862 3007 2911 ut
3045 2856 3164 2911 sitis
3202 2874 3344 2912 nova
3383 2875 3517 2913 con-

168 2961 268 3016 Deo
305 2963 525 3034 οωίεειι
579 2979 637 3016 se
688 2963 1029 3016 ωοῖεειίίεπτ
1087 2960 1471 3029 εωοαιετίῂυε,
1518 2964 1582 3015 ιιι
1628 2959 1802 3031 possit
1899 2950 2130 3020 spersio,
2162 2950 2304 3004 sicut
2342 2950 2474 3005 estis
2508 2950 2707 3020 azymi.
2740 2951 2880 3003 Nam
2918 2953 2973 3004 et
3012 2951 3222 3005 Pascha
3258 2956 3520 3007 nostrum

168 3055 367 3125 placere
410 3056 464 3111 ei
515 3057 607 3110 cui
653 3073 712 3109 se
754 3056 1034 3126 probavit.
1082 3056 1191 3110 Sed
1233 3058 1290 3109 et
1332 3054 1377 3107 si
1418 3053 1721 3108 certaverit
1748 3054 1796 3087 ²⁸
1821 3098 1870 3126 Π
1900 3044 2223 3098 immolatus
2278 3049 2362 3098 est
2415 3044 2687 3098 Christus.
2754 3045 2948 3114 Itaque
3009 3044 3154 3099 festa
3178 3046 3225 3079 ⁸³
3281 3046 3521 3101 celebre-

169 3149 299 3219 quis,
343 3167 459 3205 non
510 3149 896 3218 coronabitur,
940 3150 1049 3203 nisi
1090 3148 1345 3219 legitime
1386 3148 1728 3219 pugnaverit
1767 3137 1873 3196 »υ
1900 3155 2047 3205 mus,
2092 3154 2209 3192 non
2254 3138 2312 3192 in
2356 3138 2643 3191 fermento
2680 3137 2876 3205 veteri,
2912 3154 3095 3209 neque
3137 3139 3196 3193 in
3235 3139 3521 3195 fermento

168 3242 226 3310 (II
276 3245 429 3309 Tim,
487 3259 543 3311 ιι,
592 3242 670 3311 4).
702 3245 779 3298 De
819 3244 927 3297 hoc
969 3243 1091 3313 ipso
1132 3242 1203 3295 ad
1239 3243 1593 3298 Colossenses
1629 3258 1641 3294 :
1675 3261 1702 3289 ‹‹
1747 3239 1802 3294 Si
1900 3232 2129 3286 malitia:
2170 3234 2228 3285 et
2266 3231 2559 3302 nequitiae,
2598 3230 2696 3285 sed
2744 3231 2802 3285 in
2839 3231 3049 3303 azymis
3092 3232 3425 3288 sinceritatis
3468 3239 3524 3288 et

168 3338 359 3391 mortui
410 3337 550 3391 estis
600 3353 729 3391 cum
771 3337 993 3391 Christo
1040 3337 1110 3390 ab
1156 3335 1459 3390 elementis
1499 3334 1703 3388 mundi
1727 3334 1797 3401 ³9,
1902 3325 2151 3381 veritatis
2180 3347 2207 3376 »
2238 3326 2278 3396 (Ι
2314 3324 2457 3386 σον..
2486 3341 2539 3392 V,
2568 3328 2620 3391 7,
2650 3326 2724 3395 8).

166 3431 288 3500 quid
309 3430 355 3466 ⁸ο
385 3434 661 3503 tanquam
690 3429 940 3485 viventes
969 3430 1025 3483 ir.
1058 3429 1273 3485 mundo
1297 3429 1343 3463 ³¹
1370 3444 1513 3483 vana
1539 3428 1797 3483 sectami-
2282 3421 2406 3473 CAP.
2438 3419 2546 3473 XII.
2577 3448 2645 3458 —
2672 3421 2791 3477 Non
2814 3418 3136 3487 jurandum.

163 3524 214 3578 ni
238 3547 263 3574 υ
292 3526 547 3591 (004055.,
582 3541 639 3591 ιι,
669 3524 801 3594 20)?
833 3526 968 3578 Item
1000 3524 1070 3578 de
1099 3524 1205 3578 hoc
1233 3524 1356 3593 ipso
1390 3539 1401 3577 :
1430 3544 1458 3571 «
1486 3523 1539 3578 Si
1567 3538 1800 3576 consur-
1971 3514 2128 3584 Apu'd
2161 3513 2515 3567 Salomonem
2538 3513 2584 3547 ⁴⁴
2618 3528 2631 3566 :
2671 3532 2698 3560 ‹‹
2734 3512 2828 3566 Vir
2868 3514 3111 3568 multum
3143 3514 3341 3584 jurans
3368 3515 3416 3551 ⁸⁵
3442 3532 3526 3571 re-

167 3618 373 3673 rexistis
397 3620 445 3654 ³³
493 3635 627 3673 cum
668 3618 911 3684 Christo,
944 3634 1071 3687 qum
1111 3633 1335 3671 sursum
1371 3622 1501 3670 sunt
1538 3616 1797 3687 quaerite,

166 3711 251 3765 ubi
293 3713 550 3767 Christus
594 3717 677 3767 est
716 3712 773 3765 in
821 3712 1057 3765 dextera
1106 3710 1200 3765 Dei
1240 3710 1472 3778 sedens;
1516 3726 1640 3779 quas
1680 3724 1799 3761 sur-

167 3821 278 3859 sum
318 3812 453 3861 sunt.
490 3806 692 3877 sapite,
736 3822 849 3859 non
894 3821 1020 3876 quae
1062 3809 1288 3859 terrena
1336 3804 1557 3857 sunt“.
1600 3802 1799 3856 Mortui

168 3899 307 3953 enim
367 3902 536 3969 estis,
598 3903 657 3954 et
713 3898 826 3953 vita
879 3902 1060 3953 vestra
1124 3897 1451 3953 abscondita
1516 3901 1603 3951 est
1664 3912 1796 3950 cum

1899 3608 2146 3679 plebitur
2193 3607 2510 3677 iniquitate,
2556 3610 2613 3660 et
2658 3622 2771 3659 non
2819 3606 3067 3663 discedet
3111 3626 3142 3661 a
3188 3610 3359 3664 domo
3405 3611 3524 3681 ejus

1901 3703 2098 3773 plaga;
2129 3708 2183 3756 et
2208 3701 2251 3754 si
2273 3701 2725 3771 vanejuraverit,
2747 3702 3344 3771 nonjustiiicabitur“
3366 3704 3476 3775 (47)
3494 3724 3521 3754 ι)

1903 3798 2107 3863 (Eccli.,
2157 3811 2309 3865 χχιιι,
2361 3798 2416 3848 11
2457 3835 2469 3848 .
2518 3796 2592 3849 De
2635 3794 2744 3849 hoc
2786 3796 2909 3866 ipso
2963 3802 3083 3850 cata
3130 3797 3456 3850 Matthseum
3505 3815 3518 3851 :

1902 3912 1929 3940 «
1970 3893 2179 3945 Iterum
2223 3888 2457 3943 audistis
2507 3890 2611 3956 (48)
2658 3889 2790 3960 quia
2836 3888 3048 3944 dictum
3096 3895 3181 3943 est
3225 3889 3471 3962 antiquis
3508 3907 3520 3945 :

1538 4041 1749 4108 Variae
1806 4041 2146 4105 lectiones.

220 4172 258 4207 ³⁸
278 4174 462 4239 Empti
492 4175 624 4225 estis
653 4186 855 4239 magno
910 4172 1051 4225 Lam.
1080 4173 1206 4224 Bod.
1229 4174 1278 4234 2,
1312 4176 1354 4223 4.
1385 4172 1494 4226 ΝΟ.
1527 4175 1568 4222 1.
1639 4170 1676 4206 ¹⁷
1702 4172 1947 4234 Tempus
1974 4168 2124 4239 enim
2151 4165 2318 4216 breve
2353 4171 2436 4217 est
2467 4166 2600 4217 Lam.
2644 4166 2753 4220 ΝΟ.
2782 4167 2829 4217 1.
2858 4163 2987 4239 Bod.
3018 4166 3066 4215 2.
3107 4166 3257 4239 Coit.
3287 4164 3520 4239 Collecf

167 4246 307 4305 tum;
335 4247 618 4310 reliquum
650 4245 776 4294 Bod.
813 4246 860 4295 2.
899 4247 1042 4294 Lam.
1070 4244 1178 4297 ΝΟ.

1309 4243 1350 4278 ⁸⁸
1371 4244 1479 4306 Qui
1512 4244 1661 4302 ﬂent,
1694 4243 1853 4307 quasi
1884 4254 1996 4290 non
2024 4237 2219 4287 ﬂentes
2248 4239 2390 4287 Lam.
2437 4242 2550 4291 Li'n.
2602 4239 2727 4289 Bod.
2782 4239 2825 4299 I,
2877 4238 2925 4300 2,
2974 4238 3022 4298 3,
3075 4239 3121 4287 4.
3201 4236 3322 4307 Thu.
3375 4235 3526 4292 Corb.

166 4314 201 4351 τ’
233 4306 474 4366 Utuntur
497 4317 566 4366 de
601 4316 708 4367 hoc
734 4316 941 4366 mundo
973 4316 1109 4365 Cott.
1175 4314 1216 4347 ⁸⁸
1247 4315 1420 4377 Quasi
1449 4330 1560 4365 non
1590 4315 1889 4365 abutantur
1911 4312 2051 4363 Lam.
2087 4307 2191 4358 ΝΟ.
2227 4311 2270 4358 1.
2305 4310 2477 4359 Bod.2.
2546 4311 2585 4343 ²¹
2615 4312 2696 4361 De
2729 4314 2873 4360 terra
2904 4322 2934 4359 e
2956 4309 3091 4359 limo
3125 4306 3245 4357 Bod.
3281 4309 3329 4370 2,
3357 4310 3405 4357 4.
3443 4310 3523 4359 De

161 4384 281 4436 limo
314 4385 461 4434 θον-ὁ.
491 4388 575 4436 De
602 4386 736 4437 limo
768 4389 1037 4436 terrenus.
1141 4386 1182 4415 "
1208 4385 1362 4435 Casio
1393 4385 1638 4435 cmlestis
1666 4385 1799 4434 Cott.

164 4456 277 4504 Bod.
302 4457 345 4504 I.
370 4457 507 4505 Coit.

1903 4380 1946 4414 ⁸³
1972 4381 2179 4431 Omnes
2219 4381 2369 4430 enim
2402 4384 2544 4432 Lam.
2575 4382 2682 4435 ΝΟ.
2714 4383 2758 4431 1.
2796 4380 2934 4443 Quas
2964 4393 3073 4429 sua
3101 4382 3228 4428 sunt
3260 4384 3523 4443 quaerunt

640 4456 684 4490 “
725 4457 860 4507 Item
909 4457 1022 4505 illic
1053 4471 1063 4504 :
1096 4456 1251 4506 Multi
1283 4456 1589 4516 ambulant,
1625 4468 1767 4520 quos
1796 4467 1944 4517 smpe
1974 4449 2229 4501 dicebam
2260 4452 2439 4511 vobis,
2463 4466 2616 4502 nunc
2651 4456 2836 4503 autem
2863 4454 2917 4501 et
2943 4449 3080 4500 ﬂens
3107 4450 3253 4511 dico,
3305 4450 3520 4501 inimici

164 4530 286 4576 sunt
313 4528 503 4577 crucis
540 4526 745 4577 Christi
780 4527 914 4576 Cott.
944 4530 986 4559 ’⁵
1013 4527 1075 4575 In
1102 4527 1427 4577 confusione
1459 4526 1584 4578 Tha.
1628 4528 1689 4575 In
1716 4524 1991 4588 pudendis
2018 4521 2142 4572 Bod.
2182 4523 2203 4571 1
2306 4521 2347 4554 ³⁸
2374 4522 2797 4587 Conﬂguratum
2828 4521 2953 4571 Bod.
2987 4522 3032 4570 3.
3064 4520 3147 4569 Ad
3173 4520 3523 4571 conformem

167 4598 290 4646 Cott.
358 4597 399 4632 ’⁷
427 4600 688 4664 Implicat
715 4611 774 4649 se
805 4598 1045 4663 negotiis
1075 4598 1184 4648 ΝΟ.
1213 4598 1258 4645 2.
1293 4598 1424 4646 Cott.
1491 4596 1533 4630 ³⁸
1556 4595 1863 4646 Certaverit
1887 4596 1945 4644 in
1971 4606 2149 4657 agone
2178 4596 2315 4645 Lam.
2348 4593 2473 4643 Bod.
2507 4596 2556 4664 27.
2586 4592 2691 4643 ΝΟ.
2740 4594 2784 4643 1.
2819 4592 2973 4664 Cott.
2995 4590 3084 4664 __"
3104 4591 3293 4664 Hujus
3324 4590 3522 4664 mundi

164 4666 264 4719 ΝΟ.
292 4670 313 4718 1
340 4669 465 4719 Bod.
489 4672 540 4720 2.
608 4668 650 4703 ³⁰
685 4668 834 4731 Quid
865 4669 1051 4719 adhuc
1076 4670 1212 4719 Cott.

165 4738 598 4795 Consurrexistis
622 4744 842 4795 Christo
875 4745 1018 4792 Lam.
1087 4746 1126 4774 ³³
1157 4743 1277 4792 Non
1304 4754 1430 4805 quin
1460 4754 1625 4803 super
1650 4744 1851 4791 terram
1899 4739 2033 4788 Cott.

836 4819 875 4848 ³⁵
905 4813 1189 4866 Desideria
1228 4814 1427 4863 erroris
1459 4813 1593 4861 Cott.
1633 4812 1997 4863 Renovamini
2028 4810 2317 4861 hominem
2352 4806 2490 4854 Cott.

1164 4884 1204 4920 ³⁸
1232 4883 1731 4935 Conversationem
1763 4883 2046 4934 habentes
2073 4884 2219 4932 inter
2245 4878 2479 4942 gentiles
2515 4877 2652 4925 Lam.
2682 4877 2796 4925 Lin.
2825 4876 2934 4927 ΝΟ.
2970 4879 3072 4931 1,2.
3116 4875 3240 4924 Bod.
3274 4876 3327 4932 2,
3378 4876 3427 4936 3,
3470 4877 3521 4925 4.

112 4853 119 4857 .
165 4817 524 4867 versationem
547 4817 680 4867 Cott.

168 4878 188 4915 ⁷
210 4883 438 4936 Creatus
467 4891 554 4937 est
574 4888 629 4935 in
653 4887 868 4949 justitia
895 4885 1029 4933 Cott.

166 4954 293 5005 Colt.
361 4958 400 4991 ³⁸
428 4947 687 5008 Tractant
715 4956 784 5006 de
810 4956 966 5005 vobis
1001 4958 1134 5004 Cott.
1168 4954 1602 5006 Detrectandum
1640 4954 1798 5003 vobis
1829 4958 2024 5017 putant
2056 4952 2176 5002 Bod.
2216 4953 2258 5000 1.
2327 4947 2376 4981 ⁴⁰
2398 4949 2480 4998 De
2508 4947 2962 4997 malefactoribus
2993 4948 3128 4997 Cott.

1562 5028 1603 5059 ⁴¹
1635 5026 1933 5077 Perfecerit
1962 5025 2306 5073 voluntatem
2339 5019 2477 5068 Coti.
2546 5022 2588 5051 ⁴³
2612 5019 2805 5082 Itaque
2835 5018 2985 5067 diem
3016 5017 3221 5068 festum
3248 5019 3389 5067 Lam.
3416 5018 3526 5068 ΝΟ.

166 5026 423 5088 placentia
450 5030 573 5092 ejus
599 5031 651 5077 et
680 5026 927 5077 mundus
959 5026 1096 5075 Lam.
1120 5026 1228 5076 Li'n.
1257 5026 1419 5088 NC.i,
1444 5027 1492 5075 2.

1313 4670 1358 4701 ³⁸
1382 4670 1462 4719 De
1493 4669 1600 4718 hoc
1646 4667 1852 4717 mundo
1879 4666 2179 4718 decernitis
2206 4667 2342 4714 Gott.

2446 4666 2484 4695 "
2530 4663 2936 4713 Resurrexistis
2985 4661 3206 4712 Christo
3233 4663 3359 4712 Bod.
3395 4663 3442 4712 2.
3470 4664 3519 4714 4.

2130 4740 2169 4771 ³⁴
2197 4735 2470 4793 Deponite
2498 4732 2652 4784 Corb.
2711 4734 3032 4797 Expurgate
3062 4734 3354 4797 pristinam
3383 4747 3524 4783 con-

2624 4805 2662 4839 ³ο
2692 4806 2995 4855 Hominem
3026 4806 3123 4869 qui
3159 4805 3284 4854 Bod.
3319 4805 3367 4853 3.
3401 4805 3522 4853 Tha.

3229 4948 3271 4979 ⁴⁶
3294 4945 3528 4997 Concu-

166 5098 207 5145 i.
240 5099 357 5149 Bod.
387 5099 436 5148 2.
481 5087 550 5131 v“
581 5098 934 5150 Salomonem
960 5112 971 5146 :
1006 5097 1239 5148 Multum
1266 5087 1473 5159 Bod.’l,
1502 5099 1549 5159 3,
1583 5099 1629 5148 4.
1668 5098 1786 5147 Tha.

1924 5095 2249 5159 Implebitur
2282 5092 2422 5140 Lam.
2452 5090 2565 5140 Lin.
2597 5090 2704 5140 ΝΟ.
2730 5091 2776 5139 1.
2820 5089 2955 5138 Cott.
3023 5087 3068 5123 ⁴⁸
3097 5090 3255 5139 Oxon.
3316 5088 3469 5138 addit
3510 5102 3527 5137 :

166 5165 295 5219 Etsi
323 5171 534 5221 frustra
554 5172 839 5233 juraverit,
868 5168 1171 5235 dupliciter
1196 5170 1463 5234 punietur

1456 5284 1683 5370 Steph.
1730 5284 1979 5350 Balnzii
2025 5288 2221 5349 notae.

223 5404 318 5470 (46)
371 5407 575 5461 Nostra
630 5410 977 5462 conversatio.
1043 5407 1185 5461 Vide
1242 5407 1542 5461 Frontonis
1598 5406 1862 5470 Ducaai-
1899 5410 1983 5457 est
2025 5422 2088 5458 ea
2136 5405 2330 5457 deesse
2376 5405 2432 5455 in
2482 5403 2782 5467 impressis,
2820 5402 3038 5455 exstant
3078 5416 3208 5453 vero
3251 5399 3308 5452 in
3349 5399 3528 5466 capite

167 5461 317 5530 notas
358 5482 425 5530 ad
480 5482 792 5534 Homeliam
828 5461 967 5534 nvx
1011 5481 1397 5547 Chrysostomi
1444 5484 1499 5532 in
1544 5484 1795 5530 sanctum
1817 5461 1875 5532 Ῑ)
1901 5490 2045 5529 xxm
2074 5478 2199 5528 libri
2234 5461 2638 5535 Ecclesiastici,
2668 5461 2779 5525 sed'
2802 5476 2925 5525 aliis
2950 5474 3149 5547 verbis.

168 5548 462 5600 Julianum‘
486 5551 799 5616 Martyrem.

224 5622 319 5682 (47)
365 5622 506 5673 CAP.
563 5621 684 5674 XII.
738 5652 800 5662 —
846 5625 963 5676 Non
997 5624 1400 5689 J'ustiﬁcabitur.
1450 5625 1634 5676 Editio
1686 5626 1793 5673 An-

169 5690 375 5754 glicana
423 5694 577 5744 addit
617 5708 686 5747 ex
725 5697 964 5760 quodam
1006 5698 1178 5749 veteri
1221 5698 1380 5757 libro,
1406 5702 1460 5746 ut
1510 5698 1558 5745 si”
1593 5695 1797 5757 frustra

160 5762 451 5831 jurouarit,
480 5765 767 5833 dupliciter
792 5770 1063 5834 puniatur.
1100 5768 1220 5819 Illic
1246 5772 1432 5818 autem
1471 5770 1798 5823 annotaturn

1964 5551 2061 5613 (48)
2113 5549 2308 5600 Iterum
2357 5548 2603 5597 audistis.
2659 5547 2768 5596 Ista
2816 5560 2995 5611 usque
3040 5546 3107 5596 ad
3153 5548 3226 5595 Do
3276 5544 3367 5594 hoc
3416 5542 3529 5613 ipso

1899 5612 2083 5672 addita
2111 5625 2243 5672 sunt
2284 5633 2352 5670 ex
2390 5618 2581 5671 codice
2611 5619 2865 5670 Lamonii
2909 5622 2964 5670 et
3008 5633 3078 5673 ex
3124 5612 3527 5679 Gratianopoli~

1900 5698 2046 5744 tano.
