3998 6194
496 272 587 325 771
1437 267 1493 320 S.
1535 261 1849 323 CYPBIANI
1887 262 2164 323 OPERUM
2203 267 2374 322 PARS
2412 264 2479 320 II.
2523 292 2590 304 —
2627 262 2990 320 OPUSCULA.
3724 264 3812 318 7'72

490 395 612 449 Non
652 391 986 465 perjurabis.
1028 388 1254 445 Reddes
1290 393 1484 445 autem
1529 391 1768 445 Domino
1791 391 2114 462 juramenta
2137 391 2367 475 AUob,
2423 405 2492 456 ιι,
2554 389 2630 457 9).
2685 390 2824 443 Item
2877 386 2988 440 illic
3038 402 3050 438 :
3109 406 3138 434 «
3192 383 3639 438 Animadvertisti
3674 386 3718 419 ει
3753 386 3816 438 ad

492 491 608 542 tua.
657 489 772 555 Ego
815 486 1006 538 autem
1045 482 1170 538 dico
1213 483 1372 540 vobis
1409 500 1522 538 non
1562 485 1754 555 jurare
1792 485 2028 540 omnino
2044 485 2114 555 υ,
2220 499 2463 555 puerum
2495 497 2686 536 meum
2711 481 2855 535 Job?
2885 481 3008 534 Non
3048 478 3202 532 enim
3244 483 3326 532 est
3355 476 3545 531 similis
3575 477 3649 531 illi
3676 479 3813 548 quis-

498 595 681 650 neque
712 594 816 648 per
848 578 1068 645 coelum,
1096 577 1227 648 quia
1254 578 1492 632 thronus
1525 578 1751 632 Domini
1786 580 1897 644 est;
1930 594 2116 649 neque
2221 594 2395 648 quam
2449 577 2505 630 in
2558 575 2754 643 terris;
2809 563 2978 628 homo
3039 572 3160 626 sine
3215 570 3476 642 querela,
3529 587 3686 624 verus
3730 573 3818 626 Dei

495 689 598 744 per
625 675 859 738 terram,
891 672 1024 742 quia
1049 670 1359 726 scabellum
1389 677 1472 726 est
1504 671 1711 742 pedum
1744 672 1902 742 ejus;
1933 687 2117 742 neque
2221 671 2424 738 cultor,
2460 669 2750 724 abstinens
2785 684 2846 722 se
2887 666 2958 720 ab
2999 665 3156 721 omni
3196 664 3348 719 malo
3377 664 3422 698 ⁸⁵
3457 684 3483 713 ››
3528 665 3656 733 (Job,
3691 681 3723 731 ι,
3751 665 3818 733 8).

495 782 594 837 per
637 764 1106 836 Hierosolymam,
1147 765 1279 836 quia
1316 764 1510 818 civitas
1555 767 1640 818 est
1681 765 1880 835 magni
1926 764 2115 836 regis;
2220 766 2294 818 De
2341 763 2452 817 hoc
2505 763 2626 833 ipso
2671 762 2728 815 in
2779 761 2996 815 Psalmo
3043 775 3215 814 xxxm
3251 775 3264 812 :
3301 778 3329 806 «
3370 756 3688 812 Benedicam
3724 759 3816 811 Do-

495 875 682 931 neque
728 875 828 929 per
871 862 1042 928 caput
1083 863 1244 912 tuum
1289 857 1588 927 juraveris,
1629 859 1762 930 quia
1797 875 1910 912 non
1958 861 2120 928 potes
2219 856 2440 910 minum
2473 856 2531 910 in
2574 855 2730 909 omni
2765 859 3048 925 tempore,
3092 867 3316 922 semper
3346 851 3465 904 laus
3501 850 3615 920 ejus
3647 850 3700 905 in
3736 868 3818 906 ore

497 969 678 1007 unum
700 951 964 1022 capillum
989 951 1183 1005 album
1213 951 1399 1005 facere
1421 955 1516 1005 aut
1544 951 1796 1021 nigrum.
1827 951 1907 1006 Sit
1933 966 2118 1005 sermo
2222 966 2370 1004 meo.
2405 971 2432 998 ι)
2480 950 2558 1003 De
2594 949 2702 1003 hoc
2745 948 2868 1018 ipso
2907 947 2965 1000 in
3005 945 3270 1000 Numeris
3305 962 3317 997 :
3353 965 3380 994 ‹‹
3423 944 3645 998 Desinat
3676 960 3813 998 mur-

497 1049 684 1100 vester
712 1064 725 1099 :
753 1046 864 1110 Est,
898 1048 1014 1112 est;
1048 1045 1192 1110 Non,
1221 1060 1359 1098 non.
1400 1044 1558 1107 Quod
1594 1048 1784 1098 autem
1824 1044 1912 1097 his
1939 1044 2117 1097 abun-
2221 1043 2466 1096 muratio
2511 1058 2708 1097 eorum
2745 1057 2777 1094 a
2815 1056 2931 1108 me,
2964 1045 3021 1094 et
3061 1055 3177 1093 non
3217 1038 3536 1092 morientur
3567 1058 3592 1086 υ
3634 1037 3814 1106 (Num,

497 1140 723 1194 dantius
756 1141 860 1204 est,
890 1154 923 1192 a
952 1137 1098 1191 malo
1129 1139 1270 1190 est»
1302 1139 1542 1206 (Matth.,
1572 1154 1624 1204 ν,
1655 1138 1863 1206 34-37).
1902 1139 1976 1192 De
2017 1137 2123 1190 hoc
2223 1151 2348 1204 xvn,
2403 1135 2512 1203 10).
2558 1137 2636 1188 De
2685 1135 2792 1188 hoc
2843 1134 2966 1204 ipso
3017 1133 3075 1186 in
3124 1131 3352 1187 Actibus
3407 1130 3765 1200 apostolorum
3803 1148 3814 1182 :

499 1233 619 1303 ipso
650 1233 709 1287 in
739 1231 931 1288 Exodo
966 1247 978 1285 :
1020 1251 1047 1278 ‹‹
1085 1231 1207 1284 Νοιι
1240 1230 1482 1301 accipies
1521 1246 1732 1285 nomen
1768 1230 1992 1285 Domini
2027 1230 2122 1283 Dei
2227 1251 2253 1278 α
2309 1229 2469 1283 Circa
2513 1227 2759 1282 mediam
2813 1228 3004 1280 autem
3061 1230 3283 1279 noctem
3339 1223 3546 1277 Paulus
3597 1228 3649 1277 et
3693 1223 3820 1276 Silas

502 1327 581 1380 tui
599 1327 642 1360 ‘8
676 1327 734 1380 in
761 1340 966 1378 vanum
999 1346 1026 1374 »
1057 1324 1275 1394 (and.,
1306 1340 1397 1386 xx,
1428 1325 1500 1394 7).
2223 1326 2459 1376 orantes
2495 1322 2705 1391 gratias
2741 1320 2990 1391 agebant
3015 1319 3153 1372 Deo.
3183 1316 3505 1372 Audiebant
3536 1319 3712 1370 autem
3739 1333 3820 1370 eos

804 1419 930 1473 CAP.
962 1419 1092 1473 XIII.
1127 1448 1195 1457 ——
1225 1421 1344 1473 Non
1367 1418 1814 1472 maledicendum.
2223 1419 2394 1474 vincti
2424 1442 2452 1469 »
2476 1420 2523 1454 6°
2555 1419 2725 1489 (Act,
2757 1433 2869 1487 xvr,
2908 1417 3018 1484 25).
3052 1418 3195 1470 Item
3229 1415 3287 1468 in
3319 1414 3562 1484 Epistola
3599 1413 3740 1467 Pauli
3763 1413 3823 1468 ad

575 1514 634 1566 In
674 1511 860 1566 Exodo
893 1527 906 1564 :
940 1531 966 1560 ‹‹
1002 1512 1124 1565 Non
1165 1511 1468 1565 maledices
1506 1527 1690 1581 neque
1736 1510 1978 1581 principi
2017 1527 2120 1581 po-
2226 1517 2616 1587 Philippenses
2649 1533 2661 1570 :
2697 1537 2725 1564 «
2761 1514 2964 1569 Omnia
3005 1518 3198 1567 autem
3234 1529 3338 1583 pro
3369 1511 3660 1565 dilectione
3683 1512 3722 1544 ⁶⁷
3755 1511 3826 1564 fa-

502 1606 621 1677 puli
667 1605 750 1660 tui
799 1604 1108 1659 detraxeris
1165 1625 1192 1654 η
1249 1605 1468 1674 (Exod,
1519 1621 1648 1671 XXII,
1699 1604 1806 1674 27).
1864 1606 2002 1658 Item
2065 1604 2122 1657 in
2226 1610 2443 1664 cientes
2477 1609 2596 1663 sine
2638 1606 3258 1662 murmura’tionibus68
3295 1607 3353 1660 et
3386 1603 3825 1674 reputationibus,

502 1699 725 1754 Psalmo
756 1713 924 1752 xxxm
953 1715 965 1751 :
997 1717 1025 1746 «
1067 1697 1203 1761 Quis
1243 1703 1328 1751 est
1369 1698 1542 1752 homo
1582 1697 1678 1767 qui
1717 1697 1835 1750 vult
1865 1696 2037 1752 vitam
2072 1702 2197 1772 et“
2230 1709 2293 1756 ut
2345 1702 2466 1756 sitis
2515 1702 2638 1756 sine
2688 1702 2919 1772 querela
2967 1703 3023 1756 et
3069 1699 3424 1754 immaculati
3457 1698 3503 1732 ⁶⁹
3541 1697 3636 1751 ﬁlii
3685 1697 3768 1751 Dei
3803 1717 3824 1744 ι)

503 1795 659 1846 amat
705 1792 893 1846 videre
918 1792 964 1825 ‘9
995 1791 1112 1845 dies
1161 1790 1339 1845 bonos
1376 1791 1467 1845 ⁵οτ
1512 1790 1747 1846 Contine
1775 1792 1820 1824 δι
1874 1791 2082 1860 linguai

1174 1791 1339 1845 bonos
1376 1791 1422 1824 ⁵ο
1441 1791 1467 1845 τ
1512 1765 1747 1846 Contine
1775 1792 1820 1824 δι
1874 1791 2131 1860 linguam
2150 1765 2208 1835 B
2239 1796 2524 1866 (Philipp,
2554 1812 2612 1864 ιι,
2649 1765 2753 1866 14).

505 1891 661 1940 tuam
692 1902 726 1938 a
761 1885 933 1951 malo,
971 1887 1026 1938 et
1052 1884 1198 1938 labia
1229 1888 1327 1938 tua
1362 1899 1431 1938 ne
1463 1885 1766 1954 loquantur
1793 1885 1984 1939 dolum
2004 1885 2072 1938 δ’.

2249 1900 2358 1952 In.
2413 1898 2519 1950 XV.
2586 1927 2652 1936 —
2704 1896 2792 1951 Ad
2852 1895 2944 1950 hoc
3006 1897 3208 1948 tentari
3269 1894 3506 1948 homines
3569 1909 3600 1945 a
3646 1895 3737 1946 Deo
3781 1899 3828 1945 ut

506 1978 585 2032 De
616 1979 724 2032 hoc
762 1977 886 2047 ipso
917 1977 974 2030 in
1007 1977 1248 2031 Levitico
1279 1994 1291 2031 :
1323 1998 1350 2026 ‹‹
1384 1978 1449 2031 Et
1479 1978 1699 2031 locutus
1741 1983 1824 2032 est
1863 1977 2136 2031 Dominus
2862 1977 3157 2045 probentur
3177 1975 3247 2028 ⁷ο.

508 2072 577 2126 ad
627 2073 850 2140 Moysen
894 2069 1082 2124 dicens
1132 2088 1144 2123 :
1193 2070 1412 2124 Produc
1459 2086 1596 2124 eum
1639 2071 1739 2140 qui
1784 2071 2138 2126 maledixerit
2313 2078 2373 2129 In
2411 2075 2614 2129 Genesi
2649 2092 2658 2126 :
2696 2094 2722 2123 ‹‹
2757 2074 2824 2127 Et
2851 2073 3091 2127 tentavit
3126 2074 3272 2126 Deus
3303 2071 3610 2138 Abraham,
3641 2075 3691 2122 et
3714 2069 3830 2122 dixit

507 2164 655 2218 foras
683 2166 842 2217 extra
862 2168 1066 2232 castra,
1090 2168 1147 2216 et
1171 2163 1472 2234 imponent
1493 2180 1690 2218 omnes
1715 2164 1811 2234 qui
1833 2164 2139 2219 audierunt
2239 2169 2314 2224 ad
2357 2169 2518 2222 illum
2566 2185 2578 2221 :
2623 2167 2827 2237 Accipe
2874 2166 3120 2220 ﬁlium“
3164 2170 3329 2220 tuum
3369 2165 3598 2217 unicum
3624 2163 3830 2233 quem"

511 2273 712 2312 manus
756 2273 882 2310 suas
928 2273 1094 2327 super
1139 2263 1309 2327 caput
1351 2258 1493 2326 ejus,
1536 2259 1592 2311 et
1634 2257 1906 2326 lapidabit
1925 2255 1966 2287 ⁸³
2010 2274 2138 2311 eum
2239 2263 2429 2333 diligis
2457 2265 2629 2328 Isaac,
2683 2268 2739 2315 et
2791 2260 2933 2315 vade
2978 2261 3038 2313 in
3099 2266 3316 2314 terram
3346 2259 3395 2291 ⁷³
3444 2259 3632 2323 altam,
3681 2257 3835 2325 impo-

513 2351 697 2404 omnis
735 2366 1024 2421 synagoga
1052 2350 1298 2404 ﬁliorum
1340 2350 1568 2405 Israel»
1600 2351 1808 2419 (Leuit,
1840 2367 1986 2417 xxrv,
2030 2351 2136 2420 13).
2239 2373 2380 2412 nens
2405 2357 2451 2389 τε
2476 2355 2634 2409 illum
2697 2354 2776 2408 ibi
2827 2354 2884 2407 in
2944 2354 3351 2408 holocaustum
3416 2351 3645 2404 hostiam
3675 2351 3736 2414 τε,
3786 2349 3834 2400 in

515 2445 588 2498 De
614 2444 721 2497 hoc
747 2444 868 2514 ipso
895 2444 954 2497 in
981 2443 1228 2514 Epistola
1258 2443 1416 2497 Pauli
1447 2443 1518 2497 ad
1551 2444 1826 2514 Ephesios
1857 2461 1868 2497 :
1897 2466 1923 2492 α
1948 2445 2141 2498 Omnis
2243 2450 2473 2504 unum76
2509 2465 2573 2503 ex
2611 2447 2903 2502 montibus
2933 2447 3004 2500 de
3041 2463 3152 2517 quo
3187 2446 3292 2500 tibi
3331 2444 3525 2499 dixero
3546 2441 3585 2474 ⁷⁷
3613 2465 3637 2492 ››
3670 2442 3823 2511 (Gen,

514 2553 701 2590 sermo
735 2537 920 2591 malus
949 2537 1018 2591 de
1050 2553 1146 2591 ore
1177 2542 1359 2592 vestro
1393 2553 1508 2590 non
1538 2537 1891 2606 procedat“,
1923 2536 2021 2591 sed
2052 2537 2141 2590 bo-
2245 2560 2374 2609 χχιι,
2415 2543 2488 2611 1),
2527 2543 2605 2595 De
2637 2541 2746 2594 hoc
2778 2541 2898 2610 ipso
2924 2540 2984 2593 in
3023 2538 3471 2594 Denteronomio
3500 2553 3513 2590 :
3551 2558 3579 2584 α
3603 2534 3835 2590 Tentat"

518 2645 623 2683 nus
654 2630 724 2683 ad
755 2629 1187 2684 aadiﬁcationem
1221 2629 1374 2696 ﬁdei,
1410 2633 1473 2683 ut
1504 2629 1600 2684 det
1628 2631 1870 2699 gratiam
1908 2630 2141 2685 audien-
2247 2637 2522 2690 Dominus
2558 2635 2700 2688 Deus
2730 2636 2916 2687 vester
2940 2649 3054 2701 vos,
3085 2639 3147 2688 ut
3174 2632 3311 2686 sciat
3345 2629 3536 2702 743
3566 2629 3608 2683 si
3636 2628 3837 2697 diligitis

517 2723 667 2777 tibus
700 2745 727 2771 »
771 2725 1010 2794 (Ephes.,
1039 2739 1112 2789 1v,
1144 2725 1251 2792 29).
1293 2725 1369 2777 De
1399 2724 1507 2777 hoc
1549 2724 1667 2793 ipso
1709 2724 1780 2778 ad
1818 2725 2142 2778 Romanos:
2250 2729 2560 2783 Dominum
2604 2729 2783 2782 Deum
2827 2730 3078 2781 vestrum
3128 2743 3196 2781 ex
3237 2730 3360 2779 toto
3391 2724 3560 2778 corde
3601 2726 3762 2776 vestro
3793 2725 3839 2773 et

521 2836 548 2864 ‹‹
581 2816 994 2869 Benedicentes
1024 2813 1084 2881 ⁵⁸,
1115 2822 1171 2870 et
1197 2832 1311 2871 non
1343 2816 1750 2870 maledicentes
1774 2839 1802 2866 »
1833 2817 2026 2887 (Rom,
2050 2833 2144 2884 xu,
2250 2841 2315 2877 ex
2352 2825 2465 2876 tota
2503 2822 2695 2875 anima
2735 2822 2920 2874 vestra
2950 2839 2975 2871 »
3010 2821 3212 2888 (Deut.,
3242 2835 3360 2884 xm,
3388 2819 3462 2886 3).
3508 2818 3578 2870 De
3616 2816 3712 2869 hoc
3739 2814 3838 2884 ipso

524 2909 631 2980 14).
660 2911 734 2962 De
763 2909 867 2963 hoc
888 2910 1010 2978 ipso
1037 2909 1094 2962 in
1119 2908 1310 2981 ’742
1330 2910 1630 2980 Evangelia
1651 2914 1771 2964 cata
1792 2910 2144 2964 Matthteum:
2251 2917 2307 2968 in
2348 2914 2639 2984 Sapientia
2681 2912 2998 2968 Salomonis
3031 2930 3042 2966 :
3079 2933 3106 2960 ‹‹
3141 2913 3208 2965 Et
3244 2913 3291 2965 si
3327 2927 3521 2965 coram
3550 2907 3839 2962 hominibus

526 3023 553 3051 «
585 3003 691 3066 Qui
724 3002 932 3056 dixerit
955 3003 1117 3056 fratri
1143 3019 1246 3057 suo
1281 3021 1292 3056 :
1326 3004 1518 3069 Fatue,
1548 3019 1680 3057 reus
1708 3004 1816 3057 erit
1840 3004 1898 3057 in
1934 3005 2144 3073 gehen-
2251 3012 2535 3063 tormenta
2593 3007 2736 3077 passi
2788 3012 2955 3073 sunt,
3012 3022 3136 3076 spes
3189 3021 3394 3060 eorum
3459 3001 3841 3056 immortalitate

523 3112 656 3150 nam
683 3097 729 3130 ⁵⁸
755 3096 903 3166 ignis
934 3119 961 3145 »
990 3096 1227 3165 (Matth.,
1252 3113 1304 3162 v,
1327 3097 1439 3164 22).
1463 3097 1541 3150 De
1570 3097 1676 3150 hoc
1700 3097 1822 3167 ipso
1845 3101 1966 3151 cata
1991 3113 2150 3151 eum-
2173 3133 2224 3173 ρ
2255 3103 2430 3173 plena
2485 3107 2598 3167 est;
2653 3106 2708 3154 et
2755 3101 2816 3154 in
2870 3099 3061 3170 paucis
3123 3098 3327 3164 vexati,
3388 3098 3446 3151 in
3494 3095 3675 3150 multis
3721 3095 3838 3147 bene

523 3190 652 3245 dem
700 3189 1030 3243 Matthwum
1081 3206 1093 3243 :
1129 3210 1157 3238 ‹‹
1200 3189 1332 3243 Dico
1379 3193 1570 3243 autem
1612 3190 1771 3244 vobis
1812 3191 1944 3260 quia
1986 3187 2226 3245 omne”
2255 3196 2646 3266 disponentur,
2681 3193 2956 3264 quoniam
2995 3193 3138 3246 Deus
3179 3191 3421 3246 tentavit
3464 3191 3586 3245 illos
3618 3189 3660 3222 79
3687 3191 3736 3241 et
3770 3187 3840 3239 in-

519 3283 757 3336 verbum
817 3281 1066 3336 otiosum
1088 3283 1133 3315 ⁵⁷
1167 3283 1320 3351 quod
1364 3282 1538 3335 locuti
1586 3283 1796 3336 fuerint
1859 3283 2151 3349 homines,
2253 3289 2409 3343 venit
2452 3287 2582 3342 illos
2621 3286 2827 3356 dignos
2869 3302 2946 3339 se.
2988 3286 3281 3355 Tanquam
3313 3300 3523 3338 aurum
3558 3283 3614 3336 in
3647 3281 3840 3334 fornace

523 3374 766 3430 reddent
790 3390 891 3444 pro
928 3390 995 3428 eo
1029 3375 1316 3429 rationem
1349 3375 1407 3428 in
1448 3375 1539 3434 die
1563 3375 1780 3444 judicii.
1829 3377 1905 3428 De
1937 3392 2152 3430 sermo-
2259 3381 2519 3452 probavit
2552 3379 2699 3447 illos,
2741 3385 2798 3433 et
2834 3377 2994 3449 quasi
3013 3379 3336 3432 holocausta
3369 3378 3564 3432 hostiae
3590 3375 3634 3409 ⁸ο
3663 3371 3843 3441 accepit

523 3468 690 3522 nibus
734 3467 886 3521 enim
933 3467 1043 3521 tuis
1084 3467 1502 3538 justificaberis,
1558 3473 1614 3522 et
1673 3468 1743 3522 de
1795 3470 2156 3523 sermonibus
2257 3475 2416 3540 illos,
2469 3477 2527 3526 et
2569 3473 2625 3526 in
2685 3476 2940 3542 tempore
2971 3471 3013 3505 ⁸¹
3069 3471 3175 3525 erit
3228 3474 3516 3540 respectus
3562 3468 3766 3523 illorum
3793 3461 3841 3516 .“

526 3561 638 3615 tuis
667 3561 1139 3615 condemnaberis
1161 3561 1208 3594 ⁸⁸
1237 3583 1264 3610 ››
1297 3561 1538 3629 (Matth.,
1566 3577 1660 3627 xu,
1693 3564 1799 3630 36).
2261 3567 2606 3622 Judicabunt
2656 3566 2915 3620 nationes
2962 3569 3017 3619 et
3063 3563 3508 3618 dominabuntur
3557 3558 3758 3632 populi,
3799 3560 3843 3611 et

527 3663 652 3718 CAP.
711 3663 839 3716 XIV.
903 3691 972 3703 —
1027 3665 1319 3732 Nunquam
1382 3664 1808 3726 mussitandum,
1863 3666 1954 3720 sed
2015 3670 2160 3721 circa
2259 3660 2524 3731 regnabit
2558 3659 2828 3714 Dominus
2858 3674 3056 3713 eorum
3089 3657 3146 3710 in
3175 3663 3518 3728 perpetuum
3540 3678 3565 3706 η
3598 3655 3754 3724 (δίψα,
3777 3666 3841 3713 ων

657 3745 839 3798 omnia
868 3758 988 3812 quae
1015 3743 1268 3796 accidunt
1293 3742 1361 3809 ⁵⁸,
1393 3743 1802 3799 benedicendum
1829 3747 2014 3799 Deum.
2260 3755 2330 3824 4),
2371 3755 2447 3808 De
2475 3754 2582 3807 hoc
2610 3753 2732 3822 ipso
2760 3752 2816 3806 in
2843 3750 3173 3806 Machabaiis
3196 3751 3244 3784 ⁸²
3274 3767 3288 3803 :
3324 3772 3353 3798 ‹‹
3385 3749 3658 3805 Abraham
3688 3758 3843 3800 nonne

599 3841 762 3914 Apud
788 3841 890 3896 Job
921 3859 934 3896 :
973 3861 1000 3892 α
1029 3841 1124 3895 Dic
1149 3840 1382 3895 verbum
1411 3842 1636 3912 aliquod
1667 3842 1724 3896 in
1762 3843 2066 3898 Dominum
2089 3845 2157 3913 ⁶⁰,
2262 3849 2321 3902 in
2351 3847 2661 3902 tentatione
2695 3846 2956 3900 inventus
2988 3849 3073 3900 est
3102 3844 3306 3912 ﬁdelis,
3341 3848 3402 3898 et
3436 3844 3748 3914 deputatum
3779 3840 3845 3890 est

531 3943 585 3991 et
627 3952 879 3992 morere.
924 3940 992 3991 At
1034 3935 1126 3988 ille
1173 3933 1412 3988 intuitus
1453 3951 1580 3990 eam
1625 3935 1769 3990 dixit
1809 3954 1822 3990 :
1870 3938 2161 4008 Tanquam
2263 3941 2316 3996 ei
2343 3942 2416 3996 ad
2438 3940 2721 4011 justitiam
2750 3961 2777 3989 »
2811 3940 2852 4009 (Ι
2880 3940 3076 4002 Much,
3107 3955 3165 4007 ιι,
3195 3937 3321 4008 52)τ

534 4047 646 4085 una
691 4047 756 4084 ex
803 4029 1012 4100 ineptis
1057 4028 1389 4083 mulieribus
1433 4029 1616 4083 locuta
1659 4047 1737 4083 es.
1781 4030 1836 4084 Si
1874 4030 2024 4085 bona
2064 4048 2159 4085 ex-
2602 4035 2727 4089 CAP.
2759 4033 2889 4088 XVI.
2921 4062 2991 4073 —
3017 4035 3092 4087 De
3121 4034 3255 4086 bono
3279 4033 3550 4100 martyrii.

534 4125 794 4196 cepimus
817 4125 859 4158 ⁶¹
893 4123 962 4176 de
993 4139 1168 4176 manu
1210 4122 1461 4191 Domini,
1499 4123 1648 4177 mala
1678 4140 1778 4177 cur
1802 4141 1919 4178 non
1952 4125 2160 4179 tolera-
2334 4129 2392 4181 In
2432 4127 2752 4182 Proverbiis
2783 4125 3100 4181 Salomonis
3135 4149 3144 4178 ι
3176 4147 3203 4175 ‹‹
3236 4125 3463 4180 Liberat
3487 4124 3551 4178 de
3582 4119 3729 4177 malis
3753 4114 3847 4171 ani-

533 4216 722 4274 bimus
742 4218 828 4270 69?
856 4219 918 4271 In
945 4216 1034 4270 his
1057 4215 1103 4251 ⁸⁸
1125 4215 1389 4271 omnibus
1423 4232 1548 4287 qua:
1582 4217 1912 4272 acciderunt
1940 4219 1990 4272 ei
2021 4219 2164 4273 nihil
2265 4237 2417 4276 mam
2440 4222 2484 4256 8‘
2513 4225 2728 4291 martyr
2747 4219 2988 4274 “ﬁdelis
3017 4240 3044 4269 »
3073 4219 3273 4289 (Prov.,
3303 4235 3412 4286 xxv,
3433 4221 3538 4285 25).
3569 4219 3696 4271 Item
3724 4210 3844 4266 illic:

526 4311 788 4382 peccavit
835 4309 937 4366 Job
989 4309 1158 4364 labiis
1210 4309 1324 4364 suis
1378 4311 1438 4364 in
1495 4316 1804 4382 conspectu
1861 4312 2081 4367 Domini
2133 4335 2159 4364 ››
2269 4336 2296 4365 α
2333 4317 2492 4370 Tunc
2519 4314 2748 4369 stabunt
2779 4313 2915 4384 justi
2944 4313 3002 4368 in
3040 4328 3247 4382 magna
3275 4310 3593 4368 constantia
3619 4307 3847 4364 adversus

1893 4491 2101 4558 Varia:
2156 4494 2492 4559 lectiones.

597 4645 641 4684 ⁴⁷
668 4646 865 4702 Jnrare
894 4652 950 4701 in
981 4652 1157 4702 totum
1190 4651 1350 4701 Oxon.
1416 4651 1457 4684 ‘3
1482 4650 1546 4701 In
1579 4665 1641 4702 os
1666 4653 1825 4701 tuum
1856 4651 1912 4701 in
1939 4665 2146 4704 vanum
2177 4653 2302 4705 Bod.
2333 4653 2384 4701 3.
2417 4649 2460 4684 ⁴⁹
2480 4650 2550 4702 Et
2581 4652 2735 4714 cupit
2765 4650 2953 4702 videre
2981 4646 3089 4701 ΝΟ.
3125 4651 3167 4698 1.
3205 4649 3252 4698 2.
3277 4646 3403 4699 Bod.
3429 4650 3472 4698 1.
3505 4647 3631 4697 Cott.
3687 4640 3722 4675 5°
3743 4637 3846 4714 I_)ie_5

541 4725 780 4788 optimos
800 4725 941 4772 Lam.
971 4724 1100 4773 Bod.
1131 4725 1176 4772 4.
1212 4725 1330 4773 Thu.
1403 4723 1441 4755 ⁵¹
1477 4721 1716 4771 Prohibe
1746 4723 1994 4786 linguam
2026 4724 2160 4773 σου.
2261 4728 2301 4757 ⁵³
2331 4725 2410 4774 Ne
2440 4705 2745 4786 loquantur
2768 4724 3030 4772 insidiose
3065 4723 3207 4770 Lam.
3238 4721 3346 4769 Lz'n.
3377 4721 3480 4769 Nl).
3525 4719 3566 4766 1.
3607 4717 3707 4788 Ver.
3741 4705 3841 4757 Bod.

539 4785 595 4844 2.—
623 4796 742 4844 Thu.
813 4796 852 4827 ⁵³
883 4794 1228 4858 Lapidabunt
1262 4796 1384 4844 Thu.
1415 4795 1552 4843 Cott.
1623 4792 1667 4825 ⁵⁸
1701 4795 1818 4843 Νοιι
1838 4785 2074 4857 prodeat
2102 4799 2118 4845 1

2278 4798 2388 4845 Li'n.
2413 4785 2595 4845 $10.1.
2626 4794 2749 4844 Bod.
2784 4796 2832 4852 1,
2862 4795 2910 4852 2,
2941 4796 2987 4844 Δ.
3068 4797 3110 4826 ⁵⁵
3143 4791 3463 4842 Βθιιθᾶίοξίθ
3488 4793 3540 4838 et
3566 4785 3846 4858 nolite_ma-

541 4865 782 4916 ledicere
811 4851 980 4914 Cottf
1047 4867 1087 4898 ⁵⁸
1112 4867 1264 4916 Reus
1296 4866 1399 4915 erit
1426 4865 1683 4928 gehenna
1713 4851 1860 4914 Lam:
1893 4867 2008 4915 Li'n.
2035 4867 2141 4916 ΝΟ.
2175 4870 2220 4916 1.
2251 4867 2369 4915 Bod.
2409 4866 2517 4926 1,2,
2555 4866 2602 4923 3,
2629 4867 2672 4914 4.
2713 4851 2857 4915 Corb.
2888 4851 3024 4914 Cott.
3128 4863 3167 4896 ⁵⁷
3192 4863 3337 4912 Verb
3357 4875 3448 4911 um
3470 4868 3711 4928 vacuum
3727 4851 3844 4928 llata-

541 4938 654 4986 Lm.
687 4937 793 4986 ΝΟ.
827 4937 1000 4985 1.Βο(ί.
1037 4939 1077 4985 ι.
1102 4937 1149 4994 2,
1177 4936 1225 4984 3.
1252 4938 1298 4986 4.
1333 4921 1455 4984 Thu'.
1491 4935 1636 4984 Corb.
1704 4935 1744 4968 εδ
1769 4936 2132 4986 Damnaberis
2154 4938 2294 4986 Lam.
2323 4921 2599 4987 Lmiivc.’
2637 4939 2680 4984 1.
2709 4936 2824 4985 Bod.
2854 4938 2973 4993 1.2,
3001 4937 3048 4992 3.
3083 4940 3127 4994 ι,
3166 4935 3288 4985 Thu.
3322 4933 3467 4983 Corb.
3533 4931 3570 4962 ςθ
3593 4921 3848 4976 Accidunt,

539 5021 758 5070 semper
787 5010 929 5058 Lam.
959 5008 1066 5056 ΝΟ.
1105 5009 1149 5056 1.
1179 5007 1304 5056 Bod.
1331 5007 1378 5055 2.
1416 5007 1548 5054 Cott.
1617 5004 1660 5040 θο
1688 5005 1891 5056 Contra
1914 5008 2214 5057 Dominum
2245 5009 2379 5058 Cott.
2446 5008 2485 5039 ⁶¹
2513 5008 2664 5059 Pona
2701 5010 3050 5071 suscepimus
3073 5007 3197 5056 Bod.
3226 5010 3269 5052 3.
3297 5004 3338 5038 ⁶²
3367 5003 3503 5054 Mala
3537 5012 3641 5049 non
3667 4995 3846 5071 tolera--

541 5064 724 5127 bimus
750 5077 878 5127 Bod.
913 5079 957 5132 1,
985 5078 1037 5134 2,
1064 5077 1110 5126 4.
1178 5077 1219 5110 ⁸³
1252 5077 1310 5126 In
1338 5077 1597 5125 omnibus
1617 5078 1740 5126 Bod.
1768 5079 1814 5127 2.
1913 5077 1955 5109 ⁶⁴
1980 5079 2437 5129 Animadvertisti
2467 5079 2521 5126 in
2548 5092 2782 5142 puerum
2820 5064 2932 5128 [ιῖη.
2977 5074 3428 5127 Animadvertisti
3451 5079 3714 5142 puperutrt
3734 5064 3846 5142 ιςιῖξ·

542 5149 742 5209 Bod.1,
774 5149 822 5208 3,
851 5129 1032 5199 ante!
1071 5149 1116 5196 ι.
1146 5145 1342 5197 Vidisti
1363 5161 1595 5210 puerum
1636 5147 1770 5197 nou.
1834 5147 1881 5180 ος
1913 5148 2078 5198 Omni
2107 5161 2272 5211 opere
2298 5150 2443 5198 malo
2474 5129 2598 5198 Βοῖι.
2625 5150 2672 5198 3.
2773 5148 2816 5182 σο
2867 5148 3069 5198 Caeteri
3105 5147 3280 5196 vincti
3311 5129 3587 5194 Lam.‘N’c.
3615 5129 3846 5211 1.301133;-

547 5221 682 5268 Cott.
732 5200 742 5209 ’
809 5200 853 5251 ῖτ
894 5219 996 5268 Pro
1043 5200 1412 5268 delectatione
1451 5220 1589 5266 Lam.
1622 5217 1726 5266 ΝΟ.
1760 5220 1804 5268 1.
1846 5219 1970 5267 Bod.
2001 5221 2046 5280 1,
2075 5220 2120 5268 2.
2142 5200 2194 5268 ξ’».
2229 5221 2274 5268 4.
2405 5219 2450 5253 ⁸⁸
2477 5221 2610 5272 Sine
2639 5219 3181 5270 murmurationibus
3207 5220 3264 5268 et
3290 5208 3717 5280 haesitationibus
3739 5200 3848 5280 0.0“;

542 5264 1535 5340 Jo'iamacuiaa'aeai'éaasatia.
1583 5264 1656 5322 ⁷τό
1681 5264 2130 5351 sisennae;
2153 5264 2274 5342 Nc.
2298 5291 2344 5340 2.
2383 5264 3180 5353 Βοιῖ’ῖξὶ’“ίῗιςπῖιίᾞὲιῖἷιὶῖιῖιᾶ
3205 5264 3366 5337 {11qu
3393 5287 3526 5335 Lam.
3560 5264 3849 5353 NC.1._‘BtLd:

548 5338 749 5412 ιζινηι.
801 5338 1139 5409 V7'Dilexisti
1171 5359 1297 5409 Bod.
1335 5338 1377 5421 ἱ,
1418 5361 1466 5419 2,
1499 5361 1544 5408 4.
1581 5338 1706 5410 Τιιαζ
1772 5338 1813 5392 73
1844 5338 1893 5409 λ
1919 5338 2035 5410 tam
2077 5338 2226 5409 Lam.
2252 5338 2510 5412 ιῖηζΝὸ.
2543 5338 2660 5425 iis.
2700 5338 3235 5424 Βοάῖἶζέέάἶεοιι.
3267 5359 3470 5408 omam
3498 5354 3642 5425 om.
3718 5343 3753 5375 τι
3781 5338 3845 5425 ξε

547 5408 801 5496 imponas
831 5431 957 5482 Bod.
989 5408 1052 5488 71,
1157 5408 1202 5479 3.
1239 5408 1377 5480 Cott.’
1421 5408 1507 5463 77,75
1536 5408 1940 5480 Holocaustum
1971 5408 2110 5480 abest
2134 5408 2332 5492 Bodl,
2364 5408 3288 5482 2:7Tliu‘.’C_'orb."Invho’locaustum
3327 5427 3554 5496 hostiam
3574 5408 3851 5496 lmpresia‘e‘t

543 5481 659 5552 me;
700 5481 1310 5565 exemplaria'plurz'ma.
1475 5501 1517 5535 7°
1551 5503 1612 5552 In
1649 5516 1763 5552 uno
1795 5502 1920 5553 Bod.
1945 5505 1991 5562 1,
2021 5508 2071 5564 2,
2101 5503 2150 5557 3,
2175 5505 2223 5553 4.
2321 5481 2396 5535 ’⁷⁷
2427 5481 2621 5564 Quem
2636 5481 2736 5554 tibi
2763 5481 2955 5555 dixero
2988 5503 3120 5550 Cott.
3249 5497 3296 5532 ⁷⁸
3325 5495 3571 5548 Tentavit
3604 5502 3705 5565 vos-
3741 5481 3834 5565 (ξοτίξ

542 5573 582 5608 ⁷ο
617 5552 871 5624 Ριοιιενίἰ
902 5552 1069 5634 ἱΙΙοε,’
1104 5577 1159 5624 et
1186 5574 1398 5624 invenit
1430 5573 1558 5626 illos
1583 5574 1780 5638 dignos
1806 5552 1948 5635 esse,
1976 5552 2469 5624 etholocaustuni
2503 5552 2670 5623 ὀδὰξ
2697 5552 2746 5608 ίθδ
2775 5552 3175 5625 Holocaustum
3220 5584 3284 5621 ac
3311 5552 3851 5638 hostiamttodntnfl?‘

546 5640 784 5694 Iocausti
827 5625 1066 5694 hostiam
1089 5646 1231 5695 Lam.
1263 5645 1374 5696 ΝΟ.
1401 5646 1524 5696 Bod.
1562 5646 1613 5706 2,
1637 5625 1683 5696 ἔ.
1713 5625 2120 5696 Holocaustum
2152 5645 2392 5695 hostiam
2421 5647 2539 5694 Ben.
2579 5647 2690 5694 Ver.
2723 5650 2845 5696 Thu.
2913 5646 2952 5678 ⁸⁸
2983 5646 3255 5707 Tempore
3283 5641 3378 5690 illo
3406 5636 3600 5707 Bod.1._
3677 5629 3716 5707 '1
3741 5625 3848 5707 Βεῗξζ

540 5693 740 5782 pectus
782 5693 1004 5766 illorum
1029 5693 1657 5782 ιιιῑεθδιιὶιιξιὶέᾲαὲιὶτί
1688 5693 1950 5767 scintillae
1984 5693 2043 5764 iri
2065 5693 2395 5766 arundinem
2432 5693 2969 5770 chrrentﬂzm.NC.
2993 5693 3051 5766 ⁷1.
3089 5693 3215 5766 Bbd.
3240 5714 3285 5764 2.
3319 5715 3453 5766 Cott.
3516 5707 3554 5742 ³³
3583 5704 3637 5754 In
3681 5693 3846 5752 6011981

537 5787 816 5844 Lam.NC.
851 5787 896 5838 1.
919 5786 1050 5839 Bod.
1079 5787 1126 5838 2.
1194 5786 1236 5823 ⁸⁴
1261 5788 1523 5840 Animam
1553 5801 1712 5841 suam
1731 5790 1872 5841 Lam.
1904 5788 2014 5843 ΝΟ.
2042 5789 2091 5840 1.
2119 5787 2256 5840 Gott.
2322 5786 2363 5821 ⁸⁵
2392 5786 2598 5857 Martyr
2625 5790 2727 5844 Dei
2763 5789 2890 5842 Bod.
2918 5789 2964 5841 2.
