3998 6194
222 207 320 259 773

1286 202 1829 258 TESTIMONIORUM
1869 202 2020 257 ADV.
2059 201 2329 257 JUDAEOS
2366 200 2489 257 LIB.
2517 202 2607 256 llI.

3472 208 3570 263 ’774

219 347 309 385 eos
340 331 435 400 qui
468 346 525 383 se
556 331 1029 400 angustiaverunt
1068 332 1125 383 et
1166 330 1261 400 qui
1307 330 1657 384 abstulerunt
1687 329 1845 383 labo-
1872 341 1930 412 Α
1952 327 2097 382 verit
2120 344 2311 381 coram
2340 327 2691 396 hominibus,
2726 332 2783 382 et
2810 344 2916 400 ego
2956 329 3180 401 negabo
3208 347 3341 385 eum
3381 348 3575 386 coram

221 441 311 477 res
342 424 389 457 ⁸⁵
435 439 651 477 eorum.
705 424 972 478 Videntes
1029 423 1407 477 turbabuntur
1462 423 1661 477 timore
1713 423 1843 476 hor-

1950 424 2120 476 Patre
2150 438 2299 488 meo,
2333 422 2431 490 qui
2464 422 2522 475 in
2554 422 2705 475 caelis
2727 426 2829 476 est.
2860 423 2964 487 Qui
2997 428 3188 479 autem
3208 425 3575 480 sustinuerit"

217 518 393 581 I'lilill,
462 523 516 572 et
580 517 947 571 mirabuntur
1012 518 1068 571 in
1138 516 1476 571 subitatione
1552 517 1848 587 insperatte
1948 532 2129 586 usque
2162 515 2219 568 in
2247 515 2443 580 finem,
2474 515 2565 569 hic
2607 516 2789 569 salvus
2831 517 2938 569 erit
2987 538 3013 565 ››
3063 517 3277 585 (Mam,
3306 535 3427 587 xui,
3466 521 3574 587 13).

216 610 436 679 salutis,
488 610 745 664 dicentes
794 611 941 665 inter
983 627 1038 664 se
1071 610 1140 676 ⁸⁷,
1192 610 1587 680 paenitentiam
1631 610 1847 663 haben-

216 712 299 757 tes
333 704 402 771 ⁸⁸,
437 709 491 758 et
518 720 619 774 per
640 704 965 774 angustiam
992 704 1227 774 spiritus
1256 707 1551 773 gementes
1580 720 1591 756 :
1625 703 1691 755 Hi
1721 707 1851 757 sunt

216 813 365 866 quas
396 797 707 868 aliquando
736 796 1038 851 habuimus
1062 798 1123 851 in
1164 797 1414 851 derisum
1446 797 1489 830 3°
1524 801 1578 850 et
1610 796 1666 849 in
1694 796 1847 850 simi-

1951 609 2029 662 De
2069 608 2175 661 hoc
2226 609 2350 677 ipso
2397 613 2517 661 cata
2568 608 2772 661 Lucam
2808 627 2820 661 :
2868 630 2895 657 ‹‹
2937 610 3090 664 Beati
3136 611 3290 665 eritis
3319 628 3449 665 cum
3480 628 3576 665 vos

1954 692 2181 755 oderint
2212 701 2497 769 homines,
2528 707 2583 755 et
2613 702 2999 772 separaverint
3026 720 3125 759 vos
3156 707 3211 757 et
3238 706 3575 775 expulerint,

1951 799 2005 849 et
2031 794 2430 849 maledixerint
2456 795 2680 849 nomini
2720 799 2904 850 vestra
2952 797 3110 865 quasi
3136 813 3381 868 nequam
3414 815 3581 869 prap-

214 891 527 944 litudinem
558 890 913 961 improperii.
943 891 1055 944 Nos
1106 890 1373 945 insensati
1411 890 1583 944 vitam
1624 890 1851 943 illarum
1950 893 2036 941 ter
2067 888 2270 941 Filium
2300 888 2567 942 hominis.
2601 888 2941 955 Gaudetelin
2966 888 3059 942 illa
3082 889 3173 944 die
3201 895 3256 944 et
3271 892 3569 958 exsultate;

216 984 649 1037 mstimabamus
684 983 960 1037 insaniam
1001 989 1055 1038 et
1101 984 1276 1037 tinem
1316 983 1542 1036 illorum
1586 982 1706 1036 sine
1744 983 1850 1036 ha-

221 1093 389 1131 nare.
425 1077 723 1139 Quomodo
752 1078 800 1110 9°
825 1077 1136 1147 camputati
1176 1080 1307 1130 sunt
1352 1078 1500 1130 inter
1542 1076 1690 1130 filias
1731 1077 1859 1144 Dei,

216 1175 275 1224 et
312 1176 463 1224 inter
491 1177 711 1224 sanctos
741 1187 861 1224 sors
904 1171 1131 1224 illorum
1180 1170 1296 1224 est!
1346 1171 1492 1240 Ergo
1544 1170 1853 1223 erravimus

215 1282 246 1316 a
280 1264 375 1317 via
407 1265 683 1332 veritatis,
718 1270 767 1318 et
806 1264 1043 1334 justitize
1087 1264 1284 1318 lumen
1327 1280 1441 1317 non
1485 1264 1624 1316 luxit
1669 1262 1850 1328 nobis,

216 1366 273 1411 et
309 1360 391 1412 sal
426 1374 539 1412 non
569 1363 653 1412 est
682 1366 838 1412 ortus
878 1357 1062 1411 nobis.
1092 1356 1296 1411 Lassati
1348 1373 1540 1411 sumus
1570 1358 1613 1390 ⁹¹
1648 1355 1703 1409 in
1745 1356 1852 1410 ini-

215 1452 454 1523 quitatis
485 1452 569 1504 via
614 1456 669 1505 et
706 1451 1065 1521 perditionis,
1097 1456 1153 1504 et
1194 1450 1610 1504 ambulabimus
1659 1450 1852 1504 salitu-

216 1546 388 1600 dines
432 1544 710 1611 difticiles,
743 1545 893 1599 viam
937 1548 1125 1599 autem
1174 1544 1399 1599 Domini
1444 1543 1850 1614 ignoravimus.

214 1640 373 1702 Quid
400 1639 566 1693 nobis
596 1640 641 1672 ⁹²
672 1638 882 1709 profuit
912 1638 1195 1708 superbia,
1225 1641 1322 1692 aut
1364 1637 1503 1708 quid
1535 1637 1856 1691 divitiarum

211 1733 459 1801 jactatio
530 1704 766 1787 contulit
834 1704 1039 1785 nobis?
1102 1704 1472 1785 Transierunt
1524 1732 1714 1785 omnia
1765 1704 1932 1784 illaB

208 1834 511 1895 tamquam
550 1826 770 1879 umbra.
804 1849 829 1873 ››
873 1828 1049 1895 (Sap.,
1086 1842 1135 1892 v,
1176 1827 1305 1893 1-9).
1350 1826 1426 1878 De
1471 1825 1579 1877 hac
1631 1824 1753 1894 ipsa
1798 1824 1855 1877 in

216 1920 450 1973 Psalmo
495 1935 639 1973 exv:
692 1942 717 1968 ‹‹
773 1919 1025 1972 Pretiosa
1056 1918 1102 1951 ⁹³
1158 1919 1215 1971 iu
1266 1922 1572 1988 conspectu
1632 1917 1854 1971 Domini

216 2030 379 2067 mors
424 2016 746 2066 sanctorum
775 2014 821 2045 9‘
866 2012 1004 2081 ejus.
1054 2034 1080 2060 n
1126 2013 1266 2065 Item
1310 2013 1367 2064 in
1409 2013 1626 2065 Psalma
1671 2027 1850 2064 cxxv:

222 2130 251 2155 ί(
290 2107 401 2169 Qui
435 2106 721 2160 seminant
752 2106 806 2158 in
848 2106 1135 2175 lacrymis,
1168 2106 1225 2158 in
1267 2104 1613 2158 exultatione
1636 2103 1679 2137 οδ
1732 2120 1853 2158 me-

221 2205 375 2254 tent.
408 2201 773 2253 Ambulantes
799 2201 842 2233 οδ
884 2199 1269 2265 ambulabant,
1300 2205 1355 2253 et
1385 2198 1680 2267 plorabant
1724 2198 1854 2251 mit-

218 2297 421 2347 tentes
473 2294 687 2348 semina
744 2310 865 2362 sua,
918 2292 1205 2347 venientes
1273 2298 1461 2347 autem
1522 2292 1749 2345 venient
1800 2291 1857 2344 in

222 2387 577 2442 exultatione
626 2388 887 2441 tollentes
930 2386 1145 2456 gremia
1174 2386 1215 2417 "7
1261 2403 1377 2439 sua.
1412 2408 1437 2435 ››
1484 2388 1560 2440 De
1594 2386 1697 2439 hoc
1737 2386 1856 2455 ipso

224 2484 289 2536 in
332 2481 641 2551 Evangelia
686 2486 806 2535 cata
851 2484 1126 2535 Joannem
1160 2499 1171 2532 :
1209 2502 1235 2528 ‹‹
1269 2480 1372 2542 Qui
1418 2486 1567 2534 amat
1604 2479 1857 2533 animam

221 2592 394 2629 suam
427 2576 623 2645 perdet
658 2575 843 2640 illam;
894 2576 945 2627 et
990 2575 1086 2643 qui
1148 2573 1263 2627 adit
1314 2574 1565 2627 animam
1606 2589 1763 2627 suam
1801 2572 1858 2625 in

226 2674 339 2725 ista
392 2674 614 2738 saeculo,
648 2672 706 2725 in
748 2672 921 2726 vitam
969 2676 1240 2725 aeternam
1282 2672 1534 2725 inveniet
1556 2669 1601 2704 ⁹⁸
1649 2670 1858 2724 illam»

228 2768 439 2833 (Ιοαηυ
470 2782 559 2833 xu,
590 2766 699 2832 25).
734 2765 924 2835 744
955 2768 1091 2819 Item
1120 2766 1268 2819 illic:
1305 2789 1327 2813 (ι
1364 2766 1503 2820 Cum
1534 2771 1726 2819 autem
1756 2768 1863 2817 tra-

227 2859 483 2912 diderint
527 2875 639 2925 vos,
674 2860 845 2911 nolite
892 2859 1135 2927 cogitare
1184 2859 1320 2928 quid
1365 2858 1694 2927 loquamini.
1742 2859 1859 2911 Non

230 2954 392 3005 enim
434 2970 526 3004 vos
574 2952 707 3005 estis
755 2954 853 3021 qui
904 2952 1225 3021 loquimini,
1260 2953 1355 3005 sed
1396 2952 1635 3021 Spiritus
1685 2952 1861 3007 Patris

228 3047 405 3099 vestri
437 3047 532 3116 qui
560 3046 815 3116 loquitur
844 3046 905 3098 in
945 3046 1099 3099 vobis
1134 3065 1159 3096 »
1209 3047 1446 3115 (Militia,
1478 3062 1530 3111 χ,
1579 3048 1687 3112 19).
1722 3048 1861 3099 Item
1884 3070 1937 3143 Ο

233 3139 351 3192 illic
384 3156 395 3191 :
430 3162 455 3184 ιι
509 3138 703 3192 Veniet
743 3139 881 3192 hara
921 3143 980 3193 ut
1010 3140 1194 3192 omnis
1233 3139 1330 3209 qui
1367 3138 1631 3193 interficit
1676 3155 1771 3192 vos
1795 3137 1861 3205 9°,

230 3232 593 3285 arbitretur1
652 3232 900 3285 officium
961 3248 1018 3285 se
1072 3233 1179 3286 Dea
1228 3232 1435 3286 facere.
1493 3232 1598 3286 Sed
1651 3235 1705 3285 et
1760 3232 1865 3285 hac

229 3326 467 3393 facient,
499 3326 771 3396 quoniam
822 3342 934 3378 non
977 3331 1366 3395 cognoverunt
1410 3327 1630 3379 Patrem
1682 3341 1865 3395 neque

234 3436 328 3473 me
373 3439 397 3469 n
432 3420 632 3490 (Joan',
664 3436 773 3485 xvr,
804 3422 877 3489 2).
924 3420 999 3472 De
1027 3419 1135 3472 hoc
1163 3420 1285 3489 ipsa
1324 3425 1445 3473 cata
1490 3419 1815 3473 Matthaeum
1849 3436 1861 3472 :

237 3534 265 3563 α
316 3514 471 3567 Beati
513 3513 608 3583 qui
662 3513 1123 3583 persecutionem
1170 3512 1321 3582 passi
1378 3513 1869 3584 fuerint'propter

229 3607 517 3677 justitiam
549 3608 588 3673 ²,
647 3607 919 3677 quoniam
972 3608 1223 3676 ipsorum
1281 3613 1363 3660 est
1410 3622 1651 3676 regnum
1706 3607 1866 3660 ccelo-

236 3716 374 3753 rum
406 3722 432 3747 ››
465 3700 705 3767 (Matth,
737 3716 787 3761 ν,
822 3700 928 3766 10).
972 3702 1110 3753 Item
1164 3700 1273 3752 illic
1306 3722 1313 3750 :
1369 3722 1395 3748 ‹‹
1439 3700 1514 3753 Ne
1567 3699 1871 3752 timueritis

237 3811 337 3848 eos
366 3793 463 3864 qui
493 3794 756 3847 occidunt
800 3808 1024 3863 corpus,
1054 3793 1306 3846 animam
1341 3797 1530 3846 autem
1575 3810 1691 3846 non
1738 3810 1867 3863 pos-

237 3891 377 3941 sunt
408 3886 681 3941 occidere.
717 3887 891 3956 Magis
916 3892 1106 3941 autem
1136 3888 1374 3940 metuitc
1404 3902 1534 3941 eum
1566 3888 1663 3957 qui
1690 3889 1875 3956 potest

238 3982 495 4036 animam
520 3984 575 4033 et
602 3997 805 4051 corpus
834 3980 1090 4034 accidere
1114 3980 1168 4033 in
1196 3980 1521 4051 gehennam
1543 3982 1603 4029 ³»
1634 3982 1871 4051 (Mutila,

240 4093 295 4139 Χ,
330 4078 439 4143 28).
472 4077 612 4128 Item
645 4075 757 4127 illic
786 4092 796 4127 :
834 4096 859 4123 ‹‹
891 4074 1219 4145 Quicunque
1248 4092 1339 4128 me
1391 4074 1677 4128 confessus
1706 4074 1877 4128 fuerit

242 4184 441 4223 coram
479 4168 825 4237 hominibus,
859 4174 915 4221 et
967 4185 1072 4238 ego
1119 4168 1429 4222 confitebor
1472 4168 1631 4221 illum
1679 4183 1873 4221 coram

244 4264 409 4316 Patre
441 4278 567 4316 meo
606 4264 624 4297 ⁵
656 4262 752 4331 qui
791 4262 849 4315 in
892 4262 1042 4316 caelis
1073 4267 1178 4319 est.
1207 4261 1308 4325 Qui
1341 4266 1531 4316 autem
1575 4278 1666 4316 me
1698 4277 1871 4332 nega-

1954 996 2082 1034 ecce
2114 980 2267 1034 enim
2298 997 2512 1036 merces
2539 987 2723 1035 vestra
2746 983 2925 1036 multa
2949 984 2969 1016 ⁶
2992 983 3050 1036 in
3079 983 3228 1037 caelis
3256 1006 3282 1032 ››
3311 985 3478 1053 (Lua,
3504 1002 3577 1052 γι,

1953 1072 2064 1141 22).
2096 1076 2235 1128 Item
2263 1074 2377 1128 illic
2410 1091 2422 1127 :
2456 1092 2484 1124 ‹‹
2515 1078 2695 1129 Amen
2727 1075 2850 1129 dico
2892 1076 3068 1145 vobis,
3101 1092 3278 1131 nemo
3305 1082 3387 1131 est
3414 1078 3431 1108 ⁷
3484 1078 3580 1146 qui

1954 1167 2239 1238 relinquat
2271 1168 2292 1201 ⁸
2322 1167 2583 1236 domum,
2614 1175 2712 1222 aut
2741 1174 3010 1240 parentes
3042 1170 3081 1235 ⁹,
3113 1175 3212 1224 aut
3234 1170 3453 1239 fratres,
3487 1174 3583 1223 aut

1956 1277 2213 1327 uxorem,
2243 1264 2342 1315 ant
2382 1261 2529 1315 ﬁlios
2562 1262 2608 1295 ¹⁰
2647 1266 2881 1332 propter
2927 1279 3172 1333 regnum
3218 1263 3337 1331 Dei,
3372 1266 3429 1317 et
3468 1280 3583 1318 non

1955 1353 2189 1423 recipiat
2218 1354 2426 1423 septies
2454 1360 2682 1409 tantum
2712 1355 2769 1409 in
2814 1357 2921 1409 isto
2966 1358 3249 1426 tempore,
3280 1358 3337 1410 in
3380 1358 3583 1411 saeculo

1956 1450 2148 1501 autem
2177 1448 2367 1501 futura
2414 1449 2592 1503 vitam
2625 1454 2901 1503 aeternam
2933 1472 2959 1497 n
3006 1451 3047 1483 ¹¹
3082 1450 3254 1517 (Lua,
3289 1466 3440 1519 xvui,
3470 1450 3579 1521 29).

1958 1541 2035 1594 De
2086 1542 2190 1594 hac
2234 1542 2353 1611 ipso
2402 1542 2461 1595 in
2509 1542 2881 1612 Apocalypsi:
2920 1562 2947 1593 «
2974 1544 3039 1597 Et
3090 1559 3220 1597 cum
3266 1544 3583 1614 aperuisset

1959 1634 2221 1702 quintum
2251 1636 2480 1705 signum
2512 1634 2574 1703 ¹²,
2607 1635 2721 1689 vidi
2765 1636 2867 1689 sub
2912 1652 3009 1689 ara
3052 1637 3146 1691 Dei
3184 1636 3402 1690 animas
3434 1637 3580 1692 occi-

1957 1743 2148 1780 sorum
2179 1730 2414 1797 propter
2445 1726 2691 1782 Verbum
2722 1728 2820 1782 Dei
2852 1734 2909 1782 et
2943 1729 3281 1799 martyrium
3311 1747 3496 1796 suum,
3530 1734 3585 1785 et

1956 1820 2352 1874 clamaverunt
2406 1836 2613 1891 magna
2667 1838 2802 1875 voce
2852 1822 3104 1876 dicentes
3160 1845 3169 1875 :
3233 1824 3579 1893 Quousque,

1958 1914 2195 1967 Domine
2228 1918 2453 1967 sanctus
2495 1918 2551 1968 et
2593 1931 2778 1977 verus,
2808 1932 2924 1969 non
2962 1916 3184 1985 judicas
3229 1921 3285 1970 et
3336 1916 3585 1970 vindicas

1957 2008 2298 2076 sanguinem
2331 2013 2590 2062 nostrum
2622 2009 2692 2063 de
2714 2009 2802 2062 his
2829 2010 2926 2080 qui
2954 2010 3012 2064 in
3036 2010 3200 2063 terris
3221 2009 3585 2063 inhabitant?

1958 2101 2024 2154 Et
2066 2101 2215 2154 datas
2246 2104 2379 2156 sunt
2408 2102 2444 2133 "
2492 2102 2569 2155 eis
2602 2103 2836 2173 singulis
2879 2104 3036 2157 stolae
3085 2103 3244 2170 albae,
3274 2108 3330 2156 et
3373 2103 3589 2158 dictum

1959 2197 2042 2247 est
2096 2195 2177 2247 eis
2218 2200 2282 2248 ut
2327 2195 2754 2265 requiescerent
2794 2196 2953 2250 brevi
2998 2196 3184 2251 adhuc
3226 2202 3487 2268 tempore
3520 2200 3590 2261 ίδ,

1960 2288 2142 2341 donec
2186 2288 2492 2358 impleatur
2524 2290 2568 2322 ιδ
2615 2306 2889 2343 numerus
2932 2306 3334 2345 conservorum
3373 2297 3430 2346 et
3471 2293 3585 2345 fra-

1959 2386 2108 2434 trum
2139 2397 2357 2447 earum,
2388 2382 2597 2452 quique
2627 2387 2823 2453 postea
2853 2384 3184 2437 occidantur
3216 2386 3473 2454 exemplo
3498 2385 3583 2455 ip-

1962 2491 2151 2527 sorum
2201 2496 2227 2524 »
2284 2476 2497 2544 (Apoc.,
2528 2492 2599 2542 v1,
2634 2478 2798 2545 7-11).
2852 2479 2994 2531 Item
3036 2476 3187 2531 illic:
3221 2494 3247 2527 α
3295 2479 3421 2531 Post
3466 2479 3588 2532 haec

1961 2568 2075 2620 vidi
2106 2568 2333 2621 turbam
2384 2570 2641 2637 multam,
2669 2585 2845 2639 quam
2894 2572 3259 2625 dinumerare
3294 2570 3335 2605 λδ
3386 2588 3455 2625 ex
3501 2573 3588 2626 his

1963 2678 2133 2715 nemo
2160 2664 2400 2732 poterat,
2432 2678 2499 2716 ex
2530 2663 2687 2716 omni
2716 2668 2905 2733 gente,
2937 2669 2995 2717 et
3036 2681 3100 2717 ex
3139 2665 3295 2719 omni
3325 2665 3497 2732 tribu,
3533 2671 3590 2718 et

1963 2772 2025 2809 ex
2074 2757 2230 2809 omni
2285 2757 2491 2826 papula
2542 2760 2597 2810 et
2644 2757 2862 2827 lingua,
2910 2760 3122 2812 stantes
3174 2759 3231 2812 in
3286 2761 3588 2829 conspectu

1963 2849 2157 2903 throni
2190 2850 2326 2903 etin
2356 2854 2660 2919 conspectu
2690 2850 2854 2919 Agni,
2887 2850 3076 2921 ’745
3108 2856 3162 2906 et
3200 2855 3359 2907 erant
3402 2852 3591 2906 amicti

1963 2943 2133 2996 stolas
2160 2944 2334 3010 albas,
2370 2949 2425 2997 et
2454 2944 2657 3012 palmae
2687 2944 2920 2999 fuerunt
2950 2944 3009 2997 in
3058 2945 3321 3000 manibus
3362 2962 3586 3012 eorum,

1965 3042 2020 3089 et
2057 3052 2264 3105 magno
2308 3039 2554 3091 clamore
2600 3038 2859 3092 dicebant
2893 3056 2905 3091 ε
2964 3040 3121 3093 Salus
3161 3041 3273 3094 Dea
3308 3041 3347 3073 ‘7
3391 3042 3590 3093 nostra

1964 3130 2183 3184 sedenti
2250 3147 2418 3201 super
2477 3132 2749 3185 thronum
2816 3138 2871 3185 et
2936 3135 3119 3203 Agna.
3176 3135 3242 3186 Et
3304 3133 3597 3203 respondit

1966 3241 2111 3278 unus
2167 3241 2232 3279 ex
2286 3225 2609 3279 senioribus
2662 3225 2859 3278 dicens
2916 3226 3057 3280 mihi
3098 3226 3183 3281 ’δε
3236 3226 3343 3291 Qui
3402 3227 3595 3281 amicti

1970 3323 2097 3371 sunt
2125 3318 2278 3371 stolis
2311 3318 2472 3385 albis,
2507 3319 2604 3387 qui
2628 3319 2801 3372 sunt?
2826 3324 2881 3373 et
2909 3319 3065 3373 unde
3098 3319 3139 3354 ¹⁰
3167 3324 3444 3374 venerunt
3468 3322 3494 3373 't
3526 3322 3598 3374 Et

1968 3411 2081 3465 dixi
2132 3412 2183 3465 ei
2220 3432 2234 3465 :
2292 3412 2528 3466 Domine
2572 3412 2671 3475 mi,
2721 3416 2784 3466 tu
2832 3413 2936 3467 scis
2967 3414 3035 3466 ²⁰.
3063 3415 3131 3468 Et
3172 3413 3251 3468 ait
3296 3415 3484 3469 mihi:
3530 3414 3617 3469 Hi.

1970 3509 2103 3558 sunt
2128 3507 2226 3576 qui
2255 3512 2535 3561 venerunt
2569 3524 2638 3560 ex
2676 3523 2884 3577 magna
2928 3507 3313 3576 tribulatione,
3343 3514 3399 3565 et
3446 3510 3594 3563 lave-

1970 3604 2105 3652 runt
2133 3600 2302 3653 stolas
2343 3616 2494 3665 suas,
2530 3606 2585 3653 et
2632 3600 2906 3655 candidas
2937 3617 3034 3655 eas
3073 3602 3329 3655 fecerunt
3370 3602 3427 3656 in
3469 3619 3595 3656 san-

1974 3694 2145 3762 guine
2176 3693 2342 3761 Agni.
2379 3693 2511 3748 Ideo
2548 3697 2679 3747 sunt
2704 3694 2748 3727 ²¹
2798 3694 2856 3747 in
2898 3699 3205 3765 conspectu
3245 3696 3435 3750 throni
3474 3697 3596 3764 Dei,

1973 3789 2028 3841 et
2062 3787 2314 3840 serviunt
2343 3786 2392 3841 ei
2422 3786 2623 3840 diebus
2652 3790 2709 3839 et
2736 3788 2992 3841 noctibus
3036 3789 3093 3841 in
3122 3790 3334 3858 templo
3371 3790 3511 3859 ejus,
3546 3793 3602 3844 et

1974 3880 2019 3933 is
2049 3880 2143 3951 qui
2177 3882 2337 3935 sedet
2364 3880 2420 3933 iu
2453 3880 2660 3933 throno
2688 3880 3031 3935 inhabitabit
3060 3898 3229 3951 super
3258 3899 3372 3936 eos.
3405 3884 3600 3954 Neque

1975 3974 2225 4028 esuriant
2255 3974 2325 4039 9',
2364 3989 2549 4045 neque
2594 3974 2786 4028 sitient
2825 3991 3120 4046 umquam,
3154 3976 3247 4031 sed
3292 3993 3475 4047 neque
3517 3979 3599 4032 sal

1976 4084 2145 4138 super
2174 4084 2268 4121 eos
2296 4068 2480 4133 cadet,
2514 4084 2701 4139 neque
2734 4069 2912 4123 ullum
2956 4072 3156 4124 aestum
3196 4071 3485 4142 patientur
3510 4072 3559 4105 ²³
3586 4090 3597 4137 ;

1975 4162 2253 4232 quoniam
2284 4164 2479 4233 Agnus
2524 4162 2622 4232 qui
2674 4164 2732 4216 in
2778 4162 2970 4217 media
3016 4164 3207 4219 throni
3238 4172 3338 4235 est,
3372 4170 3526 4236 teget
3554 4167 3601 4200 υ

1978 4274 2091 4325 eos,
2123 4260 2180 4310 et
2223 4256 2461 4311 deducet
2500 4272 2597 4311 eos
2623 4257 2666 4291 ³⁵
2711 4256 2783 4311 ad
2830 4257 3013 4313 fontes
3058 4258 3185 4313 vita;
3213 4257 3256 4289 ²⁶
3300 4275 3599 4331 aquarum,

1624 4452 1828 4522 Variae
1882 4452 2219 4521 lectiones.

310 4603 353 4637 ³⁸
384 4604 492 4665 Qui
518 4602 861 4667 diripuerunt
889 4605 1104 4655 labores
1132 4598 1270 4653 Lam.
1301 4607 1411 4655 Lz'n.
1440 4606 1545 4655 NC.
1581 4608 1620 4663 1,
1653 4608 1698 4656 2.
1735 4606 1853 4656 Bod.
1896 4608 1941 4664 1,
1967 4606 2014 4666 2,
2051 4605 2099 4664 3,
2126 4606 2172 4653 4.
2208 4603 2325 4652 Tim.
2355 4604 2491 4652 Coit.
2574 4600 2614 4635 ⁸⁷
2641 4600 2844 4650 Dicent
2874 4600 3015 4650 inter
3040 4613 3099 4650 se
3129 4600 3252 4649 Tim.

1004 4676 1043 4709 ⁸ο
1072 4677 1130 4725 In
1158 4676 1267 4724 risu
1303 4680 1356 4725 et
1386 4677 1441 4724 in
1466 4676 1829 4726 similitudine
1855 4720 1858 4725 λ

1962 4693 1994 4725 ι.
2030 4674 2149 4725 Bod.
2182 4676 2228 4735 1,
2259 4674 2305 4731 Ξ,
2338 4674 2383 4721 4.
2423 4672 2569 4721 Corb.
2602 4672 2712 4723 ΝΕ.
2743 4673 2787 4721 1.
2819 4674 2952 4722 Coit.

244 4745 377 4796 Bod.
411 4746 455 4793 3.
521 4744 560 4777 ⁹¹
590 4746 786 4794 Luxati
817 4760 1010 4796 sumus
1033 4747 1164 4795 Coti.
1232 4747 1272 4780 9³
1298 4747 1367 4797 Ut
1397 4747 1529 4811 quid
1560 4749 1718 4797 nobis
1744 4750 1947 4811 profuit
1981 4748 2113 4796 Cnti.
2182 4748 2223 4775 ⁹³
2256 4745 2495 4793 Pretiosa
2524 4748 2602 4794 est
2642 4745 2778 4792 Lam.
2820 4745 2926 4795 ΝΟ.
2957 4745 3001 4793 1.

246 4676 477 4725 tentiam
500 4680 724 4738 agentes
760 4678 893 4726 Cati.

244 4820 374 4868 Bnd.
410 4821 451 4876 1,
480 4821 525 4867 4.
560 4820 681 4867 Tim.
753 4820 794 4852 9⁵
824 4821 883 4869 In
913 4822 1113 4884 gaudio
1147 4823 1261 4871 Lz'n.
1296 4822 1427 4871 Coti.

250 4963 539 5010 Portantes
572 4964 707 5011 Coti.

3357 4598 3398 4634 ⁸⁸
3420 4594 3603 4650 PCBui-

3050 4669 3112 4703 ’θο
3157 4671 3301 4720 Ecce
3320 4671 3602 4734 quomodo

3086 4744 3128 4778 ³⁴
3160 4743 3304 4793 Mors
3325 4745 3603 4805 justorum

1524 4821 1565 4856 κ
1592 4823 1960 4873 Ambulantes
1990 4823 2143 4871 ibant
2170 4824 2221 4869 et
2248 4817 2455 4868 ﬂebant
2486 4820 2766 4879 portantes
2789 4818 2895 4866 Lz'n.
2928 4818 3303 4869 Ambulabant
3329 4818 3450 4867 Tim.
3478 4819 3607 4867 Am—

246 4890 449 4939 bulant
486 4894 538 4939 et
582 4891 797 4952 plorant
849 4892 992 4940 Corb.
1043 4892 1253 4942 Euntes
1287 4894 1519 4943 ibuntet
1557 4894 1772 4944 flebunt
1806 4895 2092 4943 mittentes
2143 4894 2277 4941 Coti.

803 4962 844 4995 ’3
872 4963 1175 5013 Conservat
1208 4965 1331 5015 Bod.
1378 4966 1423 5013 ‘2.
1457 4967 1598 5014 Lam.
1632 4968 1737 5017 ΝΟ.
1772 4969 1818 5015 1.
1853 4975 1858 5006 1

1962 4963 2219 5014 [servabit
2266 4963 2370 5009 Lin.
2404 4961 2515 5010 Bod
2564 4961 2609 5020 1,
2639 4963 2680 5007 lt.
2727 4960 2847 5009 Tim.
2885 4961 3030 5009 (πον-ὁ.

2380 4888 2420 4921 9⁷
2451 4889 2732 4938 Tollentes
2752 4890 3069 4951 manipulos
3096 4902 3226 4938 suos
3257 4889 3363 4936 Lz‘n.
3400 4888 3522 4937 Bod.
3557 4890 3609 4936 1.

3130 4960 3171 4994 ⁸⁸
3206 4959 3481 5010 Occiderit
3509 4972 3606 5007 vos

250 5034 395 5080 Lam.
424 5033 526 5081 ΝΟ.
562 5035 605 5080 1.
640 5033 759 5081 Bod.
790 5036 833 5093 1,
854 5035 902 5096 εὶ,
931 5040 976 5097 3,
1009 5039 1052 5083 Ιι.
1085 5036 1205 5085 Tim.
1244 5036 1387 5084 Corb.
1459 5040 1472 5068 ¹
1508 5039 1666 5088 Putet
1696 5039 1941 5089 ofﬁcium
1976 5037 2099 5087 Bod.
2132 5038 2174 5093 1,
2195 5034 2242 5095 2,
2268 5034 2314 5091 3,
2342 5035 2387 5082 4.
2428 5033 2550 5081 Tim.
2580 5033 2861 5081 Judicium
2894 5033 3011 5082 Deo
3045 5032 3178 5080 Coit.
3247 5035 3266 5062 ²
3292 5030 3471 5080 Causa
3491 5032 3607 5093 jus-

251 5102 389 5151 titiaz
440 5104 580 5151 Lam.
614 5104 729 5151 Lin.
766 5107 870 5154 NG.
908 5107 950 5153 l.
984 5106 1106 5154 Bod.
1142 5106 1183 5167 1,
1211 5106 1256 5155 ‘2.
1299 5110 1314 5137 ³
1347 5107 1609 5158 Occidere
1642 5110 1696 5157 in
1733 5110 1985 5172 gehenna
2015 5108 2155 5154 Lam.
2189 5104 2410 5155 Mittere
2439 5105 2491 5152 in
2530 5104 2840 5167 gehennam
2864 5103 3001 5151 Coit.
3037 5105 3142 5155 ΝΟ.
3172 5104 3216 5151 1.
3251 5102 3372 5152 Tim.
3440 5103 3460 5133 ⁴
3495 5102 3609 5151 Co—

247 5191 373 5226 ram
406 5178 562 5227 Patre
591 5192 710 5228 mea
732 5183 784 5229 et
816 5180 1025 5243 angelis
1073 5182 1193 5242 ejus
1233 5182 1355 5231 Bod.
1404 5185 1446 5231 1.

1548 5185 1564 5213 ⁵
1601 5185 1701 5242 Qui
1738 5190 1922 5234 autem
1949 5177 2388 5245 perseveraverit
2418 5175 2529 5223 Lz'n.
2561 5176 2694 5225 Cati.

2794 5175 2813 5204 ⁶
2843 5173 3016 5223 Multa
3056 5174 3111 5221 in
3144 5172 3297 5223 caalis
3324 5171 3448 5222 Bod.
3481 5172 3527 5230 1,
3558 5172 3604 5221 4.

250 5247 495 5310 Copiasa
530 5252 611 5298 est
639 5250 773 5299 Coit.
841 5251 860 5283 ⁷
903 5252 1076 5301 Nemo
1106 5259 1192 5302 est
1216 5252 1309 5303 hic
1343 5255 1489 5301 Lam.
1529 5256 1633 5303 ΝΟ.
1668 5257 1710 5303 1.
1755 5255 1871 5303 Bod.
1903 5242 1967 5302 2:
2016 5252 2036 5284 ³
2066 5251 2174 5312 Qui
2202 5248 2485 5309 reliquerit
2512 5246 2635 5295 Bod.
2663 5248 2707 5295 4.
2776 5245 2796 5278 ⁰
2828 5246 3068 5295 Domum
3099 5250 3194 5293 aut
3235 5258 3427 5308 agrum
3461 5242 3609 5292 Corb.

243 5318 404 5368 ιοΑιιι
433 5320 577 5369 ﬁlios
603 5326 699 5370 aut
724 5336 883 5387 agros
916 5324 1044 5372 Coti.
1126 5326 1162 5357 ¹¹
1197 5323 1378 5374 Vitam
1405 5330 1668 5375 aeternam
1705 5324 2007 5389 possidebit
2034 5324 2101 5370 La
2134 5337 2205 5369 m.
2242 5316 2366 5389 Bod.
2397 5317 2446 5365 2.
2479 5316 2588 5389 NC.
2628 5317 2671 5364 1.

254 5394 298 5423 ’³
323 5392 394 5441 Et
421 5391 547 5441 data
582 5396 663 5441 est
693 5393 927 5457 singulis
953 5395 1091 5443 stola
1114 5394 1240 5444 alba
1269 5396 1392 5444 Thu.
1465 5399 1502 5427 ¹⁴
1530 5388 1919 5446 Βιθνεέειάὺιιε
1945 5398 2167 5454 tempus
2199 5388 2349 5439 Corb.

250 5476 471 5513 merare
498 5477 661 5515 nemo
693 5468 907 5529 poterat
935 5467 1072 5514 Lam.
1104 5467 1215 5515 Lin.
1242 5467 1367 5515 Bod.
1401 5470 1444 5525 1,
1478 5469 1523 5517 2.
1549 5468 1594 5515 4.
1625 5469 1737 5517 Lin.
1822 5466 1857 5497 '7
1886 5466 2029 5515 Laus
2055 5465 2171 5513 Deo
2204 5460 2326 5511 Bod.
2351 5459 2395 5507 3.

902 5537 940 5570 ‘9
971 5539 1115 5588 Sunt
1145 5539 1201 5587 hi
1220 5541 1274 5587 et
1296 5538 1445 5589 unde
1467 5542 1587 5589 Lam
1619 5540 1720 5589 ΝΟ.
1757 5540 1799 5587 1.
1832 5536 1955 5587 Cod.
1978 5537 2023 5591 2,
2064 5536 2107 5583 3.

1502 5612 1543 5642 ²²
1573 5611 1692 5660 Non
1730 5610 1979 5660 esuriant
2008 5619 2189 5669 neque
2215 5603 2457 5666 amplius
2491 5601 2681 5650 sitient
2708 5602 2821 5651 Lz'n.
2851 5600 2987 5649 Coit.

901 5683 942 5715 ¹⁴
969 5683 1176 5733 Throni
1212 5686 1310 5743 est,
1343 5686 1493 5747 reget
1530 5682 1649 5732 Bod.
1681 5685 1727 5745 1,
1758 5683 1805 5745 2,
1830 5681 1951 5745 3,4.
1992 5679 2112 5729 Thu.
2146 5674 2288 5726 Corb.

251 5537 398 5585 dixit
429 5537 563 5586 mihi
598 5537 721 5588 Bod.
752 5538 797 5588 3.

252 5611 368 5661 hoc
388 5614 521 5659 sunt
547 5610 688 5660 Lam.
719 5610 829 5659 ΝΟ.
860 5612 902 5659 1.
943 5610 1065 5660 Tim.
1096 5610 1242 5661 Corb.
1277 5611 1408 5661 Coit.

250 5683 537 5746 patientur
581 5682 708 5735 Bod.
753 5684 799 5732 3.

253 5756 386 5807 vitae
420 5756 555 5806 Coit.
589 5755 675 5807 Ad
705 5756 914 5806 fontem
948 5767 1110 5820 aquas
1135 5754 1263 5805 vitae
1293 5754 1419 5806 Bod.
1450 5754 1498 5806 3.

2763 5319 2801 5347 τ’
2832 5316 3102 5377 Quintum
3129 5314 3376 5378 sigillum
3400 5312 3522 5361 Bod.
3562 5315 3605 5362 1.

2442 5389 2478 5419 ¹⁵
2501 5388 2695 5437 Donec
2722 5387 3044 5450 suppleatur
3069 5386 3192 5434 Bod.
3225 5385 3269 5434 Ξ.
3369 5384 3405 5417 ⁴⁶
3440 5384 3612 5432 Dinu-

2496 5457 2533 5491 ’⁸
2557 5458 2626 5507 Et
2656 5459 2997 5521 respondens
3028 5471 3173 5507 unus
3202 5472 3268 5506 ex
3299 5454 3612 5507 senioribus

2212 5534 2254 5565 ²⁰
2281 5531 2516 5582 Domine
2552 5535 2612 5579 tu
2651 5532 2761 5580 scis
2784 5530 2908 5579 Bod.
2938 5532 2984 5591 1,
3010 5530 3062 5590 ἓ,
3105 5529 3153 5587 3,
3185 5530 3230 5578 4.
3325 5530 3365 5559 ἰ
3391 5527 3614 5587 Propter

2215 5603 2457 5648 nmnlius
2491 5601 2681 5648 sitient
2709 5602 2821 5648 Lz'n.
2851 5600 2987 5648 Coit.
3075 5602 3116 5632 ³³
3149 5598 3338 5648 Ullum
3366 5596 3614 5647 dolorem

3242 5612 3338 5646 um
3366 5608 3617 5647 notorem

2390 5676 2431 5705 ³⁵
2462 5672 2753 5725 Deducere
2799 5684 2893 5723 eos
2922 5669 3040 5720 Bod.
3072 5669 3119 5720 2.
3220 5666 3263 5701 ’⁸
3297 5666 3383 5718 Ad
3408 5668 3624 5721 fontem
