3998 6194
547 204 649 260 775

1388 239 1391 242 -
1448 196 1506 257 S.
1543 193 1857 258 CYPRIANI
1896 196 2171 258 OPERUM
2209 196 2381 260 PARS
2417 198 2482 261 II.
2514 233 2584 248 —-
2619 198 2990 265 OPUSCULA.
3745 219 3829 279 776

545 333 602 386 et
632 330 923 398 absterget
963 327 1111 381 Deus
1155 341 1389 380 omnem
1438 325 1753 396 lacrymam
1802 342 1870 381 ex
1919 326 2094 380 oculis
2121 326 2167 360 ³⁷
2191 339 2480 410 Aerrare.
2525 330 2633 385 Nos
2681 331 2835 386 enim
2890 335 3127 403 propter
3169 333 3534 406 nosmetipsos
3569 338 3680 395 hinc
3716 346 3839 418 pati-

549 438 745 478 eorum
781 443 809 470 »
854 422 1065 490 (Apoc.,
1100 435 1194 486 vu,
1245 420 1414 490 9-17).
1450 420 1590 474 Item
1640 420 1792 474 illic:
1825 440 1854 469 ί(
1894 419 1999 484 Qui
2042 419 2166 474 vin-

546 519 652 584 cet,
682 515 824 569 dabo
853 513 933 567 illi
961 513 1130 568 edere
1161 513 1228 568 de
1256 514 1410 582 ligno
1437 513 1566 567 vitae
1597 513 1646 548 ”
1676 513 1829 583 quod
1855 517 1939 567 est
1981 513 2039 566 in
2080 529 2174 584 pa-

2274 439 2422 490 mur,
2453 430 2748 494 peccantes
2779 425 2839 479 in
2880 426 3058 482 Deum
3093 431 3368 482 nostrum.
3399 430 3474 484 Tu
3502 439 3675 488 autem
3710 453 3770 492 ne
3795 445 3841 496 te

2274 516 2559 572 existimes
2589 518 2936 589 impunitum
2980 521 3260 589 futurum,
3302 539 3590 595 aggressus
3626 545 3840 601 pugnare

542 609 727 663 radiso
757 608 854 662 Dei
886 608 1018 662 mei.
1056 627 1080 658 υ
1121 608 1255 662 Item
1284 606 1431 661 illic:
1465 628 1491 655 ‹‹
1525 607 1652 661 Esto
1672 606 1858 660 fidelis
1886 622 2066 678 usque
2099 605 2173 660 ad
2273 625 2400 664 cum
2433 611 2540 666 Deo
2567 613 2633 682 (II
2664 614 2865 677 Mach.,
2889 629 2980 681 vn,
3010 616 3184 686 9-19).

543 705 809 770 mortem,
857 707 912 757 et
954 701 1100 755 dabo
1148 700 1247 754 tibi
1295 716 1565 755 coronam
1613 700 1742 755 vitae
1788 723 1814 748 ››
1863 699 2078 771 (Apoc.,
2112 715 2170 766 ιι,

542 799 715 865 7-10).
777 817 804 844 ‹‹
856 795 1011 850 Beati
1061 794 1106 828 ²⁹
1151 798 1319 849 erunt
1370 793 1467 865 qui
1516 793 1837 864 vigilabunt
1885 797 1942 849 et
1985 810 2168 848 serva-

539 890 685 945 bunt
714 890 762 924 ³⁰
805 889 1143 943 vestimenta
1181 904 1300 954 sua,
1351 903 1422 942 ne
1466 887 1605 941 nudi
1652 886 1949 941 ambulent
1994 890 2051 942 et
2086 887 2168 941 vi-

2271 726 2402 781 CAP.
2435 728 2613 784 XVIII.
2646 760 2714 769 —
2753 731 3044 786 Ditectioni
3067 733 3167 865 get
3203 736 3254 787 et
3285 731 3480 789 Christi
3510 737 3638 792 nihil
3660 755 3838 811 prapo-

2956 827 3062 865 nen
3105 827 3214 865 um.

2956 827 3214 866 nendum.

2343 914 2406 968 In
2459 915 2904 972 Deuteronomio
2948 935 2961 972 :
3022 938 3049 971 ‹‹
3105 917 3316 990 Diliges
3363 921 3644 980 Dominum
3694 927 3840 984 Deum

539 985 712 1039 deant
743 981 1158 1078 turpitudine?“
1191 998 1347 1078 διξδω
1378 981 1642 1078 ”(f4_1"_’°°»
1669 997 1782 1048 “vv
1822 981 1923 1078 ί
1957 981 2035 1034 De
2055 980 2171 1078 ξοδ
2272 1011 2435 1061 tuum
2469 1008 2540 1062 de
2573 1013 2690 1064 toto
2722 1012 2887 1066 corde
2933 1017 3030 1066 tuo
3063 1015 3122 1067 et
3145 980 3364 1069 devtota
3391 1015 3572 1072 anima
3605 1021 3692 1074 tua
3715 980 3842 1078 etde

540 1077 662 1149 ipso
693 1078 896 1131 Paulus
945 1076 1013 1130 ad
1059 1075 1422 1130 Timotheum
1453 1075 1496 1108 ³¹
1547 1075 1605 1128 in
1653 1073 1946 1128 secunda:
1983 1093 2006 1123 α
2055 1075 2170 1144 Ego

533 1172 653 1241 jam
700 1170 920 1225 delibor
941 1171 1010 1237 ³³,
1040 1172 1095 1223 et
1144 1172 1367 1239 tempus
1408 1167 1583 1221 instat
1630 1183 1776 1221 mea!
1820 1167 2166 1237 assumptio-

539 1266 626 1319 nis
655 1265 723 1318 ³³.
770 1265 984 1317 Βοιιιιιιι
1032 1277 1274 1333 agonem
1307 1263 1354 1296 δι
1400 1260 1631 1328 certavi,
1661 1277 1887 1315 cursum
1935 1261 2166 1332 perfeci,

539 1359 710 1414 ﬁdem
757 1357 996 1411 servavi.
1025 1358 1147 1411 Iam
1201 1358 1458 1427 superest
1484 1355 1530 1388 ³⁵
1576 1354 1719 1408 mihi
1761 1370 1969 1408 corona
1997 1354 2166 1424 justi-

538 1452 655 1518 tiae,
684 1467 855 1522 quam
883 1449 1022 1504 mihi
1050 1449 1253 1504 reddet
1281 1449 1552 1502 Dominus
1577 1448 1634 1502 in
1663 1448 1758 1502 illo
1788 1448 1879 1502 die
1902 1448 2090 1517 justus
2120 1449 2167 1482 ³⁸

530 1550 736 1621 judex;
770 1565 885 1603 non
917 1548 1099 1602 solum
1129 1551 1316 1600 autem
1351 1546 1513 1612 mihi,
1543 1545 1645 1599 sed
1683 1551 1740 1600 et
1770 1545 2038 1600 omnibus
2068 1544 2166 1616 qui

2267 1105 2384 1155 tota
2417 1101 2623 1157 virtute
2652 1108 2745 1158 tua
2776 1126 2803 1154 ιι
2853 1104 3055 1175 (Deut.,
3087 1122 3160 1175 v1,
3192 1109 3264 1176 5).
3296 1108 3436 1164 Item
3474 1111 3533 1164 in
3571 1112 3840 1186 Evangelio

2270 1199 2393 1247 cata
2419 1195 2745 1250 Matthmum
2779 1219 2789 1250 :
2826 1218 2854 1246 «
2897 1199 3000 1262 Qui
3043 1203 3199 1254 amat
3239 1205 3461 1271 patrem
3506 1207 3598 1258 aut
3639 1210 3842 1264 matrem

2269 1303 2440 1357 super
2477 1304 2571 1344 me
2601 1290 2667 1357 ⁴³,
2699 1307 2812 1345 non
2859 1296 2945 1346 est
2991 1309 3083 1347 me
3131 1293 3376 1364 dignus;
3422 1299 3477 1350 et
3519 1297 3610 1368 qui
3639 1299 3677 1334 “
3718 1306 3842 1355 amat

2268 1381 2451 1435 tilium
2479 1385 2576 1436 aut
2603 1383 2778 1438 ﬁliam
2804 1401 2974 1457 super
3013 1402 3126 1454 me,
3159 1402 3274 1442 non
3309 1393 3392 1443 est
3433 1405 3522 1444 me
3560 1391 3773 1463 dignus;
3797 1400 3844 1449 et

2268 1475 2362 1545 qui
2394 1492 2504 1529 non
2542 1477 2746 1548 accipit
2785 1495 3007 1534 crucem
3042 1496 3202 1536 suam
3242 1485 3299 1537 et
3339 1483 3586 1554 sequitur
3627 1502 3708 1540 me
3747 1503 3841 1542 non

2269 1574 2354 1622 est
2395 1586 2558 1624 meus
2599 1571 2905 1643 discipulus
2943 1595 2970 1624 ››
3001 1573 3240 1645 (Matth.,
3272 1592 3325 1644 x,
3356 1577 3465 1646 37).
3495 1579 3629 1633 Item
3656 1579 3709 1633 in
3731 1580 3843 1652 Epi-

535 1643 837 1699 dilexel‘int
865 1642 1175 1696 adventum
1204 1640 1327 1743 (illis
1358 1661 1384 1689 ν)
1419 1641 1482 1708 (Π
1813 1638 1945 1743 6'3)-
1967 1638 2239 1743 De_h°°D
2268 1662 2411 1716 stola
2437 1664 2592 1718 Pauli
2616 1665 2687 1720 ad
2727 1638 3016 1723 Eomanos
3043 1685 3056 1723 :
3090 1689 3119 1719 (ι
3158 1638 3291 1734 Quis
3313 1638 3437 1725 'nos'
3473 1673 3733 1743 separabit
3757 1638 3798 1708 ‘.'
3818 1692 3846 1728 a

531 1737 654 1808 ipso
701 1737 772 1790 ad
823 1736 1145 1790 Romanos:
1197 1709 1247 1782 «ί
1280 1734 1488 1788 Sumus
1534 1731 1634 1786 filii
1691 1732 1807 1787 Dei.
1860 1732 1919 1788 Si
1968 1709 2242 1786 autemB

531 1831 656 1897 ﬁlii,
699 1834 755 1884 et
803 1829 1065 1883 hmredes
1123 1827 1244 1894 Dei,
1293 1826 1614 1880 coheredes
1665 1828 1861 1880 autem
1913 1825 2158 1894 Christi;

435 1921 438 1925 ’
534 1923 816 1994 siquidem
869 1920 1286 1992 compatiamur
1333 1920 1404 1986 ³⁷,
1467 1923 1528 1972 ut
1579 1922 1635 1973 et
1691 1918 2156 1990 commagnitice-

532 2033 712 2072 mur»
738 2017 932 2087 (Rom,
953 2030 1069 2081 vm,
1096 2016 1199 2084 I6).
1234 2015 1312 2068 De
1343 2013 1450 2067 hoc
1475 2012 1596 2083 ipso
1615 2012 1674 2066 in
1703 2013 1921 2066 Psalmo
1946 2027 2106 2068 cxvm
2142 2029 2155 2066 :

533 2133 557 2162 α
596 2110 747 2164 Beati
770 2111 816 2144 ³⁸
850 2109 946 2180 qui
983 2107 1340 2162 immaculati
1384 2109 1518 2160 sunt
1562 2106 1619 2160 in
1669 2106 1756 2160 via
1803 2109 1858 2161 et
1899 2107 1998 2177 qui
2032 2122 2154 2160 am-

529 2203 732 2259 bulant
760 2203 817 2256 in
856 2204 981 2273 lege
1028 2201 1250 2256 Domini
1285 2201 1347 2255 ’9.
1397 2199 1551 2254 Beati
1583 2199 1681 2271 qui
1728 2203 2157 2271 perscrutantur

529 2297 803 2368 martyria
830 2297 948 2368 ejus
979 2295 1048 2350 ‘0.
1091 2316 1120 2346 »

529 2443 657 2499 CAP.
690 2441 844 2496 XVII.
874 2469 944 2480 —
983 2441 1196 2494 Minora
1241 2455 1344 2493 esse
1383 2453 1505 2507 qua:
1547 2439 1608 2492 in
1652 2438 1846 2492 sarculo
1882 2439 2151 2507 patimur,

741 2536 904 2591 quam
931 2522 1000 2575 sit
1023 2520 1306 2589 praemium
1333 2518 1476 2587 quod
1497 2520 1820 2588 promissum
1845 2523 1943 2572 est.

598 2661 662 2716 In
689 2660 933 2733 Epistola
966 2659 1119 2714 Pauli
1147 2659 1215 2713 ad
1259 2659 1544 2712 Romanos
1572 2674 1584 2711 :
1625 2677 1652 2708 «
1684 2659 1804 2711 Non
1847 2659 1980 2711 sunt
2017 2673 2146 2712 con-

528 2755 719 2828 digna:
767 2754 1061 2827 passiones
1108 2751 1278 2823 hujus
1331 2751 1606 2823 temporis
1652 2750 1726 2804 ad
1775 2756 2147 2822 superventu-

523 2867 646 2907 ram
692 2851 735 2884 “
797 2847 1117 2903 claritatem
1177 2862 1305 2917 qua:
1372 2845 1714 2900 revelabitur
1773 2845 1834 2899 in
1898 2844 2057 2899 nobis
2118 2865 2145 2894 ››

527 2946 724 3016 (Rom,
753 2959 868 3011 vni,
903 2941 1008 3011 I8).
1044 2941 1123 2994 De
1155 2939 1264 2994 hoc
1292 2939 1410 3010 ipso
1439 2939 1485 2973 “
1527 2938 1584 2992 in
1627 2938 1959 2993 Machabmis
1991 2938 2100 3010 (49)
2131 2957 2143 2992 z

526 3059 554 3088 «
585 3037 847 3103 Domine,
877 3035 975 3107 qui
1014 3035 1267 3088 sanctam
1302 3032 1476 3087 habes
1517 3032 1840 3101 scientiam,
1873 3032 2144 3087 manifes-

521 3135 646 3188 tum
675 3137 758 3186 est
796 3129 949 3200 quia,
975 3143 1107 3184 cum
1137 3143 1362 3198 possem
1393 3143 1424 3180 a
1456 3129 1642 3180 morte
1672 3125 1923 3188 liberari,
1955 3125 2147 3198 746

524 3225 856 3280 durissimos
900 3222 1118 3277 dolores
1163 3219 1416 3291 corporis
1459 3220 1659 3287 tolero,
1686 3219 1932 3291 ﬂagellis
1975 3236 2144 3290 vapu-

521 3318 663 3388 Ians,
699 3318 895 3371 animo
939 3317 1133 3369 autem
1183 3318 1419 3384 propter
1461 3312 1542 3366 tui
1593 3312 1770 3383 ipsius
1817 3316 2034 3368 metum
2079 3314 2142 3367 li-

489 3412 723 3474 benter
752 3411 875 3464 haec
901 3409 1091 3480 patior
1123 3429 1149 3457 »
1202 3408 1265 3478 (ll
1305 3408 1506 3472 Mach.,
1536 3422 1607 3475 v1,
1641 3406 1752 3475 30).
1799 3409 1941 3462 Item
1989 3408 2099 3462 illic
2130 3425 2142 3462 :

523 3527 551 3555 α
579 3507 660 3560 'I‘u
694 3503 947 3576 quidem,
979 3503 1293 3574 impotens,
1327 3517 1389 3556 ex
1428 3500 1534 3555 hac
1580 3501 1845 3572 praesenti
1892 3501 2002 3556 vita
2044 3518 2146 3556 nos

518 3599 736 3672 perdis.
795 3597 903 3654 Sed
951 3595 1148 3651 mundi
1203 3597 1314 3652 Rex
1368 3594 1667 3649 defunctos
1714 3611 1817 3649 nos
1871 3612 1974 3666 pro
2029 3596 2144 3651 suis

518 3693 740 3765 legibus
782 3691 841 3746 in
891 3692 1163 3746 aeternam
1208 3690 1337 3744 vitm
1380 3691 1858 3744 resurrectionem
1905 3691 2139 3745 suscita-

516 3790 621 3845 bit.
649 3809 678 3838 ι)
725 3788 865 3841 Item
894 3784 1008 3840 illic
1041 3801 1052 3839 :
1093 3805 1119 3834 ‹‹
1147 3784 1340 3838 Potius
1385 3791 1467 3838 est
1499 3783 1568 3837 ab
1615 3783 1941 3838 hominibus
1972 3785 2140 3840 morti

519 3884 679 3939 datos
706 3883 1031 3950 exspectare
1079 3894 1235 3950 spem
1284 3895 1317 3932 a
1366 3878 1503 3945 Deo,
1531 3877 1739 3931 iterum
1774 3876 1843 3932 ab
1874 3877 1994 3948 ipso
2026 3895 2140 3933 sus-

516 3975 791 4034 citandas.
849 3973 970 4028 Tibi
1036 3973 1190 4027 enim
1257 3970 1595 4026 resurrectio
1661 3971 1720 4025 in
1788 3971 1960 4026 vitam
2025 3989 2138 4028 non

516 4071 644 4127 erit.
674 4091 700 4120 »
744 4071 887 4125 Item
915 4066 1027 4122 illic
1059 4084 1072 4121 :
1114 4088 1140 4116 ι(
1171 4067 1508 4120 Potestatem
1539 4064 1687 4120 inter
1727 4065 1992 4120 homines
2037 4067 2134 4121 ha-

513 4165 672 4232 bens,
702 4178 830 4218 cum
860 4159 933 4215 sis
976 4159 1315 4230 corruptilis,
1347 4159 1480 4213 facis
1526 4159 1674 4229 quod
1715 4158 1814 4213 vis.
1869 4159 1992 4214 Noli
2033 4178 2134 4216 au-

513 4263 628 4313 tem
661 4261 859 4328 putare
887 4270 1067 4326 genus
1093 4255 1352 4308 nostrum
1385 4270 1417 4307 a
1452 4253 1564 4307 Deo
1610 4269 1728 4308 esse
1775 4252 2133 4310 derelictum.

513 4349 739 4407 Sustine
771 4353 825 4403 et
845 4347 972 4402 vide
1009 4362 1222 4418 magna
1267 4348 1515 4417 potestas
1558 4345 1678 4416 ejus
1711 4347 1955 4418 qualiter
1999 4350 2051 4402 te
2082 4353 2136 4403 et

2266 1755 2542 1812 charitate
2568 1758 2773 1814 Christi
2797 1762 2843 1796 ⁸⁸
2862 1761 2889 1815 ?
2919 1778 3204 1833 pressura,
3233 1780 3305 1819 an
3335 1766 3612 1836 angustia,
3641 1783 3705 1820 an
3734 1783 3844 1838 per-

2262 1850 2475 1905 secutio
2503 1851 2572 1920 ‘7,
2599 1868 2672 1906 an
2709 1853 2909 1924 fames,
2940 1872 3012 1910 an
3053 1857 3296 1924 nuditas,
3325 1875 3400 1913 an
3449 1860 3762 1930 periculum,
3786 1878 3847 1916 an

2263 1943 2527 2015 gladius?
2607 1946 2753 2001 sicut
2813 1949 3087 2019 scriptum
3151 1954 3293 2007 est:
3378 1953 3643 2017 Quoniam
3701 1969 3846 2008 causa

2261 2037 2343 2091 tui
2376 2038 2422 2072 ‘3
2449 2037 2761 2094 occidimur
2789 2042 2834 2076 "
2863 2045 2981 2097 tota
3007 2043 3122 2112 die,
3153 2045 3411 2116 deputati
3450 2064 3632 2102 sumus
3655 2052 3714 2102 ut
3736 2064 3846 2103 oves

2257 2130 2503 2187 victima:
2529 2133 2616 2202 ⁶⁰;
2658 2135 2755 2189 sed
2787 2135 2846 2190 in
2873 2137 2960 2191 his
2987 2138 3254 2194 omnibus
3295 2141 3728 2213 supervincimus
3758 2160 3844 2214 pro

2257 2241 2324 2280 eo
2356 2226 2453 2298 qui
2482 2227 2681 2282 dilexit
2709 2245 2811 2284 nos
2836 2251 2864 2280 ››
2899 2231 3092 2302 (Rom,
3125 2249 3243 2301 vui,
3276 2235 3493 2306 35-37).

2253 2344 2380 2398 CAP.
2411 2345 2538 2398 XIX.
2569 2375 2638 2422 θ
2670 2347 2954 2403 Voluntati
2977 2365 3085 2484 ne;
3114 2357 3327 2420 nostrae,
3358 2353 3454 2408 sed
3475 2355 3588 2421 Dei,
3613 2354 3845 2424 obtempe-

2938 2445 3042 2484 ran
3085 2447 3192 2484 um.

2938 2445 3192 2486 randum.

2327 2528 2387 2581 In
2422 2527 2731 2600 Evangelia
2775 2534 2899 2586 cata
2928 2533 3206 2588 Joannem
3237 2551 3249 2588 :
3283 2555 3310 2585 «
3355 2537 3472 2590 Non
3505 2535 3753 2591 descendi
3788 2537 3846 2591 de

2253 2620 2391 2675 coelo
2426 2627 2486 2675 ut
2509 2622 2717 2678 faciam
2765 2624 3117 2680 voluntatem
3161 2643 3378 2696 meam,
3409 2629 3506 2684 sed
3536 2630 3848 2684 voluntatem

2253 2715 2375 2786 ejus
2408 2715 2450 2749 ⁵¹
2484 2716 2579 2787 qui
2609 2732 2701 2770 me
2740 2718 2895 2772 misit
2933 2742 2960 2769 »
3005 2720 3207 2790 (Joan.,
3241 2737 3316 2791 VI,
3353 2724 3465 2794 38).
3497 2725 3570 2778 De
3606 2724 3706 2778 hoc
3745 2725 3848 2794 ipso

2251 2813 2370 2863 cata
2414 2809 2741 2864 Matthasum
2775 2832 2785 2867 :
2821 2833 2848 2862 «
2894 2812 3078 2882 Pater,
3135 2815 3180 2868 si
3226 2815 3351 2870 fieri
3392 2821 3597 2888 potest,
3627 2822 3850 2872 transeat

2249 2917 2282 2955 a
2308 2919 2400 2956 me
2431 2903 2575 2958 calix
2604 2903 2744 2974 iste;
2791 2911 3185 2962 verumtamen
3234 2925 3351 2963 non
3384 2911 3537 2982 quod
3578 2928 3677 2982 ego
3719 2912 3846 2979 volo,

2249 2995 2350 3050 sed
2394 2997 2546 3068 quod
2594 3001 2650 3051 tu
2681 2998 2727 3033 ⁸⁸
2767 3022 2794 3049 ››
2833 3001 3074 3071 (Matth,
3102 3019 3250 3072 nm,
3279 3004 3396 3075 39).
3429 3007 3567 3060 Item
3611 3005 3667 3060 in
3704 3021 3847 3077 prece

2169 3076 2223 3149 C
2251 3090 2582 3161 quotidiana
2611 3109 2624 3147 :
2657 3112 2683 3144 α
2718 3093 2840 3148 Fiat
2868 3095 3126 3150 voluntas
3153 3099 3247 3152 tua
3288 3099 3440 3153 sicut
3469 3101 3526 3154 in
3553 3100 3686 3154 coelo
3707 3076 3761 3154 et
3797 3099 3845 3153 in

2249 3187 2417 3240 terra.
2449 3206 2477 3234 »
2511 3187 2652 3242 Item
2679 3191 2800 3242 cata
2831 3190 3154 3246 Matthmum
3191 3210 3202 3246 :
3241 3212 3269 3243 α
3297 3193 3422 3248 Νοιι
3462 3192 3645 3266 747
3685 3193 3845 3249 omnis

2248 3278 2343 3347 qui
2375 3279 2517 3334 mihi
2546 3280 2717 3336 dicit:
2749 3282 3008 3353 Domine,
3039 3285 3301 3351 Domine,
3330 3287 3591 3344 introibit
3635 3289 3691 3342 in
3735 3304 3844 3359 reg-

2246 3387 2386 3426 num
2434 3375 2710 3430 coelorum
2733 3393 2748 3445 ;
2779 3377 2873 3432 sed
2903 3377 2947 3431 is
2997 3379 3092 3450 qui
3135 3380 3268 3434 facit
3299 3382 3650 3438 voluntatem
3691 3381 3846 3437 Patris

2246 3465 2360 3520 mei
2413 3469 2511 3538 qui
2559 3467 2617 3522 in
2667 3470 2820 3524 caelis
2871 3474 2976 3540 est,
3029 3472 3148 3544 ipse
3200 3474 3466 3530 introibit
3514 3477 3574 3531 in
3625 3491 3844 3548 regnum

2245 3559 2516 3616 ccelorum
2546 3583 2573 3612 ››
2598 3564 2833 3633 (Matth,
2865 3582 2958 3633 vn,
2986 3566 3099 3634 2t).
3130 3569 3267 3624 ltem
3299 3575 3422 3625 cata
3447 3571 3687 3626 Lucam:
3717 3570 3846 3626 «Ille

2245 3660 2437 3709 autem
2467 3672 2660 3710 servus
2690 3657 2787 3729 qui
2817 3661 3106 3730 cognoscit
3136 3663 3490 3719 voluntatem
3534 3665 3739 3720 domini
3770 3662 3843 3718 sui

2243 3753 2298 3801 et
2341 3765 2456 3804 non
2490 3750 2746 3820 paruerit
2779 3753 3047 3808 voluntati
3092 3755 3232 3826 ejus,
3267 3759 3562 3828 vapulabit
3604 3759 3783 3814 multis
3818 3781 3841 3807 »

2243 3842 2290 3877 ⁵³
2318 3844 2488 3912 (Luc.,
2517 3861 2613 3912 ιιι,
2643 3847 2751 3916 4³7).
2786 3848 2846 3902 In
2884 3848 3128 3918 Epistola
3156 3851 3391 3906 Joannis
3423 3871 3436 3907 :
3476 3871 3503 3904 tl
3533 3853 3634 3916 Qui
3671 3856 3842 3906 autem

2239 3935 2434 3992 fecerit
2461 3938 2811 3994 voluntatem
2839 3941 2956 4010 Dei,
2987 3948 3179 3998 manet
3212 3944 3269 3999 in
3294 3951 3602 4015 aeternum,
3631 3962 3846 4019 quomo-

2239 4032 2309 4086 do
2339 4037 2396 4086 et
2428 4033 2546 4104 ipse
2575 4038 2767 4090 manet
2793 4035 2849 4088 in
2891 4039 3170 4092 aeternum
3203 4039 3270 4092 5‘.
3301 4061 3330 4090 »
3369 4041 3409 4112 (I
3446 4041 3629 4105 Joan.,
3663 4059 3719 4109 ιι,
3753 4042 3840 4110 17).

2237 4150 2361 4206 CAP.
2397 4150 2502 4207 XX.
2544 4179 2612 4193 -ι
2653 4152 3087 4210 Fundamentum
3129 4163 3180 4211 et
3217 4160 3621 4228 ﬁrmamentum
3657 4163 3766 4231 spei
3799 4166 3841 4214 et

2771 4249 2902 4317 ﬁdei
2923 4265 3033 4305 esse
3060 4254 3319 4308 timorem.

2304 4347 2363 4401 In
2412 4346 2630 4403 Psalmo
2683 4364 2748 4405 cx
2793 4367 2806 4405 :
2855 4372 2883 4401 «
2931 4353 3164 4408 Initium
3206 4357 3501 4428 sapientia:
3543 4357 3711 4414 timor
3746 4358 3839 4414 Do.

513 4459 708 4500 semen
737 4448 896 4498 tuum
935 4440 1241 4514 torquebit.
1267 4461 1294 4490 »
1327 4441 1469 4496 Item
1503 4437 1618 4496 illic
1651 4457 1662 4494 :
1697 4459 1725 4490 ‹‹
1767 4440 1892 4496 Noli
1923 4441 2398 4518 frustraDmini.
2456 4463 2485 4493 ››
2542 4442 2622 4497 De
2672 4443 2781 4498 hoc
2836 4444 2962 4517 ipso
3016 4447 3075 4502 in
3131 4450 3421 4522 Sapientia
3477 4453 3787 4509 Salomonis
3828 4469 3841 4508 :

1905 4605 2116 4673 Variae
2157 4606 2496 4673 lectiones.

568 4735 610 4769 π
641 4734 728 4786 Ab
762 4732 944 4785 oculis
968 4729 1091 4782 Bod.
1119 4733 1163 4783 I.
1191 4732 1239 4782 3.
1305 4731 1368 4805 ψη
1397 4728 1482 4805 Ei;
1505 4730 1656 4798 ligno
1684 4731 1810 4805 βοά.
1845 4734 1884 4782 1.
1914 4733 1965 4793 3,
1996 4735 2043 4783 4.
2124 4733 2165 4805 ³1
2193 4733 2409 4805 Felices
2436 4734 2572 4805 Bod.,
2595 4736 2636 4798 1,
2667 4737 2697 4786 4
2756 4736 2878 4787 Tim.
2970 4735 3010 4772 ³ο
3041 4739 3286 4805 Vigilant
3319 4742 3372 4794 et
3397 4752 3625 4798 servant
3647 4748 3766 4800 Bod.
3798 4745 3834 4798 I.

507 4811 646 4860 Gott.
715 4809 754 4838 ³¹
781 4805 917 4854 Item
940 4805 1146 4854 Paulus
1172 4805 1245 4876 ad
1285 4804 1642 4876 Timotheum
1672 4802 1815 4853 Lam.
1842 4805 1950 4855 ΝΟ.
1984 4806 2028 4854 1.
2059 4805 2151 4854 Bon

2292 4804 2415 4855 Thu.
2451 4803 2599 4854 Corb.
2671 4809 2710 4838 ³⁸
2746 4807 2861 4871 Ego
2889 4810 3003 4872 jam
3029 4802 3172 4862 libor
3198 4813 3320 4863 Bod.
3351 4816 3394 4876 I,
3426 4816 3476 4866 2.
3514 4818 3636 4867 Thu.
3703 4818 3837 4868 "In.

509 4882 617 4928 stat
649 4876 1045 4938 assumptionis
1075 4874 1202 4924 Bod.
1236 4875 1278 4934 l,
1301 4875 1351 4936 3,
1383 4875 1428 4923 4.
1459 4875 1832 4938 Repositionis
1864 4876 2000 4923 Cott.
2072 4876 2113 4907 ³⁸
2140 4875 2352 4926 Bonum
2379 4879 2659 4927 certamen
2699 4879 2818 4928 Bod.
2877 4880 2924 4930 2.
2972 4883 3104 4932 Cott.
3164 4874 3405 4936 Cursum
3445 4891 3835 4940 consummavi.

512 4950 647 5000 σου.
717 4950 755 4981 ³⁵
782 4948 862 5018 D_e
884 4951 1086 5018 caetero
1127 4945 1365 5018 reposita
1395 4945 1543 5018 Cotti
1599 4947 1639 4978 ³⁸
1669 4946 1967 5018 Illeijiustus
1997 4946 2185 5018 Βράᾼ,
2211 4952 2259 5009 2,
2286 4949 2332 4998 4.
2403 4943 2443 4982 ³⁷
2467 4946 2882 5010 Compatiamur
2907 4955 2958 5002 et
2989 4956 3543 5018 commagniﬁcemur
3582 4961 3714 5008 Lam.
3735 4961 3833 5012 ΝΟ.

512 5023 553 5071 1.
586 5017 714 5070 Bod.
741 5023 790 5067 8.
816 5015 994 5067 Simul
1020 5015 1407 5078 magnificetur
1439 5016 1556 5065 Bod.
1591 5018 1634 5067 1.
1702 5014 1744 5050 ³³
1773 5017 1986 5066 Felices
2018 5016 2140 5066 Bod.
2171 5019 2217 5079 I,
2241 5023 2283 5068 4.
2313 5021 2437 5070 Tim.

761 5086 803 5120 ⁴⁰
837 5087 1096 5150 Martyris
1123 5088 1260 5149 ejus,
1294 5090 1348 5136 et
1367 5088 1424 5136 in
1451 5091 1561 5137 toto
1583 5088 1747 5140 corde
1783 5088 2086 5152 exquirunt
2113 5102 2240 5140 eum
2267 5091 2393 5141 Bod.
2428 5093 2471 5141 1.

505 5161 626 5226 Ipso
657 5161 711 5209 In
735 5158 1064 5209 Machabaeis
1091 5157 1270 5206 desunt
1301 5159 1402 5206 ista
1431 5159 1482 5206 in
1511 5157 1794 5222 lmpressis,
1817 5159 1904 5209 sed
1933 5164 2208 5223 agnoscunt
2245 5162 2415 5212 Veron.
2446 5163 2584 5214 Lam.
2621 5163 2726 5216 ΝΟ.
2757 5168 2802 5216 1.
2837 5169 2954 5217 Bod.
2991 5157 3043 5218 Ξῖ
3079 5170 3222 5220 Corb.

509 5089 657 5140 Corb.

2508 5022 2546 5049 ³ο
2584 5021 2886 5072 Ambulant
2911 5025 2965 5074 in
3003 5027 3086 5076 via
3115 5027 3336 5077 Domini
3371 5031 3503 5079 Bod.
3536 5032 3582 5090 I,
3630 5033 3675 5081 2.
3719 5031 3829 5083 Tim.

2572 5095 2614 5123 ⁴¹
2637 5093 2721 5143 Ad
2744 5093 2984 5145 futuram
3015 5098 3248 5155 gloriam
3275 5100 3398 5150 Bod.
3424 5103 3469 5151 I.
3571 5106 3615 5136 “
3634 5105 3713 5155 De
3738 5105 3834 5154 hoc

3323 5174 3364 5205 ⁴³
3393 5173 3528 5224 Plus
3565 5190 3727 5240 quam
3754 5189 3833 5225 me

3015 5098 3248 5162 gloriam
3275 5100 3398 5150 Bod.
3424 5103 3469 5151 I.

506 5233 646 5282 Cott.
711 5231 753 5262 ⁴⁴
780 5230 850 5279 Et
884 5228 980 5293 qui
997 5227 1176 5300 diligit
1208 5229 1386 5300 σοτρκ
1420 5231 1463 5262 ⁴⁵
1492 5228 1639 5291 Quid
1669 5230 1947 5294 separabit
1981 5231 2103 5281 Thu.
2171 5230 2214 5265 ⁴⁸
2241 5232 2326 5283 Ab
2355 5247 2526 5300 agape
2558 5237 2764 5289 Christi
2790 5242 2930 5290 Lam.
2958 5242 3067 5292 ΝΟ.
3100 5244 3143 5293 1.
3169 5243 3298 5294 Bod.
3325 5245 3372 5294 4.
3416 5227 3599 5296 (ἴοι-1).⁸
3648 5247 3688 5280 ⁴⁷
3719 5249 3835 5298 Tri-

499 5301 728 5362 bulatio,
760 5301 1015 5366 angustia
1043 5299 1178 5348 Cott.

1279 5297 1322 5331 ⁴⁸
1354 5297 1631 5360 Quoniam
1659 5304 1880 5365 propter
1907 5305 1960 5350 te
1988 5301 2115 5350 Bod.
2139 5302 2186 5352 3.

2284 5304 2328 5334 ⁴⁹
2355 5305 2722 5359 Mortiﬁcatur
2758 5311 2892 5360 Cott.
2923 5311 2965 5346 5°
2994 5313 3140 5365 Oves
3170 5316 3471 5368 occisionis
3493 5317 3616 5369 Bod.
3658 5321 3676 5368 I
3707 5320 3830 5369 εστι.

501 5377 540 5411 5'
564 5374 739 5426 Patris
768 5373 877 5423 mei
905 5371 1002 5436 qui
1029 5382 1118 5421 me
1144 5370 1292 5420 misit
1318 5371 1454 5420 Cott.
1527 5373 1568 5404 ⁵⁸
1592 5372 1694 5424 Sed
1719 5371 1867 5438 quod
1891 5376 1950 5422 tu
1973 5374 2057 5423 vis
2084 5373 2218 5423 Cott.
2289 5376 2328 5408 ⁵³
2365 5377 2556 5430 Multis
2586 5381 2762 5446 plagis
2790 5384 2928 5435 σου.
2996 5388 3036 5419 ⁵⁴
3068 5388 3219 5440 Deus
3257 5395 3447 5442 manet
3488 5393 3544 5443 in
3577 5397 3830 5444 eternum

507 5447 645 5499 Coti.

1805 5519 2028 5602 Steph.
2091 5520 2334 5586 Baluzii
2380 5530 2574 5591 ntoaa.

560 5667 662 5730 (49)
712 5665 790 5717 De
838 5662 933 5715 hoc
957 5661 1069 5728 ipso
1117 5662 1177 5713 in
1222 5661 1557 5714 Machabai‘s.
1605 5663 1716 5715 Ista
1773 5670 1830 5716 et
1885 5679 2014 5730 quas
2055 5679 2138 5717 se-

2237 5667 2480 5751 editione
2537 5674 2837 5751 Anglicani:
2893 5682 2948 5730 et
2998 5693 3067 5733 ex
3133 5683 3324 5739 codice
3378 5683 3658 5751 Fuxensi,
3720 5692 3825 5742 tum

494 5742 754 5809 quuntur
791 5747 973 5803 usque
1022 5733 1093 5787 ad
1122 5734 1293 5787 finem
1344 5735 1589 5800 capituli,
1635 5735 1822 5787 addita
1879 5742 2006 5789 sunt
2066 5752 2133 5791 ex
2236 5741 2400 5792 etiam
2470 5757 2536 5795 ex
2577 5733 2904 5803 Tironensi.
