3998 6194
183 159 268 216 777
1159 152 1706 211 TESTIMONIORUM
1745 150 1901 207 ADV.
1940 149 2217 229 JUDASDS
2260 152 2385 207 LIB.
2431 150 2521 207 111.

3414 155 3519 213 ’778

183 306 207 338 ι
245 281 461 339 Initium
490 280 783 352 sapientiai
811 282 1071 335 metuere
1099 280 1283 335 Deum
1314 301 1343 329 »
1379 278 1584 347 (Ecclz'.,
1614 295 1652 346 1,
1681 276 1788 347 l6).
1812 288 1871 362 Α
1893 292 2020 331 mus
2055 277 2175 343 tibi,
2205 277 2462 332 Domine.
2484 277 2632 331 Deus
2672 278 3055 348 omnipotens,
3094 277 3191 348 qui
3229 294 3288 332 es
3329 282 3385 333 et
3423 279 3520 351 qui

182 382 309 435 Item
354 376 410 431 in
452 375 767 430 Proverbiis
808 373 1067 444 ejusdem
1111 392 1124 428 :
1180 396 1207 422 «
1245 375 1448 428 Beatus
1490 374 1668 427 homo
1707 376 1792 426 est

179 472 261 544 qui
295 472 518 525 veretur
557 467 748 523 omnia
789 484 891 540 per
932 470 1151 523 metum
1176 468 1245 523 ³⁵.
1279 489 1307 517 ››
1355 469 1557 539 (Prom,
1600 482 1787 533 xxvnt,

183 566 277 636 14).
317 566 396 619 De
434 565 548 619 hoc
587 564 709 635 ipso
747 563 898 635 apud
941 562 1187 617 Isaiam:
1232 583 1260 613 «
1291 563 1359 617 Et
1398 578 1574 633 super
1615 576 1789 632 quem

179 660 341 716 alium
369 657 688 730 respiciam,
720 656 830 711 nisi
858 672 1033 729 super
1056 656 1336 711 humilem
1360 658 1417 711 et
1448 655 1707 726 quietum
1734 656 1791 709 et

182 756 507 809 trementem
551 767 844 808 sermones
888 767 1052 806 meos
1098 772 1127 801 ››
1170 753 1323 819 (Isa.,
1361 766 1506 818 vai,
1556 748 1656 821 2)?
1708 748 1789 802 De

183 850 277 904 hoc
326 847 448 918 ipso
494 845 554 902 in
607 844 808 901 Genesi
846 864 857 898 :
913 866 940 895 α
988 846 1057 899 Et
1103 844 1317 900 vocavit
1362 859 1496 899 eum
1552 843 1790 914 angelus

177 941 380 998 Domini
424 940 492 995 de
528 939 688 1007 calo,
719 943 776 995 et
815 938 962 995 dixit
988 938 1067 994 illi
1097 956 1110 994 :
1143 938 1448 1006 Abraham,
1475 937 1786 993 Abraham.

172 1037 255 1090 llle
301 1039 489 1090 autem
542 1033 685 1089 dixit
731 1050 743 1087 :
792 1034 934 1088 Ecce
981 1049 1112 1104 ego.
1160 1034 1229 1088 Et
1269 1032 1407 1086 dixit
1453 1052 1464 1087 :
1514 1030 1639 1086 Noli
1686 1030 1789 1084 im-

175 1145 367 1201 ponere
386 1128 433 1162 “
468 1143 705 1182 manum
752 1130 908 1181 tuam
952 1142 1122 1198 super
1159 1142 1430 1197 puerum,
1471 1141 1657 1196 neque
1704 1124 1786 1178 fe-

174 1223 300 1278 ceris
334 1221 414 1277 illi
461 1221 783 1293 quicquam.
825 1221 982 1274 Nunc
1026 1220 1181 1275 enim
1227 1220 1471 1291 cognovi
1515 1217 1789 1290 quoniam

174 1318 325 1370 times
354 1316 535 1369 Deum
565 1318 730 1369 tuum
758 1319 813 1370 et
843 1330 960 1368 non
990 1313 1298 1384 pepercisti
1326 1313 1443 1368 filio
1484 1317 1582 1367 tuo
1614 1311 1785 1366 dilec-

175 1410 373 1464 tissimo
434 1412 666 1480 propter
721 1424 815 1462 me
866 1430 895 1458 »
948 1407 1125 1479 (Gem,
1180 1423 1316 1475 xm,
1376 1407 1482 1478 14).
1539 1408 1680 1461 ltem
1728 1406 1788 1459 in

171 1504 368 1559 Psalmo
393 1520 429 1559 ιι
461 1520 474 1557 ;
509 1522 535 1555 α
574 1502 787 1560 Servite
816 1502 1057 1556 Domino
1093 1501 1151 1556 in
1187 1501 1397 1557 timore
1428 1502 1487 1556 et
1515 1499 1788 1556 exsultate

172 1599 217 1654 ci
259 1599 315 1652 in
355 1604 630 1653 tremore.
677 1618 704 1647 »
754 1598 895 1651 Item
938 1596 998 1650 in
1050 1595 1490 1652 Deuteronomio
1537 1594 1647 1666 (50)
1691 1595 1785 1650 Dei

172 1710 263 1746 vox
304 1693 370 1745 ad
418 1693 647 1763 Moysen
693 1708 706 1745 :

174 1786 390 1841 audiant
426 1786 601 1840 verba
629 1801 778 1856 mea,
811 1790 878 1839 ut
914 1784 1133 1840 discant
1160 1784 1363 1839 timere
1404 1801 1496 1838 me
1529 1782 1793 1838 omnibus

176 1881 359 1935 diebus
401 1896 547 1951 quos
588 1879 697 1951 ipsi
738 1879 930 1933 vivent
972 1895 1142 1950 super
1180 1882 1390 1933 terram
1424 1900 1452 1928 ››
1484 1879 1685 1950 (Deut.,
1717 1894 1790 1940 ιγ,

176 1974 265 2045 10).
311 1976 450 2029 Item
498 1974 653 2045 apud
696 1973 1005 2030 Jeremiam
1058 1990 1071 2028 :
1108 1995 1135 2022 ‹‹
1179 1974 1319 2028 Ecce
1366 1972 1487 2027 dics
1534 1974 1790 2038 veniunt,

170 2069 287 2122 dicit
336 2069 646 2135 Dominus,
701 2074 758 2123 et
823 2067 1231 2122 consummabo
1301 2083 1475 2138 super
1549 2066 1790 2122 domum

174 2163 319 2217 Israel
363 2166 419 2217 et
468 2163 526 2217 in
563 2162 737 2217 domo
776 2162 916 2216 Juda
960 2164 1367 2217 testamentum
1412 2177 1646 2227 novum,
1680 2177 1792 2214 non

188 2256 488 2311 secundum
516 2258 920 2310 testamentum
942 2255 1096 2326 quod
1125 2254 1510 2326 disposueram
1540 2253 1794 2325 patribus

179 2364 357 2403 eorum
398 2349 462 2403 in
505 2349 596 2403 die
644 2365 774 2403 cum
819 2347 1179 2420 apprehendi
1230 2364 1467 2402 manum
1518 2347 1779 2412 illorum,

167 2442 388 2498 educere
433 2460 530 2498 eos
561 2442 631 2497 de
674 2446 828 2496 terra
866 2442 1112 2513 Egypti,
1146 2440 1281 2514 quia
1308 2458 1425 2497 non
1454 2458 1784 2513 permanse—

169 2540 287 2591 runt
329 2537 384 2590 in
439 2539 785 2592 testamento
834 2553 986 2607 meo,
1033 2540 1089 2590 et
1135 2550 1242 2606 ego
1291 2535 1527 2606 neglexi
1567 2552 1790 2602 eorum,

172 2629 293 2686 dicit
315 2631 617 2699 Dominus,
650 2630 787 2702 quia
822 2630 928 2684 hoc
966 2633 1377 2684 testamentum
1415 2629 1572 2700 quod
1601 2630 1789 2700 dispo-

179 2740 297 2779 nam
330 2725 535 2779 domui
578 2724 767 2779 Israel.
800 2725 932 2778 Post
976 2723 1098 2778 dies
1138 2723 1284 2791 illos,
1317 2723 1452 2778 dicit
1496 2723 1791 2792 Dominus,

184 2818 311 2872 dans
334 2819 528 2891 legem
557 2834 748 2874 meam
782 2818 839 2872 in
878 2834 1046 2872 sensu
1093 2833 1294 2872 eorum
1337 2817 1572 2871 scribam
1615 2818 1791 2884 illam,

177 2916 225 2965 et
247 2928 339 2967 ero
376 2912 495 2968 illis
519 2912 578 2967 in
610 2912 813 2980 Deum,
847 2917 902 2966 ct
932 2911 1037 2982 ipsi
1069 2914 1237 2966 erunt
1274 2910 1418 2965 mihi
1448 2910 1505 2964 iu
1539 2909 1787 2981 plebem,

1890 370 2068 437 fuisti,
2104 369 2252 440 quod
2288 368 2550 439 accepisti
2596 374 2935 441 potestatem
2967 374 3121 425 tuam
3160 387 3436 443 magnam
3466 377 3524 427 ct

1890 463 2165 534 regnasti,
2208 466 2265 518 et
2300 466 2501 534 gentes
2544 463 2707 517 iratae
2743 467 2894 532 sunt,
2924 471 2981 520 et
3023 464 3177 519 venit
3216 465 3297 519 ira
3342 470 3434 519 tua
3462 472 3519 521 et

1893 561 2119 630 tempus
2150 573 2263 629 quo
2293 557 2364 612 de
2406 557 2650 612 mortuis
2671 557 2958 627 judicetur
3001 565 3057 613 et
3097 559 3264 614 detur
3300 576 3517 615 merces

1892 651 2067 706 servis
2099 650 2209 706 tuis
2249 651 2541 722 prophetis
2585 657 2640 706 et
2683 651 2887 706 sanctis
2925 650 3260 706 timentibus
3306 670 3516 708 nomen

1889 750 2076 813 tuum,
2123 743 2341 816 pusillis
2390 749 2446 798 et
2504 744 2746 816 magnis,
2798 748 2855 798 et
2908 744 3232 815 disperdere
3280 762 3376 801 eos
3420 750 3515 819 qui

1891 841 2272 910 corruperunt
2296 841 2507 893 terram
2537 861 2564 888 »
2594 838 2808 910 (Apoc.,
2838 855 2914 906 xi,
2949 838 3158 907 16-17).
3190 840 3334 894 Item
3360 841 3470 895 illic
3499 860 3512 895 :

1893 954 1919 981 «
1964 935 2027 988 Et
2076 932 2188 987 vidi
2226 932 2403 987 alium
2444 933 2716 1003 angelum
2765 933 3053 987 volantem
3105 949 3210 1003 per
3256 933 3507 987 medium

1892 1027 2117 1093 coelum,
2154 1026 2461 1081 habentem
2498 1026 2872 1085 Evangelium
2909 1042 3184 1097 perenne,
3225 1028 3505 1098 evangelio

1888 1136 2013 1176 zare
2040 1120 2365 1176 sedentibus
2393 1137 2567 1191 super
2599 1125 2806 1175 terram
2840 1123 2896 1174 et
2926 1120 2984 1175 in
3028 1136 3229 1175 omnes
3259 1120 3516 1175 nationes

1890 1220 1946 1270 et
2002 1214 2181 1269 tribus
2230 1220 2287 1269 et
2342 1214 2563 1285 linguas
2614 1221 2671 1269 ct
2721 1214 2994 1285 populos,
3052 1215 3337 1270 dicentem
3388 1231 3520 1270 voce

1889 1325 2140 1380 magna:
2188 1307 2401 1363 Timete
2444 1310 2647 1377 Deum,
2694 1312 2751 1362 et
2782 1309 2907 1363 date
2950 1308 3001 1362 ei
3046 1308 3346 1377 honorem,
3379 1326 3518 1380 quo-

1889 1403 2053 1457 niam
2084 1404 2242 1458 venit
2286 1403 2430 1457 hora
2474 1402 2675 1473 judicii
2722 1402 2864 1472 ejus,
2898 1406 2955 1456 et
2998 1403 3228 1458 adorate
3262 1420 3394 1458 cum
3423 1404 3521 1475 qui

1887 1497 2022 1551 fecit
2048 1496 2254 1552 coelum
2282 1502 2339 1551 et
2364 1502 2573 1552 terram
2603 1502 2661 1551 ct
2688 1513 2844 1552 mare
2873 1500 2930 1550 et
2956 1496 3145 1552 fontes
3173 1512 3455 1568 aquarum
3489 1520 3515 1545 η

1892 1592 2080 1663 (Apoc.
2093 1633 2107 1661 ,
2141 1608 2250 1658 xiv,
2284 1594 2333 1659 6,
2364 1594 2414 1662 7)
2473 1593 2611 1646 ltem
2655 1590 2769 1645 illic
2801 1609 2813 1645 :
2845 1612 2874 1641 α
2906 1592 2972 1646 Et
2995 1590 3112 1645 vidi
3155 1590 3316 1663 quasi
3359 1607 3517 1645 mare

759 1712 785 1739 ί(
826 1692 1085 1746 Convoca
1127 1690 1201 1745 ad
1247 1707 1339 1746 me
1389 1689 1685 1761 populum,
1734 1658 1865 1744 etB
1895 1685 2134 1741 vitreum
2185 1684 2425 1740 mixtum
2472 1684 2627 1756 igni,
2677 1690 2733 1739 et
2780 1690 3078 1756 pascentes
3126 1684 3321 1739 bestia:
3389 1703 3519 1740 cum

1891 1779 2059 1851 agnis
2085 1778 2226 1849 ejus,
2261 1782 2320 1832 et
2357 1795 2631 1833 numerus
2669 1778 2916 1832 nominis
2960 1778 3083 1849 ejus
3120 1794 3273 1834 cxuv
3305 1783 3520 1834 stantes

1892 1890 2061 1944 supra
2092 1889 2255 1928 mare
2285 1872 2552 1941 vitreum,
2573 1872 2854 1927 habentes
2882 1872 3132 1927 citharas
3160 1872 3276 1939 Dei,
3314 1877 3370 1928 et
3396 1890 3525 1929 can~

1894 1972 2017 2022 tant
2048 1967 2331 2022 canticum
2371 1967 2544 2038 Moysi
2592 1965 2738 2021 servi
2783 1965 2885 2020 Dei
2933 1969 2988 2021 et
3036 1966 3318 2021 canticum
3348 1968 3520 2039 Agni,

1896 2061 2189 2117 dicentes:
2242 2062 2444 2132 Magna
2487 2063 2545 2115 et
2585 2059 2870 2115 mirabilia
2912 2077 3088 2131 opera
3132 2064 3245 2131 tua,
3286 2062 3520 2117 Domine

1893 2156 2037 2211 Deus
2072 2156 2461 2227 omnipotens,
2486 2155 2658 2225 justae
2684 2161 2739 2209 ct
2773 2171 2919 2209 verse
2954 2155 3057 2210 via:
3083 2158 3195 2211 tute
3223 2160 3374 2226 sunt,
3411 2159 3521 2212 Rex

1895 2250 2178 2320 gentium.
2215 2249 2349 2314 Quis
2376 2265 2490 2303 non
2522 2250 2720 2303 timeat
2756 2254 2812 2304 et
2855 2248 2953 2304 det
2991 2249 3271 2305 honorem
3305 2253 3521 2307 nomini

1894 2342 2034 2399 tuo?
2069 2344 2200 2414 quia
2238 2343 2389 2397 solus
2428 2343 2576 2413 pius,
2622 2348 2676 2398 et
2721 2343 2993 2414 quoniam
3034 2360 3235 2400 omnes
3265 2346 3524 2402 nationes

1897 2438 2125 2492 venient
2171 2444 2228 2491 et
2270 2436 2591 2491 adorabunt
2635 2437 2696 2491 in
2727 2440 3045 2508 conspectu
3092 2442 3210 2506 tuo,
3249 2441 3520 2511 quoniam

1888 2530 2123 2602 justitiee
2168 2534 2280 2585 tua:
2326 2531 2705 2586 manifestata:
2745 2536 2932 2586 sunt»
2982 2531 3193 2603 (Apoc.,
3239 2550 3328 2603 xv,
3375 2536 3520 2604 2-4).

1898 2626 2037 2680 Item
2072 2626 2131 2679 in
2159 2625 2388 2679 Daniele
2420 2641 2432 2680 :
2462 2647 2489 2675 α
2522 2626 2648 2679 Fuit
2683 2625 2768 2680 vir
2808 2625 3073 2680 habitans
3109 2627 3172 2682 in
3216 2628 3524 2700 Babylonia

1895 2720 1987 2774 cui
2019 2736 2233 2774 nomen
2262 2723 2384 2774 erat
2405 2719 2687 2785 Joachim,
2709 2723 2765 2772 et
2789 2720 3004 2791 accepit
3026 2737 3261 2775 uxorem
3288 2723 3520 2777 nomine

1897 2813 2239 2882 Susannam,
2273 2814 2449 2868 ﬁliam
2492 2813 2756 2880 Helchim,
2794 2812 3104 2868 formosam
3150 2815 3307 2870 valde
3355 2822 3412 2871 et
3450 2817 3520 2871 ti-

1896 2911 2156 2962 mentem
2186 2909 2365 2962 Deum
2389 2924 2402 2975 ;
2433 2912 2490 2962 et
2516 2910 2680 2961 erant
2704 2911 2972 2979 parentes
2998 2908 3120 2979 ejus
3139 2909 3300 2979 justi,
3339 2916 3395 2964 et
3421 2911 3519 2965 do-

170 3013 353 3062 etnon
381 3006 674 3063 docebunt
701 3006 1091 3077 unusquisque
1124 3006 1357 3060 fratrem
1386 3020 1560 3059 suum
1598 3005 1790 3060 dicen-
1814 3028 1869 3104 Ο
1896 3007 2134 3057 euerunt
2185 3002 2353 3056 ﬁliam
2421 3018 2581 3056 suam
2642 3001 2955 3056 secundum
3007 3001 3196 3073 legem
3257 3005 3431 3075 Moysi
3489 3028 3516 3056 ι)

182 3105 293 3155 tes:
320 3104 613 3174 Cognosce
650 3099 974 3168 Dominum,
1009 3100 1141 3171 quia
1186 3116 1384 3154 omnes
1425 3099 1603 3154 scient
1638 3115 1726 3153 me
1761 3116 1796 3154 a

168 3194 368 3252 minore
398 3212 586 3267 usque
622 3195 692 3249 ad
735 3195 1053 3249 maximum
1092 3210 1318 3263 eorum,
1350 3194 1486 3264 quia
1521 3193 1795 3264 propitius

168 3304 251 3343 cro
280 3288 682 3362 iniquitatibus
710 3305 932 3355 eorum,
966 3291 1030 3342 et
1060 3290 1420 3359 peccatorum
1455 3303 1652 3342 eorum
1678 3304 1795 3343 non

166 3398 249 3437 ero
275 3400 501 3439 memor
541 3382 808 3454 amplius.
841 3382 899 3438 Si
934 3381 1248 3436 exaltatum
1290 3381 1466 3436 fuerit
1502 3382 1707 3436 caelum
1733 3383 1793 3435 in

182 3476 429 3546 sublime,
467 3475 604 3531 dicit
631 3476 923 3544 Dominus,
954 3479 1013 3530 et
1042 3475 1087 3530 si
1113 3474 1417 3530 humiliata
1443 3474 1616 3529 fuerit
1644 3477 1794 3530 terra

186 3571 461 3639 deorsum,
491 3574 550 3625 at
576 3586 683 3641 ego
712 3587 828 3626 non
873 3570 1190 3643 reprobabo
1223 3585 1405 3640 genus
1441 3570 1632 3638 Israel,
1661 3569 1794 3624 dicit

172 3665 452 3730 Dominus,
508 3681 613 3736 pro
669 3663 939 3719 omnibus
989 3680 1120 3737 quas
1172 3663 1446 3718 fecerunt.
1500 3665 1636 3719 Ecce
1684 3679 1791 3735 ego

169 3760 521 3832 congregabo
559 3775 655 3813 eos
685 3776 750 3813 ex
779 3759 938 3814 omni
971 3762 1129 3813 terra
1156 3774 1265 3828 qua
1297 3756 1539 3828 dispersi
1566 3757 1696 3813 illos
1732 3758 1790 3811 in

172 3853 242 3907 ira
284 3860 337 3910 el
376 3855 431 3910 in
476 3854 668 3909 furore
711 3870 842 3909 meo
880 3859 937 3907 et
983 3853 1039 3907 in
1087 3851 1521 3907 exacerliationo
1563 3868 1787 3923 magna,

172 3952 221 3999 et
267 3952 561 4004 conteram
611 3948 734 4003 illos
780 3949 839 4002 in
884 3947 1072 4002 locum
1124 3947 1317 4016 istum,
1366 3952 1421 4001 et
1467 3945 1789 4018 relinquam

170 4040 279 4095 illos
313 4042 373 4097 in
420 4058 655 4114 pavore,
707 4045 767 4096 et
809 4050 980 4096 erunt
1020 4040 1161 4094 mihi
1206 4041 1263 4093 in
1303 4039 1554 4111 plebem,
1596 4044 1651 4094 et
1689 4055 1788 4095 ero

170 4135 265 4190 illis
301 4136 357 4192 in
406 4138 610 4204 Deum,
654 4139 711 4191 et
760 4135 905 4190 dabo
958 4135 1065 4188 illis
1107 4134 1254 4188 viam
1303 4135 1538 4188 alteram
1585 4139 1641 4186 et
1692 4150 1790 4188 cor

169 4229 330 4293 aliud,
364 4237 424 4286 ut
449 4230 693 4285 timeant.
731 4247 820 4284 mc
849 4228 1117 4284 omnibus
1144 4228 1341 4283 diebus
1378 4228 1435 4281 in
1469 4227 1621 4282 bono
1656 4243 1785 4281 cum

171 4322 285 4378 filiis
326 4326 464 4393 suis,
507 4331 563 4378 et
606 4323 1014 4377 consummabo
1058 4324 1138 4376 eis
1181 4325 1581 4376 testamentum
1619 4323 1783 4375 mter-

1899 3098 2084 3167 (Μυκη
2114 3112 2232 3165 xm,
2266 3096 2394 3167 1-3).
2435 3097 2574 3151 ltem
2607 3095 2667 3150 in
2709 3094 2942 3152 Daniele
2973 3112 2986 3150 :
3020 3116 3048 3146 «
3076 3096 3144 3151 Et
3177 3113 3374 3152 smnus
3412 3099 3516 3154 hu-

1895 3189 2060 3243 miles
2088 3189 2145 3242 in
2189 3189 2343 3243 omni
2384 3195 2540 3244 terra
2568 3188 2735 3244 hodie
2778 3195 3010 3260 propter
3043 3194 3274 3262 peccata
3304 3197 3518 3262 nostra,

1894 3286 1952 3338 et
1978 3299 2095 3338 non
2123 3285 2208 3337 est
2233 3283 2341 3337 hoc
2371 3289 2629 3354 tempore
2661 3282 2942 3355 princeps,
2976 3300 3161 3356 neque
3187 3286 3517 3357 prophetes,

1895 3393 2085 3448 neque
2117 3376 2254 3447 dux,
2278 3393 2466 3449 neque
2492 3377 2837 3446 holocausta,
2866 3394 3051 3448 neque
3079 3378 3308 3448 oblatio,
3332 3397 3519 3452 neque

1895 3470 2096 3540 hostia,
2132 3487 2319 3542 neque
2367 3471 2516 3537 thus,
2551 3488 2738 3542 neque
2779 3472 2938 3525 locus
2976 3472 3291 3527 sacriﬁcare
3328 3490 3518 3529 coram

1892 3570 1949 3619 te
1978 3568 2034 3618 et
2072 3565 2331 3619 invenire
2373 3564 2817 3619 misericordiam
2859 3582 2892 3619 a
2928 3569 2981 3619 te
2996 3583 3012 3634 ;
3058 3568 3113 3619 et
3152 3566 3208 3620 in
3240 3567 3432 3622 anima
3463 3571 3521 3622 et

1893 3658 2094 3729 spiritu
2126 3658 2463 3713 humilitatis
2493 3661 2758 3729 acceptos
2796 3675 2900 3713 nos
2945 3658 3088 3714 habe
3119 3664 3183 3713 ut
3205 3660 3518 3717 holocausti

1892 3751 2152 3806 victimas
2217 3752 2460 3806 arietum
2530 3757 2588 3805 et
2640 3757 2938 3806 taurorum
3000 3758 3056 3806 et
3115 3754 3274 3825 quasi
3342 3756 3520 3809 multa

1891 3847 2074 3901 millia
2104 3861 2388 3916 agnorum
2429 3845 2524 3917 qui
2567 3844 2680 3899 sint
2706 3846 3093 3918 pinguissimi.
3124 3847 3185 3902 Si
3211 3849 3307 3901 ﬁat
3332 3848 3519 3903 hostia

1889 3945 2082 3995 nostra
2132 3956 2318 3993 coram
2379 3942 2430 3993 te
2488 3939 2677 4007 hodie,
2741 3943 2799 3994 et
2850 3947 3220 3995 consumetur
3270 3948 3520 4011 potestas

1891 4034 2136 4100 illorum,
2177 4033 2452 4103 quoniam
2482 4049 2593 4087 non
2635 4033 2974 4087 erubescat
3003 4034 3099 4105 qui
3138 4034 3433 4090 conﬁdunt
3458 4037 3516 4091 in

1888 4132 1966 4183 te.
2016 4129 2081 4181 Et
2125 4144 2275 4181 nunc
2322 4126 2622 4198 sequimur
2666 4131 2783 4181 toto
2832 4127 3001 4182 corde
3054 4135 3280 4197 nostro,
3338 4134 3395 4183 et
3444 4130 3515 4184 ti-

1890 4239 2145 4290 menius,
2196 4226 2253 4275 ct
2307 4220 2615 4291 quaerimus
2672 4220 2874 4276 faciem
2932 4227 3112 4278 tuam.
3171 4224 3247 4278 Ne
3304 4240 3403 4278 nos
3455 4224 3514 4280 in

1890 4315 2259 4386 opprobrium
2308 4315 2522 4383 tradas,
2571 4315 2669 4369 sed
2713 4315 2797 4369 fac
2848 4316 3146 4372 nobiscum
3198 4319 3515 4374 secundum

172 4432 296 4471 num
340 4418 498 4489 quod
534 4435 645 4471 non
687 4423 938 4472 avertam
979 4421 1105 4488 post
1130 4416 1274 4483 illos,
1316 4422 1372 4470 et
1398 4413 1591 4487 748
1620 4401 1865 4475 timo-D
1891 4409 2358 4480 tranquillitatem
2397 4415 2588 4475 tuam,
2631 4416 2689 4463 ct
2731 4410 3050 4464 secundum
3090 4411 3516 4467 multitudinem

171 4527 276 4564 rem
304 4512 449 4566 dabo
482 4511 538 4566 in
573 4528 672 4566 cor
702 4506 927 4580 eorum,
957 4515 1021 4564 ut
1058 4526 1173 4564 non
1202 4508 1493 4564 discedant
1528 4526 1558 4561 a
1588 4526 1699 4575 me,
1733 4515 1789 4563 et
1888 4502 2292 4558 misericordiae
2336 4509 2448 4556 tua:
2500 4503 2676 4557 libera
2719 4520 2820 4557 nos
2863 4524 2888 4552 ››
2939 4505 3125 4574 (Dan.,
3179 4520 3257 4573 ιιι,
3304 4507 3513 4575 37-42).

170 4604 389 4660 visitabo
429 4622 604 4676 super
638 4605 760 4659 illos
804 4604 1139 4659 benefacere
1173 4603 1285 4657 illis
1326 4604 1383 4657 et
1428 4603 1684 4673 plantarc
1716 4602 1783 4656 il-
1888 4601 2027 4653 Item
2071 4598 2181 4651 illic
2223 4613 2235 4649 :
2281 4616 2307 4646 α
2352 4597 2417 4649 Et
2460 4613 2559 4650 rex
2608 4597 2971 4651 vehementer
3019 4597 3243 4667 gavisus
3289 4603 3407 4666 est,
3459 4604 3516 4654 et

170 4696 246 4751 los
288 4698 340 4753 in
392 4707 548 4753 terra
599 4715 695 4753 sua
743 4699 800 4752 in
844 4698 957 4753 ﬁde
1003 4703 1060 4752 et
1106 4697 1163 4752 in
1215 4696 1371 4751 omni
1413 4695 1586 4750 corde
1628 4701 1682 4751 et
1726 4696 1784 4751 in
1878 4692 2052 4763 jussit
2098 4690 2386 4745 Danielem
2426 4690 2497 4744 de
2542 4690 2663 4743 lacu
2710 4691 2939 4744 leonum
2988 4690 3145 4761 ejici;
3186 4697 3243 4746 et
3288 4692 3428 4747 nihil
3462 4696 3515 4747 ei

170 4793 314 4846 omni
357 4794 614 4848 animo»
660 4792 896 4864 (larem,
929 4807 1075 4861 xxxx,
1122 4792 1323 4860 31-41).
1358 4791 1497 4845 Item
1540 4790 1596 4844 in
1637 4793 1782 4861 Apo-

168 4885 365 4958 calypsi
400 4904 415 4941 :
447 4907 477 4936 ‹‹
513 4887 581 4941 Et
605 4885 806 4957 viginti
833 4891 1078 4957 quatuor
1111 4885 1365 4941 seniores
1392 4885 1450 4938 in
1479 4890 1783 4955 conspectu

170 4980 422 5037 sedentes
470 4981 527 5036 in
574 4980 793 5036 thronis
848 4980 960 5034 suis
1014 4979 1347 5034 ceciderunt
1395 4995 1563 5050 supra
1617 4979 1784 5035 facies

169 5087 285 5129 suas
322 5082 380 5133 et
416 5076 802 5131 adoraverunt
842 5074 1041 5143 Deum,
1078 5073 1329 5128 dicentes
1362 5089 1375 5129 :
1406 5073 1628 5129 Gratias
1669 5075 1786 5146 agi-

1887 4791 2201 4841 nocuerunt
2237 4785 2450 4852 leones,
2484 4783 2620 4854 quia
2658 4783 2982 4839 conﬁdebat
3021 4789 3078 4839 et
3115 4785 3428 4840 crediderat
3453 4787 3512 4841 in

1886 4881 2001 4936 Deo
2032 4897 2150 4934 suo.
2182 4880 2249 4932 Et
2272 4879 2444 4951 jussit
2484 4894 2579 4932 rex
2611 4894 2623 4930 :
2659 4882 2716 4932 et
2747 4877 3140 4948 perduxerunt
3169 4879 3292 4934 illos
3323 4880 3513 4935 homi-

1885 4991 1986 5029 nes
2026 4974 2123 5045 qui
2168 4973 2575 5027 accusaverant
2614 4970 2921 5040 Danielem,
2965 4975 3023 5025 et
3063 4972 3340 5027 miserunt
3386 4974 3514 5028 illos

1885 5068 1942 5123 in
1972 5068 2098 5123 lacu
2134 5068 2365 5123 leonum
2404 5069 2462 5121 et
2507 5080 2714 5119 uxores
2757 5080 2958 5120 eorum
2998 5072 3053 5120 et
3096 5072 3260 5122 natos
3291 5084 3509 5124 eorum.

1558 5221 1765 5288 Varia
1822 5222 2157 5288 lectiones.

224 5365 261 5399 ⁵³
290 5360 491 5418 Omnia
517 5363 737 5430 propter
757 5364 968 5416 metum
1003 5362 1141 5416 Gott.
1212 5360 1251 5396 ⁵⁸
1277 5362 1455 5414 Infere
1482 5375 1710 5413 manum
1740 5362 1880 5415 Gott.

1450 5524 1674 5610 Steph.
1722 5522 1967 5591 Baluzii
2010 5527 2203 5588 uotae.

229 5654 321 5715 (50;
347 5656 471 5707 Item
508 5659 564 5706 in
614 5657 1039 5709 Deuleronomio.
1074 5657 1184 5707 Ista
1225 5662 1277 5709 et
1316 5672 1440 5723 qum
1477 5662 1787 5723 sequuntur

175 5737 346 5793 usque
383 5727 452 5780 ad
490 5730 613 5780 Item
650 5731 706 5779 in
735 5728 938 5795 psalmo
979 5741 1170 5780 xxxur
1202 5744 1211 5779 :
1260 5731 1446 5782 Timete
1492 5730 1790 5794 Dominum,

488 5818 764 5885 ΡΑτιιοι..
790 5818 890 5885 IV.

1890 5655 2077 5708 addita
2118 5655 2248 5703 sunt
2287 5663 2363 5703 ex
2397 5650 2593 5704 codice
2641 5650 2817 5702 sancti
2869 5646 3077 5713 Albini,
3109 5649 3164 5699 et
3219 5662 3288 5702 ex
3334 5647 3526 5702 codice

1892 5725 2242 5780 Atrebatensi
2274 5721 2331 5776 S.
2362 5724 2546 5794 Eligii.

3131 5811 3216 5874 ‘25
