3998 6194
489 227 591 279 779

1403 218 1461 274 S.
1504 216 1815 274 CYPRIANI
1855 216 2125 273 OPERUM
2169 214 2339 273 PARS
2380 220 2446 274 Il.
2479 249 2547 261 —-
2576 218 2944 276 OPUSCULA.

3713 218 3805 279 780

491 350 558 404 Et
613 351 916 417 antequam
965 342 1333 415 pervenirent
1380 341 1573 414 ’749
1620 342 1676 396 in
1727 340 2120 413 pavimentum
2142 352 2279 424 Au,
2314 343 2387 410 5).
2433 346 2570 398 Item
2618 343 2677 397 in
2723 343 2943 398 Psalmo
2983 358 3259 397 XXXIIII“
3300 341 3505 396 Timete
3541 342 3811 401 Dominum

497 442 674 497 lacus.
718 438 1063 509 apprehensi
1105 443 1238 491 sunt
1284 453 1316 490 a
1360 436 1622 491 leonibus
1666 440 1724 490 et
1766 435 1960 489 omnia
2000 450 2125 488 ossa

497 549 698 589 eorum
747 531 1232 585 comminuerunt.
1269 532 1425 585 Tunc
1472 530 1672 584 Darius
1709 546 1809 583 rex
1850 528 2074 599 scripsit
2106 545 2119 581 :

496 624 776 681 Omnibus
808 624 1091 695 gentibus,
1123 624 1380 678 tribubus
1410 628 1465 678 et
1496 623 1704 694 linguis
1728 640 1855 694 qua:
1896 628 2026 676 sunt
2064 622 2121 676 in

493 735 672 791 regno
712 734 843 773 meo
877 736 889 773 :
922 735 1023 789 pax
1054 717 1127 772 sit
1150 718 1439 772 vobiscum
1483 734 1515 770 a
1546 718 1688 771 facie
1730 734 1876 771 mea.
1908 717 2123 772 Censeo

492 818 548 869 et
578 830 685 885 ago
728 815 793 866 ut
832 812 895 866 bi
923 828 1118 866 omnes
1150 811 1247 882 qui
1275 816 1408 865 sunt
1440 812 1494 865 in
1528 827 1704 881 regno
1742 827 1875 865 meo
1909 810 2020 864 sint
2050 810 2119 864 ti-

497 911 719 961 mentes
746 911 800 960 et
832 910 1141 960 trementes
1168 921 1455 959 summum
1489 906 1668 958 Deum
1697 905 1785 959 cui
1817 904 1984 957 servit
2018 905 2119 957 Da-

496 1001 636 1069 niel,
665 1001 802 1071 quia
828 1000 945 1071 ipse
976 1003 1063 1053 est
1108 999 1383 1053 Dominus
1413 997 1567 1051 vivus
1604 1002 1663 1052 et
1689 1013 2037 1068 permanens
2065 997 2123 1051 in

499 1095 725 1164 saecula,
757 1099 812 1148 et
838 1109 1082 1162 regnum
1114 1091 1237 1161 ejus
1269 1109 1383 1146 non
1414 1091 1697 1154 transibit,
1730 1097 1786 1145 et
1816 1090 2123 1145 dominatio

501 1189 622 1259 ejus
662 1188 719 1241 in
764 1193 1100 1258 perpetuum
1137 1186 1409 1252 ambulat,
1440 1191 1495 1239 et
1535 1186 1687 1239 solus
1717 1184 1846 1239 facit
1878 1184 2043 1255 signa
2070 1189 2126 1239 et

498 1281 758 1354 prodigia
787 1287 842 1334 et
870 1280 1149 1334 mirabilia
1191 1279 1247 1333 in
1286 1280 1424 1333 coelo
1473 1286 1531 1333 et
1566 1280 1623 1333 in
1666 1282 1844 1345 terra,
1881 1279 1978 1349 qui
2008 1277 2121 1331 eri-

500 1377 626 1448 puit
660 1375 950 1429 Danielem
998 1374 1066 1428 de
1112 1374 1235 1427 lacu
1279 1374 1504 1427 leonum
1537 1396 1564 1422 ››
1595 1372 1782 1442 (Dum,
1816 1389 1888 1439 vi,
1919 1370 2120 1442 24ο28).

498 1472 641 1525 Item
689 1469 748 1522 in
789 1468 1055 1522 Michaea:
1106 1488 1133 1515 ‹‹
1170 1468 1225 1520 In
1267 1484 1378 1537 quo
1418 1483 1685 1538 assequar
1728 1466 2027 1519 Dominum
2067 1469 2126 1519 et

499 1561 926 1634 apprehendam
959 1543 1127 1615 illum
1175 1560 1234 1614 in
1286 1561 1591 1627 sacrificiis,
1646 1561 1702 1613 in
1760 1560 2122 1614 holocausta-

2225 452 2425 491 omnes
2453 438 2634 492 sancti
2672 438 2813 508 ejus,
2842 435 3113 506 quoniam
3147 451 3264 489 non
3301 437 3386 488 est
3413 434 3594 506 inopia
3633 436 3708 491 eis
3730 439 3813 510 qui

2226 546 2356 585 eum
2385 534 2668 585 metuunt.
2702 551 2727 579 η
2760 532 2901 585 Item
2930 529 2988 583 in
3021 529 3242 583 Psalmo
3270 544 3399 584 xvm
3430 544 3442 582 :
3476 549 3505 578 «
3525 529 3702 583 Timor
3727 532 3815 586 Do-

2227 623 2369 678 mini
2398 630 2581 678 castus
2617 640 2984 695 perseverans
3022 623 3076 676 in
3111 622 3310 677 sazcula
3352 621 3672 676 saeculorum
3695 624 3755 678 ⁵⁷.
3789 647 3811 674 η

2225 716 2419 790 ’750
2443 719 2573 774 CAP.
2604 719 2727 772 XXI.
2749 749 2811 757 —
2827 719 2949 773 Non
2977 721 3168 771 temere
3184 715 3248 770 de
3281 717 3450 770 altera
3469 715 3811 784 judicundum.

2294 814 2355 866 In
2396 812 2696 883 Evangelio
2737 816 2859 866 cata
2903 812 3110 865 Lucam
3153 826 3165 863 :
3200 829 3228 858 ι(
3258 810 3439 864 Nolite
3477 808 3730 879 judicare,
3754 828 3814 866 ne

2218 906 2589 976 judicemini;
2615 904 2790 960 nolite
2813 904 3220 970 condemnare,
3249 919 3318 957 ne
3339 902 3767 959 condemnemini
3788 928 3811 953 υ

2224 999 2399 1070 (Luc.,
2440 1016 2513 1067 vi,
2556 1003 2667 1071 37).
2715 1000 2790 1053 De
2832 999 2941 1053 hoc
2983 998 3105 1068 ipso
3141 998 3214 1052 ad
3251 999 3561 1053 Romanos:
3593 998 3711 1051 «Tu
3734 1000 3816 1070 qui

2225 1110 2282 1147 es
2324 1094 2420 1165 qui
2452 1094 2677 1162 judicas
2728 1094 2978 1147 alienum
3022 1092 3288 1146 servum?
3331 1089 3557 1146 domino
3600 1107 3690 1145 suo
3725 1096 3817 1147 stat

2226 1193 2324 1241 aut
2358 1186 2527 1241 cadit.
2557 1186 2737 1243 Stabit
2762 1192 2983 1253 autem;
3015 1190 3217 1258 potens
3261 1187 3347 1239 est
3386 1184 3535 1239 enim
3563 1185 3697 1238 Deus
3719 1188 3814 1239 sta-

2224 1287 2384 1337 tuere
2426 1297 2555 1334 eum
2586 1299 2614 1331 »
2662 1282 2856 1352 (Rom,
2904 1295 3015 1345 xxv,
3065 1279 3138 1348 4).
3182 1281 3250 1335 Et
3293 1277 3503 1333 iterum
3545 1295 3556 1332 :
3599 1301 3625 1325 «
3661 1280 3818 1343 Quare

2226 1375 2354 1429 sine
2396 1375 2756 1429 excusatione
2785 1374 2832 1409 ⁵⁸
2875 1390 2953 1440 es,
2993 1390 3025 1428 ο
3053 1374 3228 1428 homo
3270 1371 3456 1428 omnis
3495 1372 3585 1443 qui
3608 1372 3816 1442 judicas.

2226 1471 2285 1522 In
2314 1484 2426 1539 quo
2465 1469 2620 1522 enim
2653 1468 2872 1538 judicas
2901 1468 3099 1533 alium,
3145 1469 3199 1520 te
3241 1466 3429 1538 ipsum
3465 1466 3811 1520 condemnas:

2227 1562 2428 1616 eadem
2456 1562 2614 1616 enim
2644 1560 2765 1633 agis
2791 1578 2919 1633 quae
2938 1560 3179 1633 judicas.
3212 1562 3417 1631 Speras
3434 1565 3638 1628 autem,
3658 1565 3711 1614 tu
3734 1560 3816 1630 qui

499 1656 689 1721 matis,
714 1655 772 1709 in
800 1655 990 1709 vitulis
1021 1654 1320 1721 anniculis,
1346 1654 1389 1707 si
1419 1659 1648 1724 accepto
1676 1655 1826 1708 favet
1853 1653 2192 1728 Dominus_
2220 1656 2441 1726 judicas
2487 1671 2582 1710 eos
2623 1654 2721 1728 qui
2758 1655 2913 1709 mala
2952 1660 3131 1726 agunt
3178 1659 3237 1708 et
3275 1653 3481 1709 eadem
3520 1653 3665 1721 facis,
3706 1653 3821 1724 quia

502 1750 559 1804 in
588 1720 835 1804 millibus
862 1764 1168 1819 caprarum
1199 1748 1519 1819 pinguium,
1550 1720 1647 1801 aut
1673 1748 1817 1802 dabo
1840 1747 2126 1818 primitiva
2145 1720 2349 1821 Bipse
2381 1749 2620 1820 effugies
2638 1720 2923 1819 judicium
2948 1720 3042 1803 Dei
3076 1770 3103 1797 ››
3131 1748 3327 1819 (Rom.,
3354 1764 3413 1810 ιι,
3448 1747 3589 1817 1-3)?
3614 1720 3743 1801 Item
3771 1747 3820 1801 in

502 1859 633 1897 mea
679 1842 993 1912 impietatis
1055 1841 1303 1895 fructum
1357 1841 1571 1895 ventris
1626 1841 1773 1909 mei,
1828 1846 2123 1911 peccatum

502 1936 711 1990 animae
756 1951 919 1991 meas.
971 1935 1383 1990 Renuntiatum
1430 1935 1533 1988 tibi
1583 1940 1684 2003 est,
1732 1935 1926 2001 homo,
1973 1933 2125 2005 quod

501 2030 714 2084 bonum
759 2033 857 2082 aut
901 2029 1053 2098 quod
1095 2029 1363 2084 Dominus
1408 2028 1657 2100 exquirit
1693 2027 1868 2097 aliud,
1913 2028 2020 2082 nisi
2063 2033 2127 2082 ut

500 2122 672 2177 facias
702 2121 983 2193 judicium
1033 2127 1090 2176 et
1129 2121 1407 2192 justitiam
1456 2129 1514 2176 et
1557 2121 1758 2193 diligas
1808 2121 2123 2177 misericor-

502 2216 675 2284 diam,
710 2221 766 2269 et
796 2219 1027 2286 paratus
1066 2215 1141 2269 sis
1184 2219 1245 2269 ut
1274 2232 1368 2269 eas
1400 2232 1528 2270 cum
1570 2215 1808 2271 Domino
1848 2216 1959 2269 Deo
2002 2218 2123 2270 tuo.

501 2311 615 2364 Vox
665 2309 886 2363 Domini
940 2309 997 2363 in
1044 2310 1263 2363 civitate
1315 2309 1711 2377 invocabitnr,
1752 2316 1807 2364 et
1863 2310 2127 2364 timentes

502 2418 710 2457 nomen
748 2403 868 2473 ejus
909 2403 1145 2456 salvabit
1184 2425 1211 2453 »
1246 2403 1452 2471 (Mich.,
1483 2419 1554 2468 vi,
1588 2404 1730 2471 6-9).
1766 2405 1902 2457 Item
1940 2403 1997 2456 in
2025 2402 2123 2457 Mi-

504 2496 659 2550 chaaa
694 2512 706 2550 :
740 2515 765 2547 (ι
807 2498 971 2549 Pasce
1015 2497 1288 2567 populum
1332 2500 1493 2551 tuum
1532 2497 1593 2550 in
1636 2496 1796 2568 virga
1840 2500 1953 2563 tua,
1994 2513 2126 2550 oves

502 2589 852 2644 haereditatis
886 2593 1017 2655 tum,
1042 2596 1098 2643 et
1119 2590 1436 2645 habitantes
1465 2590 1770 2660 separatim
1798 2590 2046 2644 convelle
2068 2590 2126 2644 in

501 2684 692 2737 medio
721 2684 999 2738 Carmelu.
1035 2683 1321 2738 Parabunt
1362 2683 1622 2738 Basanim
1664 2690 1720 2738 et
1759 2684 2012 2739 Galadim
2036 2701 2123 2738 se-

501 2776 752 2830 cundum
783 2776 905 2830 dies
937 2776 1151 2841 surculi,
1183 2780 1237 2831 et
1265 2778 1574 2831 secundum
1606 2777 1726 2832 dies
1766 2777 2128 2847 profectionis

504 2886 705 2925 eorum
734 2886 766 2923 a
791 2876 947 2925 terra
986 2870 1210 2941 Egypti
1242 2871 1535 2925 ostendam
1564 2870 1674 2924 illis
1696 2870 1999 2925 mirabilia.
2032 2871 2124 2924 Vi-

503 2964 720 3019 debunt
744 2968 944 3034 gentes
973 2970 1029 3019 et
1058 2964 1480 3019 confundentur
1506 2980 1568 3019 ex
1603 2965 1762 3019 omni
1794 2964 2129 3020 fortitudine

2227 1844 2477 1916 Epistola
2526 1843 2682 1899 Pauli
2726 1842 2795 1897 ad
2841 1828 3164 1899 Corinthios
3205 1841 3397 1913 prima
3430 1856 3443 1896 :
3483 1862 3511 1891 ‹‹
3550 1842 3615 1895 Et
3649 1841 3737 1911 qui
3772 1856 3821 1894 se

2227 1943 2387 2007 putat
2431 1942 2604 2006 stare,
2646 1936 2836 1991 videat
2875 1952 2948 1991 ne
2992 1935 3208 1991 cadat»
3260 1936 3302 2006 (Ι
3331 1935 3480 2002 Cor.,
3528 1950 3577 1997 Χ.
3628 1936 3725 2004 12).
3766 1934 3823 1987 Et

2229 2031 2443 2086 iterum
2468 2048 2480 2084 :
2517 2051 2544 2080 «
2574 2030 2632 2086 Si
2662 2030 2790 2101 quis
2819 2047 2876 2085 se
2906 2034 3065 2101 putat
3086 2029 3133 2063 59
3169 2028 3311 2084 scire
3340 2027 3572 2099 aliquid,
3601 2026 3822 2083 nondum

2226 2124 2329 2180 scit
2346 2125 2395 2159 ⁶⁰
2429 2123 2913 2196 quemadmodum
2942 2126 3206 2194 oporteat
3231 2138 3367 2177 eum
3408 2121 3547 2176 scire
3573 2143 3599 2171 ››
3630 2121 3671 2191 (Ι
3700 2120 3823 2185 Cora,

2228 2234 2338 2287 vm,
2368 2218 2446 2289 2).

2226 2323 2352 2378 CAP.
2384 2322 2536 2377 XXII.
2566 2351 2633 2362 —
2665 2323 2896 2391 Accepta
2932 2320 3162 2388 injuria,
3196 2318 3580 2374 remittendum
3604 2322 3651 2374 et
3690 2321 3823 2387 igno-

2908 2400 3183 2454 scendum.

2300 2502 2363 2555 In
2395 2498 2700 2571 Evangelio
2724 2499 2767 2533 ⁶¹
2802 2498 2859 2552 in
2890 2514 3055 2569 prece
3087 2496 3419 2568 quotidiana
3447 2512 3509 2551 :«
3540 2495 3763 2550 Remitte
3786 2494 3826 2527 θ’

2228 2593 2391 2649 nobis
2437 2593 2625 2648 debita
2665 2592 2775 2665 (51)
2814 2598 3033 2658 nostra,
3072 2591 3218 2645 sicut
3264 2594 3323 2644 et
3360 2606 3462 2645 nos
3491 2588 3826 2655 remittimus,

2227 2688 2578 2742 debitoribus
2626 2687 2831 2741 nostris
2883 2705 2910 2736 »
2960 2685 3203 2757 (Matth.,
3248 2701 3334 2753 vr,
3387 2684 3491 2755 I2).
3548 2685 3681 2738 Item
3720 2684 3829 2735 cata

2230 2784 2475 2838 Marcum
2521 2797 2534 2835 :
2568 2801 2595 2829 «
2627 2781 2694 2834 Et
2719 2796 2849 2833 cum
2879 2778 3148 2833 steteritis
3177 2778 3246 2832 ad
3278 2778 3624 2843 orationem,
3653 2775 3825 2831 remit-

2227 2875 2327 2929 tite
2356 2874 2402 2928 si
2437 2873 2573 2945 quid
2614 2873 2831 2927 habetis
2872 2872 3145 2926 adversus
3183 2872 3456 2944 aliquem,
3497 2874 3558 2924 ut
3602 2875 3654 2925 et
3689 2871 3830 2923 Pater

2229 2969 2419 3021 vester
2448 2968 2546 3039 qui
2587 2967 2645 3021 in
2691 2966 2840 3021 ccelis
2884 2970 2967 3021 est
3007 2965 3263 3021 remittat
3297 2969 3486 3020 vestra
3514 2967 3730 3036 peccata
3749 2977 3828 3015 vo-

503 3075 621 3126 sna,
653 3061 711 3111 et
740 3062 1133 3128 superponent
1177 3074 1381 3111 manus
1418 3059 1477 3111 in
1519 3075 1580 3113 os
1618 3074 1808 3113 suum.
1838 3061 2016 3112 Aures
2058 3056 2125 3112 il-
2151 3086 2206 3161 C
2230 3060 2334 3116 bis.
2378 3061 2433 3116 Si
2475 3067 2667 3115 autem
2690 3061 2737 3096 ⁸³
2773 3077 2870 3114 vos
2914 3076 3030 3114 non
3078 3058 3431 3129 dimiseritis,
3474 3074 3651 3130 neque
3693 3058 3832 3111 Pater

502 3152 691 3207 lorum
715 3151 1194 3219 exsurdabuntur,
1216 3156 1271 3206 et
1291 3152 1511 3221 lingent
1531 3153 1820 3223 pulverem
1842 3152 2129 3223 quomodo
2161 3151 2206 3161 “”
2235 3159 2416 3210 vester
2442 3154 2540 3226 qui
2573 3155 2632 3208 in
2664 3153 2816 3210 caelis
2844 3158 2927 3209 est
2952 3153 3202 3210 dimittet
3224 3169 3323 3207 vos
3352 3155 3585 3224 peccata
3617 3153 3829 3205 vestra»

503 3250 814 3316 serpentes.
870 3245 1182 3300 Trahentes
1236 3248 1449 3298 terram
1495 3245 2019 3312 conturbabuutur,
2076 3249 2132 3299 et

501 3340 726 3410 lingent
753 3339 1068 3410 pulverem.
1099 3340 1160 3391 1n
1193 3339 1557 3393 conclusione
1596 3355 1695 3392 sua
1723 3340 1793 3392 ad
1823 3339 2130 3392 Dominum

503 3434 685 3488 Deum
715 3449 882 3491 suum
912 3438 1308 3503 expavescent,
1340 3437 1397 3486 et
1425 3431 1714 3487 timebunt
1740 3432 1839 3486 abs
1880 3438 1953 3486 te.
1996 3432 2132 3496 Quis

504 3527 655 3581 Dens
684 3526 976 3597 quomodo
1008 3530 1089 3592 tu,
1119 3525 1344 3579 elevans
1382 3525 1722 3596 injustitiam
1756 3532 1811 3580 et
1838 3530 2129 3597 transgre-

503 3620 668 3674 diens
711 3618 1069 3689 impietatem
1116 3636 1143 3670 ι)
1198 3618 1401 3689 (Mich.,
1443 3635 1536 3681 vn,
1579 3620 1791 3689 I448)?
1826 3620 1891 3673 Et
1924 3619 1982 3672 in
2023 3620 2128 3672 Na-

504 3713 644 3767 hum
671 3729 683 3767 :
724 3713 990 3766 «Montes
1031 3713 1307 3767 commoti
1342 3718 1474 3766 sunt
1500 3713 1570 3767 ab
1597 3729 1687 3781 eo,
1720 3716 1775 3766 et
1800 3713 1969 3767 colles
1996 3729 2129 3766 con-

503 3811 881 3874 tremuerunt,
917 3810 973 3860 et
999 3804 1283 3860 denudata
1319 3810 1405 3860 est
1436 3810 1587 3861 terra
1612 3809 1746 3860 ante
1775 3807 1980 3861 faciem
2011 3806 2134 3876 ejus

504 3903 560 3955 et
589 3916 789 3955 omnes
813 3900 909 3971 qui
933 3898 1256 3954 inhabitant
1292 3900 1471 3954 illam.
1502 3901 1544 3953 A
1567 3899 1708 3955 facie
1734 3900 1837 3954 ira:
1865 3902 1989 3971 ejus
2006 3902 2133 3973 quis

505 3994 828 4062 sustinebit,
860 3995 917 4048 et
945 3992 1073 4065 quis
1100 3993 1310 4047 resistit
1338 3993 1395 4048 in
1428 3994 1511 4047 ira
1547 3993 1723 4048 animi
1759 3994 1976 4065 ipsius?
2001 3994 2130 4049 Ani-

506 4094 678 4143 matio
716 4087 890 4158 ipsius
928 4087 1106 4141 ﬂuere
1145 4087 1279 4141 facit
1318 4087 1688 4158 principatus,
1719 4094 1774 4143 et
1813 4094 1992 4159 petrae
2031 4089 2136 4143 dis-

506 4183 704 4237 solutae
734 4188 867 4236 sunt
910 4181 980 4236 ab
1024 4181 1139 4235 illo.
1175 4182 1362 4235 Bonus
1395 4181 1667 4236 Dominus
1713 4182 1825 4236 illis
1865 4182 1962 4253 qui
2003 4198 2134 4237 eum

508 4275 791 4331 sustinent
830 4274 887 4328 in
927 4273 1021 4329 die
1061 4290 1358 4346 pressurae,
1390 4276 1448 4330 et
1478 4291 1824 4346 cognoscens
1868 4276 1996 4331 illos
2038 4277 2136 4347 qui

506 4384 635 4423 eum
688 4369 961 4423 timent»
1015 4369 1271 4438 (Nahum,
1324 4386 1361 4434 ι,
1408 4372 1536 4437 5-7).
1581 4370 1721 4422 Item
1767 4370 1825 4423 in
1868 4372 2131 4442 Aggeo:

2232 3249 2447 3320 (Mare,
2481 3265 2557 3316 xi,
2586 3249 2700 3317 25).
2730 3250 2869 3303 Item
2900 3248 3015 3301 illic
3046 3263 3058 3300 :
3094 3270 3119 3295 ‹‹
3152 3248 3214 3300 In
3240 3262 3356 3317 qua
3387 3261 3653 3301 mensura
3679 3242 3832 3298 mensi

2230 3343 2449 3398 fueritis
2470 3344 2541 3410 ⁸⁸,
2578 3343 2636 3396 in
2670 3359 2733 3397 ea
2779 3342 3114 3396 remetietur
3147 3341 3303 3395 vobis
3333 3361 3357 3391 ν
3405 3343 3617 3408 (Μηνση
3646 3355 3715 3407 Iv,
3740 3337 3831 3404 21).

2374 3439 2506 3492 CAP.
2538 3436 2705 3489 XXIII.
2736 3466 2804 3474 -—
2837 3437 3017 3489 Vicem
3037 3435 3196 3489 malis
3226 3450 3332 3488 non
3360 3434 3708 3489 reddendam.

2303 3532 2367 3584 In
2396 3529 2640 3601 Epistola
2669 3529 2821 3584 Pauli
2850 3529 2923 3583 ad
2951 3530 3237 3583 Romanos
3275 3544 3287 3581 :
3322 3549 3349 3577 «
3382 3527 3606 3585 Nemini
3644 3524 3835 3581 malum

2232 3640 2337 3695 pro
2361 3623 2512 3678 malo
2540 3624 2869 3678 reddentes.
2892 3644 2918 3671 ιι
2944 3625 3085 3677 Item
3108 3622 3221 3675 illic
3245 3638 3257 3675 :
3285 3643 3312 3671 ‹‹
3332 3622 3459 3677 Νοη
3474 3621 3673 3677 vincia
3691 3619 3833 3684 malo,

2233 3719 2333 3773 sed
2371 3719 2528 3771 vince
2561 3718 2620 3771 in
2668 3716 2817 3770 bono
2837 3718 2885 3751 ⁵⁵
2929 3717 3145 3770 malum
3185 3734 3214 3767 η
3251 3716 3451 3786 (Rom.,
3490 3732 3583 3782 xu,
3627 3719 3706 3785 I7,
3740 3715 3832 3779 21).

2237 3814 2311 3867 De
2346 3812 2453 3867 hoc
2498 3810 2618 3882 ipso
2656 3810 2714 3864 in
2757 3810 3087 3881 Apocalypsi
3128 3826 3142 3863 :
3195 3830 3223 3859 ‹‹
3265 3811 3329 3865 Et
3370 3810 3513 3864 dixit
3548 3808 3684 3863 mihi
3723 3823 3736 3860 :
3771 3806 3836 3859 Ne

2234 3905 2545 3975 signaveris
2589 3904 2759 3959 verba
2802 3904 3119 3975 prophetiae
3155 3903 3287 3957 libri
3333 3903 3529 3974 hujus,
3576 3903 3700 3973 quia
3738 3900 3835 3970 jam

2234 4002 2458 4070 tempus
2502 3999 2560 4052 in
2602 3997 2863 4069 proximo
2903 4002 3005 4065 est,
3035 4002 3094 4051 et
3130 3997 3191 4051 hi
3230 3997 3327 4068 qui
3368 3998 3727 4069 perseverant
3751 4008 3833 4047 no-

2235 4108 2363 4146 cere
2394 4095 2656 4159 noceant,
2694 4097 2749 4145 et
2790 4091 2886 4162 qui
2926 4092 2980 4144 in
3017 4089 3279 4144 sordibus
3311 4097 3399 4144 est
3443 4090 3723 4144 sordescat
3751 4084 3834 4138 ad-

2236 4185 2365 4252 huc,
2390 4185 2576 4255 justus
2604 4189 2796 4238 autem
2837 4183 3023 4238 adhuc
3042 4183 3286 4254 justiora
3314 4184 3486 4238 faciat
3504 4184 3571 4251 ⁵⁸,
3604 4180 3837 4236 similiter

2236 4282 2295 4333 et
2339 4284 2563 4333 sanctus
2604 4276 2902 4332 sanctiora.
2944 4279 3082 4332 Ecce
3122 4277 3288 4331 venio
3336 4276 3480 4345 cito,
3535 4281 3594 4331 et
3643 4287 3837 4329 merces

2237 4388 2368 4427 mea
2398 4388 2625 4427 mecum
2657 4374 2761 4439 est,
2788 4371 3028 4425 reddere
3050 4370 3360 4441 unicuique
3382 4370 3689 4425 secundum
3711 4369 3838 4423 facta

514 4484 540 4512 ιι
581 4464 650 4516 Et
679 4461 893 4516 audivit
910 4461 1221 4517 Zorobabel
1251 4461 1399 4515 ﬁlius
1427 4461 1702 4517 Salathiel
1732 4462 1800 4517 de
1820 4463 1970 4517 tribu
1993 4464 2133 4519 Iuda
2154 4455 2216 4529 D
2238 4483 2337 4520 sua
2358 4468 2404 4500 ⁸⁷
2438 4488 2465 4516 ››
2495 4466 2707 4536 (Apoc.,
2741 4481 2872 4531 xxu,
2904 4466 3014 4535 10).

511 4562 567 4613 et
588 4559 748 4612 Jesus
777 4556 927 4610 filius
950 4554 1220 4610 Iosedech
1252 4556 1510 4611 sacerdos
1542 4571 1806 4626 magnus,
1839 4562 1896 4611 et
1933 4574 2133 4613 omnes

511 4651 608 4723 qui
634 4649 1043 4722 superfuerunt
1074 4648 1144 4703 de
1181 4649 1394 4721 populo
1429 4666 1595 4703 voces
1632 4649 1860 4704 Domini
1898 4651 1996 4705 Dei
2026 4652 2130 4720 sui,

510 4744 787 4816 quoniam
832 4742 985 4797 misit
1025 4742 1184 4797 illum
1233 4742 1507 4797 Dominus
1549 4743 1619 4797 ad
1661 4743 1804 4813 illos,
1849 4749 1907 4799 et
1947 4746 2137 4801 timuit

512 4839 674 4911 plebs
700 4855 732 4892 a
756 4837 896 4892 facie
926 4836 1027 4891 Dei
1056 4858 1083 4887 n
1117 4838 1300 4906 (Agg.,
1334 4853 1370 4903 ι,
1406 4838 1514 4907 12).
1547 4839 1687 4891 Item
1721 4838 1780 4892 in
1821 4839 2090 4894 Malachia
2119 4858 2131 4895 :

513 4954 541 4982 ‹‹
581 4934 1012 4987 Testamentum
1058 4930 1164 4985 fuit
1193 4946 1323 4984 cum
1356 4930 1467 4983 vita
1506 4935 1561 4985 et
1599 4947 1755 5002 pace,
1784 4935 1840 4988 et
1871 4933 2000 4988 dedi
2027 4934 2137 4989 illis

511 5027 773 5083 timorem
803 5026 1010 5080 timere
1042 5040 1135 5080 me
1162 5041 1193 5078 a
1220 5024 1362 5079 facie
1380 5024 1627 5080 nominis
1653 5025 1769 5081 mei
1798 5046 1825 5077 ››
1856 5026 2136 5099 (Μαιαοιι,,

2234 4571 2366 4626 CAP.
2398 4569 2575 4624 XXIV.
2605 4598 2674 4607 —-
2704 4571 2824 4625 Non
2860 4581 3011 4637 posse
3046 4567 3120 4621 ad
3146 4569 3364 4622 Patrem
3396 4567 3665 4638 perveniri
3683 4564 3728 4599 ⁸⁸
3750 4562 3840 4616 nisi

2504 4665 2601 4719 per
2627 4649 2828 4703 Filium
2862 4648 2980 4717 ejus
3005 4648 3184 4702 Iesum
3214 4647 3491 4702 Christum
3513 4648 3579 4699 σθ.

2309 4750 2369 4802 In
2421 4745 2729 4817 Evangelio
2779 4750 2900 4801 cata
2942 4745 3225 4800 Joannem
3278 4762 3291 4798 :
3340 4764 3368 4794 ‹‹
3410 4746 3532 4816 Ego
3582 4758 3702 4797 sum
3744 4739 3835 4803 via,

2236 4841 2445 4896 veritas
2472 4843 2529 4896 et
2550 4839 2682 4896 vita.
2709 4840 2890 4895 Nemo
2914 4841 3072 4894 venit
3096 4839 3168 4894 ad
3195 4841 3418 4895 Patrem
3447 4838 3557 4893 nisi
3586 4853 3683 4908 per
3710 4847 3791 4889 me
3812 4852 3833 4879 ιι

2242 4937 2443 5005 (Ιοαη.,
2474 4952 2586 5002 xxv,
2624 4937 2696 5005 6).
2742 4937 2887 4990 Item
2932 4934 3044 4989 illic
3088 4951 3100 4988 :
3152 4955 3179 4984 ‹‹
3226 4935 3345 5004 Ego
3388 4949 3517 4987 sum
3558 4930 3753 4986 ostium
3778 4925 3835 4978 7°.

2239 5032 2345 5086 Per
2371 5046 2463 5085 me
2494 5029 2539 5085 si
2576 5028 2702 5101 quis
2741 5026 3047 5097 introierit,
3077 5026 3386 5083 salvabitur
3414 5048 3441 5076 η
3472 5026 3669 5098 (Joan.,
3695 5039 3746 5090 x,
3773 5019 3835 5089 9).

1828 5148 2038 5215 Variae
2090 5154 2424 5219 lectiones.

574 5276 613 5311 ⁵⁷
645 5277 832 5327 Timor
853 5276 1079 5327 Domini
1108 5277 1333 5325 sanctus
1366 5287 1695 5338 permanens
1720 5276 1774 5325 in
1807 5282 2075 5330 aeternum
2099 5285 2229 5335 Gott.
2299 5281 2340 5317 ⁵⁸
2363 5279 2765 5331 Inexcusabilis
2789 5282 2922 5332 Gott.
2993 5276 3032 5311 ⁵³
3058 5277 3130 5328 Se
3159 5279 3346 5341 sperat
3371 5274 3491 5326 Ball.
3518 5275 3566 5324 2.
3641 5271 3680 5303 ⁸³
3716 5268 3838 5341 Nou-

511 5349 646 5399 dum
672 5348 779 5400 hoc
806 5349 877 5398 sit
906 5345 1051 5400 Corb.
1084 5345 1343 5417 Nondum
1370 5346 1630 5409 cognovit
1658 5348 1790 5399 Gott.
1856 5346 1900 5381 οτ
1929 5350 1991 5399 1η
2025 5352 2327 5417 Evangelio
2367 5351 2611 5403 Mattheei
2651 5368 2661 5401 :
2696 5351 2933 5402 Remitte
2955 5353 3091 5403 Gott.
3158 5339 3206 5381 σῖ
3228 5350 3456 5400 Dimitte
3479 5345 3636 5397 nobis
3654 5339 3774 5417 nec].
3793 5341 3831 5417 ξ.

511 5418 654 5472 Corb.
685 5422 735 5467 et
766 5420 841 5467 sic
866 5418 1116 5480 deinceps.
1184 5419 1224 5449 ⁵³
1256 5414 1316 5467 Si
1340 5418 1527 5467 autem
1558 5430 1674 5467 vos.
1710 5417 1905 5468 Desunt
1933 5421 2035 5470 haec
2068 5423 2120 5470 in
2151 5411 2273 5473 T7m.
2338 5423 2383 5456 ⁶⁴
2406 5422 2730 5475 Metiveritis
2757 5422 2905 5474 Corb.
2984 5420 3026 5455 ⁸⁵
3064 5422 3126 5470 In
3156 5419 3365 5471 bonum
3397 5419 3519 5468 Thu.
3548 5412 3688 5467 Corb.
3719 5411 3833 5480 Gott.

506 5491 549 5525 ³⁸
576 5490 770 5541 Justus
790 5490 1021 5553 justiora
1040 5479 1215 5538 (faciet
1242 5485 1366 5537 Bod.
1400 5488 1443 5536 1.
1477 5490 1608 5540 Gott.
1674 5486 1715 5521 ⁸⁷
1743 5488 1923 5553 Opera
1951 5504 2052 5542 sua
2087 5495 2224 5545 Gott.
2291 5493 2334 5528 ⁸⁸
2363 5494 2579 5544 Patrem
2608 5494 2797 5544 venire
2835 5493 2963 5544 Bod.
2992 5494 3039 5554 1,
3064 5491 3180 5556 2,3,
3216 5494 3267 5543 4.
3332 5489 3373 5524 ⁸³
3402 5489 3517 5539 Nisi
3546 5498 3640 5551 per
3663 5479 3831 5533 Chris-

511 5564 629 5612 tum
655 5559 779 5611 Bod.
811 5560 861 5621 1,
887 5562 935 5608 2.
970 5556 1090 5607 Tha.
1119 5556 1266 5609 Corb.
1292 5556 1409 5607 Nisi
1430 5569 1527 5621 per
1550 5557 1853 5610 Dominum
1878 5564 2015 5614 Gott.
2081 5561 2126 5597 π
2147 5563 2285 5615 Sum
2304 5565 2479 5628 janua
2506 5562 2631 5616 Bod.
2657 5566 2702 5626 1,
2729 5563 2775 5614 3.
2811 5565 2946 5618 Gott.

1808 5671 2031 5756 Steph.
2080 5674 2323 5739 Baluzii
2368 5679 2563 5740 notae.

574 5789 666 5857 (δι)
704 5789 915 5844 Remitte
942 5783 1088 5839 nobis
1113 5784 1304 5838 debita.
1335 5784 1474 5837 Vide
1498 5784 1714 5839 Erasmi
1749 5789 2134 5842 annotationes
2166 5791 2220 5842 in
2246 5795 2415 5858 caput
2450 5793 2673 5843 sextum
2701 5788 2970 5843 Matthsei.
