4032 6180
514 263 612 317 783

1415 267 1470 319 S.
1509 263 1822 322 CYPRIANI
1861 263 2136 323 OPERUM
2176 267 2346 324 PARS
2382 266 2446 324 ll.
2479 298 2548 310 —
2583 264 2953 325 OPUSCULA.
3744 267 3836 326 78$

503 399 579 455 te,
615 395 669 444 et
694 389 798 443 erit
826 390 880 442 in
916 393 1210 458 peccatum
1239 389 1307 442 ’5.
1339 390 1413 443 Ea
1451 406 1578 460 qute
1622 391 1990 460 egrediantur
2028 393 2423 479 perAJacob,
2467 407 2582 447 non
2633 396 2717 446 est
2760 393 2906 446 Deus
2953 392 3329 458 mortuorum,
3380 389 3481 444 sed
3526 392 3770 447 vivorum
3817 417 3841 445 »ι

494 485 644 538 labia
670 489 763 536 tua
795 482 1139 551 observabis,
1169 487 1226 536 et
1264 483 1433 537 facies
1457 481 1503 518 ⁹⁶
1533 484 1746 538 donum
1787 486 1938 556 quod
1977 487 2126 540 locu-

493 583 581 631 tus
621 593 680 630 es
718 592 816 629 ore
839 573 882 606 ⁸⁷
907 579 1004 629 tuo
1036 596 1064 624 ν)
1095 576 1294 645 (Deut.,
1338 593 1492 643 xxm,
1534 578 1640 649 '21).
1675 579 1750 632 De
1779 579 1886 633 hoc
1918 579 2039 650 ipso
2066 580 2123 632 in

492 669 715 723 Psalnio
756 685 875 725 xLIx
907 686 920 722 :
952 691 978 718 ‹‹
1018 670 1283 725 Sacrifica
1305 669 1351 704 ⁸³
1387 673 1498 726 Deo
1544 672 1880 726 sacrificium
1924 673 2123 739 laudis,

494 761 686 835 753
713 768 768 817 et
795 764 965 818 redde
994 764 1278 818 Altissimo
1307 769 1431 820 vota
1460 769 1574 820 tua.
1603 768 1801 820 invoca
1827 782 1919 821 me
1946 767 2005 820 in
2033 767 2126 821 die

494 877 775 931 pressurae
800 859 860 927 ’°,
893 867 948 916 et
979 863 1226 916 eximam
1259 865 1312 916 te
1343 865 1383 930 ¹,
1426 867 1482 917 et
1517 863 1850 918 clariﬁcabis
1895 881 1986 917 me
2018 865 2060 917 ³.
2097 884 2123 914 ι)

496 955 572 1007 Da
609 955 716 1008 hoc
745 954 865 1025 ipso
896 955 952 1008 in
983 955 1214 1010 Actibus
1253 956 1638 1026 apostolorum
1668 973 1680 1011 :
1718 978 1746 1007 ‹‹
1783 958 1896 1012 Cur
1921 957 2123 1028 imple-

492 1046 570 1100 vit
599 1047 619 1079 ³
647 1047 886 1102 Satanas
917 1064 1012 1103 cor
1041 1054 1200 1102 tuum
1233 1052 1252 1082 ⁴
1282 1050 1510 1104 mentiri
1549 1057 1601 1104 te
1638 1050 1871 1121 Spiritui
1909 1054 2123 1118 sancto,

496 1156 624 1194 cum
652 1147 796 1196 esset
819 1143 838 1175 ⁵
859 1142 1070 1195 fundus
1099 1143 1154 1196 in
1189 1148 1283 1196 tua
1309 1145 1626 1213 potestate?
1653 1145 1770 1198 Non
1802 1145 2126 1199 hominibus

495 1234 765 1288 mentitus
793 1251 872 1300 es,
901 1235 1002 1289 sed
1031 1238 1138 1290 Deo
1169 1257 1196 1285 ››
1229 1237 1395 1304 (Act.,
1426 1253 1478 1303 v,
1509 1237 1582 1304 3).
1613 1239 1754 1291 Item
1785 1238 1939 1308 apud
1966 1241 2126 1293 Jere-

493 1327 707 1382 miam:
741 1347 770 1379 α
801 1328 1128 1382 Maledictus
1156 1330 1177 1363 ⁶
1204 1329 1302 1400 qui
1329 1330 1462 1384 facit
1490 1346 1666 1401 opera
1697 1331 1791 1386 Dei
1826 1332 2127 1403 negligen-

2233 487 2451 556 (Emod.,
2482 502 2560 550 ιιι,
2593 486 2665 554 6).
2700 507 2727 535 ‹‹
2758 486 2967 540 Omnes
2996 484 3150 538 enim
3180 483 3256 537 illi
3286 484 3534 536 vivunt»
3568 484 3732 554 (Luc.,
3760 503 3838 556 xx,

2226 582 2336 647 38).
2379 581 2518 634 Item
2565 579 2620 633 in
2666 579 2911 649 Epistola
2955 579 3107 634 Pauli
3151 577 3222 631 ad
3262 577 3585 632 Corinthios
3627 581 3838 650 prima:

2232 693 2257 722 ‹‹
2301 675 2513 727 Bonum
2547 676 2634 726 est
2679 672 2893 728 homini
2927 672 3228 726 mulierem
3268 688 3380 725 non
3425 672 3745 742 contingere
3778 675 3840 729 ¹⁶.

2228 769 2465 838 Propter
2511 767 2951 821 fornicationem
2985 763 3026 800 ¹⁷
3065 769 3257 820 autem
3304 765 3690 837 unusquisque
3725 784 3844 822 uxo-

2229 877 2349 916 rem
2404 877 2567 916 suam
2619 861 2849 927 habeat,
2910 864 2970 914 et
3021 858 3213 931 754
3273 875 3628 931 unaquaeque
3678 859 3838 915 virum

2229 971 2392 1009 suum
2427 955 2652 1009 habeat.
2700 954 2871 1009 Uxori
2917 954 3004 1008 vir
3049 953 3305 1008 debitum
3353 953 3570 1021 reddat,
3611 954 3842 1010 similiter

2227 1055 2282 1103 et
2326 1065 2468 1104 uxor
2520 1049 2658 1103 viro.
2710 1049 2859 1103 Uxor
2909 1047 3160 1118 corporis
3215 1047 3301 1101 sui
3346 1049 3686 1118 potestatem
3739 1065 3839 1104 non

2228 1143 2418 1210 habet,
2462 1142 2559 1197 sed
2604 1142 2705 1196 vir.
2755 1141 3021 1197 Similiter
3049 1145 3106 1194 et
3143 1141 3228 1194 vir
3271 1140 3526 1211 corporis
3563 1141 3645 1194 sui
3678 1147 3840 1212 potes-

2227 1241 2400 1292 tatem
2458 1253 2571 1290 non
2630 1235 2843 1301 habet,
2898 1235 2992 1289 sed
3057 1249 3199 1289 uxor
3250 1236 3317 1288 η.
3376 1233 3560 1288 Nolite
3604 1235 3839 1291 fraudare

2227 1330 2469 1384 invicem
2499 1329 2607 1384 nisi
2638 1347 2703 1384 ex
2729 1329 3100 1384 conventione
3137 1327 3178 1362 ¹⁹
3209 1327 3279 1382 ad
3309 1334 3536 1398 tempus
3563 1331 3624 1382 ut
3657 1331 3839 1383 vacetis

494 1423 583 1474 ter
610 1444 637 1471 »
672 1422 910 1491 (Jarcm.,
943 1438 1124 1490 XLvm,
1157 1424 1265 1492 10).
2230 1424 2509 1492 orationi;
2545 1430 2602 1477 et
2629 1424 2836 1478 iterum
2881 1421 3231 1477 revertimini
3266 1423 3316 1457 ³ο
3346 1422 3419 1475 ad
3461 1421 3518 1476 id
3546 1421 3744 1492 ipsum,
3779 1439 3839 1476 ne

497 1527 624 1580 CAP.
653 1525 820 1578 XXXI.
857 1556 920 1564 —
955 1529 1090 1580 Eum
1121 1529 1218 1596 qui
1244 1541 1349 1580 non
1381 1528 1666 1582 crediderit
1682 1528 1800 1596 jam
1818 1529 2129 1598 judicatum
2232 1521 2408 1572 tentet
2436 1534 2535 1572 vos
2559 1519 2790 1573 Satanas
2825 1522 3056 1588 propter
3092 1514 3568 1571 incontinentiam
3600 1519 3834 1570 vestram.

1252 1622 1375 1661 esse.
2233 1613 2345 1665 Hoc
2381 1611 2506 1666 dico
2545 1609 2864 1664 secundum
2896 1610 3117 1664 veniam
3147 1610 3217 1676 9',
3251 1625 3368 1664 non
3415 1609 3715 1663 secundum
3759 1609 3846 1662 im-

567 1706 629 1758 In
665 1703 968 1774 Evangelia
999 1709 1121 1758 cata
1143 1705 1420 1758 Joannem
1456 1721 1468 1757 :
1500 1705 1650 1768 «Qui
1686 1721 1796 1759 non
1825 1705 2132 1761 crediderit
2231 1704 2450 1775 perium
2493 1705 2563 1759 ”.
2599 1705 2736 1758 Volo
2781 1708 2971 1758 autem
3011 1719 3212 1758 omnes
3262 1702 3526 1757 homines
3565 1719 3680 1757 esse
3721 1702 3846 1756 sicut

490 1797 914 1868 jamjudicatus
935 1801 1039 1864 est,
1065 1796 1196 1868 quia
1219 1814 1332 1850 non
1352 1797 1590 1852 credidit
1610 1798 1668 1851 in
1691 1797 1923 1853 nomine
1947 1797 2133 1854 unici"
2151 1785 2208 1857 Β
2234 1803 2290 1853 et
2317 1815 2426 1852 me.
2461 1797 2571 1853 Sed
2601 1797 2992 1868 unusquisque
3037 1797 3334 1867 proprium
3383 1795 3570 1850 habet"
3592 1797 3788 1850 donum
3819 1812 3846 1849 a

497 1889 619 1944 Filii
650 1889 763 1944 Dei.
789 1891 899 1944 Hoc
920 1896 1112 1944 autem
1138 1891 1538 1960 estjudicium,
1561 1891 1831 1962 quoniam
1858 1893 1954 1946 lux
1981 1893 2135 1948 venit
2236 1893 2350 1946 Deo
2377 1892 2446 1958 ³³,
2479 1891 2622 1946 alius
2654 1893 2754 1958 sic,
2783 1891 2923 1944 alius
2962 1894 3160 1945 autem
3201 1890 3278 1944 sic
3313 1911 3342 1939 »
3391 1891 3434 1960 (I
3463 1889 3606 1952 Cor.,
3649 1907 3738 1957 vn,
3783 1891 3844 1958 1).

496 1984 552 2038 in
605 1983 898 2051 saeculum,
945 1987 1002 2038 et
1045 1985 1227 2055 magis
1266 1984 1596 2039 dilexerunt
1622 1983 1643 2017 ⁸
1671 1985 1932 2040 homines
1977 1992 2132 2042 tene-
2236 1987 2370 2040 item
2420 1985 2576 2039 illic:
2611 2005 2639 2034 ί(
2684 1985 2898 2039 Caalebs
2936 1984 3152 2054 cogitat
3179 1999 3247 2038 ea
3279 2001 3414 2055 qua:
3459 1989 3590 2038 sunt
3629 1983 3843 2049 Domini,

497 2077 631 2131 bras
655 2093 824 2147 quam
867 2077 1109 2131 lucem»
1146 2081 1345 2147 (Joan.,
1381 2095 1458 2146 ιιι,
1498 2078 1602 2150 18).
1647 2080 1724 2133 De
1766 2080 1872 2134 hoc
1911 2079 2033 2150 ipso
2078 2081 2135 2136 in
2236 2078 2524 2150 quomodo
2574 2079 2794 2150 placeat
2847 2080 2980 2133 Deo.
3032 2077 3140 2142 Qui
3194 2083 3394 2131 autem
3447 2077 3844 2132 matrimonium

498 2175 713 2228 Psalmo
746 2191 757 2228 :
792 2195 818 2221 α
849 2177 1156 2245 Propterea
1191 2193 1302 2230 non
1343 2176 1684 2247 resurgtmt’
1708 2177 1869 2248 impii
1899 2179 1953 2232 in
1978 2177 2131 2247 judi-
2239 2173 2540 2239 contraxit,
2571 2172 2786 2244 cogitat
2829 2188 2895 2226 ea
2939 2187 3066 2242 quin
3106 2174 3240 2224 sunt
3281 2171 3486 2226 mundi
3528 2171 3691 2242 hujus
3731 2187 3848 2242 quo-

499 2272 609 2339 cio,
645 2288 833 2343 neque
861 2276 1186 2342 peccatores
1211 2273 1266 2327 in
1294 2275 1528 2329 concilio
1559 2275 1870 2344 justorum.
1911 2298 1936 2326 η
2239 2266 2409 2321 modo
2439 2265 2662 2338 placeat
2689 2265 2856 2321 uxori
2877 2267 2945 2319 ³⁸.
2965 2265 3054 2320 Sic
3080 2271 3135 2320 et
3154 2265 3362 2320 mulier
3388 2270 3447 2320 et
3461 2264 3850 2336 virgoinnupta

499 2374 628 2428 CAP.
688 2372 882 2426 XXXII.
927 2401 996 2412 --
1047 2375 1118 2427 De
1168 2373 1300 2427 bono
1355 2376 1687 2443 virginitatis
1747 2382 1798 2429 et
1859 2378 2128 2430 continen-

2237 2361 2446 2431 cogitat
2491 2377 2554 2416 ea
2596 2377 2724 2432 quas
2773 2365 2903 2414 sunt
2950 2360 3212 2427 Domini,
3265 2366 3331 2414 ut
3373 2360 3448 2414 sit
3493 2364 3682 2414 sancta
3721 2359 3765 2392 ³⁵
3802 2364 3848 2412 et

1263 2455 1370 2508 tiae.
2239 2470 2476 2524 corpore
2525 2460 2582 2508 et
2626 2453 2849 2524 spiritu.
2892 2454 3025 2517 Quas
3075 2459 3266 2508 autem
3309 2453 3509 2524 nupsit
3553 2453 3755 2524 cogitat
3791 2452 3850 2505 dc

2239 2547 2314 2602 iis.
2335 2564 2462 2618 qua:
2489 2553 2619 2602 sunt
2646 2547 2844 2601 mundi
2876 2547 3064 2617 hujus,
3105 2547 3404 2618 quomodo
3447 2547 3663 2619 placeat
3696 2547 3801 2600 viro
3827 2568 3849 2594 η

2242 2642 2428 2713 (Ibid.,
2465 2641 2574 2709 32).
2606 2644 2747 2696 Item
2788 2642 2845 2695 in
2883 2641 3094 2708 Exodo,
3129 2658 3258 2695 cum
3292 2641 3652 2712 prmcepisset
3687 2640 3853 2695 Domi-

2243 2752 2350 2790 nus
2395 2737 2569 2806 Moysi
2612 2739 2672 2789 ut
2715 2735 3094 2790 sanctificaret
3139 2735 3424 2807 populum
3469 2735 3529 2788 in
3569 2735 3711 2789 diem
3747 2739 3849 2788 ter-

2240 2830 2404 2896 tium,
2430 2829 2797 2884 sanctiﬁcavit
2817 2828 2931 2899 illa,
2957 2835 3014 2883 et
3041 2829 3246 2899 adjecit
3274 2830 3322 2864 ¹⁶
3355 2846 3369 2882 z
3398 2850 3428 2879 «
3450 2829 3635 2883 Estote
3662 2827 3848 2899 parati;

574 2551 629 2602 In
677 2549 876 2603 Genesi
919 2566 931 2600 :
968 2571 994 2597 ‹‹
1036 2550 1408 2620 Multiplicans
1447 2551 1837 2623 multiplicabo
1881 2552 2139 2606 tristitias

499 2647 622 2696 tuas
651 2649 707 2697 et
734 2643 978 2713 gemitus
1016 2649 1144 2698 tuos
1181 2643 1251 2708 ¹⁰;
1295 2649 1351 2698 et
1378 2645 1435 2700 in
1475 2645 1701 2700 tristitia
1743 2647 1934 2718 paries
1973 2646 2135 2713 filios,

499 2740 549 2790 et
580 2737 687 2790 erit
717 2739 757 2771 ¹¹
791 2739 1084 2792 conversio
1122 2743 1216 2792 tua
1245 2739 1314 2792 ad
1349 2739 1532 2794 virum
1578 2748 1759 2807 tuum,
1797 2745 1855 2794 et
1895 2739 2012 2810 ipsa
2054 2740 2139 2794 tui

501 2830 952 2885 dominabitur»
983 2830 1163 2902 (Gem,
1193 2849 1270 2901 ιιι,
1305 2836 1409 2899 16).
1451 2834 1525 2888 Ila
1567 2834 1673 2888 hoc
1699 2833 1822 2905 ipso
1859 2833 1915 2887 in
1957 2835 2136 2887 Evan-

499 2924 648 2994 gelio
699 2929 820 2978 cata
865 2924 1229 2979 Mattlueum:
1277 2946 1303 2977 α
1338 2927 1456 2981 Non
1505 2943 1706 2982 omnes
1747 2927 1978 2998 capiunt
2019 2943 2139 2981 ver-
2243 2923 2423 2978 tribus
2469 2923 2672 2978 diebus
2716 2922 2760 2957 ³⁷
2800 2939 2912 2977 non
2968 2923 3242 2978 accedetis
3296 2924 3369 2978 ad
3423 2923 3684 2977 mulieres
3733 2923 3776 2956 ³³
3827 2943 3848 2968 ››

500 3018 660 3084 bum,
690 3017 787 3072 sed
829 3016 907 3071 illi
949 3017 1155 3089 quibus
1198 3019 1397 3074 datum
1433 3022 1536 3075 est.
1567 3023 1708 3076 Sunt
1751 3020 1902 3074 enim
1944 3020 2144 3090 spado-
2243 3019 2462 3089 (Επεὶ,
2515 3034 2624 3084 x1x,
2685 3017 2791 3087 15).
2846 3019 2984 3072 Item
3037 3017 3092 3071 in
3150 3015 3396 3072 Basilion
3451 3017 3636 3088 primo
3671 3032 3684 3069 :
3733 3037 3758 3064 «
3796 3015 3851 3069 Et

497 3127 600 3164 nas
630 3110 726 3181 qui
759 3127 828 3164 ax
863 3115 1020 3165 utero
1058 3112 1254 3165 matris
1282 3113 1398 3166 nati
1429 3117 1582 3181 sunt,
1613 3117 1671 3168 et
1696 3118 1829 3167 sunt
1855 3113 2138 3183 spadones
2159 3151 2214 3225 C
2241 3111 2543 3182 respondit
2591 3110 2854 3165 sacerdos
2893 3110 2962 3165 ad
3008 3110 3176 3166 David
3227 3113 3286 3164 at
3335 3110 3476 3166 dixit
3515 3127 3528 3164 :
3571 3111 3689 3165 Non
3738 3114 3849 3163 sunt

509 3203 815 3274 quicoacti
855 3209 987 3258 sunt
1026 3204 1096 3257 ab
1135 3205 1484 3273 hominibus,
1520 3211 1576 3261 et
1615 3209 1748 3261 sunt
1776 3207 2058 3278 spadones
2092 3207 2137 3241 ¹²
2162 3203 2214 3225 ν
2240 3221 2415 3278 panes
2460 3205 2689 3276 profani
2739 3204 2795 3259 in
2845 3221 3018 3259 manu
3071 3221 3229 3272 mea,
3282 3205 3395 3259 nisi
3447 3203 3612 3276 panis
3655 3207 3850 3258 sanctus

501 3298 599 3368 qui
631 3313 688 3350 se
716 3297 868 3368 ipsos
894 3301 1282 3353 castraverunt
1308 3302 1543 3370 propter
1571 3317 1816 3371 regnum
1844 3301 2136 3355 calorum.
2239 3315 2386 3353 unus
2434 3297 2497 3352 ”.
2549 3297 2606 3352 Si
2673 3297 2948 3353 observati
3015 3300 3148 3351 sunt
3202 3295 3246 3332 ³⁰
3297 3299 3463 3369 pueri
3519 3316 3552 3352 a
3603 3296 3848 3366 muliere),

497 3391 604 3454 Qui
637 3393 818 3461 potest
870 3407 1072 3461 capere
1118 3391 1364 3462 capiat»
1408 3393 1650 3462 (Matth,
1689 3411 1800 3460 xix,
1848 3395 1954 3462 11).
1998 3396 2138 3449 Item
2241 3391 2671 3447 manducabunt
2710 3413 2736 3440 ››
2785 3394 2824 3462 (ι
2874 3395 3027 3461 Reg.,
3083 3407 3190 3459 xxx,
3243 3392 3322 3462 4).
3377 3393 3516 3447 Item
3562 3392 3617 3446 in
3661 3393 3849 3462 Apoca-

501 3491 625 3539 cata
652 3487 857 3539 Lucam
889 3500 902 3538 :
940 3505 968 3534 ‹‹
999 3483 1115 3538 Filii
1146 3485 1336 3540 saeculi
1367 3486 1540 3557 hujus
1569 3493 1850 3558 generant
1876 3491 1932 3543 et
1960 3503 2137 3558 gene-
2240 3486 2385 3558 lypsi
2417 3503 2429 3540 :
2467 3507 2494 3533 ‹‹
2520 3485 2583 3539 Hi
2619 3489 2750 3540 sunt
2795 3485 2891 3556 qui
2939 3502 3068 3540 cum
3111 3483 3454 3540 mulieribus
3483 3502 3540 3541 se
3585 3501 3690 3539 non
3723 3483 3851 3538 coin-

499 3585 720 3637 rantur.
752 3582 855 3646 Qui
901 3585 1098 3636 autem
1146 3583 1472 3639 habuerunt
1513 3585 1903 3656 dignationem
1951 3585 2139 3640 saeculi
2241 3580 2641 3652 quinavcrunt.
2675 3578 2934 3650 Virgines
2973 3579 3130 3634 enim
3168 3584 3624 3650 permanserunt.
3654 3580 3712 3633 Ili
3741 3584 3851 3633 sunt

500 3676 650 3731 illius
704 3679 762 3730 at
817 3676 1242 3732 resurrectionis
1299 3695 1332 3732 a
1382 3679 1652 3746 mortuis,
1713 3697 1827 3733 non
1893 3679 2138 3746 nubunt,
2240 3674 2338 3746 qui
2385 3677 2704 3745 sequuntur
2759 3675 2978 3743 Agnum
3028 3689 3376 3745 quocunque
3422 3674 3608 3729 ierit»
3660 3675 3848 3745 (Αροεη

502 3785 686 3841 neque
745 3769 1038 3824 nubuntur
1092 3766 1151 3824 ¹³.
1201 3772 1392 3844 Neque
1443 3773 1599 3827 enim
1645 3773 1920 3844 incipient
1971 3771 2137 3828 mori.
2242 3784 2350 3836 xw,
2381 3767 2456 3839 4).

502 3864 767 3935 Ᾱῦῳιειιθε
820 3863 974 3918 enim
1030 3871 1163 3920 sunt
1216 3867 1436 3938 angelis
1489 3867 1620 3934 Dei,
1675 3884 1805 3922 cum
1872 3867 1987 3921 sint
2043 3866 2118 3920 iiii

2241 3885 2369 3938 Car.
2397 3879 2619 3935 XXXIII.
2638 3909 2705 3920 —
2731 3880 2884 3938 Nihil
2911 3883 3128 3936 Patrem
3143 3881 3426 3951 judicare,
3462 3884 3557 3938 scd
3584 3882 3779 3941 Filium,
3810 3884 3850 3932 ct

503 3957 933 4012 resurrectionis
962 3981 989 4006 »
1023 3960 1198 4029 (Luc.,
1241 3976 1333 4029 xx,
1368 3960 1476 4032 34).
1527 3962 1845 4033 Resurgere
1877 3962 1922 3995 ¹⁶
1950 3963 2142 4014 autem
2314 3963 2531 4016 Patrem
2562 3961 2628 4014 ab
2656 3977 2713 4016 eo
2734 3977 2841 4015 non
2869 3962 3215 4030 honon‘ﬁcari
3241 3977 3274 4015 α
3304 3980 3410 4033 quo
3437 3980 3547 4019 non
3576 3961 3850 4028 honoriﬁca-

502 4055 759 4106 mortuos
803 4053 1017 4122 Moyses
1060 4052 1346 4123 significat
1384 4071 1514 4108 cum
1566 4055 1702 4110 dicit
1742 4055 1799 4108 in
1847 4054 1989 4108 rubo
2036 4055 2083 4088 ¹⁶
2127 4070 2140 4108 :
2317 4047 2405 4096 ίαν
2429 4042 2617 4096 Filius.

510 4167 536 4196 ‹‹
569 4145 840 4201 Dominus
883 4148 1026 4201 Deus
1063 4147 1371 4217 Abraham,
1415 4153 1471 4203 et
1503 4149 1650 4203 Deus
1694 4151 1865 4217 Isaac,
1900 4153 1956 4202 et
1997 4148 2144 4202 Deus
2317 4145 2378 4199 In
2420 4142 2722 4214 Evangelia
2768 4147 2885 4197 cata
2931 4144 3208 4198 Joannem
3252 4161 3264 4199 :
3325 4166 3351 4195 ‹‹
3401 4144 3548 4200 Nihil
3591 4144 3744 4198 Pater
3777 4140 3850 4210 ju-

1881 4383 2090 4449 Variaa
2133 4381 2470 4446 lectiones.

578 4574 620 4606 ηε
657 4571 715 4622 In
746 4577 797 4623 te
831 4578 1125 4638 peccatum
1158 4576 1262 4628 NC.
1304 4577 1346 4626 1.
1381 4576 1502 4627 Bod.
1530 4577 1576 4626 2.
1607 4577 1665 4628 Si
1697 4591 1760 4628 aa
1787 4589 1912 4642 quas
1938 4575 2292 4638 egrediantur
2322 4587 2420 4637 par
2440 4573 2586 4642 labia
2617 4575 2710 4622 tua
2741 4585 2853 4622 non
2883 4571 3205 4622 observabis
3241 4573 3383 4642 Voss.
3413 4571 3482 4642 3.7
3538 4571 3578 4601 ⁹⁶
3607 4569 3671 4620 Et
3705 4568 3848 4642 facies

505 4642 593 4695 Do
616 4645 774 4694 mino
803 4637 918 4695 Deo
950 4649 1042 4694 tuo
1072 4645 1283 4695 donum
1317 4649 1450 4697 Gott.
1486 4649 1588 4698 NG.
1622 4651 1666 4698 1.
1696 4637 1820 4698 Βοᾱῖ
1852 4647 1900 4696 2.
1965 4643 2006 4678 ⁸⁷
2035 4645 2119 4694 Ex
2146 4656 2242 4694 ore
2275 4643 2407 4692 Cott.
2487 4641 2529 4676 ⁸⁸
2555 4642 2784 4692 Immola
2808 4645 2951 4694 Gott.
3046 4642 3090 4676 '9
3116 4641 3516 4692 Tribulationis
3547 4644 3672 4691 Gott.
3761 4637 3851 4687 'Et

508 4727 712 4763 eruam
749 4715 886 4764 Gott.
962 4717 980 4744 ²
1007 4714 1388 4779 Magnificabis
1418 4718 1550 4767 Gott.
1622 4721 1638 4749 ³
1666 4716 1736 4766 Ut
1762 4715 1893 4781 quid
1917 4715 2166 4781 implevit
2180 4713 2415 4765 Satanas
2447 4714 2567 4763 Thu.
2591 4714 2724 4764 Gott.
2795 4711 2816 4745 ⁸
2844 4711 3059 4762 Mentiri
3087 4716 3140 4763 te
3167 4712 3314 4775 apud
3339 4710 3603 4774 Spiritum
3626 4713 3850 4760 sanctum

502 4787 644 4834 Lam.
671 4785 780 4833 Lin.
835 4785 941 4835 NG.
975 4787 1022 4842 1,
1051 4789 1099 4833 2.
1129 4787 1252 4836 Bod.
1287 4788 1331 4846 1,
1359 4788 1408 4846 2,
1432 4791 1475 4835 1ο.
1505 4791 1685 4837 Benev.
1727 4791 1837 4838 Ver.
1907 4792 1926 4822 ⁵
1957 4789 2043 4839 Sic
2068 4786 2192 4837 Bod.
2227 4787 2272 4835 1.
2304 4784 2437 4833 Gott.
2477 4783 2606 4832 Voss.
2636 4783 2684 4833 3.
2715 4783 2963 4847 lmpreua
2997 4784 3178 4847 legunt
3209 4781 3354 4834 Cum
3393 4786 3542 4833 esset
3583 4782 3771 4831 fundus
3802 4782 3848 4830 in

505 4859 601 4903 tua
644 4855 800 4903 Oxon.
854 4855 1000 4905 Cum
1047 4861 1190 4906 esset
1234 4857 1441 4906 fundus
1491 4859 1766 4917 venditus,
1812 4861 1866 4909 in
1912 4864 2006 4909 tua
2041 4862 2156 4908 erat
2199 4859 2487 4920 potestate.
2553 4859 2574 4890 ⁸
2603 4859 2932 4910 Maledictus
2957 4858 3125 4910 homo
3153 4862 3293 4910 Lam.
3326 4857 3452 4909 Bod.
3484 4860 3524 4907 I.
3550 4858 3652 4909 NG.
3682 4859 3698 4906 1
3731 4858 3846 4906 Gott.

505 4927 523 4960 7
563 4924 844 4989 Unigeniti
872 4929 1007 4977 Gott.
1107 4927 1127 4960 ⁸
1151 4927 1322 4988 Magis
1352 4927 1665 4978 dilexerunt
1699 4930 1955 4981 tenebras
1981 4930 2105 4981 Bod.
2130 4930 2180 4991 2,
2213 4931 2256 4977 Ιι.
2297 4927 2418 4977 Tim.
2453 4928 2601 4981 Gorb.
2628 4932 2764 4984 Gott.
2860 4929 2881 4964 ⁸
2911 4930 3031 4980 Non
3059 4933 3361 4993 exsurgant
3410 4927 3533 4978 Bod.
3569 4929 3612 4977 1.
3664 4926 3782 4976 Voss.
3807 4924 3847 4974 3.

503 4993 636 5044 Idao
703 5009 815 5045 non
880 5003 1170 5061 resurgant
1222 5000 1358 5049 Gott.
1495 5003 1531 5030 ὐ
1595 4999 1833 5064 Rapiens
1892 5000 2118 5066 replebo
2171 5010 2434 5048 maerores
2492 5003 2636 5054 tuos.
2692 5000 2991 5065 suspirium
3052 5004 3231 5059 tuum,
3285 5004 3339 5049 et
3374 4998 3432 5047 in
3460 4997 3662 5047 tristitia
3696 4995 3848 5059 paries

503 5068 666 5136 natos
694 5069 820 5115 tuos
845 5068 984 5118 Gott.
1159 5069 1193 5099 "
1221 5068 1291 5116 Et
1321 5069 1608 5120 conversio
1638 5073 1732 5119 tua
1761 5071 1886 5121 Bod.
1918 5073 1964 5132 1,
1996 5071 2041 5120 2.
2097 5072 2141 5118 Ιι.
2201 5069 2331 5118 Voss.
2382 5069 2428 5117 3.
2529 5072 2568 5102 ’⁸
2610 5071 2703 5123 Sic
2754 5078 2809 5124 et
2859 5071 3134 5136 spadones
3179 5070 3303 5121 Bod.
3360 5071 3407 5119 1.
3465 5067 3714 5118 Eunuchi
3739 5068 3837 5117 Gott

506 5137 545 5207 :3
571 5135 762 5207 Nequa
791 5150 995 5207 uxores
1025 5136 1240 5188 ducunt
1269 5139 1394 5188 Bod.
1428 5140 1472 5188 1.
1575 5141 1614 5170 ¹⁴
1637 5140 1718 5190 Da
1739 5146 2144 5196 resurrectione
2171 5142 2357 5192 autem
2386 5146 2734 5194 mortuorum
2768 5135 3122 5207 non’legistis
3153 5145 3209 5192 in
3240 5142 3382 5192 libro
3410 5142 3571 5192 Mosis
3600 5141 3723 5191 Gott.
3811 5137 3844 5172 "

503 5205 564 5253 In
595 5205 735 5255 rubo
758 5206 872 5256 vidi
898 5208 1196 5258 Dominum
1221 5210 1401 5259 Deum
1428 5209 1727 5273 Abraham,
1750 5217 1806 5262 at
1834 5215 2013 5266 Deum
2042 5219 2216 5268 Isaac,
2242 5214 2297 5262 et
2329 5211 2507 5260 Deum
2539 5214 2710 5264 Jacob
2733 5216 2859 5266 Bod.
2909 5205 3048 5272 1,’1ο.
3100 5213 3245 5268 Gorb.
3351 5211 3390 5245 ’⁸
3438 5212 3717 5262 Mulierum
3753 5219 3843 5256 non

503 5278 728 5347 tangere
756 5277 893 5325 Lam.
924 5277 1049 5327 Bod.
1086 5279 1132 5328 2.
1157 5281 1262 5332 NG.
1291 5281 1332 5329 1.
1361 5284 1496 5332 Gott.
1586 5280 1620 5312 ’⁷
1652 5283 1879 5347 Propter
1908 5287 2300 5339 fornicationes
2325 5286 2470 5333 Lam.
2499 5285 2610 5334 Lz'n.
2645 5286 2748 5337 NG.
2783 5288 2825 5335 1.
2857 5285 2979 5336 Bod.
3012 5285 3060 5336 2.
3158 5283 3197 5318 ’⁸
3226 5282 3336 5334 Sed
3356 5283 3554 5332 mulier
3578 5285 3711 5332 Lam.
3749 5277 3841 5328 Lm,

500 5347 606 5423 NG.
641 5346 763 5423 1.}:
791 5348 914 5423 11011.
939 5349 995 5423 2,
1025 5349 1074 5423 3_,
1103 5351 1150 5400 4.
1224 5351 1262 5382 '9
1291 5351 1691 5411 Conventione,
1724 5346 1776 5404 et
1802 5355 1869 5404 ad
1908 5361 2124 5423 tempus
2154 5361 2292 5410 Lam.
2329 5352 2455 5404 Bod.
2492 5356 2536 5414 i,
2561 5356 2610 5412 2,
2647 5358 2692 5406 4.
2724 5359 2836 5408 Li'n.
2868 5359 2972 5408 NG.
3009 5359 3051 5406 1.
3119 5355 3162 5387 ²⁰
3186 5354 3542 5406 Βενθτιὶιιλὶοἱ
3583 5352 3648 5401 8d
3689 5352 3841 5423 ῖῐβυίξὶ

502 5419 642 5490 Largi.
676 5418 784 5490 NG:
806 5419 854 5490 _I.
883 5422 990 5470 Lz'n.
1027 5420 1424 5472 Convartimini
1460 5423 1604 5475 Gorb.
1702 5428 1741 5456 ²¹
1770 5415 2098 5480 Secundum
2127 5425 2424 5480 consilium
2455 5426 2580 5474 Bod.
2613 5427 2662 5476 3.
2753 5429 2792 5457 ²²
2825 5427 2944 5476 Non
2975 5426 3289 5477 secundum
3323 5428 3540 5490 jussum
3567 5425 3700 5474 Lam.
3734 5415 3842 5468 Bod.

502 5487 550 5545 1,
564 5487 629 5564 Β,
660 5488 842 5564 4._NC'.
876 5490 920 5564 1.
949 5490 1070 5564 Plut.
1099 5495 1273 5564 Benev.
1312 5493 1418 5541 νον.
1448 5491 1770 5545 Secundum
1793 5497 2214 5564 indulgentiam,
2234 5500 2288 5547 at
2317 5507 2429 5544 non
2457 5497 2770 5548 secundum
2795 5499 3092 5563 imperium
3115 5501 3251 5550 Gott.
3317 5487 3358 5531 ί³
3379 5497 3558 5547 Habet
3589 5491 3838 5564 Charisma

501 5569 531 5606 ε
562 5556 846 5632 DeoLarri.
881 5560 1003 5610 Bod.
1044 5562 1087 5624 1,
1115 5563 1170 5624 2,
1196 5563 1244 5622 3,
1276 5564 1475 5613 4.Vo:s.
1505 5565 1550 5614 3.
1582 5568 1698 5618 Li'n.
1729 5570 1831 5621 NG.
1870 5571 1914 5620 1.
1953 5556 2041 5604 ἐ⁴
2081 5556 2300 5622 Placeat
2347 5567 2480 5616 Deo.
2532 5567 2640 5628 Qui
2685 5556 2894 5620 autem-
2919 5583 3049 5620 cum
3093 5581 3295 5630 uxore;
3335 5568 3528 5632 cogitat
3573 5576 3689 5629 qua:
3729 5563 3840 5609 sunt

496 5627 691 5678 mundi
726 5627 915 5692 hujus,
963 5632 1240 5695 quomodo
1282 5633 1500 5697 placeat
1545 5638 1701 5687 uxori
1735 5653 1746 5686 :
1786 5643 1840 5688 at
1865 5641 2058 5692 divisa
2101 5644 2269 5692 sunt:
2306 5637 2507 5687 mulier
2545 5627 2680 5689 Gott.
2729 5640 2840 5690 Ver.
2895 5641 3114 5692 Placeat
3142 5627 3300 5691 uxori
3331 5657 3341 5689 :
3371 5627 3428 5689 et
3460 5627 3604 5699 virgo
3636 5633 3835 5693 innupta

492 5701 806 5776 Latin-Gott.
965 5703 999 5776 _t
1034 5703 1162 5754 Bod.
1203 5707 1248 5752 2.
1318 5705 1458 5776 'SrUt
1485 5711 1678 5758 sancta
1699 5709 1768 5757 sit
1797 5723 2026 5776 corpore
2053 5714 2177 5765 Bod.
2211 5715 2256 5772 I,
2285 5712 2332 5761 3.
2371 5710 2413 5742 "
2442 5707 2664 5772 Adjecit
2689 5709 2882 5764 dicens
2902 5717 3043 5765 Lam.
3075 5714 3187 5764 Li'n.
3220 5712 3345 5764 Bod.
3383 5711 3426 5761 1.
3452 5709 3498 5759 2.
3530 5707 3830 5776 b’C.,I"u::.

491 5768 539 5805 ⁸⁷
562 5769 624 5820 In
654 5769 850 5852 tritius.
871 5771 1074 5852 diebus
1087 5776 1246 5852 Gott.
1283 5850 1288 5852 Δ
1330 5775 1390 5852 ξε
1413 5777 1460 5827 Α
1491 5779 1816 5852 mulieribus
1858 5768 2000 5834 Lam.
2033 5787 2141 5839 NG.
2178 5785 2218 5833 1.
2242 5768 2376 5834 ’Βωιι
2409 5786 2454 5836 2.
2528 5768 2542 5772 ⁷
2563 5781 2606 5811 ²⁹
2633 5782 2752 5833 Non
2783 5787 2914 5836 sunt
2944 5784 3082 5837 mibi
3111 5797 3288 5852 panes
3319 5779 3551 5846 abunde,
3577 5776 3676 5829 nisi
3697 5771 3831 5841 panis

488 5853 660 5898 unus.
733 5840 772 5876 ⁸ο
796 5842 850 5900 Si
880 5845 1141 5897 custoditi
1166 5850 1295 5898 sunt
1317 5849 1450 5903 Gott.
1525 5849 1944 5920 "Quocumque
1980 5855 2124 5906 vadit
2159 5853 2282 5907 Bod.
2311 5854 2360 5919 3,
2386 5857 2432 5908 4.
2463 5858 2596 5912 Gott.
2640 5855 2768 5907 Voss.
2804 5857 2846 5909 4.
