4032 6180
185 178 264 232 785
1140 172 1685 231 TESTIMONIORUM
1725 170 2187 230 ADVxJUD/EOS
2228 175 2354 232 LIB.
2397 178 2489 232 III.
3387 186 3454 238 78

190 301 334 369 dicat,
381 297 471 355 sed
509 298 793 369 judicium
849 316 1020 354 omne
1071 299 1208 355 Filio
1257 299 1432 370 dedit,
1479 302 1542 354 ut
1589 316 1786 356 omnes
1809 299 2012 384 AC“).
2066 301 2275 356 XXXVI.
2330 332 2388 343 -
2435 304 2716 360 Mulierem
2767 311 2958 362 ornari
3013 309 3349 367 saeculariter
3406 327 3521 366 non

187 392 539 452 honoriﬁcent
589 393 788 448 Filium
840 393 985 448 sicut
1036 392 1414 448 honoriﬁcant
1457 395 1686 448 Patrem
1722 393 1785 447 ³³.

190 488 274 554 Qui
313 487 485 542 non33
518 487 856 542 lionoriticat
895 487 1124 554 Filium,
1162 504 1276 542 non
1315 487 1653 542 honoriﬁcat
1697 490 1796 542 Pa-

191 590 318 638 trem
347 581 440 652 qui
469 597 601 635 eum
632 580 787 636 misit
816 602 842 630 »
875 582 1072 651 (Joan.,
1108 599 1155 648 v,
1182 583 1292 652 2'2).
1324 583 1462 636 Item
1488 581 1546 635 in
1575 581 1795 636 Psalmo

189 692 292 730 Lm
321 691 333 728 :
366 695 392 722 «
425 675 588 743 Deus,
611 673 897 745 judicium
941 679 1103 730 tuum
1143 678 1266 745 regi
1304 675 1392 742 da,
1427 680 1482 730 et
1509 675 1795 746 justitiam

193 777 324 824 tuam
357 768 466 822 tilio
497 769 668 839 regis,
697 768 957 838 judicare
985 769 1259 841 populum
1291 773 1452 823 tuum
1475 771 1520 803 3‘
1545 770 1603 823 in
1626 770 1791 840 justi-

192 864 274 918 tia.
308 884 333 912 »
367 864 507 917 Item
552 862 608 916 in
649 862 857 917 Genesi
889 881 902 917 :
956 885 982 912 ‹‹
1016 865 1082 918 Et
1123 863 1268 934 pluit
1312 864 1586 918 Dominus
1623 879 1796 934 super

194 957 469 1012 Sodomam
503 960 562 1010 et
587 957 965 1012 Comorrham
985 957 1302 1028 sulphuret
1325 957 1517 1027 ignem
1552 957 1623 1010 de
1652 958 1794 1012 coelo

188 1070 213 1105 a
236 1049 460 1105 Domino
487 1073 514 1100 ››
544 1051 719 1120 (Gen.,
755 1069 865 1119 χιιι,
897 1053 1008 1122 24).

191 1153 356 1226 755
389 1156 516 1210 CAP.
549 1154 766 1208 XXXIV.
796 1183 865 1194 -—
893 1155 1129 1212 Fidelem
1164 1155 1440 1222 gentiliter
1473 1157 1650 1208 vivere
1690 1169 1795 1207 non

809 1241 1051 1306 oportere
1072 1236 1140 1289 ³⁵.

247 1333 392 1403 Apud
423 1334 728 1388 Jeremiam
775 1351 788 1388 :
829 1355 857 1383 «
890 1337 1016 1389 Ilaec
1057 1335 1192 1389 dicit
1229 1333 1502 1388 Dominus
1536 1349 1548 1387 :
1581 1334 1791 1388 Secun-

187 1425 302 1479 dum
345 1427 484 1480 viam
522 1428 820 1498 gentilium
847 1429 892 1463 ³⁸
923 1445 995 1482 ne
1044 1426 1466 1482 ambulaveritis
1499 1445 1525 1478 η
1557 1425 1791 1498 (Jerem.,

186 1522 284 1587 vu).
316 1521 383 1572 De
410 1521 518 1574 hoc
561 1521 682 1592 ipso
725 1522 881 1592 quod
927 1538 1236 1592 segregare
1280 1538 1340 1574 se
1375 1521 1503 1591 quis
1534 1521 1794 1574 debeata

187 1614 491 1683 gentilibus.
550 1633 618 1668 ne
675 1616 746 1668 sit
797 1616 975 1668 socius
1028 1617 1210 1687 culpae
1256 1619 1312 1668 et
1357 1615 1458 1669 fiat
1513 1613 1793 1684 particeps

2609 384 2812 439 debere.

1967 479 2030 532 In
2051 479 2391 550 Apocalypsi
2421 496 2432 534 :
2466 500 2492 529 ‹‹
2524 481 2590 534 Et
2620 483 2779 536 venit
2805 500 2949 538 unus
2978 502 3041 539 cx
3071 490 3286 558 septem
3311 488 3530 558 angelis

1897 570 2238 626 habentibus
2287 573 2524 644 phialas,
2571 580 2627 629 ct
2671 592 2973 646 aggressus
3017 586 3100 634 est
3142 598 3234 634 me
3279 582 3473 636 dicens
3514 601 3525 637 :

1896 664 2055 728 Veni,
2083 665 2376 720 ostendam
2397 667 2497 721 tibi
2516 667 2939 725 damnationem
2970 675 3284 728 meretricis
3306 693 3529 748 magnae

1897 758 2146 813 sedentis
2195 777 2371 831 super
2421 778 2598 832 aquas
2642 763 2871 831 multas,
2923 781 3054 819 cum
3106 783 3218 837 qua
3262 768 3530 824 fornicati

1897 855 2030 906 sunt
2057 868 2222 923 reges
2249 857 2438 909 terras.
2473 855 2539 909 Et
2564 855 2678 909 vidi
2709 856 3008 912 mulierem
3031 859 3330 915 sedentem
3357 879 3529 933 super

1894 947 2153 1000 bestiam.
2185 949 2252 1002 Et
2297 949 2504 1003 mulier
2535 949 2727 1022 756
2775 951 2868 1005 illa
2898 951 3111 1006 amicta
3141 958 3261 1008 erat
3289 956 3526 1025 pallium

1895 1056 2250 1112 purpureum
2274 1043 2320 1075 ⁵⁸
2363 1049 2417 1096 et
2443 1045 2790 1110 coccineum,
2833 1051 2889 1099 et
2916 1046 3188 1100 adornata
3229 1054 3350 1102 erat
3388 1065 3528 1104 auro

1897 1138 1955 1188 et
1997 1135 2279 1206 lapidibus
2315 1137 2578 1205 pretiosis
2621 1143 2676 1193 et
2721 1139 3062 1210 margaritis,
3104 1144 3305 1196 tenens
3345 1159 3526 1213 pocu-

1894 1227 2014 1280 lum
2043 1244 2288 1282 aureum
2314 1229 2372 1283 in
2401 1247 2577 1284 manu
2599 1247 2697 1285 sua
2726 1233 2956 1302 plenum
2987 1235 3443 1290 exsecrationum
3474 1241 3532 1291 et

1896 1321 2282 1376 immunditias
2319 1328 2376 1377 et
2417 1324 2806 1379 fornicationis
2847 1326 3023 1380 totius
3056 1333 3221 1382 terra;
3251 1350 3278 1378 »
3311 1329 3528 1400 (Apoc.,

1895 1431 2026 1482 xvu,
2056 1416 2133 1483 1).
2175 1418 2312 1471 Item
2353 1418 2423 1471 ad
2455 1418 2817 1474 Timotheum
2841 1421 2886 1455 ‘9
2920 1437 2932 1473 :
2963 1442 2990 1470 «
3029 1421 3154 1476 Sint
3179 1422 3446 1477 mulieres
3473 1425 3520 1459 ⁵ο

1893 1514 2092 1564 vestrae
2138 1527 2269 1565 cum
2313 1511 2652 1566 verecundia
2689 1517 2743 1568 et
2782 1513 3074 1583 pudicitia,
3118 1522 3528 1585 componentes

1895 1619 1974 1669 se,
2019 1619 2133 1656 non
2180 1605 2238 1656 in
2293 1605 2458 1657 tortis
2498 1604 2777 1672 crinibus,
2826 1623 3011 1676 neque
3057 1624 3195 1661 auro
3234 1609 3307 1676 5',
3347 1626 3533 1680 neque

187 1709 410 1778 plagmav
437 1725 657 1775 eorum,
697 1710 754 1763 in
791 1683 1171 1780 Apocalypsi}
1219 1729 1246 1759 α
1287 1711 1354 1764 Et
1395 1683 1587 1762 audivi
1617 1683 1790 1762 aliain
1815 1683 1868 1754 Β
1897 1697 2222 1767 margaritis
2246 1697 2316 1762 δ’,
2345 1703 2442 1751 aut
2481 1701 2632 1752 veste
2668 1701 2932 1769 pretiosa,
2976 1702 3069 1754 sed
3116 1705 3175 1753 ut
3215 1703 3373 1756 decet
3405 1720 3529 1756 niu-

188 1818 361 1856 vocem
394 1802 462 1857 de
488 1803 628 1857 ccelo
655 1803 938 1858 dicentem
971 1823 980 1857 :
1017 1803 1115 1857 Exi
1139 1803 1209 1857 de
1237 1819 1322 1870 ea,
1348 1802 1589 1873 populus
1612 1819 1792 1870 meus,

185 1912 243 1948 ne
268 1896 544 1967 particeps
571 1897 645 1950 sis
685 1897 1028 1951 delictorum
1065 1897 1208 1967 ejus,
1241 1901 1296 1951 et
1333 1913 1404 1950 ne
1436 1896 1793 1967 perstringa-

183 1989 247 2042 ris
284 1989 460 2061 plagis
506 1990 626 2060 ejus
671 2008 685 2044 :
745 1989 1020 2061 quoniam
1059 1990 1263 2044 delicta
1317 1990 1442 2060 ejus
1496 2006 1672 2061 usque
1723 1990 1794 2044 ad

187 2083 367 2137 oculum
419 2086 844 2154 pervenerunt,
901 2091 960 2138 et
1015 2083 1279 2138 meminit
1333 2084 1608 2139 Dominus
1651 2084 1795 2137 Deus

184 2176 528 2248 iuiquitatum
576 2178 698 2248 ejus
719 2178 786 2231 ³³.
822 2177 951 2231 Ideo
992 2176 1236 2232 reddidit
1255 2177 1301 2212 3°
1330 2177 1377 2231 ei
1411 2177 1604 2248 dupla,
1638 2179 1698 2230 et
1733 2177 1794 2230 in

183 2285 278 2338 quo
313 2272 510 2340 poculo
553 2272 813 2340 miscuit,
857 2271 1096 2342 duplum
1123 2271 1172 2305 ⁴⁰
1220 2270 1525 2326 remixtum
1578 2275 1662 2323 est
1705 2269 1789 2336 ei;

186 2369 232 2416 et
272 2363 322 2417 in
367 2369 648 2435 quantum
691 2381 750 2420 se
786 2365 1108 2419 clariﬁcavit
1134 2369 1192 2420 et
1216 2364 1545 2420 deliciarum
1574 2363 1790 2430 habuit,

180 2456 230 2508 in
273 2461 491 2512 tantum
512 2460 557 2493 ⁴¹
609 2458 776 2512 datus
826 2464 909 2513 est
954 2459 1007 2513 ei
1047 2465 1103 2514 et
1153 2459 1433 2513 cruciatus
1483 2462 1541 2512 et
1584 2459 1788 2524 luctus,

182 2551 422 2620 quoniam
455 2551 516 2606 in
559 2551 731 2606 corde
760 2569 861 2606 suo
893 2551 1028 2607 dicit
1059 2569 1072 2606 :
1110 2552 1329 2623 Regina
1359 2567 1509 2622 sum,
1541 2555 1598 2606 et
1623 2551 1792 2606 vidua

185 2660 289 2698 esse
331 2663 438 2700 non
492 2663 745 2715 possum,
790 2664 898 2702 nec
946 2647 1162 2701 luctum
1208 2645 1402 2700 visura
1435 2663 1580 2700 sum.
1625 2647 1791 2716 Prop-

182 2742 315 2792 terea
342 2757 446 2794 una
469 2741 611 2794 hora
643 2740 826 2812 plagae
849 2741 972 2811 ejus
990 2739 1294 2794 advenient
1316 2741 1384 2808 ⁸³,
1411 2756 1584 2806 mors,
1608 2740 1790 2795 luctus

181 2839 227 2885 et
262 2833 452 2899 fames,
511 2837 566 2888 et
613 2834 732 2905 igni
779 2834 1140 2902 cremabitur,
1188 2834 1462 2904 quoniam
1507 2833 1666 2887 fortis
1706 2839 1790 2888 est

180 2927 427 2981 Dominus
490 2928 635 2982 Deus
685 2928 782 2998 qui
825 2945 953 2982 eam
998 2927 1305 2998 judicabit.
1365 2929 1431 2982 Et
1471 2927 1691 2982 ﬂebunt
1733 2931 1790 2980 et

181 3020 426 3091 plangant
454 3039 516 3075 se
555 3023 612 3075 in
654 3037 718 3076 ea
746 3037 906 3093 reges
943 3028 1108 3076 terra:
1137 3022 1235 3094 qui
1266 3037 1394 3075 cum
1429 3037 1499 3074 ea
1527 3020 1785 3075 fornicati

181 3118 293 3167 sunt
318 3121 368 3168 et
393 3115 450 3169 in
486 3115 708 3170 delictis
744 3114 794 3150 ⁸³
816 3116 1126 3170 conversati
1165 3121 1295 3169 sunt
1327 3136 1354 3164 »
1385 3116 1597 3185 (Apoc,
1631 3131 1784 3181 xvul,

186 3208 275 3273 14).
315 3211 447 3263 Item
484 3209 640 3280 apud
683 3209 880 3263 Isaiam
923 3227 935 3264 :
981 3230 1010 3257 «
1040 3209 1194 3264 Exite
1230 3209 1300 3263 de
1340 3209 1527 3263 medio
1566 3225 1782 3278 eorum,

183 3302 263 3370 qui
288 3303 438 3358 fertis
470 3321 601 3357 vasa
628 3305 672 3337 “
701 3303 926 3357 Domini
954 3326 979 3353 ››
1017 3303 1166 3372 (Isa.,
1200 3319 1294 3370 LII,
1326 3305 1432 3373 11).

181 3405 287 3458 CAP.
318 3407 512 3462 XXXV.
547 3434 614 3446 -
649 3411 809 3462 Deum
851 3408 926 3461 ad
962 3407 1057 3461 hoc
1097 3410 1395 3476 patientem
1432 3423 1558 3468 esse,
1590 3413 1649 3461 ut
1691 3421 1786 3460 nos

380 3490 649 3556 paeniteat
670 3489 878 3557 peccati
901 3489 1073 3541 nostri
1099 3493 1150 3541 et
1174 3489 1550 3554 reforme-mur.

239 3585 391 3653 Apud
421 3585 786 3640 Salomonem
826 3585 882 3638 iu
915 3584 1303 3639 Ecclesiastico
1337 3601 1349 3638 :
1381 3606 1408 3633 «
1437 3586 1515 3638 Ne
1555 3583 1782 3653 dixeris,

182 3675 405 3747 Peccavi,
448 3682 506 3733 et
555 3678 691 3748 quid
734 3677 941 3734 accidit
989 3677 1200 3732 mihi“
1238 3678 1448 3732 triste?
1490 3679 1584 3732 Est
1631 3677 1786 3731 enim

179 3770 473 3826 Altissimus
503 3773 553 3807 ⁵⁸
585 3772 807 3843 patiens
845 3771 1101 3826 redditor
1128 3793 1155 3820 »
1199 3772 1405 3840 (Eccli.,
1441 3787 1493 3838 ν,
1528 3770 1600 3840 4).
1643 3773 1785 3825 Item

182 3862 358 3918 Paulus
393 3866 464 3920 ad
511 3868 800 3921 Romanos
844 3883 856 3920 :
911 3887 937 3913 ‹‹
974 3871 1058 3919 An
1103 3864 1383 3935 numquid
1435 3863 1783 3935 opulentiam

179 3955 422 4013 bonitatis
452 3960 576 4030 ejus
619 3963 676 4013 et
715 3959 1038 4030 patientiam
1064 3959 1465 4026 "contemnis,
1518 3958 1786 4028 ignorans

183 4051 298 4118 quia
328 4052 550 4107 bonitas
602 4053 702 4107 Dei
742 4053 800 4106 in
850 4052 1242 4123 pcenitentiam
1291 4058 1344 4106 te
1386 4051 1663 4106 adducit?
1705 4051 1787 4106 Tu

181 4149 368 4211 autem,
416 4147 732 4201 secundum
775 4147 1038 4200 duritiam
1087 4150 1242 4200 tuam
1286 4152 1340 4200 et
1381 4162 1480 4200 cor
1519 4144 1783 4216 impaeni-

181 4239 306 4304 tens,
335 4239 679 4294 thesaurizas
707 4239 805 4294 tibi
832 4240 976 4293 iram
1007 4239 1064 4293 in
1093 4239 1183 4293 die
1219 4239 1319 4293 ira:
1347 4243 1402 4293 et
1430 4238 1787 4293 revelationis

174 4331 294 4398 justi
328 4334 526 4403 judicii
571 4333 692 4403 Dei,
734 4334 831 4405 qui
878 4333 1077 4388 reddet
1120 4333 1427 4404 unicuique
1473 4333 1783 4387 secundum

179 4441 334 4496 opera
361 4445 460 4483 sua
501 4452 530 4479 η
561 4430 757 4499 (Romo.
785 4445 845 4496 ιι,
879 4429 953 4497 4)ο

1807 4414 1865 4484 Ι)
1889 4424 2278 4496 Philippenses
2322 4442 2332 4477 :

1896 1789 2067 1843 lieres
2109 1790 2508 1861 promittentes
2549 1791 2860 1845 castitatem
2908 1809 3012 1862 per
3053 1793 3263 1847 bonam
3299 1812 3532 1849 conver-

1896 1883 2170 1937 sationem
2206 1905 2232 1932 »
2269 1884 2310 1954 (I
2356 1887 2515 1950 Tim.,
2547 1899 2605 1951 ιι,
2643 1883 2715 1954 9).
2761 1885 2835 1938 De
2875 1885 2979 1938 hoc
3024 1885 3143 1956 ipso
3187 1885 3246 1938 in
3286 1887 3528 1957 Epistula

1897 1977 2044 2030 Petri
2073 1978 2142 2031 ad
2189 1977 2452 2031 Ponticos
2496 1999 2506 2029 :
2553 1998 2581 2026 «
2610 1977 2690 2032 Sit
2732 1977 2789 2031 in
2836 1978 3076 2032 muliere
3118 1997 3229 2034 non
3286 1983 3529 2036 exterior

1897 2071 2220 2125 ornamenti
2265 2074 2362 2124 aut
2415 2070 2539 2125 auri
2589 2076 2687 2126 aut
2730 2072 2901 2126 vestis
2953 2072 3154 2143 cultus,
3201 2074 3298 2130 sed
3343 2075 3527 2130 cultus

1894 2164 2076 2218 cordis
2104 2186 2130 2215 »
2163 2165 2204 2235 (I
2233 2167 2399 2231 Petr.,
2440 2181 2517 2232 ιιι,
2550 2164 2626 2234 3).
2663 2167 2802 2220 Item
2837 2165 2895 2219 in
2938 2166 3144 2222 Genesi
3176 2184 3189 2221 :
3229 2169 3527 2222 «Thamar

1895 2257 2190 2327 cooperuit
2226 2275 2282 2311 se
2316 2257 2508 2328 pallio,
2556 2262 2614 2312 et
2647 2258 2986 2326 adornavit;
3017 2266 3072 2314 et
3118 2278 3246 2314 cum
3285 2263 3528 2332 aspexis-

1893 2356 1977 2404 set
2017 2367 2141 2405 eam
2187 2351 2379 2418 ludas,
2428 2352 2609 2406 visum
2663 2355 2749 2406 est
2798 2353 2849 2406 ei
2899 2355 3260 2409 meretricem
3306 2372 3448 2410 esse.
3495 2377 3521 2404 »

1895 2445 2065 2512 (Gen.,
2103 2461 2325 2507 xxxviii,
2357 2444 2469 2514 14).

1891 2557 2024 2613 CAP.
2073 2557 2314 2612 XXXVII.
2364 2587 2433 2598 —
2488 2558 2722 2612 Fidelem
2772 2573 2877 2612 non
2928 2565 3168 2630 oportere
3197 2561 3243 2594 ⁵³
3296 2563 3357 2615 ob
3411 2563 3524 2616 alia

2137 2638 2355 2700 delicta,
2385 2639 2493 2692 nisi
2517 2639 2581 2691 ob
2619 2654 2805 2692 nomen
2837 2640 3030 2702 solum,
3051 2643 3266 2709 puniri.

1961 2737 2021 2790 In
2057 2735 2310 2806 Epistola
2346 2736 2492 2792 Petri
2536 2736 2610 2791 ad
2649 2737 2908 2791 Ponticos
2948 2754 2960 2791 :
3006 2758 3033 2786 «
3062 2739 3174 2792 Nec
3215 2739 3516 2812 quisquam

1888 2832 2136 2884 vestrum
2177 2834 2448 2901 tanquam
2489 2831 2582 2885 fur
2608 2833 2709 2885 aut
2732 2830 3016 2885 homicida
3038 2831 3085 2866 δι
3114 2832 3384 2903 patiatur,
3425 2840 3523 2889 aut

1889 2927 2162 2994 tanquam
2198 2923 2512 2991 maleﬁcus,
2542 2929 2639 2978 aut
2667 2941 2830 2978 curas
2870 2925 3083 2979 alienas
3114 2941 3290 2996 agens
3311 2928 3379 2997 ⁵⁵,
3412 2929 3524 2999 (53)

1887 3016 1987 3070 sed
2015 3022 2282 3087 tanquam
2311 3016 2664 3074 Christianus
2693 3038 2717 3068 ι)
2747 3019 2787 3088 (I
2816 3021 2984 3079 Petr.,
3019 3036 3090 3085 IV,
3123 3020 3232 3089 15).

1887 3119 2018 3173 CAP.
2055 3120 2318 3173 XXXVIII.
2347 3150 2415 3160 —
2444 3121 2673 3175 Servum
2715 3124 2807 3175 Dei
2843 3124 3171 3176 innocentem
3202 3138 3308 3178 esse
3334 3124 3524 3180 debere

2206 3216 2272 3254 ne
2297 3202 2506 3254 incidat
2537 3203 2595 3254 in
2623 3217 2840 3270 pcenam
2863 3203 3194 3257 saecularem.

1959 3300 2020 3353 In
2047 3297 2292 3368 Epistula
2319 3297 2472 3353 Pauli
2504 3298 2574 3352 ad
2621 3300 2901 3353 Romanos
2933 3317 2945 3353 :
2979 3322 3006 3348 «
3041 3300 3132 3354 Vis
3163 3317 3279 3355 non
3314 3301 3519 3356 timere

1887 3392 2271 3462 potestatem?
2320 3393 2536 3445 Bonum
2596 3392 2718 3460 fac,
2767 3396 2825 3446 et
2879 3392 3121 3448 habebis
3175 3395 3398 3450 Iaudem
3454 3411 3520 3449 ex

1884 3487 1982 3540 illa
2003 3487 2050 3522 ³6
2079 3505 2106 3538 »
2135 3487 2329 3557 (Rom.,
2356 3501 2473 3553 xm,
2505 3488 2576 3558 3).

1886 3591 2017 3645 CAP.
2049 3589 2261 3643 XXXIX.
2295 3618 2364 3629 —
2393 3591 2594 3644 Datum
2627 3591 2779 3645 nobis
2811 3605 2919 3646 esse
2961 3591 3263 3660 exemplum
3301 3593 3524 3646 vivendi

2545 3671 2603 3724 in
2632 3670 2861 3726 Christo.

1958 3770 2017 3822 In
2056 3767 2307 3838 Epistola
2348 3766 2499 3821 Petri
2538 3768 2606 3821 ad
2655 3768 2954 3823 Ponticos:
3002 3789 3029 3818 κ
3058 3770 3315 3825 Christus
3365 3771 3518 3824 enim

1887 3879 2082 3933 passus
2127 3865 2210 3915 est
2258 3877 2358 3931 pro
2403 3860 2656 3922 nobis“,
2693 3861 3025 3933 relinquens
3069 3863 3225 3917 vobis
3248 3864 3295 3897 ⁵⁸
3323 3881 3514 3918 exem-

1888 3957 2062 4026 plum,
2100 3963 2160 4008 ut
2204 3954 2523 4025 sequamini
2569 3954 2803 4024 vestigia
2843 3956 2966 4026 ejus
3010 3974 3022 4011 :
3071 3957 3167 4028 qui
3218 3961 3517 4026 peccatum

1887 4066 2002 4103 non
2043 4051 2194 4116 fecit,
2228 4064 2331 4103 nec
2373 4048 2532 4102 dolus
2563 4049 2828 4104 inventus
2872 4053 2957 4104 est
3002 4050 3055 4104 in
3101 4067 3199 4104 ore
3243 4051 3394 4120 ejus;
3424 4051 3521 4121 qui

1887 4159 2018 4197 cum
2052 4142 2517 4212 malediceretur,
2561 4160 2675 4197 non
2703 4143 3068 4200 remaledixit
3090 4145 3158 4210 59;
3193 4161 3322 4198 cum
3361 4148 3519 4216 pate-

1889 4240 2064 4303 retur,
2095 4252 2208 4290 non
2253 4235 2575 4291 minabatur
2597 4237 2646 4270 ⁵ο
2673 4278 2687 4304 ,
2735 4236 2998 4291 tradebat
3043 4240 3235 4291 autem
3279 4253 3336 4292 se
3368 4237 3520 4308 judi-

1889 4330 2113 4384 canti‘“
2169 4330 2375 4399 injuste
2423 4330 2464 4401 (I
2513 4334 2680 4393 Petr.,
2729 4347 2785 4396 Il,
2833 4332 2938 4400 2i).
2995 4333 3138 4386 Item
3191 4331 3398 4386 Paulus
3448 4331 3518 4385 ad

2384 4445 2410 4472 ‹‹
2460 4424 2566 4487 Qui
2603 4424 2660 4477 in
2709 4423 2891 4494 tigura
2936 4424 3033 4479 Dei
3057 4424 3104 4458 δ’
3150 4424 3514 4492 constitutus,

1529 4562 1738 4627 Variae
1789 4563 2125 4626 lectiones.

234 4681 269 4712 ³³
299 4681 504 4732 Patrem
538 4682 634 4746 qui
669 4693 798 4731 eum
829 4680 978 4731 misit
1009 4684 1264 4733 Lam.NC.
1295 4682 1339 4730 1.
1380 4681 1515 4729 Voss.
1546 4679 1592 4729 3.
1636 4685 1674 4713 ³³
1701 4681 1950 4731 Honorat
1976 4683 2111 4731 Cotl.
2159 4677 2199 4710 ³⁴
2228 4677 2466 4741 Populos
2499 4681 2623 4727 tuos
2647 4677 2771 4727 Bod.
2795 4679 2841 4727 4.
2876 4680 3009 4729 Gott.
3082 4681 3120 4708 ³⁵
3149 4678 3268 4727 Non
3308 4676 3511 4728 debere

179 4749 307 4800 Corb.

183 4819 286 4880 1,3,
314 4822 357 4869 4.

398 4752 437 4783 κ
467 4752 600 4800 Vias
625 4751 872 4814 gentium
906 4751 1038 4801 Bod.
1068 4751 1118 4811 2,
1149 4752 1196 4799 4.
1266 4749 1305 4783 ³⁷
1331 4749 1397 4799 Et
1425 4749 1524 4799 ﬁat
1552 4751 1826 4813 particeps
1854 4751 2048 4813 plagm,
2082 4750 2136 4798 in
2171 4750 2340 4810 Apoc.
2373 4747 2491 4798 But.
2525 4752 2566 4806 t,
2594 4749 2645 4808 2,
2670 4750 2715 4798 4.

430 4822 467 4854 ³⁸
495 4820 709 4871 Reddet
740 4823 788 4871 ei
817 4821 984 4883 dupla
1010 4823 1144 4872 Gott.
1211 4822 1252 4851 ⁴”
1284 4820 1529 4883 Duplum
1557 4823 1836 4871 remiscuit
1859 4820 1985 4871 Bod.
2017 4823 2062 4869 1.

2817 4748 2858 4782 ³⁸
2892 4747 3208 4812 Iniquitatis
3239 4749 3356 4810 ejus
3389 4748 3516 4798 Bod.

2146 4820 2185 4850 ⁴¹
2221 4818 2459 4867 Tantum
2497 4819 2685 4868 datum
2717 4820 2840 4869 Bod.
2870 4820 2912 4868 2.
2943 4820 3116 4868 Datur
3146 4818 3274 4868 Bod.
3305 4820 3348 4878 I,
3382 4819 3427 4878 2,
3464 4825 3511 4867 3.

178 4871 218 4918 ⁴ί
241 4871 504 4942 Adveniet
544 4891 667 4942 Bod.
705 4893 746 4940 I.
816 4891 856 4922 ⁴³
882 4871 1112 4941 Deliciis
1155 4890 1310 4938 anon.
1375 4871 1419 4922 3‘
1449 4890 1556 4952 Qui
1593 4893 1820 4955 portatis
1844 4905 1971 4940 vasa
1996 4895 2136 4942 Gott.
2203 4891 2245 4922 ‘5
2283 4889 2349 4937 Et
2379 4889 2511 4952 quid
2538 4889 2743 4940 accidit
2768 4889 2944 4938 mihi?
2973 4893 3057 4940 est
3088 4887 3234 4940 Corb.
3259 4871 3517 4940 Tristitia:

178 4959 290 5008 Bod.
314 4961 358 5009 ἑ.
425 4964 468 4993 ⁴⁶
501 4963 740 5023 Patiens,
773 4967 822 5012 et
854 4962 1166 5012 redditurus
1195 4965 1333 5014 Cott.
1364 4962 1682 5012 Altissimus
1717 4967 1770 5012 et
1801 4960 2234 5025 patientissimus
2264 4961 2406 5008 Lam.
2436 4959 2557 5008 Bod.
2590 4961 2637 5008 9..
2671 4961 2777 5010 ΝΟ.
2813 4961 2858 5006 1.
2926 4958 2966 4992 ⁴⁷
2992 4959 3080 5008 An
3111 4957 3332 5007 divitias
3361 4958 3519 5007 boni-

181 5030 308 5085 tatis,
331 5036 380 5080 et
405 5032 835 5094 longanimitatis
865 5035 1004 5095 ejus,
1038 5037 1089 5082 et
1122 5033 1438 5093 patientiam
1471 5036 1604 5084 (ἔθη.
1671 5032 1713 5064 ⁴²
1743 5033 1912 5082 Pallio
1934 5044 2209 5094 purpureo
2237 5033 2290 5079 et
2320 5031 2581 5078 coccineo
2601 5029 2743 5081 (Jorb.
2812 5028 2854 5062 ⁸³
2885 5029 3018 5079 Item
3046 5029 3252 5078 Paulus
3273 5029 3340 5077 ad
3371 5030 3512 5078 Tim.

182 5101 303 5148 Lam.
329 5103 450 5151 Bod.
479 5106 522 5152 :3.
562 5104 670 5152 Lin.
699 5105 857 5153 NCJ.

180 5170 416 5229 pretiosis
449 5173 572 5222 Bml.
609 5173 655 5220 2.
743 5176 780 5204 δ’
803 5172 1047 5222 Fidelem
1079 5186 1189 5221 non
1217 5174 1416 5222 debere
1446 5173 1593 5225 Cnrb.

179 5241 420 5299 puniatur
445 5242 573 5292 Buri.
618 5244 663 5291 Ξ.
702 5244 880 5294 Alieni
918 5243 1232 5306 speculator
1263 5245 1394 5293 Tert.

931 5101 970 5135 5°
1000 5102 1140 5158 Sint,
1171 5103 1368 5164 inquit,
1402 5104 1662 5154 mulieres
1695 5103 1819 5153 Bod.
1853 5103 1898 5149 2.
1968 5104 2004 5133 5'
2035 5104 2201 5152 Auro.
2235 5113 2338 5149 nec
2367 5105 2590 5163 argento
2621 5103 2754 5151 Cult.

943 5174 952 5189 .
1033 5188 1036 5189 ,
1235 5174 1342 5189 ,
1399 5187 1408 5189 _
1451 5177 1484 5189 ι.
1555 5173 1566 5189 ι
1692 5175 1726 5189 ι.
1763 5171 2100 5189 “manu”-
2136 5186 2299 5189 --μμ
2622 5174 2655 5189 ι.
2693 5175 2732 5189 ,,

1495 5173 1593 5222 arb.
1691 5175 1729 5205 ⁵⁴
1761 5171 2106 5221 Homicidam
2132 5186 2302 5234 agens
2328 5173 2586 5234 puniatur
2619 5174 2750 5221 Coit.

1495 5245 1535 5276 ⁵⁸⁵
1561 5243 1804 5293 Laudem
1847 5241 1914 5291 ab
1946 5242 2036 5291 illa
2063 5245 2202 5292 Lam.
2232 5245 2337 5293 ΝΟ.
2371 5243 2412 5291 1.
2445 5241 2567 5291 Brut.
2601 5242 2646 5290 Δ.
2747 5247 2750 5274 ε

2840 5104 2878 5132 ⁵³
2909 5101 3097 5162 Neque
3127 5101 3182 5148 in
3211 5101 3518 5161 margaritis

2842 5175 2880 5204 ⁵⁵
2909 5171 3082 5220 Cures
3113 5171 3324 5219 alienas
3349 5185 3519 5234 agens

2747 5240 2785 5274 ⁵⁷
2812 5241 3068 5292 Christus
3093 5254 3288 5304 passus
3317 5247 3400 5291 est
3426 5257 3522 5305 pro

180 5311 321 5360 vobis
355 5315 476 5364 T/iu.
514 5314 658 5364 Cnrb.
693 5319 827 5366 Coti.
895 5316 938 5349 53
967 5315 1309 5379 Relinquens
1336 5315 1655 5379 exemplum
1682 5314 1810 5365 Bod.
1839 5316 1884 5372 I,
1914 5318 1958 5361 3.
2027 5312 2066 5345 ⁵³
2097 5314 2214 5363 Non
2243 5310 2750 5361 maledicebatBod.
2774 5318 2822 5362 2.
2893 5309 2935 5343 σο
2983 5311 3100 5361 Non
3142 5311 3522 5362 comminaba~

181 5382 255 5428 tur
279 5383 418 5433 Coro.
489 5383 533 5416 ⁶¹
555 5385 837 5435 Judicanti
860 5399 920 5436 se
951 5385 1080 5437 Bod.
1109 5391 1154 5434 3.
1222 5386 1264 5418 ⁸³
1295 5384 1440 5437 Cum
1477 5387 1532 5435 in
1556 5385 1733 5449 ﬁgura
1763 5386 1865 5436 Dei
1896 5385 2233 5435 constitutus
2260 5386 2404 5434 esset
2433 5385 2569 5434 Gott.

1454 5514 1676 5596 Steph.
1726 5513 1970 5576 Baluzii
2013 5519 2208 5576 notas.

235 5655 324 5715 (53)
365 5656 538 5707 Curris
577 5656 787 5708 alienas
820 5671 998 5721 agens.
1038 5659 1131 5711 Sic
1177 5658 1344 5710 etiam
1387 5657 1522 5723 legit
1565 5660 1793 5708 sanctus
1825 5655 2176 5719 Augustinus
2213 5655 2268 5704 in
2302 5656 2650 5720 Expositione
2675 5652 2939 5704 inchoata
2962 5651 3229 5718 :epistolaa
3262 5650 3420 5702 Pauli
3457 5648 3528 5698 ad

181 5724 436 5789 Romanos,
466 5741 583 5793 cap.
619 5730 692 5779 10.
