4032 6180
453 220 557 275 787
1364 219 1421 276 s.
1462 221 1778 279 CYPRIANI
1816 222 2089 281 eranum
2128 196 2300 280 Pius
2337 224 2397 278 ιι.
2440 254 2508 265 -
2545 222 2912 281 OPUSCULA.
3702 220 3811 281 733

445 362 564 401 non
598 344 858 417 rapinam
892 346 1202 402 arbitratus
1244 353 1329 402 est
1370 363 1489 402 esse
1530 364 1590 403 se
1628 348 1910 421 aequalem
1937 350 2073 415 Deo,
2098 362 2158 433 Α
2180 354 2237 404 et
2260 355 2427 404 erunt
2457 349 2614 404 vobis
2641 373 2669 399 ››
2705 352 2919 419 (Mare,
2949 366 3024 416 ιι,
3051 349 3165 416 24).
3195 350 3339 403 Item
3363 348 3481 403 illic
3509 364 3521 403 :
3550 370 3577 398 α
3607 349 3816 405 Omnia

448 440 549 494 sed
572 441 619 474 ⁸³
660 456 719 494 se
761 440 1067 494 exinauivit
1090 443 1158 507 δι,
1201 440 1443 495 formam
1490 441 1637 496 servi
1680 442 1978 512 accipiens,
2018 441 2077 496 in
2179 443 2468 515 possibilia
2495 444 2546 479 ⁸¹ο
2575 444 2831 499 credenti
2864 463 2892 494 »
2923 444 3136 515 (Mam,
3173 458 3245 509 ιχ,
3289 444 3402 513 22).
3434 443 3599 514 Apud
3634 444 3819 499 Haba-

447 532 879 588 similitudinem
904 536 950 569 ⁶δ
1000 534 1253 589 hominis
1304 535 1484 590 factus
1506 578 1519 603 ,
1574 538 1630 591 et
1679 535 1875 590 habitu
1898 535 1941 571 ⁸⁸
1998 536 2081 590 in-
2179 552 2281 590 cuc
2315 553 2326 591 :
2358 559 2385 585 ‹‹
2411 538 2599 592 Justus
2623 541 2813 592 autem
2852 555 2913 592 ex
2949 538 3056 592 ﬁde
3090 553 3219 591 mea
3250 536 3387 591 vivit
3412 536 3460 571 ⁸⁸
3489 557 3517 586 n
3549 537 3815 605 (Habac.,

446 630 647 681 ventus
693 629 754 680 ut
800 628 997 683 homo.
1047 628 1374 683 Humiliavit
1426 645 1519 697 se,
1577 629 1757 683 factus
1808 628 2077 683 obediens
2178 647 2234 695 ιι,
2266 632 2339 699 4).
2368 632 2507 686 Item
2547 629 2741 704 758
2776 630 2835 685 in
2868 631 3138 687 Daniele:
3188 651 3217 680 «
3259 630 3532 697 Ananias,
3562 632 3814 700 Azarias,

447 736 628 792 usque
665 720 735 775 ad
777 724 1042 789 mortem,
1074 726 1322 776 mortem
1363 726 1556 777 autem
1599 723 1797 776 crucis.
1842 724 2079 793 Propter
2178 725 2406 780 Misahel
2454 725 2755 780 credentes
2800 727 2936 795 Deo,
2964 725 3184 781 liberati
3219 730 3353 781 sunt
3372 726 3419 761 ⁸⁸
3468 724 3539 780 de
3586 725 3819 781 Itamma

448 815 602 886 quod
630 820 685 870 et
719 816 863 869 Deus
893 814 1079 888 757
1114 816 1380 871 exaltavit
1411 816 1594 885 illum,
1644 820 1701 870 et
1740 816 1970 870 donavit
1993 816 2076 870 illi

2201 819 2327 891 gnis
2356 840 2383 868 η
2415 820 2603 890 (Dan.,
2634 837 2711 886 ιιι,
2745 820 2835 890 24,
2866 819 2978 889 25).

447 925 660 963 nomen
702 913 763 963 ut
801 909 874 964 sit
912 927 1080 981 super
1107 926 1276 966 omne
1306 925 1523 964 nomen
1547 911 1617 977 ⁸⁷,
1644 914 1708 965 ut
1744 910 1802 965 in
1847 910 2077 965 nomine
2178 924 2305 979 (λυ),
2343 922 2519 979 xu".
2549 954 2616 964 _
2642 925 2800 979 posse
2841 941 2959 979 eum
2998 927 3186 979 statim
3217 926 3467 994 consequi
3494 924 3539 959 ιιι
3570 927 3667 996 qui
3699 940 3819 983 vere

444 1005 575 1058 Jesu
600 1005 650 1038 6⁸
672 1020 841 1059 omne
870 1021 1023 1075 genu
1046 1008 1333 1071 curvetur,
1358 1004 1692 1073 caelestium,
1715 1005 2075 1060 terrestrium
2838 1006 3145 1061 crediderit.

448 1102 504 1151 ct
530 1097 908 1165 infernorum,
942 1103 997 1153 et
1033 1098 1219 1153 omnis
1255 1098 1451 1169 lingua
1492 1098 1832 1153 conﬁteatur
1854 1100 1911 1134 ⁶⁹
1941 1098 2076 1171 quia
2248 1099 2309 1151 In
2350 1098 2580 1153 Actibus
2629 1100 3019 1170 apostolorum
3051 1116 3063 1154 :
3106 1121 3133 1149 «
3171 1101 3312 1154 Ecce
3340 1115 3507 1172 aqua,
3549 1099 3688 1171 quid
3731 1104 3816 1155 est

450 1192 724 1246 Dominus
762 1194 920 1246 Jesus
962 1193 1218 1247 Christus
1261 1192 1318 1245 in
1364 1192 1544 1262 gloria
1575 1195 1658 1246 est
1693 1192 1789 1247 Dei
1836 1193 2015 1247 Patris
2042 1214 2070 1241 ››
2178 1192 2333 1262 quod
2382 1209 2475 1247 me
2518 1193 2763 1265 impedit
2793 1193 3067 1265 baptizari
3089 1193 3180 1249 t’3‘?
3218 1194 3374 1249 Tunc
3424 1193 3571 1249 dixit
3594 1194 3643 1229 ⁸9
3691 1193 3825 1249 Phi-

448 1285 733 1355 (Phitipp.,
777 1301 833 1352 ιι,
863 1286 1030 1353 6-11).
1065 1287 1141 1338 De
1186 1285 1290 1338 hoc
1328 1285 1452 1355 ipso
1494 1285 1555 1340 in
1596 1285 1902 1356 Evangelio
1947 1288 2075 1340 cata
2174 1266 2365 1357 lippus
2395 1303 2407 1341 :
2441 1286 2496 1342 Si
2522 1287 2703 1342 credis
2755 1304 2819 1343 ex
2854 1290 2969 1343 toto
3007 1287 3177 1344 corde
3207 1288 3257 1323 9°
3287 1291 3403 1357 tuo,
3431 1287 3615 1344 licet»
3650 1290 3824 1358 (Act,

445 1380 763 1434 Joannem:
797 1399 824 1427 «
848 1379 903 1433 Si
938 1396 1044 1445 ego
1092 1379 1195 1432 lavi
1238 1378 1411 1450 pedes
1451 1384 1663 1434 vestros
1705 1380 1978 1450 magister
2020 1386 2075 1432 et

446 1472 729 1536 dominus,
780 1477 837 1525 et
880 1488 973 1525 Vos
1021 1472 1234 1526 debetis
1263 1473 1311 1505 ⁷ο
1352 1472 1597 1527 aliorum
1639 1473 1814 1543 pedes
1861 1473 2069 1526 lavare.

2172 1394 2291 1434 vni.
2323 1383 2432 1434 36).

2175 1394 2270 1433 VIII
2323 1384 2432 1434 36.

2175 1421 2301 1529 ΩΑιῙ.
2335 1384 2510 1529 Χιῖιν.
2544 1505 2604 1515 -—
2634 1477 2842 1530 Fideles
2870 1479 3011 1531 inter
3040 1493 3095 1533 se
3123 1478 3478 1547 disceptantes
3496 1491 3604 1531 non
3635 1475 3826 1531 debere

442 1565 779 1635 Exemplum
810 1566 963 1619 enim
997 1566 1127 1619 dedi
1154 1566 1330 1633 vobis,
1367 1570 1446 1633 ut,
1481 1566 1622 1620 sicut
1650 1582 1757 1637 ego
1786 1565 1892 1620 feci
1914 1567 1985 1633 7‘,
2019 1571 2073 1621 et

442 1676 543 1713 vos
567 1659 688 1713 aliis
712 1659 928 1714 faciatis
951 1661 997 1693 ⁷²
1029 1682 1055 1709 ››
1088 1662 1293 1729 (Joan.,
1317 1676 1431 1726 xui,
1462 1659 1571 1731 14).

443 1797 575 1850 CAP.
602 1781 703 1834 XL.
732 1812 797 1819 -—
815 1782 931 1835 Non
946 1781 1225 1849 juctanter
1250 1795 1341 1834 nec
1372 1781 1697 1835 tumultuose
1724 1782 2072 1851 operandam.

523 1890 583 1942 In
614 1887 918 1959 Evangelio
941 1894 1063 1942 cata
1085 1888 1412 1943 Matthreum
1443 1903 1455 1941 :
1489 1908 1516 1936 ‹‹
1544 1888 1770 1942 Nesciet
1794 1888 2021 1942 sinistra
2040 1890 2087 1923 ⁷³

446 1986 539 2036 tua
571 1980 707 2053 quid
738 1981 901 2036 faciat
925 1982 1159 2036 dextera
1190 1986 1306 2050 tua,
1340 1984 1404 2035 ut
1431 1980 1503 2035 sit
1522 1982 1886 2053 eleemosyna
1915 1988 2011 2036 tua
2038 1984 2085 2017 7"

448 2077 508 2129 in
535 2075 904 2144 abscondito;
936 2080 992 2129 et
1024 2077 1188 2129 Pater
1226 2078 1374 2143 tuus,
1420 2074 1519 2146 qui
1560 2074 1717 2129 videt
1759 2074 1817 2129 in
1859 2075 2088 2130 abscon-

447 2169 584 2236 dito,
617 2169 813 2223 reddet
843 2169 963 2223 tibi.
1002 2193 1028 2218 ››
1059 2170 1200 2223 Item
1230 2168 1343 2223 illic
1374 2186 1385 2223 :
1423 2190 1449 2217 ‹‹
1480 2169 1622 2224 Cum
1660 2168 1795 2223 facis
1833 2169 2086 2224 eleemo-

447 2280 647 2334 synam
676 2264 793 2317 noli
822 2263 1124 2318 buccinare
1149 2263 1197 2295 7³
1223 2265 1354 2317 ante
1384 2266 1436 2317 te
1464 2262 1748 2333 quomodo
1775 2262 2088 2334 hypocrita

443 2358 656 2411 faciunt
683 2356 740 2410 in
770 2356 900 2411 vicis
921 2362 978 2411 et
996 2357 1303 2428 synagogis
1322 2361 1387 2411 ut
1416 2355 1795 2410 cIariIicentur
1818 2357 1866 2389 ⁷⁸
1893 2356 1963 2411 ab
1992 2356 2088 2411 ho-

450 2451 719 2505 minibus.
754 2454 934 2505 Amen
966 2451 1090 2505 dico
1128 2450 1308 2521 vobis,
1338 2450 1767 2521 compleverunt
1787 2451 1832 2483 ⁷⁷
1865 2466 2083 2506 merce-

448 2546 579 2599 dem
612 2561 773 2599 suam
803 2566 831 2594 »
867 2546 1108 2615 (Matth.,
1140 2561 1213 2614 v1,
1245 2548 1297 2614 3,
1331 2545 1409 2615 2).

484 2657 610 2712 CAP.
654 2658 781 2713 XLI.
816 2687 884 2697 —
910 2660 1094 2727 Inepte
1131 2662 1180 2711 et
1218 2657 1526 2712 scurriliter
1559 2671 1666 2710 non
1703 2656 2046 2726 loquendum.

521 2761 579 2815 In
608 2760 860 2831 Epistola
884 2760 1041 2816 Pauli
1079 2760 1154 2816 ad
1180 2759 1447 2831 Ephesios
1481 2775 1494 2813 :
1526 2780 1555 2810 ιι
1585 2758 2013 2829 Stultiloquium
2035 2759 2083 2793 73

453 2861 511 2911 et
537 2855 866 2919 scurrilitas,
912 2871 1039 2927 quae
1082 2854 1155 2909 ad
1197 2870 1318 2909 rem
1355 2869 1471 2909 non
1509 2853 1816 2924 pertinent,
1848 2868 1953 2907 nec
1988 2868 2086 2907 no-

452 2951 747 3006 minentur
776 2949 1010 3022 quidem
1039 2949 1096 3003 in
1127 2948 1287 3004 vobis
1315 2967 1342 2999 »
1376 2948 1617 3019 (Ephes.,
1645 2964 1698 3016 v,
1731 2945 1807 3018 4).

447 3066 581 3119 CAP.
610 3062 762 3117 XLII.
791 3092 859 3102 —-
884 3062 1067 3117 Fidem
1101 3063 1161 3115 in
1200 3065 1367 3115 totum
1393 3060 1440 3093 79
1472 3060 1749 3129 prodesse,
1785 3064 1835 3113 et
1872 3062 2085 3113 tantum

823 3158 917 3197 nos
936 3156 1092 3211 posse
1116 3146 1384 3211 quantum
1411 3140 1700 3196 credimus.

525 3252 587 3304 In
616 3249 821 3304 Genesi
850 3264 863 3303 :
897 3269 924 3297 «
954 3249 1019 3301 Et
1061 3246 1301 3301 credidit
1328 3246 1619 3301 Abraham
1649 3246 1762 3301 Deo
1781 3289 1794 3314 ,
1826 3249 1883 3300 et
1910 3248 1955 3281 ⁸ο
1985 3247 2088 3301 de-

462 3347 728 3415 putatum
760 3348 845 3397 est
887 3342 937 3397 ei
977 3342 1046 3396 ad
1075 3340 1358 3412 justitiam
1382 3341 1425 3375 ⁸¹
1456 3361 1484 3390 ››
1521 3342 1700 3411 (Gen.,
1731 3356 1820 3408 xv,
1851 3342 1924 3411 6).
1952 3342 2092 3396 Item

466 3437 618 3508 apud
649 3436 853 3491 Isaiam
883 3451 895 3489 :
930 3456 957 3485 ‹‹
986 3435 1054 3488 Et
1077 3434 1122 3489 si
1149 3450 1266 3490 non
1288 3433 1664 3501 credideritis,
1694 3449 1883 3505 neque
1914 3433 2086 3489 intel-

457 3530 644 3601 ligetis
680 3551 709 3579 »
744 3531 899 3601 (Isa.,
929 3546 1022 3599 vn,
1055 3529 1124 3599 9).
1158 3530 1298 3584 Item
1334 3530 1396 3583 in
1440 3527 1746 3599 Evangelia
1785 3531 1911 3582 cata
1951 3529 2086 3583 Mat-

458 3626 673 3679 thtcum
699 3641 711 3679 :
748 3645 776 3674 «
798 3623 1024 3679 Medicae
1046 3622 1203 3691 ﬁdei,
1235 3640 1410 3694 quare
1432 3622 1701 3678 dubitasti
1726 3622 1773 3658 ⁸³
1797 3645 1824 3672 ››
1847 3623 2089 3692 (Matth,

458 3736 563 3787 xxv,
597 3719 726 3787 3|)?
759 3721 899 3773 Item
938 3718 1051 3772 illic
1097 3734 1109 3771 :
1159 3739 1185 3767 ‹‹
1213 3717 1273 3773 Si
1313 3716 1631 3771 habueritis
1661 3715 1832 3770 ﬁdem
1857 3716 1904 3750 ⁸³
1932 3716 2092 3787 quasi

458 3829 701 3883 granum
742 3811 973 3882 sinapis,
1018 3811 1216 3867 dicetis
1253 3812 1434 3865 monti
1483 3810 1616 3864 huic
1660 3826 1672 3865 :
1716 3810 1914 3864 Transi
1957 3809 2090 3864 hinc

460 3907 572 3973 illo,
606 3912 663 3961 et
702 3906 984 3973 transibit,
1034 3910 1091 3960 et
1133 3905 1275 3960 nihil
1319 3904 1672 3977 impossibile
1715 3903 1825 3959 erit
1871 3904 2031 3958 vobis
2059 3926 2088 3953 ››

458 4002 702 4072 (Matth,
751 4016 881 4068 xvu,
934 4000 1041 4067 l9).
1091 4002 1233 4053 Item
1288 4003 1407 4054 cata
1446 4000 1694 4053 Marcum
1745 4014 1757 4053 :
1811 4019 1839 4047 α
1884 3998 2092 4054 Omnia

459 4111 817 4169 quaecunque
857 4095 1028 4150 oratis
1066 4099 1121 4150 et
1161 4093 1351 4166 petitis
1381 4094 1597 4149 credite
1626 4093 1764 4166 quia
1800 4092 2091 4163 accipietis

2595 1558 2854 1625 gentitem
2868 1557 3109 1626 judicem
3136 1560 3391 1627 experiri.

2248 1650 2308 1703 In
2342 1648 2590 1719 Epistola
2622 1650 2781 1704 Pauli
2817 1651 2888 1704 ad
2927 1650 3251 1705 Corinthios
3297 1651 3483 1721 prima
3512 1666 3524 1704 :
3574 1672 3602 1701 ι(
3634 1649 3827 1704 Audet

2100 1730 2157 1802 B
2181 1742 2485 1814 quisquam
2526 1746 2775 1798 vestrum
2805 1744 3074 1799 adversus
3113 1745 3357 1799 alterum
3391 1743 3683 1813 negotium
3716 1744 3817 1797 ha-

2187 1836 2330 1891 bens
2359 1836 2673 1907 disceptare
2697 1839 2745 1872 ⁹¹
2778 1838 2931 1909 apud
2962 1838 3222 1909 injustos,
3254 1842 3312 1893 et
3339 1854 3451 1892 non
3478 1837 3630 1908 apud
3657 1853 3819 1891 sanc-

2190 1934 2274 1985 tos
2296 1930 2385 1984 ’9?
2431 1934 2514 1986 An
2560 1931 2794 1986 nescitis
2843 1932 2974 2003 quia
3021 1934 3203 1987 sancti
3256 1933 3409 1989 hunc
3455 1930 3742 1986 mundum
3765 1931 3817 1964 ⁹³

2182 2023 2525 2094 judicabunt
2545 2024 2572 2078 ?
2600 2046 2628 2074 »
2663 2027 2729 2080 Et
2758 2028 2964 2080 iterum
2997 2043 3010 2081 :
3054 2048 3082 2076 ‹‹
3113 2029 3236 2081 Jam
3275 2025 3506 2096 quidem
3545 2025 3604 2078 in
3632 2027 3823 2079 totum

2188 2117 2457 2172 delictum
2480 2119 2527 2152 9‘
2555 2119 2615 2172 in
2659 2119 2813 2173 vobis
2858 2126 2964 2185 est,
2996 2121 3131 2190 quia
3166 2120 3381 2190 judicia
3427 2117 3649 2173 habetis
3687 2134 3824 2172 cum

2188 2211 2433 2266 invicem
2454 2213 2524 2267 οῖ’.
2557 2212 2743 2276 Quare
2774 2230 2888 2268 non
2917 2214 3101 2284 magis
3146 2213 3415 2281 injuriam
3447 2212 3704 2283 patimini
3727 2210 3824 2264 9°?

2186 2311 2283 2360 aut
2313 2322 2489 2376 quare
2511 2321 2629 2360 non
2655 2307 2838 2377 magis
2867 2306 3213 2362 fraudamini
3236 2306 3263 2360 ?
3291 2305 3401 2361 Sed
3429 2322 3525 2358 vos
3550 2305 3822 2374 iujuriam

2186 2398 2368 2454 facitis
2393 2405 2448 2453 et
2475 2399 2767 2467 fraudatis,
2797 2404 2854 2456 et
2879 2400 2988 2455 hoc
3008 2401 3055 2435 9"
3080 2399 3381 2455 fratribus!
3413 2403 3498 2453 An
3526 2398 3752 2453 nescitis
3767 2400 3822 2432 ³⁸

2187 2492 2462 2562 quoniam
2492 2492 2691 2563 injusti
2718 2509 2963 2565 regnum
2994 2493 3091 2548 Dei
3134 2509 3253 2549 non
3277 2492 3752 2564 consequentur”
3786 2512 3817 2541 ››

2190 2588 2231 2656 (1
2260 2586 2405 2648 Cor.,
2438 2602 2515 2654 γι,
2552 2585 2706 2656 I-9)?

2188 2694 2315 2748 Car.
2364 2693 2513 2747 XLV.
2563 2722 2635 2734 —
2679 2693 2839 2763 Spem
2879 2696 3197 2762 futurorum
3238 2710 3365 2756 esse,
3418 2700 3468 2748 et
3508 2693 3625 2747 ideo
3661 2692 3823 2761 ﬁdem

2257 2779 2500 2829 nostram
2527 2776 2673 2830 circa
2696 2779 2712 2808 ‘
2738 2789 2858 2844 qua
2893 2778 3161 2845 promissa
3196 2781 3328 2830 sunt
3364 2777 3662 2846 patientem
3710 2787 3828 2827 esse

2258 2854 2463 2909 debere.

2258 2948 2320 3001 In
2364 2946 2615 3019 Epistola
2665 2948 2823 3003 Pauli
2874 2948 2945 3004 ad
2993 2950 3281 3004 Romanos
3328 2966 3339 3003 :
3389 2970 3417 2998 «
3466 2948 3576 3019 Spe
3624 2945 3829 3001 salvati

2187 3057 2405 3096 sumus.
2431 3042 2574 3113 Spes
2602 3046 2795 3098 autem
2830 3059 2960 3114 quae
2988 3042 3209 3098 videtur
3233 3059 3347 3097 non
3375 3047 3461 3098 est
3489 3058 3632 3113 spes.
3660 3040 3827 3105 Quod

2108 3101 2163 3175 Ο
2194 3136 2353 3190 enim
2378 3101 2530 3191 videt
2557 3135 2706 3207 quis,
2733 3101 2871 3207 quid
2906 3136 3143 3208 sperat?
3169 3136 3223 3191 Si
3270 3140 3467 3191 autem
3509 3101 3663 3207 quod
3681 3101 3825 3189 vnon

2190 3228 2455 3284 videmus
2499 3246 2812 3300 speramus,
2858 3245 2961 3301 per
3010 3230 3387 3301 patientiam2
3445 3245 3742 3301 speramus
3794 3248 3824 3280 ι)

2193 3324 2384 3395 (Rom,
2420 3339 2534 3393 vm,
2569 3321 2680 3394 24).

2260 3437 2389 3491 CAP.
2416 3436 2590 3491 XLVI.
2611 3466 2680 3477 —
2699 3438 2979 3491 Mulierem
3007 3439 3066 3491 in
3090 3438 3311 3492 ecclesia
3340 3441 3512 3492 tacere
3538 3437 3744 3492 debere.

2263 3532 2325 3584 In
2369 3530 2614 3601 Epistola
2654 3531 2812 3585 Pauli
2866 3531 2941 3585 ad
2985 3531 3306 3587 Corinthios
3348 3532 3531 3602 prima
3578 3547 3590 3586 ε
3640 3552 3669 3579 (ι
3710 3531 3829 3585 Μει-

2191 3623 2400 3678 lieres3
2442 3625 2500 3679 in
2554 3624 2801 3679 Ecclesia
2847 3628 3095 3679 taceant.
3147 3624 3205 3680 Si
3258 3642 3385 3697 quae
3432 3629 3623 3678 autem
3674 3624 3826 3695 quid

2188 3718 2378 3774 dicere
2412 3718 2627 3785 volunt,
2660 3718 2817 3773 domi
2850 3718 2995 3773 viros
3037 3736 3165 3773 suos
3204 3719 3559 3789 interrogent
3594 3721 3634 3787 (I
3666 3718 3824 3782 Cor.,

2190 3828 2302 3881 xxv,
2331 3812 2444 3881 34).
2474 3814 2616 3866 Item
2660 3812 2729 3866 ad
2760 3812 3118 3867 Timotheum
3157 3829 3167 3867 :
3199 3835 3228 3861 ‹‹
3263 3813 3460 3867 Mulier
3495 3830 3624 3866 cum
3653 3812 3828 3865 silen-

2192 3906 2271 3960 tio
2298 3905 2474 3960 discat
2495 3905 2553 3959 in
2588 3906 2749 3960 omni
2774 3907 3130 3977 subjectione
3153 3908 3195 3960 ⁵.
3229 3908 3444 3961 Docere
3472 3910 3663 3960 autem
3699 3923 3828 3960 mu-

2188 3999 2386 4054 lierem
2415 4016 2531 4054 non
2564 4000 2863 4070 permitto,
2889 4017 3073 4071 neque
3098 3999 3456 4071 praepositam
3478 4005 3499 4039 ⁶
3526 4017 3647 4054 esse
3678 4000 3823 4069 viro,

2191 4092 2289 4148 sed
2318 4109 2442 4148 esse
2483 4093 2543 4147 in
2580 4093 2831 4148 silentio.
2866 4094 3047 4149 Adam
3087 4094 3240 4148 enim
3282 4092 3501 4166 primus
3542 4094 3827 4148 formatus

1844 4290 2052 4353 Variae
2104 4290 2443 4354 lectiones.

519 4448 560 4479 ⁸³
591 4446 698 4498 Sed
726 4447 1087 4511 semetipsum
1120 4444 1243 4495 Bod.
1275 4446 1318 4504 I,
1342 4445 1388 4495 t.
1419 4446 1553 4497 Gott.
1618 4442 1661 4476 ⁸*
1691 4430 1934 4511 Inanivit
1962 4443 2085 4491 Tim.
2111 4444 2259 4495 Gorb.
2324 4443 2371 4477 ⁸⁵
2394 4444 2455 4494 Ιιι
2481 4445 2845 4496 similitudine
2870 4446 2994 4497 Bod.
3029 4448 3078 4506 I,
3104 4445 3153 4505 Ξ,
3192 4446 3240 4507 3,
3276 4446 3323 4495 4.
3359 4444 3504 4497 Corb.
3543 4445 3661 4494 Tim.
3693 4446 3821 4496 Ho-

459 4521 674 4568 minum
703 4517 828 4569 Bod.
858 4518 906 4567 2.
996 4516 1040 4549 ⁸⁸
1074 4516 1134 4564 In
1166 4516 1348 4579 specie
1378 4516 1640 4564 inventus
1667 4515 1805 4564 Gott.

1893 4509 1936 4544 ⁸⁷
1962 4512 2175 4562 Nomen
2201 4513 2352 4575 quod
2380 4519 2466 4565 est
2494 4529 2661 4579 super
2681 4517 2805 4568 Bod.
2828 4518 2874 4567 3.
2914 4517 3033 4566 Tim.
3063 4519 3191 4569 Gott.
3280 4514 3324 4549 ⁸³
3353 4516 3629 4566 Flectetur
3659 4530 3829 4567 omne

460 4605 607 4649 genu
634 4593 767 4642 Gott.
797 4588 957 4639 Genu
989 4593 1221 4638 curvent
1244 4586 1367 4636 Bod.
1401 4589 1448 4647 I,
1473 4585 1520 4645 2,
1549 4585 1595 4633 4.
1637 4583 1759 4634 ΤΙιιι.
1829 4582 1872 4614 ⁶⁹
1902 4581 2245 4634 Conﬁteatur
2269 4585 2385 4635 Deo
2407 4588 2549 4637 Lam.
2582 4591 2687 4640 NG.
2726 4590 2773 4638 1.
2802 4591 2938 4641 Gott.
3004 4586 3046 4620 7°
3071 4589 3224 4638 Alter
3247 4588 3472 4637 alterius
3497 4585 3665 4650 pedes
3685 4590 3826 4639 Gott.

454 4663 496 4695 7'
522 4664 639 4721 Ego
670 4662 776 4711 feci
798 4660 953 4710 vobis
983 4664 1115 4711 Gott.
1182 4658 1223 4691 ⁷⁸
1246 4659 1315 4707 Et
1346 4671 1445 4707 vos
1474 4656 1690 4706 faciatis
1714 4652 1841 4703 Bod.
1877 4653 1937 4723 I.
1960 4652 2093 4701 Voss.
2128 4657 2174 4701 3.
2241 4652 2282 4686 ⁷³
2315 4654 2549 4706 Sinistra
2568 4659 2702 4723 quid
2730 4663 2874 4711 Lam.
2913 4657 3021 4710 ΝΟ.
3055 4659 3175 4707 Thu.
3240 4657 3282 4690 ¹¹⁴
3308 4659 3369 4708 In
3395 4658 3671 4709 absconso
3696 4659 3826 4708 Bod.

456 4735 501 4783 2.
529 4735 665 4784 Gott.
691 4731 831 4779 Lam.
863 4731 971 4779 Lin.
1007 4729 1129 4779 Bod.
1162 4729 1207 4777 2.
1234 4732 1340 4781 NG.
1370 4730 1414 4777 1.
1447 4728 1583 4777 Gott.
1625 4725 1758 4771 Voss.
1778 4724 1825 4771 4.

1906 4722 1960 4771 ,⁷⁵
1991 4723 2115 4773 Noli
2148 4724 2279 4774 tuba
2307 4738 2505 4777 canere
2524 4722 2638 4779 Li’h.
2666 4731 2772 4781 NG.
2795 4729 2841 4778 2.
2876 4729 3225 4777 Tumultuari
3250 4728 3376 4779 Bod.
3401 4734 3449 4777 3.
3494 4732 3669 4779 Benev.
3708 4730 3827 4778 Ver.

463 4805 600 4852 Voss.
629 4803 674 4851 4.
742 4799 785 4833 ⁷⁸
813 4800 1256 4850 Honorificentur
1283 4801 1417 4851 Gott.
1486 4794 1527 4828 ⁷⁷
1548 4796 1927 4843 Pensaverunt
1964 4796 2105 4843 Lam.
2138 4796 2252 4845 Lin.
2291 4796 2409 4845 Tim.
2441 4798 2549 4850 ΝΟ,
2578 4801 2627 4849 1,
2662 4799 2813 4852 Corb,
2858 4800 2985 4851 Had;
3027 4800 3077 4858 2,
3115 4802 3160 4846 Ii.
3204 4799 3576 4863 Perceperunt
3620 4803 3727 4851 Nc.
3776 4803 3827 4850 2.

455 4876 589 4925 (litt.
621 4872 970 4933 Receperunt
997 4874 1034 4919 Β
1065 4870 1117 4916 (1.
1158 4872 1292 4919 Voss.
1319 4870 1364 4916 3.
1405 4866 1918 4926 Compensaverunt
1941 4864 2119 4912 Benev.
2164 4866 2278 4913 Ver.
2344 4864 2387 4899 ⁷³
2418 4866 2835 4934 Multiloquium
2870 4869 2992 4920 Bod.
3028 4875 3071 4918 3.
3137 4869 3179 4904 ⁷³
3204 4869 3398 4920 Fidem
3427 4876 3643 4921 tantum
3688 4874 3830 4921 Voss.

458 4949 503 4999 3,
538 4944 585 4991 4.
614 4944 717 4994 NG.
750 4942 796 4990 ‘2.
832 4941 1022 4990 Fidem
1050 4939 1306 5001 prodesse
1342 4938 1462 4986 Tha.
1532 4935 1572 4967 ⁸ο
1598 4935 1935 5003 Reputatum
1964 4936 2077 4985 Gott
2162 4935 2202 4968 ⁸⁸
2231 4936 2292 4984 In
2319 4937 2592 4998 justitiam
2615 4943 2749 4991 Gott.
2821 4938 2861 4972 ⁸²
2894 4939 2976 4989 Ad
3007 4940 3143 5003 quid
3170 4939 3435 4990 dubitasti
3462 4944 3602 4992 Lam.
3633 4945 3740 4993 NG.
3783 4944 3829 4991 1ο

455 5013 581 5062 [in].
614 5015 661 5072 εὶ,
691 5017 733 5060 4.
769 5013 888 5061 Tim.
922 5010 1072 5061 (Ιοιὸ.
1160 5009 1200 5042 ⁸¹
1227 5008 1418 5057 Fidem
1449 5008 1593 5056 sicut
1622 5004 1748 5054 Bod.
1781 5004 1826 5062 1,
1852 5002 1901 5051 2.
1982 5003 2025 5037 εδ
2054 5005 2079 5053 E

2200 5004 2341 5055 Lbilia
2365 5011 2496 5056 sunt
2518 5009 2662 5060 Gorb.
2696 5010 2987 5060 Possibilia
3016 5014 3147 5059 sunt
3185 5010 3546 5060 credentibus
3569 5014 3715 5061 Coro.
3786 5010 3834 5045 ³³

458 5086 541 5132 Ex
568 5084 678 5132 ﬁde
710 5084 860 5133 vivet
888 5086 1026 5132 Lam.
1060 5082 1166 5131 Lz'n.
1201 5082 1305 5130 NG.
1333 5078 1457 5128 Bod.
1486 5082 1532 5138 1,
1557 5081 1605 5132 2,
1633 5080 1676 5122 3.
1709 5075 1905 5124 Justus
1934 5080 2119 5125 autem
2150 5089 2327 5137 meus,
2351 5091 2422 5127 ex
2449 5078 2560 5128 ﬁde
2603 5083 2736 5131 Gott.

466 5160 501 5207 Ξ,
536 5156 582 5201 4.
674 5153 714 5188 ⁸⁷
744 5152 1023 5214 Consequi
1050 5153 1391 5214 Baptismum
1412 5154 1552 5201 Lam.
1579 5150 1684 5200 NG.
1721 5148 1766 5195 1.
1855 5144 1897 5178 ⁸⁸
1927 5146 2079 5207 Quod

2200 5147 2497 5212 limpediat
2520 5150 2656 5214 tingi
2697 5155 2838 5202 Lam.
2874 5152 2980 5204 NG.
3015 5151 3063 5209 1,
3092 5150 3272 5200 2.Βοά.
3300 5151 3417 5211 1,9.,
3448 5154 3492 5199 li.
3529 5151 3650 5199 Thu.
3677 5150 3828 5202 Corb.

454 5160 501 5207 σε,
536 5156 582 5201 4.
674 5153 714 5188 ⁸⁷
744 5152 1023 5215 Consequi
1050 5153 1391 5214 Baptismum
1412 5154 1552 5201 Lam.
1579 5150 1684 5200 NG.
1721 5148 1766 5195 1.

2831 5080 2873 5113 ⁸⁸
2899 5080 3203 5131 Credentes
3223 5078 3443 5131 liberati
3465 5085 3597 5130 sunt
3615 5080 3743 5131 Bod.
3778 5084 3833 5137 I.

454 5226 584 5273 (.‘ott.
625 5224 753 5271 Voss.
792 5224 831 5271 1.
902 5222 942 5255 ⁸9
970 5222 1122 5271 Dixit
1147 5222 1362 5273 eiGorb.
1430 5221 1451 5254 9
1502 5221 1563 5269 In
1594 5221 1709 5287 toto
1740 5215 1901 5267 corde
1936 5219 2061 5267 Bod.
2097 5220 2138 5268 1.
2169 5222 2303 5272 Gott.
2388 5221 2431 5253 9'
2461 5222 2642 5272 Audet
2678 5222 2880 5287 aliquis
2910 5227 3155 5271 vestrum
3204 5222 3491 5286 negotium
3516 5221 3833 5285 disceptare

458 5298 591 5343 (.‘otr.
668 5293 709 5326 ⁸⁸
754 5292 985 5342 Sanctos
1012 5294 1039 5340 ‘t
1068 5293 1299 5342 Nescitis
1324 5291 1447 5343 Bod.
1477 5292 1523 5339 1.
1590 5289 1630 5320 9³
1664 5286 1851 5337 Sancti
1878 5288 2079 5338 mundu

2200 5293 2325 5340 Lam.
2356 5292 2467 5340 Lin.
2505 5296 2611 5345 NG.
2646 5296 2690 5354 1,
2720 5286 2923 5343 2.’1Ἰιιι.
2963 5292 3107 5344 (ἔτηού.
3138 5291 3264 5343 Bod.
3312 5294 3357 5350 1,
3396 5292 3445 5352 2,
3492 5294 3538 5342 4.
3589 5293 3671 5343 De
3721 5292 3836 5344 hoc

454 5368 664 5417 mundo
693 5371 830 5419 Gott.
877 5370 1012 5417 Voss.
1037 5370 1084 5417 3.
1149 5367 1190 5399 οδ
1211 5368 1449 5417 Tantum
1477 5363 1740 5414 delictum
1772 5363 1909 5411 Gott.
1975 5362 2016 5396 ⁸³
2043 5363 2273 5413 Habetis
2298 5365 2542 5413 invicem
2566 5363 2693 5414 Bod.
2726 5366 2770 5415 I.
2802 5368 2940 5415 Gott.
3004 5362 3046 5395 9⁸
3074 5362 3347 5413 Fraudem
3382 5363 3633 5425 patimini
3678 5364 3832 5412 Lam.

460 5439 579 5487 iiml.
620 5441 657 5488 ι.
695 5443 800 5491 NG.
836 5442 879 5488 I.
911 5439 1209 5489 Sustinetis
1239 5440 1342 5491 NG.
1370 5440 1415 5488 Ξ.
1448 5436 1707 5500 Injuriam
1730 5432 1980 5495 accipitis
2010 5434 2136 5484 Bod.
2162 5435 2206 5483 I.
2272 5434 2315 5468 ⁸⁷
2342 5436 2408 5484 Et
2438 5436 2546 5485 hoc
2572 5435 2768 5484 fratres
2796 5436 2915 5484 Bod.
2952 5437 2998 5483 ι.
3064 5432 3110 5466 ⁸⁸
3134 5437 3247 5482 Aut
3271 5434 3497 5483 nescitis
3530 5433 3649 5482 Tha.
3678 5432 3833 5485 Gorb.

447 5509 491 5545 ”
529 5511 648 5558 Non
675 5510 1035 5573 possidebunt
1070 5514 1211 5561 Lam.
1242 5514 1347 5561 Lz’n.
1386 5513 1490 5561 NG.
1538 5510 1582 5557 1.
1611 5502 1739 5555 Bod.
1764 5504 1813 5552 2.
1842 5506 1975 5555 Gott.

454 5582 704 5632 tientiam
739 5594 1024 5644 speramus
1058 5586 1195 5631 Lam.
1224 5583 1347 5631 Bod.
1374 5584 1415 5630 1.
1448 5583 1551 5631 NG.
1574 5579 1622 5629 9...
1653 5575 2051 5635 Exspectamus
2082 5577 2211 5627 Bod.
2241 5579 2286 5625 1.
2325 5579 2456 5626 Voss.
2490 5576 2536 5627 3.
2569 5577 2725 5626 Oxon.

2075 5508 2089 5537 ¹
2123 5505 2251 5556 Ideo
2272 5507 2493 5557 fidelem
2516 5506 2665 5555 circa
2688 5508 2833 5556 Lam.
2862 5509 2967 5558 NG.
3000 5508 3045 5555 4.
3067 5504 3194 5554 Bod.
3225 5503 3272 5552 2.
3306 5506 3440 5555 Cott.

3539 5507 3559 5535 ³
3596 5504 3698 5554 Per
3737 5518 3836 5567 pa-

2828 5583 2843 5609 ³
2903 5577 3098 5627 Mulier
3144 5574 3292 5629 Gorb.
3333 5575 3590 5625 Mulieres
3631 5580 3833 5627 vestrae

450 5658 595 5703 Lam.
626 5651 748 5702 Bod.
770 5643 825 5709 ﬁt,
851 5652 963 5711 2,3,
998 5656 1040 5699 ιι.
1078 5654 1211 5702 (ινιτ.
1248 5654 1349 5702 NG.
1384 5653 1424 5699 I.
1462 5652 1592 5699 Voss.
1620 5651 1664 5693 3.
1703 5643 1959 5695 Ecclesia
1995 5650 2175 5697 tacere
2202 5646 2407 5697 debent
2434 5650 2575 5698 Lam.
2608 5649 2717 5699 NG.
2747 5650 2792 5697 I.
2821 5648 2952 5698 Bod.
2975 5651 3019 5697 2.
3087 5651 3108 5683 ⁴
3135 5647 3193 5699 Si
3228 5645 3362 5711 quid
3393 5651 3581 5697 autem
3614 5645 3832 5698 discere

442 5723 559 5775 NG.
586 5723 629 5770 :2.
664 5721 722 5772 Si
754 5735 880 5784 quae
909 5727 1093 5771 autem
1121 5724 1228 5769 sint
1256 5724 1363 5771 Lin.

440 5792 728 5845 modestia
752 5795 890 5844 Gott.
956 5791 977 5826 ⁸
1002 5791 1290 5842 Dominari
1314 5792 1368 5839 in
1396 5791 1577 5840 virum
1603 5791 1737 5842 Gott.

1465 5723 1481 5752 5
1514 5714 1839 5768 lIumiliIale
1867 5722 2009 5768 L'tm.
2039 5721 2147 5769 NG.
2181 5720 2220 5767 1.
2248 5719 2373 5770 Bod.
2406 5720 2454 5769 2.
2488 5715 2634 5771 Gorb.
2668 5718 3055 5771 Submissioue
3096 5718 3223 5771 Bod.
3264 5720 3313 5776 1,
3348 5717 3395 5767 I.
3434 5716 3559 5768 Tim.
3589 5717 3652 5767 In
3682 5724 3835 5775 omni
