4032 6180
212 193 290 249 789
1256 180 1811 246 TESTIMONIORUM
1850 187 2000 245 ADV.
2040 193 2313 251 JUDJEOS
2349 196 2471 252 LIB.
2513 198 2600 254 IlI.
3435 203 3539 257 790

210 322 293 386 est,
317 313 512 371 deinde
543 316 681 380 Eva;
713 320 768 368 et.
798 314 977 368 Adam
1013 312 1280 370 seductus
1316 330 1431 368 non
1463 316 1566 384 est,
1601 313 1805 368 mulier
1827 323 1885 396 Α
1907 322 2034 374 cata
2084 320 2410 376 Matthzeum
2461 339 2472 376 :
2526 343 2551 374 α
2606 324 2829 395 Ditigite
2878 324 3140 380 inimicos
3189 330 3421 395 vestros,
3481 334 3540 382 et

208 417 365 466 autem
394 408 624 463 seducta
651 414 736 462 est
767 430 793 457 η
825 407 870 479 (Ι
908 410 1068 470 Tim,
1100 424 1159 477 ιῐ,
1193 408 1397 477 tntis).
1905 417 2059 465 orate
2108 430 2209 483 pro
2256 415 2340 468 his
2385 414 2482 484 qui
2533 433 2629 470 vos
2675 422 3116 489 persequuntur,
3163 424 3223 475 ut
3263 419 3384 474 sitis
3428 420 3532 475 ﬁlii

209 511 370 586 759
401 513 523 567 CAP.
571 510 771 565 XLVII.
805 542 872 550 —
910 511 1112 566 Delicta
1146 515 1195 565 ct
1234 512 1423 564 merito
1465 516 1645 565 nostro
1686 513 1805 579 ﬁeri
1906 508 2081 561 Patris
2133 509 2299 561 vestri
2351 509 2450 579 qui
2497 509 2555 563 in
2613 510 2803 582 760
2856 513 3006 566 cuslis
3056 520 3160 580 est,
3211 515 3309 584 qui
3352 516 3533 569 solem

234 600 283 647 ut
309 594 618 654 laboremus,
652 607 745 645 nec
776 593 872 645 Dei
900 606 1049 660 opem
1078 593 1136 644 in
1165 591 1409 645 omnibus
1439 593 1757 645 sentiamus.
1908 617 2073 654 suum
2099 602 2144 635 ει
2178 601 2312 656 oriri
2358 602 2492 657 facit
2535 619 2704 675 super
2732 604 2911 659 honos
2956 609 3012 660 ει
3055 606 3249 671 malos,
3291 610 3350 661 ει
3388 607 3533 679 pluit

260 689 403 761 Apud
447 690 587 743 Osee
632 705 645 743 :
695 710 723 737 ‹‹
773 688 975 744 Audite
1022 704 1350 743 sermonem
1409 687 1653 755 Domini,
1707 687 1807 742 lilii
1911 695 2289 766 superjustos
2318 699 2375 751 et
2402 695 2697 768 injustos»
2729 696 2970 768 (Mutth.,
3002 716 3053 766 ν,
3084 700 3173 769 41,
3212 701 3318 771 45).

207 783 365 850 Israel,
391 782 520 854 quia
551 782 829 852 judicium
859 787 945 837 est
976 782 1218 837 Domino
1255 783 1272 815 ⁷
1296 781 1562 836 adversus
1594 781 1807 835 incolas
1908 808 2032 862 CAR
2067 809 2126 863 ι.
2160 839 2228 849 _
2258 808 2664 865 sacramentum
2687 811 2816 877 ﬁde,-
2839 826 2943 864 ηοη
2972 826 3080 866 esse
3100 813 3532 881 profanandum.

205 885 347 931 terrae
374 878 411 944 ⁸,
459 875 611 947 quod
657 892 847 947 neque
902 875 1306 945 misericordia,
1352 891 1541 946 neque
1581 875 1805 944 veritas,

1978 901 2146 972 Apud
2177 902 2540 957 Salomonem
2578 902 2634 957 iu
2673 904 2991 958 Proverbiis
3024 921 3036 957 :
3071 924 3097 955 (ι
3132 907 3194 961 In
3222 922 3389 959 aures
3429 906 3537 962 ini-

205 987 359 1042 neque
384 974 597 1072 agnitio
629 970 729 1072 Dei
770 976 841 1024 snt
868 987 1053 1072 super
1084 976 1319 1072 terram,
1350 968 1445 1072 sed
1478 975 1806 1072 ϐξδξδονίξίιυ»
1910 995 2211 1066 prudentis
2237 997 2354 1050 noli
2380 996 2690 1068 quidquam
2721 998 2928 1065 dicere,
2961 1014 3050 1065 ne,
3079 1000 3305 1068 quando
3344 1001 3537 1055 audie-

206 1063 647 1163 ‘f’jjnendacmm’
678 1068 733 1117 et
768 1063 973 1131 “cdes:
1006 1067 1065 1118 et
1102 1064 1350 1163 f”_l'mmr_
1374 1068 1430 1117 et
1464 1063 1807 1163 Mummi"?
1911 1090 2003 1153 rit,
2032 1090 2535 1144 irrideatscnsatos
2556 1107 2852 1145 sermones
2876 1095 2999 1146 tuos
3023 1092 3272 1163 »(Prov.,
3296 1098 3535 1162 xxxn,9).

205 1157 443 1212 diffusum
495 1164 579 1211 est
631 1174 802 1227 super
858 1163 1090 1212 terram.
1145 1156 1493 1228 Sanguinem
1546 1155 1812 1228 sanguini
1914 1185 2057 1239 uel“
2096 1184 2158 1238 in
2199 1185 2499 1254 Evangelia
2530 1192 2654 1239 cata
2689 1185 3007 1240 Mauheum
3044 1155 3122 1239 :‘c‘
3159 1187 3238 1240 Ne
3275 1155 3545 1242 dedeat'is

204 1251 609 1322 sui‘ermisccnt'
657 1250 871 1306 ῙάοίίὊο
912 1258 1064 1351 te?”
1108 1249 1326 1322 lugebit
1365 1266 1495 1305 cum
1534 1249 1811 1351 θηίνίῗξἮῙδ
1914 1282 2174 1331 sanctum
2217 1278 2473 1346 canibus,
2522 1295 2710 1350 neque
2752 1279 3018 1334 miseritis
3063 1280 3393 1351 margaritas
3427 1297 3545 1335 ves-

205 1345 377 1399 incolis
436 1345 587 1407 suis,
651 1362 782 1399 cum
838 1343 1037 1399 bestiis
1088 1345 1234 1416 agri,
1277 1360 1407 1398 cum
1457 1342 1813 1445 serpentibus
1913 1376 2030 1424 uas
2071 1375 2202 1425 ante
2258 1389 2485 1440 pomus,
2537 1389 2608 1425 ne
2654 1372 2799 1425 forte
2851 1372 3138 1427 inculcem
3183 1390 3252 1427 ea
3302 1374 3544 1445 pedibus

203 1443 368 1506 terra},
399 1455 527 1492 cum
567 1439 888 1492 volucribus
928 1439 1071 1507 coeli,
1112 1444 1167 1493 et
1196 1438 1461 1492 deﬁcient
1486 1437 1663 1508 pisces
1700 1453 1812 1492 ma-

1918 1464 2029 1517 suis
2049 1464 2096 1498 ²⁶
2128 1469 2183 1517 et
2208 1437 2461 1519 conversi
2491 1464 2709 1519 elidant
2736 1480 2829 1519 vos
2855 1487 2883 1517 ››
2916 1467 3160 1537 (Matth,
3197 1437 3396 1535 vn,.6).

206 1533 284 1600 ris,
307 1535 366 1586 ut
403 1548 568 1585 nemo
599 1533 882 1602 judicet",
919 1549 1086 1587 nemo
1111 1533 1156 1565 ¹⁰
1196 1531 1442 1586 revincat
1472 1554 1499 1581 ››
1533 1532 1694 1603 (Ose.,
1735 1548 1811 1593 ιν,
1914 1578 1952 1630 Γ
2709 1581 2719 1591 .
2924 1531 2932 1537 ⁷
3145 1531 3153 1534 ’
3275 1531 3296 1593 ⁷.
3357 1531 3362 1535 ⁷

213 1630 226 1647 ι
272 1626 311 1647 Η
386 1628 452 1647 η-
501 1626 601 1647 LA
818 1645 857 1647 γ,
890 1628 954 1647 Α,
1249 1643 1260 1647 _
1372 1626 1651 1647 “manu
1704 1642 1807 1647 “ﬂ
1934 1594 2041 1632 .AP.
2089 1578 2174 1631 LI.
2216 1608 2282 1616 —
2327 1577 2481 1643 Quod
2508 1593 2658 1632 nemo
2698 1595 2756 1631 in
2792 1595 2947 1647 opere
2979 1596 3071 1635 suo
3107 1580 3295 1634 extolli
3329 1581 3519 1635 debent

1986 1671 2144 1741 Apud
2200 1671 2562 1725 Salomouem
2617 1672 2674 1724 in
2725 1672 3111 1727 Ecclesiastico
3158 1691 3170 1727 :
3229 1696 3256 1723 ‹‹
3312 1674 3431 1728 Noli
3486 1681 3540 1729 te

1916 1763 2190 1819 extollere
2218 1764 2276 1817 in
2303 1764 2561 1819 faciendo
2589 1782 2760 1836 opere
2788 1769 2884 1820 tuo
2905 1789 2931 1815 ››
2955 1766 3160 1837 (Eceti.,
3189 1784 3244 1835 x,
3267 1770 3379 1839 29).
3408 1770 3543 1822 Item

1915 1857 1972 1910 in
2019 1858 2323 1929 Evangelio
2363 1861 2490 1913 cata
2528 1861 2738 1915 Lucam
2767 1877 2779 1913 :
2811 1880 2837 1910 ‹‹
2867 1860 3002 1923 Quis
3037 1865 3289 1916 vestrum
3323 1862 3544 1916 habens

1914 1967 2140 2005 servum
2195 1955 2455 2007 arentem
2502 1960 2602 2008 aut
2652 1958 2961 2023 pastorem,
3013 1958 3070 2008 et
3117 1954 3368 2009 venienti
3389 1956 3434 1990 ³⁷
3468 1957 3535 2009 de

1915 2060 2054 2115 agro
2085 2046 2219 2099 dicit
2262 2046 2535 2101 continuo
2575 2064 2588 2101 :
2632 2047 2845 2114 Transi,
2884 2048 3153 2102 recumbe
3174 2049 3269 2102 ἐἳ
3300 2049 3413 2104 Sed
3464 2049 3546 2103 di-

1915 2141 1991 2193 cit
2017 2139 2099 2192 illi
2131 2156 2143 2193 :
2177 2142 2314 2194 Para
2350 2140 2561 2211 aliquid
2600 2141 2756 2212 quod
2793 2158 3010 2195 comem
3033 2142 3102 2209 ’9,
3132 2144 3190 2195 et
3227 2144 3544 2213 accingere,

1915 2239 1970 2286 et
2015 2233 2276 2288 ministra
2320 2234 2460 2288 mihi
2507 2234 2688 2288 donec
2732 2233 3072 2289 manducem
3119 2241 3175 2289 et
3214 2236 3443 2305 bibam;
3491 2244 3548 2293 et

1916 2333 2106 2395 postea
2133 2332 2190 2380 tu
2226 2327 2593 2381 manducabis
2623 2332 2679 2381 et
2703 2327 2878 2381 bibes.
2911 2328 3195 2399 Numquid
3224 2329 3395 2383 habet
3422 2346 3546 2399 gra-

1913 2419 2052 2474 tiam
2084 2436 2246 2474 servo
2287 2420 2367 2474 illi
2392 2421 2439 2454 ³ο
2470 2422 2600 2491 quia
2641 2421 2775 2475 fecit
2808 2437 2936 2492 quas
2975 2422 3027 2475 ei
3060 2421 3337 2494 imperata
3367 2423 3546 2479 sunt?

1913 2513 2002 2569 Sic
2027 2514 2216 2583 itaque
2244 2517 2299 2567 et
2329 2530 2445 2581 vos,
2474 2530 2602 2567 cum
2636 2514 2980 2585 perfeceritis
3007 2516 3050 2549 ³¹
3088 2531 3217 2586 qua:
3253 2516 3407 2570 vobis
3434 2517 3545 2571 im-

1913 2612 2106 2680 perata
2163 2614 2313 2673 sunt,
2369 2606 2538 2662 dicite
2587 2624 2600 2661 :
2659 2607 2812 2663 Servi
2869 2610 3201 2679 supervacui
3225 2610 3272 2643 ³2
3325 2626 3543 2679 sumus,

1917 2702 2069 2773 quod
2129 2701 2435 2755 habuimus
2456 2702 2502 2734 ³³
2566 2702 2753 2755 facere
2806 2701 3046 2757 fecimus
3089 2724 3115 2751 ››
3174 2704 3347 2770 (Lua,
3406 2719 3546 2773 xvn,

1915 2796 2089 2865 7-10).

1912 2908 2039 2962 CAP.
2074 2908 2177 2961 LII.
2214 2938 2282 2947 —-
2320 2906 2586 2962 Credendi
2618 2908 2705 2962 vel
2744 2924 2851 2962 non
2896 2908 3195 2963 libertatem
3224 2912 3283 2963 in
3320 2909 3548 2965 arbitrio

2601 2991 2861 3057 positam.

211 1626 331 1696 1-4).
385 1628 457 1679 De
501 1626 605 1679 hoc
649 1626 770 1696 ipso
812 1628 957 1695 apud
1007 1627 1201 1680 Isaiam
1248 1643 1261 1679 :
1298 1647 1324 1674 ιι
1369 1626 1656 1696 Numquid
1700 1642 1812 1679 non

204 1720 329 1773 valet
368 1736 567 1774 manus
615 1720 907 1775 Domini“
950 1727 1014 1774 ut
1057 1722 1236 1774 salvos
1278 1719 1495 1773 faciat?
1542 1725 1638 1773 aut
1687 1694 1891 1789 gra-B

201 1813 332 1867 vavit
356 1829 550 1867 aurem
578 1815 621 1846 η
655 1819 716 1867 ut
743 1830 858 1868 non
891 1814 1211 1868 exaudiat?
1242 1813 1351 1869 Sed
1373 1817 1601 1883 peccata
1632 1817 1812 1866 vestra

202 1907 327 1961 inter
365 1923 458 1961 vos
506 1913 563 1961 et
608 1910 787 1963 Deum
836 1912 1117 1978 separant,
1162 1911 1219 1961 et
1264 1913 1496 1978 propter
1540 1893 1740 1961 delicta
1769 1905 1812 1938 ¹³

200 2005 360 2055 vestra
396 2001 599 2055 avertit
639 2001 839 2055 faciem
884 2018 914 2054 a
960 2001 1131 2068 vobis,
1182 2018 1253 2055 ne
1303 2002 1658 2055 misereatur.
1708 2002 1814 2054 Ma-

200 2112 292 2149 nus
330 2095 482 2149 enim
518 2098 714 2149 vestrae
770 2094 1079 2165 inquinatas
1131 2101 1264 2149 sunt
1309 2094 1587 2164 sanguine
1620 2095 1663 2127 ¹⁶
1689 2136 1703 2158 ,
1757 2098 1813 2146 et

202 2188 349 2260 digiti
375 2188 546 2244 vestri
588 2189 646 2242 in
686 2190 952 2260 peccatis.
985 2189 1158 2244 Labia
1187 2192 1379 2242 autem
1416 2195 1598 2242 vestra
1626 2188 1813 2242 locuta

200 2289 314 2336 sunt
349 2283 592 2347 facinus,
633 2285 690 2336 et
723 2282 923 2351 lingua
960 2289 1145 2336 vestra
1191 2282 1534 2353 injustitiam
1571 2282 1808 2336 medita-

204 2380 298 2430 tur.
340 2377 516 2430 Nemo
558 2374 811 2446 loquitur
853 2392 1003 2442 vera,
1040 2393 1225 2447 neque
1266 2382 1350 2430 est
1394 2374 1679 2446 judicium
1723 2392 1810 2430 ve-

202 2486 330 2523 rum.
366 2470 577 2523 I‘idunt
616 2471 672 2523 in
708 2469 866 2524 vanis
902 2474 958 2524 et
988 2469 1299 2541 loquuntur
1329 2469 1516 2524 inania
1547 2469 1645 2540 qui
1682 2487 1811 2541 par-

198 2562 459 2617 turiunt”
491 2562 742 2619 dolorem
779 2567 837 2617 et
868 2563 1103 2634 pariunt.
1128 2565 1173 2598 ¹⁶
1212 2564 1431 2618 facinus
1458 2583 1485 2613 »
1520 2563 1668 2633 (Isa.,
1702 2562 1810 2631 lix,

202 2658 319 2724 1-4).
351 2658 495 2711 Item
536 2657 690 2727 apud
732 2657 1088 2727 Sophoniam
1121 2674 1134 2710 :
1170 2679 1196 2705 ‹‹
1239 2656 1558 2711 Defectione
1591 2656 1815 2711 deﬁciat

198 2766 226 2802 ει
250 2751 381 2804 facie
426 2755 616 2810 terrae.
660 2750 796 2805 dicit
830 2751 1123 2805 Dominus.
1160 2750 1391 2804 Deﬁciat
1430 2750 1601 2804 homo
1632 2754 1688 2804 et
1718 2768 1813 2821 pe-

197 2844 347 2898 cudes
388 2845 685 2913 deﬁciant,
732 2845 984 2899 volucres
1028 2844 1151 2899 coeli
1192 2847 1252 2897 et
1295 2844 1472 2915 pisces
1519 2844 1710 2912 maris,
1756 2849 1815 2898 et

200 2938 434 2993 auferam
477 2938 698 3009 iniquos
728 2955 762 2992 a
788 2939 927 2993 facie
961 2943 1124 2992 terrae
1158 2959 1184 2986 »
1218 2939 1425 3009 (Soph.,
1457 2954 1493 3006 I,
1522 2940 1593 3009 2).

457 3032 594 3086 CAP.
626 3032 849 3087 XLVIII.
875 3062 944 3072 —
971 3035 1090 3089 Non
1118 3032 1520 3100 fanerandum.

256 3127 308 3180 In
345 3128 571 3181 Psalmo
600 3143 696 3181 XIII
731 3144 742 3179 :
781 3148 809 3175 ‹‹
838 3126 943 3190 Qui
973 3125 1275 3197 pecuniam
1310 3142 1474 3180 suam
1506 3142 1620 3181 non
1657 3126 1816 3182 dedit

196 3221 244 3274 in
268 3221 475 3276 femore
505 3218 573 3287 ‘7,
604 3226 658 3274 et
686 3237 931 3274 munera
957 3236 1127 3291 super
1156 3220 1488 3276 innocentes
1517 3238 1632 3275 non
1656 3237 1812 3275 acce-

195 3312 283 3383 pit.
310 3314 413 3378 Qui
446 3315 553 3369 ista
582 3314 778 3369 fecerit
802 3314 845 3347 ¹⁸
878 3314 1519 3368 noncommovebitur19
1552 3316 1608 3369 in
1646 3320 1808 3369 teter-

197 3424 401 3473 uum._»
443 3411 588 3463 Item
622 3407 770 3477 apud
800 3407 1150 3462 Ezechielem
1181 3424 1193 3461 :
1228 3429 1256 3457 ‹‹
1288 3409 1464 3462 Homo
1498 3416 1691 3463 autem
1719 3408 1816 3480 qui

196 3501 493 3572 eritjustus
525 3500 821 3555 hominem
853 3516 969 3555 non
998 3502 1303 3571 opprimet,
1333 3505 1390 3555 et
1417 3502 1627 3573 pignus
1654 3502 1813 3557 debi-

195 3596 319 3649 toris
347 3596 640 3659 ieddet”,
684 3598 742 3648 et
779 3595 1040 3665 rapinam
1079 3612 1193 3649 non
1227 3594 1486 3662 faciet“,
1516 3600 1573 3649 et
1608 3612 1815 3667 panem

194 3705 343 3743 suum
386 3688 667 3744 esurienti
708 3687 884 3758 dabit,
926 3691 983 3743 et
1020 3688 1238 3742 nudum
1279 3688 1514 3759 operiet,
1557 3695 1615 3744 et
1642 3705 1814 3760 pecu-

192 3782 331 3836 niam
371 3799 541 3837 suam
584 3783 643 3836 in
690 3797 919 3836 usuram
960 3798 1075 3835 non
1121 3780 1278 3836 dabit
1320 3805 1346 3831 ››
1385 3782 1618 3851 (Ezech.,
1664 3800 1812 3852 XVIII,

192 3880 240 3943 7,
281 3878 350 3945 8).
401 3878 547 3931 Item
606 3875 663 3929 in
716 3875 1154 3930 Deuteronomio
1202 3894 1215 3930 :
1265 3898 1293 3925 «
1344 3877 1464 3931 Non
1515 3876 1816 3932 fmnerabis
1916 3879 2040 3935 CAP.
2075 3878 2210 3933 LIII.
2253 3908 2320 3916 -—
2359 3879 2457 3931 Dei
2493 3892 2701 3930 arcana
2729 3878 2962 3946 perspici
2999 3891 3105 3930 non
3142 3890 3312 3946 posse,
3350 3882 3398 3929 et
3430 3878 3550 3931 ideo

1833 3059 1887 3133 Ο
1986 3093 2044 3145 In
2080 3091 2558 3147 Deuteronomio:
2592 3113 2619 3142 «
2651 3094 2789 3147 Ecce
2819 3093 2952 3147 dedi
2983 3100 3115 3149 ante
3149 3095 3357 3149 faciem
3388 3097 3547 3148 tuam

1913 3185 2087 3239 vitam
2118 3190 2174 3239 et
2217 3189 2486 3252 mortem,
2531 3185 2744 3241 bonum
2789 3193 2844 3241 et
2887 3187 3123 3241 malum.
3170 3188 3330 3259 Elige
3373 3189 3547 3244 vitam

1917 3279 2039 3346 tibi,
2068 3282 2134 3332 ut
2158 3278 2312 3333 vivas
2335 3280 2381 3313 3‘
2406 3301 2434 3330 ››
2460 3282 2661 3347 (Deut.,
2692 3298 2818 3348 xxx,
2847 3283 2951 3350 19).
2974 3282 3112 3335 Item
3134 3282 3285 3352 apud
3311 3283 3543 3337 Isaiam:

1918 3394 1944 3422 ς(
1979 3373 2046 3427 Et
2082 3372 2126 3426 si
2156 3372 2445 3427 volueritis
2474 3380 2529 3428 et
2564 3375 2853 3429 audieritis
2882 3391 2994 3443 me,
3034 3374 3188 3430 bona
3219 3380 3386 3430 terras
3417 3377 3545 3431 ede-

1915 3467 1985 3520 tis
2003 3467 2069 3520 35.
2103 3466 2156 3521 Si
2183 3470 2379 3522 autem
2411 3467 2730 3537 nolueritis,
2759 3472 2815 3521 et
2841 3485 2953 3523 non
2977 3470 3270 3525 audieritis
3292 3486 3405 3537 me,
3430 3471 3546 3541 gla-

1917 3561 2044 3615 dius
2086 3578 2184 3617 vos
2229 3564 2546 3616 consumet.
2587 3562 2659 3617 Os
2702 3562 2856 3617 enim
2905 3563 3128 3617 Domini
3168 3564 3422 3618 locutum
3466 3567 3551 3616 est

1919 3656 2020 3709 ista
2054 3675 2082 3707 »
2115 3658 2266 3725 (Isa.,
2308 3672 2343 3722 1,
2378 3658 2484 3726 19).
2519 3656 2657 3709 Item
2697 3655 2755 3709 in
2794 3656 3102 3727 Evangelio
3141 3661 3265 3711 cata
3296 3660 3499 3712 Lucam
3533 3675 3545 3713 :

1919 3769 1945 3799 (ι
1975 3751 2235 3822 Regnum
2268 3749 2369 3804 Dei
2394 3750 2440 3784 ³⁸
2469 3749 2621 3803 intra
2650 3765 2743 3803 vos
2774 3755 2858 3804 est
2888 3772 2915 3800 ››
2945 3750 3121 3820 (Luc.,
3156 3766 3284 3818 xvn,
3314 3751 3423 3820 21).

190 3970 338 4024 fratri
392 3977 493 4025 tuo
546 3986 717 4023 usura
767 3968 1027 4040 pecuniae
1059 3970 1105 4003 ²²
1147 3974 1204 4024 et
1257 3987 1423 4025 usura
1478 3970 1731 4027 ciborum
1784 3994 1811 4021 ››

2172 3958 2329 4027 ﬁdem
2358 3964 2600 4010 nostram
2624 3957 2917 4025 simplicem
2944 3971 3052 4010 esse
3080 3956 3285 4010 debere.

189 4065 380 4126 -Deut.,
416 4080 575 4129 nun,
602 4062 713 4134 20).

1986 4066 2049 4119 In
2081 4064 2323 4134 Epistula
2356 4062 2506 4115 Pauli
2541 4062 2612 4114 ad
2644 4061 2967 4116 Corinthios
2995 4061 3181 4133 prima
3203 4063 3246 4095 ³⁷
3285 4079 3297 4116 ;
3331 4083 3356 4112 α
3387 4062 3549 4116 Vide-

343 4160 475 4213 CAP.
511 4157 687 4212 XLIX.
715 4186 781 4197 —
808 4158 1061 4212 Inimicos
1091 4172 1299 4226 quoque
1324 4158 1649 4227 diligentias.
1916 4175 2042 4212 mus
2061 4174 2212 4212 nunc
2244 4172 2340 4226 per
2367 4156 2658 4226 speculum
2687 4156 2745 4209 in
2772 4155 3082 4227 aenigmate
3101 4157 3172 4227 ³⁸,
3194 4162 3327 4211 tunc
3350 4160 3545 4210 autem

255 4253 312 4304 In
356 4250 664 4321 Evangelio
704 4256 828 4303 cata
868 4253 1071 4305 Lucam
1110 4267 1122 4304 :
1161 4271 1188 4299 ‹‹
1229 4251 1285 4305 Si
1317 4251 1561 4335 diligitis
1587 4252 1684 4324 qui
1719 4269 1814 4305 vos
1914 4251 2058 4305 faeie
2098 4250 2169 4303 ad
2214 4249 2442 4305 faciem.
2484 4251 2642 4305 Nunc
2686 4250 2799 4303 scio
2842 4265 2907 4305 ex
2948 4253 3129 4321 parte,
3177 4256 3314 4304 tunc
3357 4254 3549 4305 autem

189 4343 447 4416 diligunt,
486 4361 615 4415 qua:
648 4350 733 4398 est
759 4344 913 4398 vobis
944 4344 1171 4414 gratia?
1199 4346 1266 4399 Et
1302 4349 1626 4414 peccatores
1656 4346 1813 4399 enim
1918 4360 2258 4415 cognoscam
2282 4345 2327 4378 ³⁸
2362 4345 2505 4399 sicut
2534 4349 2588 4398 et
2614 4360 2719 4413 ego
2748 4343 3009 4415 cognitus
3038 4360 3163 4397 sum
3189 4344 3237 4378 ‘0
3270 4366 3297 4393 ››
3334 4345 3370 4411 (l
3401 4344 3547 4409 Cor.,

188 4436 421 4509 diligunt
453 4454 554 4492 eos
584 4437 682 4508 qui
713 4454 773 4491 se
802 4436 1045 4508 diligunt
1068 4438 1114 4471 ³³
1149 4456 1176 4489 ››
1213 4439 1383 4508 (Luc.,
1418 4455 1494 4507 Vl,
1527 4439 1636 4509 32).
1672 4442 1814 4494 Item
1836 4425 1896 4496 Ι)
1919 4455 2037 4507 XIII,
2072 4440 2174 4506 l2).
2207 4440 2349 4493 Item
2385 4437 2533 4508 apud
2564 4437 2925 4493 Salomouem
2963 4438 3021 4491 in
3052 4437 3342 4509 Sapientia
3378 4455 3392 4493 :
3426 4458 3453 4485 ‹‹
3482 4439 3554 4493 Et

1564 4644 1774 4708 Varias
1828 4645 2168 4709 lectiones.

245 4848 267 4881 ⁷
292 4847 580 4900 Judicium
609 4849 693 4896 est
722 4859 753 4894 a
779 4845 1019 4895 Domino
1054 4848 1194 4896 Lam.
1226 4846 1350 4896 Bod.
1373 4847 1421 4896 2.
1451 4846 1676 4897 Domini
1714 4850 1847 4898 Voss.
1879 4849 1922 4897 I.
2005 4848 2027 4881 ⁸
2052 4849 2252 4907 Temo,
2281 4860 2346 4897 eo
2377 4848 2524 4912 quod
2558 4847 2682 4897 Bod.
2714 4848 2761 4897 4.
2841 4846 2862 4880 ο
2888 4845 2956 4897 Ut
2989 4858 3152 4896 nemo
3186 4845 3253 4895 sit
3284 4844 3417 4909 quid
3446 4847 3545 4907 ju-

183 4920 339 4972 dicet.
409 4922 451 4956 ¹ο
484 4921 659 4971 Nemo
685 4918 778 4981 qui
807 4918 919 4965 1Λή.
987 4920 1026 4949 ¹¹
1056 4917 1124 4967 Ut
1159 4917 1333 4967 salvet
1364 4921 1501 4969 Lam.
1541 4920 1648 4969 ΝΟ.
1679 4920 1725 4978 1,
1756 4920 1801 4967 2.
1833 4920 1979 4969 Coro.
2056 4921 2092 4948 ¹²
2121 4917 2386 4968 Gravavit
2409 4931 2571 4967 aures
2607 4918 2730 4967 Tim.
2763 4916 2911 4969 Corb.
3003 4919 3045 4949 ¹³
3067 4917 3291 4980 Propter
3325 4922 3552 4979 peccata

183 4994 286 5041 Lz’n.
320 4996 427 5044 ΝΕ.
460 4994 506 5040 1.
538 4990 660 5042 Bud.
695 4989 740 5046 1,
770 4988 818 5045 3,
839 4988 885 5035 4.
963 4987 999 5018 ¹⁴
1028 4986 1216 5038 Plenas
1247 4993 1379 5038 sunt
1407 4989 1677 5051 sanguine
1710 4988 1831 5038 Bod.
1875 4989 1921 5037 3.
1962 4991 2066 5037 Vos.
2090 4988 2137 5036 4.
2208 4989 2245 5019 ιδ
2283 4989 2600 5037 Parturiunt
2626 4987 2816 5037 dolum
2841 4990 2947 5041 ΝΟ.
2992 4987 3038 5035 2.
3110 4987 3149 5021 ιο
3178 4988 3411 5036 Pariunt
3436 4987 3552 5036 ini—

183 5064 446 5123 quitatem
488 5064 626 5111 Lmn.
659 5060 765 5107 ΛΠ.
794 5058 836 5104 1.
866 5055 986 5105 Bod.
1013 5057 1057 5105 2.
1096 5058 1241 5107 Cnrb.
1347 5058 1384 5092 ¹⁷
1407 5057 1573 5108 Dedit
1593 5058 1661 5109 ad
1689 5071 1915 5106 usuram
1942 5061 2075 5109 Gott.
2101 5057 2261 5108 Dedit
2297 5058 2493 5111 faenori
2520 5058 2645 5109 Berl.
2684 5060 2721 5107 t.
2758 5058 2880 5108 Thu.
2916 5055 3061 5109 Corb.
3158 5056 3199 5090 ’⁸
3224 5056 3377 5105 Facit
3427 5057 3551 5108 base

183 5133 322 5182 Coro.
416 5134 457 5167 ’9
486 5133 605 5182 Non
636 5126 912 5178 delebitur
940 5130 1075 5177 Lam.
1112 5129 1231 5177 Red.
1262 5131 1310 5179 2.
1345 5133 1447 5181 NG.
1480 5132 1524 5178 1.
1626 5132 1667 5161 ³³
1702 5130 1772 5179 Et
1806 5148 1812 5174 ε

1918 5131 2055 5178 itum
2079 5129 2271 5179 reddet
2313 5129 2457 5182 Corb.
2483 5130 2730 5179 Debitori
2767 5128 2954 5178 reddet
2990 5129 3125 5177 Cott.
3219 5127 3254 5155 "
3284 5125 3554 5189 Rapinam

182 5218 286 5255 non
315 5207 494 5268 rapiat
534 5199 657 5251 llud.
694 5199 740 5253 l.
766 5198 815 5255 3,
842 5199 888 5246 4.
927 5198 1059 5247 T/cu.
1160 5203 1201 5231 "
1265 5201 1471 5251 Usuras
1518 5200 1646 5250 Bod.
1682 5203 1726 5261 1,
1755 5202 1804 5260 2,
1830 5201 1877 5255 3,
1909 5202 1961 5250 4.
1991 5203 2051 5250 In
2080 5215 2245 5250 usura
2276 5205 2417 5252 Lam.
2441 5204 2549 5253 NG.
2590 5205 2629 5251 I.
2682 5201 2804 5252 Bod.
2835 5201 2882 5249 Ξ.
2916 5201 3026 5251 Lin.
3073 5198 3309 5249 Usuram
3348 5196 3476 5247 Bud.
3510 5199 3554 5268 1.

184 5278 286 5327 ιιή.
325 5266 448 5326 ΤΙὶιι.
486 5274 722 5324 Usuram
749 5269 1002 5332 pecunia:
1043 5273 1175 5321 αμα.
1218 5275 1355 5321 Voss.
1385 5271 1434 5331 3,
1464 5273 1512 5320 4.
1602 5276 1643 5304 ”
1674 5273 1996 5321 Peccatores
2023 5272 2175 5322 enim
2204 5270 2439 5337 diligunt
2471 5286 2566 5323 eos
2589 5272 2684 5335 qui
2713 5284 2773 5320 se
2812 5270 3048 5332 diligunt
3075 5271 3217 5319 Lam.
3246 5268 3355 5318 Lin.
3387 5268 3493 5337 NG.
3531 5266 3555 5313 1

181 5349 223 5396 2.
258 5348 383 5399 Bod.
414 5349 461 5406 1,
487 5346 538 5405 2,
563 5344 611 5397 3,
641 5344 689 5393 4.
722 5341 844 5391 Tim.
875 5341 1022 5391 Coro.
1092 5345 1133 5375 ²⁴
1166 5343 1351 5393 Solem
1378 5355 1541 5391 suum
1569 5344 1713 5390 Lam.
1740 5342 1855 5391 Li'u.
1887 5342 1993 5392 ΝΟ.
2023 5344 2068 5390 1.
2104 5340 2228 5391 Bod.
2259 5336 2382 5405 με,
2408 5344 2456 5405 3,
2482 5346 2529 5393 4.
2569 5342 2700 5392 Voss.
2725 5342 2771 5390 3.
2802 5340 2990 5391 Solem
3016 5341 3143 5390 oriri
3177 5340 3330 5389 Oxon.
3399 5340 3440 5369 ³⁵
3461 5336 3558 5387 Sa-

182 5416 459 5468 lomonem
486 5418 543 5466 in
571 5413 856 5465 Paruamiis
884 5414 1044 5462 Oxon.
1074 5416 1140 5463 Et
1166 5416 1239 5464 sic
1266 5425 1458 5475 semper
1490 5411 1581 5460 ubi
1609 5410 1751 5473 apud
1778 5415 1977 5459 caeteros
2009 5409 2201 5473 tegitur
2228 5411 2581 5463 Salomonem
2608 5415 2657 5461 et
2694 5411 3020 5462 Proverbiis.
3101 5408 3143 5443 ³⁸
3173 5410 3250 5460 Ne
3277 5407 3558 5459 inculcant

182 5502 242 5538 ea
270 5488 512 5553 pedibus
536 5490 669 5539 Gott.
701 5483 1051 5533 Conculcent
1074 5499 1166 5534 eas
1191 5486 1294 5535 ΝΟ.
1327 5485 1372 5532 2.
1400 5481 1527 5532 Bod.
1558 5482 1629 5553 2.7
1705 5480 1747 5512 ²⁷
1780 5482 2060 5528 Pastorem
2097 5481 2412 5553 venientem
2446 5487 2585 5533 Lam.
2615 5480 2758 5553 Coro.
2782 5483 2977 5553 VNCJ.
3076 5478 3120 5514 ⁸⁸
3142 5479 3343 5553 'I‘ransi
3377 5480 3555 5553 ctare-

181 5548 378 5608 cumbe
401 5556 551 5610 Corb.
636 5554 678 5588 ³⁸
701 5553 771 5604 Ut
798 5565 1014 5603 omnem
1042 5555 1187 5605 Coro.
1258 5554 1297 5587 ³ο
1320 5554 1527 5604 Servus
1558 5552 1637 5601 illi
1674 5556 1810 5602 Lqm.
1844 5553 1949 5602 ΝΟ,
1986 5553 2031 5599 1.
2064 5550 2187 5600 Bod.
2221 5553 2267 5601 2.
2340 5558 2374 5585 3'
2408 5553 2548 5603 Cum
2584 5552 2824 5600 feceritis
2864 5552 2984 5601 Tim.
3087 5554 3126 5584 ³³
3152 5549 3306 5600 Servi
3332 5548 3557 5596 inutiles

187 5631 303 5680 Tim.
331 5630 484 5682 Coro.
583 5633 623 5662 ³³
660 5624 822 5688 Quod
854 5625 1153 5676 debuimus
1186 5629 1365 5678 facere
1397 5627 1521 5677 Bod.
1558 5628 1603 5686 1,
1638 5629 1685 5686 2,
1718 5628 1763 5674 4.
1794 5628 1929 5675 Coit.
2028 5624 2068 5657 ³⁸
2105 5624 2263 5687 Elige
2291 5625 2477 5684 vitam,
2507 5628 2567 5697 ut
2598 5623 2749 5697 vivas
2779 5623 2904 5697 Boct.
2941 5623 3071 5697 t,_2,
3098 5623 3146 5679 3,
3170 5622 3223 5697 _4.
3259 5615 3553 5697 TfltCL‘COf‘b.

183 5704 219 5731 ³⁵
251 5701 436 5752 Terras
466 5686 836 5750 manducabis
860 5700 994 5749 Cott.
1063 5698 1101 5731 ³ο
1130 5698 1280 5748 Ecce
1298 5710 1534 5761 regnum
1564 5699 1667 5748 Det
1693 5697 1829 5745 Lam.
1864 5698 1969 5747 ΝΟ.
2009 5698 2048 5745 t.
2079 5686 2283 5747 13011.72.
2319 5700 2457 5749 Cott.
2528 5695 2566 5731 ³⁷
2609 5694 2817 5743 Paulus
2870 5695 2928 5744 in
2971 5687 3316 5758 Epistolaad
3359 5686 3563 5738 Corin-

184 5766 327 5821 thios
351 5771 535 5835 prima
558 5769 705 5825 Corb.
778 5769 817 5804 ³⁸
849 5771 951 5823 Per
977 5770 1271 5834 aenigmata
1298 5770 1408 5821 Lm.
1479 5768 1518 5802 ³⁸
1542 5769 1700 5819 Tunc
1727 5780 2061 5833 cognoscam
2082 5767 2211 5819 Bod.
2246 5770 2289 5817 1.
2356 5768 2399 5800 ⁴⁰
2427 5769 2588 5823 Sicut
2617 5766 2870 5832 cognitus
2905 5766 3046 5819 Gott.
