4032 6180
490 274 584 328 791
1395 270 1450 328 S.
1493 271 1806 329 CYPRIANI
1841 272 2114 329 OPERUM
2153 270 2325 329 PARS
2362 273 2424 328 II.
2467 299 2535 313 --
2572 272 2955 345 OPUSCULA.
3721 281 3810 335 792

488 384 926 471 in'simplicitate
955 394 1139 473 761
1156 398 1352 455 ‘cordis
1372 398 1610 471 quaerite
1634 398 1800 454 illum
1821 400 2114 470 ‘1»(Sap.,
2142 409 2202 483 Α
2224 402 2365 456 Item
2405 399 2556 470 apud
2597 398 2942 455 Hieremiam
2977 418 2988 454 :
3031 419 3061 447 «
3098 399 3214 469 Ego
3244 399 3388 453 Deus
3417 401 3809 471 approximans,

490 510 529 563 ι,
562 496 629 563 1).
660 495 796 548 Item
832 495 982 564 apud
1018 494 1288 549 eumdem
1319 511 1331 548 :
1368 514 1394 542 ‹‹
1425 492 1529 558 Qui
1556 493 1813 548 ambulat
1847 493 2115 565 simplici-

491 592 595 655 ter,
647 588 901 643 ambulat
953 589 1196 643 ﬁdenter
1237 610 1266 639 ››
1316 588 1517 659 (Prom,
1564 605 1619 651 ιι,
1665 589 1738 660 9).
1784 590 1923 643 Item
1965 588 2117 659 apud

488 680 758 737 eumdem
788 698 801 736 :
836 703 862 731 ιι
895 682 1106 738 Altiora
1141 685 1199 737 te
1239 699 1312 738 ne
1343 682 1655 755 quaesieris,
1698 686 1756 738 et
1788 682 2024 738 fortiora
2058 687 2115 737 te

488 790 561 828 ne
594 778 874 830 scrutatus
910 776 1082 831 fueris
1112 796 1138 829 ››
1169 776 1385 848 (Eccle.,
1418 794 1494 845 ιιι,
1530 778 1640 848 22).
1685 778 1825 832 Item
1852 777 1909 831 in
1954 776 2114 832 Salo-

488 884 656 923 mone
686 886 700 923 :
733 891 761 919 «
800 870 926 925 Noli
955 887 1075 925 esse
1117 872 1357 925 multum
1393 871 1582 942 justus
1602 871 1670 939 ⁸³,
1702 876 1759 925 et
1799 869 1912 925 noli
1944 887 2115 942 argu-

490 965 737 1018 mentari
784 964 910 1035 plus
955 982 1124 1036 quam
1170 968 1394 1036 oportet
1413 965 1460 998 ‘3
1512 986 1541 1015 »
1599 966 1810 1036 (Eccle.,
1862 981 1957 1033 vn,
2009 966 2113 1036 1⁷1).

495 1058 636 1112 Item
665 1057 820 1129 apud
850 1058 1056 1113 Isaiam
1082 1076 1096 1113 :
1128 1078 1156 1110 «
1186 1061 1278 1113 Vae
1308 1058 1407 1130 qui
1439 1058 1625 1130 arguti
1658 1062 1791 1113 sunt
1814 1059 1872 1113 in
1908 1064 2113 1114 semet-

494 1152 685 1217 ipsis»
728 1153 882 1221 (Isa.,
916 1169 992 1220 ιιι,
1028 1153 1101 1222 9).
1147 1154 1289 1208 Item
1327 1152 1385 1206 in
1430 1151 1767 1208 Machabaais
1799 1170 1811 1207 :
1849 1174 1877 1203 «
1919 1152 2117 1209 Daniel

491 1246 549 1299 in
599 1263 698 1299 sua
745 1246 1103 1317 simplicitate
1145 1247 1413 1302 liberatus
1459 1250 1543 1301 est
1571 1246 1640 1303 de
1686 1263 1784 1302 ore
1824 1248 2052 1303 leonum
2088 1270 2115 1299 n

495 1341 531 1406 (l
563 1340 762 1403 Mach.,
803 1357 856 1407 ιι,
895 1340 1007 1408 60).
1048 1343 1187 1395 Item
1219 1340 1277 1394 in
1319 1341 1567 1412 Epistola
1605 1341 1761 1396 Pauli
1799 1342 1869 1396 ad
1908 1343 2115 1397 Roma-

490 1448 591 1487 nos
614 1434 659 1466 “
691 1449 703 1486 :
744 1454 771 1481 ‹‹
803 1434 846 1487 O
874 1433 1112 1487 altitudo
1151 1433 1477 1488 divitiarum
1515 1433 1809 1505 sapientiae
1841 1440 1899 1490 et
1936 1436 2115 1489 scien-

488 1527 583 1581 tiae
628 1527 751 1595 Dei,
802 1543 971 1597 quam
1024 1527 1609 1598 incomprehensibilia
1638 1529 1685 1563 “
1732 1532 1863 1582 sunt
1902 1529 2117 1599 judicia

489 1620 629 1689 ejus,
673 1624 730 1674 et
765 1636 938 1692 quam
983 1621 1402 1691 investigabiles
1441 1622 1546 1676 vim
1593 1622 1748 1693 ejusl
1788 1623 1920 1686 Quis
1961 1623 2115 1677 enim

490 1715 751 1786 cognovit
815 1731 1048 1769 sensum
1104 1715 1323 1769 Domini
1346 1716 1372 1769 ’ἶ
1428 1720 1525 1770 aut
1577 1715 1705 1787 quis
1765 1716 2118 1771 consiliarius

2217 498 2417 551 etnon
2449 494 2596 548 Deus
2636 494 2707 548 de
2744 493 3060 565 longinquo
3083 492 3149 546 ⁵³.
3182 492 3238 547 Si
3279 492 3628 548 absconditus
3661 494 3813 552 fuerit

2217 588 2385 643 homo
2413 587 2470 641 in
2500 586 2841 641 absconditis
2864 587 2933 656 5‘,
2963 602 3100 657 ergo
3123 602 3231 658 ego
3257 602 3373 641 non
3393 587 3440 621 ⁵⁵
3460 586 3650 642 videbo
3672 590 3813 645 eum?

2215 682 2415 736 Nonne
2435 682 2641 736 caelum
2670 683 2731 735 et
2750 685 2960 736 terram
2984 697 3092 752 ego
3118 680 3352 752 impleo,
3376 679 3768 737 dicitDominus
3786 703 3810 733 ››

2221 777 2410 845 (Hier.,
2456 790 2607 842 xxm,
2649 777 2740 838 23.
2788 773 2921 843 24)?
2967 775 3107 830 Item
3154 772 3348 847 762
3397 774 3452 828 in
3492 774 3719 829 Basilion
3753 792 3811 832 1:

2219 889 2247 918 «
2289 871 2468 924 Homo
2509 868 2665 923 videt
2708 867 2767 923 in
2812 868 3044 939 facie“,
3090 869 3236 923 Deus
3277 873 3467 924 autem
3503 868 3560 922 iu
3603 868 3751 924 corde
3787 881 3828 921 n'

2219 962 2262 1036 (I
2308 965 2459 1033 Reg.,
2505 979 2614 1031 xxv,
2661 964 2733 1033 7).
2780 964 2918 1018 Item
2966 962 3024 1018 in
3062 962 3392 1034 Apocalypsi
3433 978 3446 1016 :
3492 981 3519 1012 ι(
3563 963 3624 1017 Et
3658 963 3814 1017 scient

2217 1073 2413 1112 omnes
2461 1056 2712 1113 ecclesiae
2734 1058 2779 1091 ⁵⁷
2815 1055 2948 1130 quia
2986 1073 3094 1129 ego
3139 1072 3265 1111 sum
3310 1057 3581 1111 scrutator
3599 1056 3643 1091 ⁵⁸
3682 1056 3813 1112 renis

2219 1155 2278 1205 et
2327 1150 2533 1221 cordis,
2581 1153 2640 1205 et
2688 1150 2835 1206 dabo
2885 1150 3190 1224 unicuique
3245 1156 3496 1206 vestrum
3534 1151 3811 1205 secundum

2217 1261 2391 1316 opera
2420 1262 2520 1301 sua
2549 1246 2595 1280 59
2624 1269 2651 1295 »
2687 1246 2895 1316 (Apoc.,
2927 1262 2983 1313 ιι,
3013 1246 3118 1317 23).
3156 1247 3296 1300 Item
3328 1246 3387 1299 in
3423 1245 3635 1300 Psalmo
3659 1261 3772 1299 xviii
3801 1262 3813 1298 :

2223 1360 2249 1388 «
2277 1339 2491 1394 Delicta
2518 1339 2644 1411 quis
2680 1339 2997 1411 intelligit?
3022 1338 3104 1394 Ab
3132 1339 3364 1395 occultis
3394 1340 3536 1394 meis
3557 1339 3603 1374 ⁸ο
3632 1340 3816 1395 munda

2220 1448 2332 1500 me,
2384 1433 2619 1487 Domine
2666 1455 2693 1482 ››
2745 1432 2913 1505 (Psul.
2965 1449 3116 1501 xvm,
3171 1434 3273 1505 13).
3319 1436 3462 1489 Item
3504 1433 3561 1488 in
3599 1433 3818 1505 Epistula

2218 1526 2378 1581 Pauli
2434 1526 2501 1580 ad
2552 1527 2871 1581 Corinthios
2923 1527 3166 1581 secunda
3206 1544 3218 1581 :
3270 1548 3299 1576 «
3343 1528 3549 1583 Omnes
3589 1544 3686 1582 nos
3724 1544 3821 1581 ma-

2217 1619 2476 1675 nifestari
2525 1624 2752 1692 oportet
2803 1623 2935 1676 ante
2980 1621 3231 1675 tribunal
3281 1621 3508 1690 Christi,
3555 1625 3613 1676 ut
3654 1638 3823 1694 repor-

2220 1718 2298 1768 tet
2317 1714 2361 1749 ⁶¹
2394 1714 2785 1785 unusquisque
2804 1715 2851 1749 ⁶²
2883 1714 2967 1768 sui
3001 1715 3259 1785 corporis
3288 1715 3520 1787 pmpria
3544 1716 3822 1770 secundum

497 1809 620 1879 ejus
647 1808 799 1863 fuit?
825 1809 911 1864 vel
938 1808 1064 1880 quis
1094 1809 1248 1880 prior
1274 1809 1434 1864 dedit
1453 1810 1522 1877 ei,
1552 1813 1609 1864 et
1628 1809 1974 1864 retribuetur
1993 1810 2119 1864 illi?
2139 1789 2196 1862 Β
2222 1824 2349 1879 qua:
2380 1807 2519 1878 egit,
2548 1808 2661 1862 sive
2688 1808 2854 1875 bona,
2886 1808 3000 1863 sive
3026 1810 3174 1863 mala
3200 1831 3228 1858 ››
3258 1808 3328 1881 (ΙΙ
3356 1812 3498 1871 Cor.,
3527 1826 3577 1876 v,
3611 1808 3709 1876 10).

492 1902 771 1965 Quoniam
801 1918 871 1956 ex
900 1903 1046 1974 ipso,
1075 1905 1131 1957 et
1155 1918 1259 1973 per
1281 1903 1489 1974 ipsum,
1519 1905 1575 1958 et
1599 1903 1659 1957 in
1692 1902 1816 1974 ipso
1841 1906 1974 1958 sunt
1996 1920 2115 1958 om-

493 1996 611 2062 nia,
646 1996 751 2066 ipsi
789 1996 1009 2051 claritas
1045 1997 1101 2050 in
1142 1998 1345 2052 saecula
1383 1998 1719 2052 saeculorum
1754 2018 1783 2048 »ι
1820 1998 2014 2068 (Rom.,
2042 2014 2116 2067 x1,

496 2093 701 2159 33-36).
757 2092 895 2144 Item
944 2091 1013 2144 ad
1053 2090 1413 2146 Timotheum
1448 2108 1460 2144 :
1505 2110 1533 2140 «
1569 2091 1778 2146 Stultas
1821 2096 2015 2146 autem
2063 2095 2122 2146 et

493 2184 808 2238 ineruditas
844 2184 1192 2255 quaestiones
1227 2184 1433 2252 devita,
1465 2184 1647 2239 sciens
1684 2184 1820 2255 quia
1857 2185 1985 2238 lites
2020 2201 2117 2257 ge-

495 2280 714 2331 nerant.
766 2277 1000 2331 Servum
1048 2283 1243 2331 autem
1288 2277 1386 2332 Dei
1426 2293 1542 2332 non
1595 2280 1822 2349 oportet
1869 2277 2118 2349 litigare,

494 2371 590 2425 sed
620 2370 816 2425 mitem
840 2386 961 2424 esse
986 2370 1055 2425 ad
1088 2386 1289 2425 omnes
1317 2393 1343 2421 »
1376 2372 1441 2442 (II
1471 2373 1630 2439 Tim.,
1661 2388 1719 2441 ιι,
1747 2370 1954 2441 23-24).

492 2474 616 2529 CAP.
676 2474 801 2528 LIV.
850 2503 921 2514 -—-
962 2475 1241 2531 Neminem
1287 2475 1403 2528 sine
1455 2473 1611 2528 sorde
1655 2479 1707 2529 et
1746 2476 1864 2529 sine
1905 2480 2123 2545 peccato

1241 2568 1347 2609 8888
1356 2594 1369 2608 .

562 2651 721 2722 Apud
786 2652 884 2707 Iob
946 2668 960 2706 :
1032 2671 1057 2702 α
1115 2651 1253 2715 Quis
1309 2650 1464 2706 enim
1530 2651 1780 2706 mundus
1843 2669 1876 2707 a
1938 2652 2123 2707 sordi-

490 2744 597 2800 bus
616 2742 665 2782 ⁸⁸
727 2743 872 2817 (54)?
925 2746 1038 2799 Nec
1096 2760 1259 2814 unus,
1308 2743 1533 2799 etiamsi
1584 2745 1757 2801 unius
1782 2747 1827 2781 ‘7
1886 2745 2001 2800 diei
2058 2747 2129 2801 sit

489 2840 603 2895 vita
648 2840 769 2910 ejus
814 2839 877 2893 in
924 2843 1070 2894 terra
1094 2838 1141 2873 ⁸⁸
1192 2860 1219 2887 ιι
1268 2839 1411 2909 (Job,
1460 2855 1564 2905 xiv,
1622 2840 1685 2907 4,
1747 2837 1822 2910 5).
1878 2841 2018 2895 Item
2068 2841 2127 2894 in

490 2934 709 2990 Psalmo
743 2953 753 2989 :
789 2954 817 2982 ί(
854 2934 991 2988 Ecce
1029 2932 1089 2987 in
1132 2931 1593 3004 iniquitatibus"
1636 2935 1941 3004 conceptus
1979 2950 2126 3000 sum,

492 3034 548 3083 et
584 3029 642 3081 in
692 3026 910 3083 delictis
951 3027 1209 3098 concepit
1237 3027 1285 3061 ⁵ο
1333 3043 1428 3081 me
1472 3029 1657 3081 mater
1702 3042 1833 3081 mea
1880 3049 1908 3076 ››
1963 3028 2126 3097 (Psal.

2323 1903 2455 1957 CAP.
2487 1902 2637 1957 LVII.
2667 1931 2735 1941 —
2758 1901 2992 1957 Fidelem
3020 1903 3295 1957 enteizdari
3318 1909 3369 1957 et
3397 1905 3655 1958 reservari
3668 1904 3728 1956 ⁸³.

2292 1995 2354 2048 In
2393 1994 2615 2049 Psalmo
2660 2010 2802 2051 cxvn
2834 2012 2847 2049 :
2885 2016 2913 2045 «
2956 1996 3278 2053 Emendans
3325 1995 3704 2051 emendavit“
3746 2011 3823 2050 me

2221 2088 2518 2155 Dominus,
2552 2093 2609 2143 et
2649 2090 2820 2143 morti
2864 2106 2979 2143 non
3020 2089 3254 2144 tradidit
3285 2106 3377 2145 me
3419 2112 3446 2139 ››
3489 2090 3648 2153 (Psal.
3680 2106 3820 2157 cxvii,

2225 2182 2328 2252 13).
2360 2182 2503 2237 Item
2538 2182 2597 2236 in
2630 2183 2855 2237 Psalmo
2886 2199 3117 2238 Lxxxvm
3147 2200 3160 2238 :
3193 2206 3220 2233 ‹‹
3260 2184 3507 2238 Visitabo
3540 2184 3593 2237 in
3622 2184 3767 2254 virga
3784 2184 3824 2217 ⁸⁸

2220 2274 2477 2330 facinora
2513 2292 2712 2332 eorum
2742 2279 2799 2331 et
2827 2277 2887 2331 in
2923 2277 3167 2348 ﬂagellis
3202 2277 3412 2333 delicta
3444 2295 3656 2332 eorum.
3691 2278 3827 2332 Mise-

2222 2368 2529 2424 ricordiam
2567 2372 2757 2425 autem
2799 2386 2991 2427 meam
3028 2387 3145 2426 non
3188 2372 3517 2443 dispergam
3536 2372 3583 2407 ⁶⁸
3612 2372 3676 2425 ab
3704 2372 3777 2425 eis
3802 2391 3826 2420 ι)

2224 2463 2393 2534 (Psal.
2440 2479 2690 2533 Lxxxvm,
2740 2466 2846 2536 33).
2896 2467 3041 2521 Item
3077 2465 3231 2536 apud
3273 2466 3608 2522 Malachiam
3652 2482 3664 2520 :
3705 2486 3730 2516 α
3775 2467 3831 2519 Et

2224 2556 2447 2612 sedebit
2468 2558 2514 2592 ⁸⁷
2566 2558 2817 2613 conﬂaus
2866 2565 2922 2614 et
2969 2575 3297 2631 expurgans
3347 2560 3495 2615 sicut
3542 2575 3735 2615 aurum
3782 2562 3833 2613 et

2228 2656 2557 2719 argentum,
2596 2657 2653 2707 et
2696 2651 3030 2707 emundabit
3065 2652 3211 2707 ﬁlios
3250 2653 3385 2709 Levi
3408 2674 3438 2705 »
3469 2653 3735 2724 (Malam,
3767 2668 3832 2719 ιιι,

2227 2743 2301 2813 3).
2352 2744 2493 2798 Item
2536 2744 2596 2798 in
2638 2744 2948 2817 Evangelia
2993 2764 3003 2799 :
3046 2766 3075 2795 ‹‹
3121 2748 3242 2802 Νοιι
3276 2746 3461 2801 exibis
3503 2747 3631 2801 inde
3673 2747 3831 2800 donec

2228 2838 2480 2892 exsolvas
2510 2837 2883 2894 novissimum
2913 2840 3291 2912 quadrantem
3324 2863 3350 2890 η
3390 2841 3625 2912 (Matth,
3653 2856 3702 2909 ν,
3736 2841 3831 2908 26).

2228 2951 2355 3006 CAP.
2408 2950 2585 3005 LVIII.
2633 2982 2701 2991 —
2741 2955 3017 3009 Neminem
3065 2955 3388 3008 contristari
3436 2958 3602 3007 morte
3651 2952 3832 3012 debere,

2301 3045 2421 3085 cum
2446 3033 2515 3086 sit
2544 3032 2604 3085 in
2631 3033 2860 3086 vivendo
2891 3034 3043 3087 labor
3071 3040 3121 3088 et
3143 3037 3468 3103 periculum,
3502 3037 3559 3088 in
3587 3032 3833 3088 moriendo

489 3139 541 3189 ι,
590 3124 662 3192 7).
710 3122 847 3176 Item
897 3120 957 3174 in
1007 3120 1261 3192 Epistola
1306 3119 1538 3175 Joannis
1577 3136 1590 3174 :
1642 3140 1669 3169 ι(
1720 3119 1780 3174 Si
1820 3118 2126 3176 dixerimus

2295 3125 2416 3180 paa:
2445 3114 2496 3166 et
2520 3111 2838 3179 resurgendi
2861 3114 3126 3167 securitas
3148 3113 3215 3167 (⁵³.

2296 3213 2353 3233 μ
2406 3213 2601 3233 ηηηι
2658 3230 2667 3233 _
3006 3214 3063 3233 .g,
3175 3217 3215 3233 ι.

491 3215 626 3286 quia
652 3218 950 3286 peccatum
980 3230 1099 3268 non
1130 3214 1433 3282 habemus,
1463 3229 1567 3267 nos
1602 3213 1752 3283 ipsos
1782 3212 2114 3284 decipimus,

489 3316 543 3364 et
574 3309 781 3363 veritas
806 3308 868 3362 in
898 3307 1061 3362 nobis
1088 3324 1202 3361 non
1229 3312 1313 3362 est
1340 3329 1367 3356 ‹‹
1396 3306 1436 3378 (I
1469 3310 1651 3369 Joan.,
1682 3324 1721 3374 ι,
1755 3306 1830 3378 8).

489 3404 613 3457 CAP.
667 3402 773 3457 LV.
822 3432 890 3441 -—
937 3405 1061 3459 Non
1111 3401 1436 3464 hominibus,
1485 3401 1579 3456 sed
1623 3403 1726 3456 Deo
1773 3400 2117 3471 placendum.

564 3498 620 3550 tu
652 3497 876 3552 Psalmo
914 3512 986 3550 LII
1019 3512 1031 3549 :
1069 3516 1096 3544 ‹‹
1129 3495 1235 3560 Qui
1276 3494 1605 3549 hominibus
1644 3495 1869 3566 placent
1898 3495 2121 3551 confusi

491 3597 643 3657 sunt,
680 3589 816 3661 quia
848 3590 998 3643 Deus
1039 3588 1180 3644 nihil
1210 3588 1344 3644 fecit
1378 3587 1521 3644 illos.
1552 3609 1580 3639 ››
1611 3590 1755 3644 Item
1786 3588 1845 3643 in
1873 3588 2120 3660 Epistola

485 3684 645 3739 Pauli
688 3684 761 3737 ad
800 3684 1018 3739 Galatas
1062 3700 1074 3737 :
1108 3704 1136 3732 «
1179 3683 1231 3739 Si
1284 3682 1614 3738 hominibus
1641 3683 1683 3716 ⁵¹
1734 3682 1960 3754 placere
2002 3684 2116 3738 vel-

488 3780 604 3834 lem
629 3779 695 3846 5’,
728 3778 933 3833 Christi
960 3794 1151 3832 servus
1179 3794 1297 3832 non
1327 3794 1508 3833 essem
1538 3799 1567 3827 ››
1599 3777 1764 3848 (θαι,
1798 3794 1835 3847 ι,
1869 3776 1974 3848 10),

489 3883 612 3936 Car.
669 3882 798 3935 LVI.
857 3912 922 3920 —-
974 3884 1143 3935 Deum
1196 3882 1336 3934 nihil
1386 3881 1553 3936 latere
1609 3898 1675 3936 ea:
1725 3882 1805 3935 his
1866 3896 1984 3951 qua:
2038 3898 2121 3950 ge-

1193 3967 1411 4016 runtur.

562 4067 625 4119 In
672 4062 959 4135 Sapientia
1002 4060 1323 4116 Solomonis
1364 4079 1376 4114 :
1424 4080 1451 4110 «
1498 4062 1558 4115 In
1609 4060 1768 4114 omni
1816 4059 1944 4115 loco
1990 4076 2115 4131 spe-

489 4158 751 4215 culantur
780 4156 925 4213 oculi
959 4156 1055 4212 Dei
1095 4155 1270 4210 bonos
1302 4159 1358 4212 et
1393 4156 1577 4210 malos
1616 4174 1643 4206 ι)
1680 4156 1880 4227 (Prov.,
1914 4170 2004 4225 xv,
2039 4152 2114 4223 3).

2296 3213 2360 3265 In
2404 3213 2605 3269 Genesi
2657 3230 2669 3268 :
2723 3235 2750 3263 «
2794 3215 2949 3269 Tunc
2995 3214 3137 3270 dixit
3174 3215 3451 3271 Dominus
3500 3215 3574 3269 ad
3619 3215 3782 3269 Adam
3820 3230 3830 3267 :

2221 3305 2360 3369 Quia
2404 3306 2680 3361 exaudisti
2722 3324 2918 3363 vocem
2951 3309 3138 3363 uxoris
3153 3310 3200 3344 ⁶⁹
3238 3316 3373 3377 tuae,
3412 3314 3471 3365 et
3507 3306 3835 3364 manducasti

2227 3415 2295 3453 ex
2345 3399 2442 3454 illa
2494 3399 2695 3456 arbore
2743 3401 2811 3457 de
2863 3418 2974 3473 qua
3023 3402 3143 3458 sola
3191 3419 3581 3475 praeceperam
3636 3402 3731 3458 tibi
3775 3418 3834 3455 ne

2220 3492 2684 3563 manducares",
2749 3496 3048 3551 maledicta
3094 3500 3244 3552 terra
3300 3498 3413 3552 erit
3476 3497 3535 3552 in
3597 3495 3835 3551 omnibus

2226 3586 2492 3657 operibus
2542 3587 2672 3642 tuis.
2718 3590 2781 3644 In
2832 3589 3059 3644 tristitia
3111 3596 3166 3645 et
3217 3592 3437 3663 gemitu
3488 3590 3623 3646 edes
3672 3607 3735 3645 ex
3779 3605 3835 3643 ea

2229 3680 2496 3735 omnibus
2526 3681 2726 3736 diebus
2753 3682 2879 3737 vita!
2912 3689 3043 3738 tuae.
3075 3683 3280 3755 Spiuas
3312 3688 3371 3739 et
3400 3685 3638 3740 tribulos
3668 3683 3836 3754 ejiciet

2221 3774 2345 3843 tibi,
2379 3780 2435 3829 et
2475 3774 2606 3829 edes
2646 3776 2919 3847 pabulum
2961 3778 3144 3849 agri“
3191 3779 3249 3832 in
3284 3779 3494 3833 sudore
3530 3779 3711 3833 vultus
3743 3775 3829 3830 tui.

2224 3868 2369 3923 Edes
2413 3885 2622 3939 panem
2664 3872 2827 3924 tuum
2870 3871 3050 3926 donec
3090 3872 3387 3927 revertaris
3428 3873 3489 3927 in
3527 3879 3733 3927 terram
3776 3870 3835 3924 de

2225 3978 2336 4034 qua
2379 3968 2434 4015 et
2478 3966 2737 4034 sumptus
2778 3980 2837 4017 es
2883 3981 2896 4018 :
2944 3965 3075 4036 quia
3122 3971 3273 4020 terra
3319 3982 3401 4036 es,
3450 3972 3508 4022 et
3552 3966 3608 4019 in
3651 3971 3835 4020 terram

2222 4056 2329 4110 ibis
2357 4076 2384 4105 ››
2423 4055 2595 4127 (Gem,
2627 4073 2703 4124 ιιι,
2741 4058 2947 4127 17-19).
2982 4061 3121 4113 Item
3166 4059 3280 4113 illic
3315 4082 3325 4112 :
3361 4082 3387 4109 (ι
3426 4061 3497 4113 Et
3525 4056 3835 4129 complacuit

2220 4151 2411 4205 Enoch
2464 4151 2613 4221 Deo;
2667 4156 2723 4207 et
2771 4169 2881 4207 non
2936 4157 3019 4207 est
3075 4154 3339 4208 inventus
3368 4154 3416 4189 ⁷³
3472 4151 3833 4226 postmodum,

1869 4336 2078 4400 Varia
2134 4334 2474 4397 lectiones.

554 4503 594 4533 ⁴¹
628 4499 875 4562 Quaerite
901 4499 1081 4549 Deum
1113 4496 1235 4546 Tim.
1278 4497 1413 4545 Voss.
1445 4495 1492 4544 4.
1526 4495 1826 4545 Dominum
1857 4493 1984 4545 Bod.
2027 4493 2067 4551 1,
2095 4492 2143 4552 2,
2170 4491 2218 4554 3,
2251 4494 2299 4543 4.
2332 4496 2474 4546 Lam.
2502 4497 2614 4548 Lin.
2642 4496 2748 4547 ΝΟ.
2770 4493 2818 4543 2.
2886 4495 2929 4526 ⁴¹
2952 4493 3190 4544 Multum
3224 4494 3447 4558 sapiens
3479 4496 3593 4545 Lin.
3620 4494 3833 4545 Multum

490 4573 711 4635 sapiens
738 4570 886 4633 apud
910 4570 1159 4632 seipsum
1187 4570 1322 4619 Coit.

491 4714 535 4761 si
565 4714 733 4762 unius
761 4710 888 4761 Bod.
928 4711 971 4759 1.

1420 4568 1462 4600 ⁴³
1490 4566 1670 4627 Quam
1700 4578 1927 4617 necesse
1955 4567 2039 4615 est
2061 4567 2201 4614 Lam.
2233 4564 2338 4617 NG.
2379 4566 2423 4615 1.
2456 4565 2583 4617 Bod.
2610 4566 2656 4616 Ξ.
2697 4566 2821 4616 Tim.
2851 4563 2999 4616 Corb.

490 4644 533 4675 ‘3
554 4634 743 4705 ’Quam
767 4639 1149 4691 inscrutabilia
1172 4639 1312 4687 Lam.
1340 4638 1456 4688 Lin.
1482 4637 1587 4688 NG.
1618 4638 1659 4686 1.
1688 4636 1811 4687 Bod.
1847 4638 1893 4696 1,
1922 4637 1969 4696 2,
1991 4636 2041 4691 3,
2068 4636 2112 4684 4.
2149 4634 2269 4684 Tim.
2296 4635 2449 4687 Carb.
2486 4639 2618 4686 νου.
2645 4641 2691 4686 ι.
2757 4635 2801 4669 ⁴⁶
2826 4635 2959 4686 Sine
2989 4635 3247 4686 sordibus
3287 4637 3398 4688 Ver.
3438 4642 3614 4688 Benev.
3680 4635 3719 4667 ⁸⁷
3741 4634 3839 4705 Nec

1078 4709 1120 4741 ⁸⁸
1143 4708 1309 4758 Terra
1339 4723 1350 4755 :
1380 4720 1493 4756 non
1523 4710 1705 4769 potest
1735 4718 1857 4755 esse
1886 4705 2008 4755 sine
2039 4705 2265 4768 querela
2295 4707 2429 4757 Gott.

3098 4566 3143 4597 ⁴⁴
3172 4564 3378 4615 Paulus
3403 4566 3476 4614 ad
3508 4566 3665 4616 Rom.
3695 4562 3822 4616 Coro.

2527 4707 2572 4742 "
2597 4707 2744 4758 Ecce
2770 4707 2823 4756 in
2856 4706 3102 4756 facinore
3128 4707 3266 4755 Lam.
3298 4708 3412 4758 Lin.
3445 4709 3554 4760 ΝΟ.
3583 4709 3625 4756 1.
3656 4704 3771 4756 Bod.
3797 4705 3831 4755 1.

489 4786 539 4838 2,
568 4787 611 4831 4,
645 4782 768 4832 Tim.
802 4779 948 4834 Coro.
988 4782 1123 4829 Voss.
1144 4782 1189 4827 3.
1258 4779 1297 4808 5°
1327 4778 1389 4826 In
1422 4790 1591 4841 pecca
1607 4778 1679 4826 tis
1709 4777 1965 4839 concepit
1988 4779 2127 4826 Lam.
2154 4775 2261 4824 Lin.
2288 4776 2395 4828 NG.
2435 4779 2479 4827 1.
2506 4779 2627 4829 Bod.
2665 4781 2712 4837 1,
2744 4783 2791 4834 3,
2819 4778 2867 4827 ι.
2903 4777 3055 4826 Aluit
3080 4791 3169 4828 me
3200 4778 3254 4826 in
3284 4782 3443 4829 utero
3490 4780 3622 4827 Voss.
3648 4781 3690 4825 3.
3801 4777 3832 4805 ⁵*

492 4855 551 4906 Si
584 4854 765 4904 adhuc
794 4850 1118 4902 hominibus
1142 4852 1282 4900 Lam.
1323 4850 1428 4900 NG.
1456 4850 1502 4897 1.
1572 4849 1611 4880 ⁵³
1639 4849 1917 4899 Placerem
1950 4846 2070 4897 Bod.
2106 4849 2147 4895 1.
2196 4847 2332 4895 Voss.
2353 4848 2399 4896 3.
2470 4852 2509 4881 ⁵³
2541 4849 2691 4899 Deus
2715 4846 2784 4897 de
2815 4848 2977 4912 longe
3006 4850 3127 4898 Lam
3184 4850 3289 4899 NG.
3315 4846 3358 4896 E
3384 4847 3693 4913 longinquo
3717 4848 3829 4897 Coit.

496 4929 530 4956 "-
561 4924 722 4986 Quod
753 4924 797 4972 si
820 4921 1176 4972 absconditus
1202 4918 1363 4967 fuerit
1386 4918 1552 4966 homo
1580 4918 1634 4967 in
1668 4916 2006 4968 absconditis
2032 4917 2149 4965 suis
2178 4920 2320 4968 Lam.
2352 4920 2458 4970 ΝΟ.
2487 4919 2532 4968 1.
2560 4918 2938 4969 Absconditus
2963 4930 3092 4980 ergo
3122 4917 3266 4969 σοι-ὸ,
3334 4919 3377 4951 ⁵⁵
3410 4919 3561 4983 Ergo
3591 4932 3699 4969 non
3725 4914 3833 4967 Bod.

491 4998 534 5043 3.
640 4995 679 5027 ⁵⁸
706 4994 869 5044 Videt
892 4994 945 5043 in
981 4991 1196 5047 faciem,
1217 4988 1368 5037 Deus
1394 4990 1579 5036 autem
1610 4988 1667 5036 in
1697 5001 1794 5039 cor
1824 4988 1943 5035 Tlm.
1971 4987 2082 5037 Lin.
2116 4987 2269 5036 Deus
2293 4986 2527 5039 videtin
2559 4988 2723 5040 corde
2753 4991 2888 5041 σου.

1332 5057 1375 5091 ⁵⁸
1404 5058 1539 5108 Sum
1568 5060 1838 5109 Dominus
1865 5062 2140 5108 scrutator
2169 5061 2309 5108 Lam.
2338 5061 2446 5111 NG.
2473 5060 2518 5108 1.

722 5028 735 5041 .
756 5028 869 5044 ...ω
981 5028 1196 5047 ...μνηη
1217 5028 1238 5037 -

493 5067 759 5117 Ecclesiae
786 5065 910 5115 Bod.
949 5066 992 5112 1.
1033 5063 1164 5108 Voss.
1192 5060 1238 5109 3.

2990 4988 3028 5021 ⁵⁷
3059 4988 3127 5037 Et
3149 4990 3327 5037 scient
3355 5002 3555 5039 omnes
3584 4992 3768 5053 gentes
3787 4990 3835 5034 et

2613 5058 2651 5092 ⁵⁸
2681 5059 2858 5121 Opera
2877 5061 3052 5107 vestra
3079 5060 3184 5110 ΝΟ.
3217 5059 3263 5107 2.
3298 5057 3478 5120 Opera
3513 5060 3637 5107 Tim.
3729 5055 3768 5088 ⁸⁸
3794 5057 3830 5102 Α

490 5137 716 5186 secretis
742 5136 879 5185 meis
903 5138 1043 5184 Lam.
1076 5131 1187 5181 Lin.
1219 5130 1324 5179 Nl}.
1360 5129 1400 5176 1.
1431 5126 1558 5177 Bod.
1592 5130 1633 5177 1.
1662 5130 1709 5178 2.
1749 5130 1870 5179 Tha.
1895 5128 2039 5180 Corb.
2080 5131 2211 5179 Voss.
2238 5130 2282 5178 3.
2351 5127 2397 5160 θ’
2423 5130 2674 5193 Recipiat
2698 5130 3057 5194 unusquique
3085 5131 3191 5181 ΝΟ.
3214 5129 3263 5178 2.
3343 5127 3387 5162 “
3413 5130 3674 5178 Nostrum
3702 5125 3833 5186 quod

493 5208 661 5266 possit
686 5210 820 5258 Gott.
888 5205 929 5237 ⁸³
956 5200 1243 5253 Reservari
1269 5198 1469 5249 debere
1493 5200 1633 5248 Lam.
1667 5203 1769 5252 Νη.
1802 5203 1846 5250 1.

1941 5199 1984 5233 ⁸⁸
2014 5201 2307 5263 Castigans
2336 5201 2621 5263 castigavit
2648 5204 2781 5254 Con.
2808 5200 3099 5263 Castigans
3124 5198 3441 5250 emendavit
3462 5203 3569 5253 ΝΟ.
3597 5202 3639 5260 1,
3669 5200 3714 5248 2.
3793 5195 3832 5227 ⁸⁵

496 5280 551 5327 In
578 5279 727 5340 virga
755 5278 927 5326 ferrea
963 5273 1087 5325 Bod.
1125 5273 1166 5321 1.
1207 5270 1335 5318 Voss.
1367 5270 1413 5319 3.
1482 5270 1525 5300 ⁶⁶
1552 5271 1671 5320 Non
1702 5272 2016 5335 disperdam
2042 5272 2186 5323 Corb.
2220 5272 2481 5322 Auferam
2510 5270 2637 5321 Bod.
2670 5271 2716 5321 3.
2764 5270 2897 5321 Van.
2926 5270 2973 5319 4.
3063 5269 3105 5302 ⁸⁷
3129 5270 3196 5319 Et
3215 5268 3359 5340 sedit
3382 5270 3538 5319 Deus
3568 5273 3703 5340 Lam.
3730 5269 3829 5317 Liu.

495 5351 597 5399 ΝΗ.
632 5338 825 5401 1ῘΒσΔ.
852 5347 899 5395 Ξ.
934 5347 1055 5397 Thu.
1125 5341 1167 5374 ⁸⁸
1209 5341 1277 5390 Et
1318 5341 1374 5389 in
1404 5343 1742 5407 resurgendo
1777 5344 2046 5394 securitas
2083 5345 2143 5391 Bo

2229 5348 2273 5390 3.
2341 5342 2384 5374 ‘9
2432 5340 2680 5390 Mulieris
2709 5342 2851 5390 Lam.
2884 5341 2989 5389 Li".
3025 5341 3129 5390 ΝΟ.
3164 5340 3207 5388 1.
3240 5339 3364 5390 Bod.
3394 5341 3444 5395 1,
3471 5340 3520 5392 2.
3550 5340 3596 5389 4.
3641 5338 3763 5386 νοω.
3790 5342 3829 5382 3.

492 5419 531 5449 τ’)
580 5419 657 5468 Ne
687 5417 1070 5477 manducares,
1108 5420 1160 5465 et
1186 5411 1565 5463 manducastis
1593 5426 1659 5463 ex
1698 5428 1763 5466 ea
1798 5419 1935 5467 Lam.
1965 5418 2070 5468 NG.
2100 5415 2226 5466 Bod.
2250 5415 2299 5464 2.
2367 5412 2406 5445 7‘
2437 5413 2581 5462 Edes
2605 5424 2802 5476 panem
2834 5414 2991 5459 tuum
3018 5410 3085 5460 de
3116 5410 3321 5474 pabulo
3346 5412 3462 5473 agri
3491 5409 3635 5462 Corb.
3665 5408 3709 5443 7'
3730 5407 3831 5457 Non

492 5494 578 5538 est
605 5489 888 5550 iuventus,
915 5487 1046 5551 quia
1076 5488 1209 5537 Coit.

1790 5621 2014 5705 Steph.
2064 5622 2310 5686 Baluzii
2352 5626 2548 5688 nota.

546 5771 649 5834 (51)
706 5772 969 5822 Neminem
1028 5771 1144 5822 sine
1204 5770 1373 5821 sorde.
1431 5769 1578 5820 Citat
1643 5768 1795 5820 hunc
1860 5770 2048 5819 locum
2097 5769 2474 5836 Hieronymus
2546 5770 2603 5821 in
2671 5769 2811 5820 libro
2876 5782 2891 5818 I
2957 5766 3306 5837 Dialogorum
3369 5765 3628 5818 adversus
3693 5760 3826 5813 Pola-

480 5843 692 5909 gianos.
