4032 6180
216 201 306 260 793
1227 205 1770 262 TESTIMONIORUM
1811 206 1964 262 ADV.
2003 205 2271 263 JUDACOS
2310 208 2434 262 LIB.
2469 207 2558 263 III.

3450 203 3552 264 794

213 333 332 404 quia
370 331 514 386 Deus
553 331 709 387 illum
751 333 1039 387 transtulit
1072 357 1098 382 ››
1133 336 1304 403 (Gen,
1336 353 1388 402 γ,
1421 335 1532 406 2i).
1573 336 1637 387 Et
1673 335 1821 405 apud
1847 337 2059 420 Aante
2102 335 2562 388 constitutionem
2613 335 2806 388 mundi
2846 339 2888 374 90
2933 358 2957 382 η
3006 336 3206 406 (Joun..
3259 351 3388 402 xvn,
3437 334 3546 404 21).

213 427 399 481 Isaiam
443 443 457 480 :
508 449 533 474 ‹‹
571 427 767 480 Omnis
812 444 942 482 caro
980 429 1215 496 fustium,
1265 433 1323 483 et
1367 429 1554 484 omnis
1600 429 1823 483 claritas

213 522 324 591 ejus
366 523 429 575 ut
477 521 575 575 ﬂos
628 521 782 575 fceui.
835 522 996 577 Aruit
1043 523 1284 590 frenum,
1334 529 1390 578 et
1439 524 1545 579 ﬂos
1594 524 1819 579 decidit.

209 619 394 671 Sermo
433 616 480 651 ⁷³
522 621 714 670 autem
765 617 989 671 Domini
1037 621 1234 672 manet
1264 617 1308 652 7‘
1349 618 1408 672 in
1457 623 1737 674 aeternum
1793 639 1820 667 »

212 711 346 774 (Isa.,
383 726 472 777 XL,
507 711 639 780 6-8).
669 711 831 782 Apud
858 712 904 748 ⁷⁵
933 711 1321 768 Ezechielem:
1359 733 1386 762 «
1427 713 1534 784 Ipsi
1572 712 1769 766 dicunt
1805 731 1821 767 :

187 800 362 860 ‘Arida
410 804 559 858 facta
607 811 740 859 sunt
787 821 907 859 ossa
957 809 1171 876 nostra,
1217 806 1388 878 periit
1433 822 1560 879 spes
1605 812 1820 876 nostra,

209 897 628 969 erspiravimus;
687 905 988 970 propterea
1043 901 1395 971 prophetiza,
1458 907 1512 957 et
1564 901 1652 956 die
1707 900 1752 936 ⁷⁸
1805 918 1818 955 :

210 990 386 1064 763
443 995 571 1047 Haec
626 992 760 1047 dicit
812 994 1084 1048 Dominus
1123 994 1170 1028 ⁷⁷
1214 1011 1227 1049 :
1281 997 1418 1051 Ecce
1470 1012 1579 1066 ego
1630 996 1823 1067 aperio

209 1090 567 1140 monumenta
595 1091 802 1155 vestra,
837 1091 892 1142 et
918 1088 1156 1142 educam
1196 1105 1294 1144 vos
1337 1090 1406 1144 de
1436 1091 1823 1145 monumentis

207 1179 409 1245 vestris,
451 1182 509 1232 et
541 1180 809 1235 inducam
855 1197 952 1235 vos
988 1183 1049 1236 in
1088 1187 1296 1237 terram
1342 1185 1532 1238 Israel.
1581 1187 1646 1239 Et
1679 1184 1822 1238 dabo

207 1272 465 1344 Spiritum
495 1290 682 1328 meum
711 1275 770 1328 in
801 1291 916 1343 vos,
945 1279 1003 1330 et
1027 1276 1242 1332 vivetis.
1273 1279 1341 1332 Et
1376 1295 1585 1349 ponam
1629 1295 1722 1332 vos
1765 1279 1823 1333 in

208 1372 399 1420 terram
445 1376 709 1432 vestram,
767 1372 823 1423 et
861 1371 1213 1441 cognoscetis
1257 1373 1524 1442 quoniam
1564 1388 1670 1443 ego
1708 1375 1819 1427 Do-

207 1461 380 1514 minus
425 1462 646 1516 locutus
687 1480 834 1529 sum,
893 1469 949 1517 et
1001 1465 1228 1531 faciam,
1283 1465 1416 1519 dicit
1472 1467 1742 1520 Dominus
1791 1489 1818 1517 ››

207 1555 418 1624 (Εεεοὴη
482 1571 686 1624 xxxv",
749 1559 960 1625 11-14).
1023 1561 1164 1612 Item
1216 1561 1274 1612 in
1326 1560 1616 1631 Sapientia
1667 1561 1818 1616 Salo-

207 1649 373 1702 monis
408 1667 419 1702 :
452 1672 479 1697 ‹‹
517 1650 728 1721 Raptus
769 1656 852 1705 est
889 1649 932 1684 ⁷⁸
971 1668 1042 1705 ne
1087 1652 1304 1707 malitia
1351 1657 1595 1708 mutaret
1647 1655 1818 1708 intel-

206 1741 399 1795 lectum
437 1743 605 1798 illius.
652 1744 859 1798 I’lacita
891 1745 1045 1798 enim
1081 1750 1200 1799 erat
1240 1747 1354 1800 Deo
1383 1747 1574 1800 anima
1599 1746 1750 1801 illius
1790 1768 1816 1798 »

209 1836 364 1904 (δίψη
405 1853 480 1903 1v,
519 1838 726 1904 11-11).
765 1839 907 1892 Item
945 1839 1004 1892 in
1048 1839 1267 1893 Psalmo
1303 1856 1500 1896 Lxxxm
1534 1857 1546 1896 :
1583 1843 1817 1907 «Quam

207 1929 569 1984 dilectissimus
611 1939 652 1973 τι
691 1932 1070 1987 habitationes
1121 1938 1262 2002 tuas,
1320 1937 1464 1989 Deus
1514 1935 1815 1991 virtutum!

210 2022 483 2077 Desiderat
510 2029 565 2077 et
597 2029 860 2096 properat
886 2025 931 2060 ⁸ο
955 2027 1147 2081 anima
1179 2043 1307 2081 mea
1333 2029 1400 2082 ad
1431 2029 1573 2083 atria
1597 2029 1638 2064 ³¹
1672 2029 1765 2083 Dei
1791 2052 1816 2078 »

210 2115 360 2184 (Psal.
401 2133 620 2187 Lxxxnl,
661 2123 712 2187 2,
747 2120 819 2189 3).
859 2121 924 2176 Et
959 2120 1016 2174 in
1060 2121 1307 2192 Epistola
1352 2123 1507 2177 Pauli
1544 2123 1610 2177 ad
1652 2123 1820 2178 Thes-

209 2211 567 2266 salonicenses
617 2230 631 2266 :
689 2234 716 2262 «
771 2213 1043 2268 Nolumus
1105 2221 1295 2270 autem
1360 2233 1457 2272 vos
1519 2217 1817 2288 ignorare,

208 2304 410 2371 fratres,
441 2305 511 2359 de
549 2306 986 2377 dormientibus,
1022 2325 1093 2363 ne
1133 2311 1544 2365 contristemini
1584 2311 1728 2365 sicut
1764 2313 1822 2365 et

209 2398 400 2463 ceteri,
439 2399 538 2470 qui
585 2417 745 2470 spem
789 2417 904 2456 non
953 2402 1181 2457 habent.
1229 2404 1283 2458 Si
1333 2404 1488 2458 enim
1539 2405 1821 2459 credimus

210 2491 326 2559 quia
362 2493 518 2546 Iesus
568 2499 824 2548 mortuus
865 2501 948 2549 est
983 2499 1040 2549 et
1079 2497 1411 2564 resurrexit,
1460 2499 1536 2552 sic
1577 2504 1633 2553 et
1676 2501 1821 2554 Deus

209 2599 290 2637 eos
339 2587 431 2656 qui
483 2586 848 2642 dormierunt
897 2588 955 2642 in
1002 2591 1131 2644 Iesu
1185 2591 1436 2645 adducet
1487 2608 1617 2645 cum
1671 2609 1736 2646 eo
1792 2614 1819 2643 ››

211 2679 244 2746 (l
306 2679 498 2745 Thess,
572 2697 645 2750 Iv,
711 2682 800 2750 13,
865 2684 970 2752 14).
1034 2684 1174 2738 Item
1242 2685 1312 2738 ad
1371 2685 1750 2740 CorinthiOSI
1806 2704 1816 2738 :

213 2791 238 2820 κ
276 2774 441 2827 Stulte
479 2775 549 2843 ³³,
603 2778 664 2829 tu
695 2776 852 2846 quod
894 2777 1141 2832 seminas
1189 2795 1304 2832 non
1356 2779 1667 2833 viviﬁcatur
1714 2779 1820 2832 nisi

211 2866 350 2934 prius
371 2869 414 2906 ⁸³
448 2873 744 2923 mortuum
791 2870 980 2926 fuerit.
1021 2894 1048 2921 »
1091 2873 1158 2925 Et
1203 2873 1409 2926 iterum
1449 2890 1460 2926 :
1508 2894 1535 2921 ‹‹
1583 2872 1751 2927 Stella
1790 2891 1822 2927 a

212 2960 350 3014 stelia
389 2961 581 3017 differt
620 2963 680 3017 in
727 2965 996 3034 claritate,
1045 2965 1121 3020 sic
1163 2969 1218 3021 et
1259 2967 1594 3021 resurrectio
1632 2965 1696 3020 ⁸⁸.
1728 2967 1824 3022 Se-

1926 435 2065 487 Item
2107 437 2227 488 cata
2271 435 2474 488 Lucam
2508 450 2519 486 :
2557 454 2583 483 ‹‹
2625 435 2783 488 Nunc
2822 434 3057 488 dimittis
3095 448 3321 488 servum
3364 436 3547 499 tuum,

1925 528 2188 597 Domine,
2236 528 2547 580 secundum
2595 527 2831 582 verbum
2884 533 3064 596 tuum,
3111 529 3166 581 in
3214 544 3372 599 pace,
3421 525 3554 596 quia

1926 621 2191 674 viderunt
2217 621 2360 674 oculi
2393 621 2506 673 mei
2533 621 2774 674 salutare
2796 626 2954 674 tuum
2982 642 3008 670 »
3037 623 3202 690 (Lua,
3237 638 3291 686 ιι,
3318 623 3408 686 ‘29,
3436 620 3546 689 30).

1926 717 2066 768 Item
2096 718 2221 769 cata
2249 716 2521 769 Joannem
2554 732 2565 768 :
2599 736 2625 763 «
2665 715 2716 769 Si
2751 731 2840 769 me
2883 714 3238 781 dilexissetis,
3280 713 3551 784 gaudere-

1925 809 1996 862 tis
2011 812 2049 846 9'
2073 809 2345 880 quoniam
2367 808 2512 863 vado
2539 808 2608 862 ad
2637 811 2879 877 Patrem,
2909 808 3040 880 quia
3064 810 3222 862 Pater
3246 807 3428 878 major
3455 823 3548 862 me

1924 906 2010 957 est
2031 924 2058 952 »
2090 906 2292 974 (J0an.,
2325 921 2434 972 xw,
2467 904 2578 973 28).

2010 1000 2136 1054 CAP.
2167 998 2292 1052 LIX.
2322 1027 2390 1038 —-
2420 1000 2490 1052 De
2514 998 2672 1051 idolis
2699 1014 2818 1067 quae
2842 997 3063 1066 gentiles
3092 995 3214 1050 deos
3240 997 3456 1063 putant.

1994 1091 2057 1145 In
2100 1090 2382 1162 Sapientia
2433 1091 2742 1146 Salomonis
2785 1108 2860 1146 :u
2911 1089 3110 1146 Omnia
3159 1087 3310 1142 idola
3359 1086 3542 1140 natio-

1921 1199 2060 1239 num
2102 1184 2532 1240 aestimaverunt
2577 1185 2733 1254 deos,
2778 1184 2980 1255 quibus
3022 1197 3206 1255 neque
3253 1181 3551 1236 oculorum

1922 1294 2057 1332 usus
2099 1282 2184 1332 est
2219 1279 2287 1332 ad
2334 1279 2662 1345 videndum,
2692 1295 2876 1349 neque
2915 1293 3082 1332 nares
3127 1276 3199 1330 ad
3238 1274 3553 1347 percipien-

1923 1371 2058 1426 dum
2079 1373 2124 1414 θ’
2145 1372 2429 1439 Spiritum,
2463 1389 2643 1443 neque
2670 1389 2836 1426 aures
2865 1373 2934 1425 ad
2962 1370 3334 1437 audiendum,
3367 1383 3549 1439 neque

1922 1464 2083 1536 digiti
2124 1465 2182 1519 in
2219 1467 2482 1519 manibus
2515 1466 2587 1519 ad
2619 1465 3087 1520 contrectandum
3115 1463 3183 1530 ’3,
3212 1462 3312 1516 sed
3351 1465 3409 1516 et
3447 1477 3546 1530 pe-

1921 1558 2018 1612 des
2045 1575 2242 1613 eorum
2265 1559 2415 1630 pigri
2435 1559 2505 1613 ad
2521 1559 2951 1613 ambulandum.
2979 1557 3173 1629 764
3192 1558 3370 1610 Homo
3393 1553 3548 1607 enim

1921 1652 2057 1706 fecit
2091 1653 2234 1719 illos,
2265 1657 2321 1707 et
2348 1653 2444 1724 qui
2481 1652 2743 1723 spiritum
2772 1652 2817 1686 ⁸⁸
2848 1655 3138 1706 mutuatus
3173 1653 3274 1716 est,
3306 1649 3351 1702 is
3392 1647 3551 1701 tinxit

1845 1720 1896 1790 Β
1923 1746 2065 1800 illos.
2097 1747 2276 1800 Nemo
2307 1720 2633 1801 autem—sibi
2659 1746 2903 1800 similem
2935 1747 3109 1799 homo
3141 1743 3345 1815 poterit
3376 1742 3547 1794 deum

1919 1839 2156 1910 tingere.
2189 1840 2330 1893 Cum
2370 1839 2441 1894 sit
2482 1840 2641 1894 enim
2689 1839 2961 1906 mortalis,
2993 1841 3285 1893 mortuum
3323 1833 3490 1905 ﬁngit

1923 1933 2183 1987 manibus
2231 1932 2455 2004 iniquis.
2512 1933 2703 1988 Melior
2751 1938 2836 1988 est
2883 1936 3076 1987 autem
3125 1931 3243 2002 ipse
3293 1928 3358 1982 iis
3407 1942 3548 1998 quos

1921 2026 2085 2094 colit;
2133 2027 2403 2098 quoniam
2443 2027 2564 2098 ipse
2608 2027 2841 2099 quidem
2876 2026 3029 2095 vixit,
3073 2024 3153 2079 illi
3191 2035 3484 2093 nunquam
3517 2040 3545 2069 ι»

1923 2121 2097 2191 (Sap.,
2147 2136 2236 2187 xv,
2294 2120 2501 2188 15-17).
2559 2122 2637 2175 De
2693 2121 2800 2175 hoc
2849 2121 3023 2192 ipso:
3072 2119 3323 2189 «Neque
3376 2129 3551 2186 opera

1922 2215 2280 2271 attendentes
2339 2219 2731 2286 cognoverunt
2785 2215 2910 2286 quis
2962 2219 3107 2269 esset
3157 2211 3395 2276 artifex,
3452 2208 3551 2262 sed

1923 2314 2022 2363 aut
2062 2309 2276 2380 ignem,
2321 2311 2422 2363 aut
2463 2309 2744 2379 spiritum,
2785 2313 2882 2362 aut
2922 2309 3160 2362 citatum
3203 2323 3420 2375 aerem,
3453 2310 3552 2360 aut

1923 2417 2127 2474 gyrum
2161 2403 2474 2466 stellarum,
2500 2407 2595 2457 aut
2632 2401 2862 2455 nimiam
2894 2418 3126 2474 aquam,
3159 2406 3256 2456 aut
3280 2401 3459 2455 solem
3493 2403 3552 2454 et

1920 2496 2137 2563 lunam,
2164 2502 2413 2552 rectores
2443 2496 2594 2550 orbis
2626 2502 2787 2550 terra:
2821 2497 2952 2550 deos
2983 2500 3326 2567 putaverunt
3354 2511 3366 2548 :
3401 2510 3547 2565 quo-

1921 2606 2050 2644 rum
2093 2590 2138 2643 si
2181 2595 2412 2662 pr0pter
2451 2590 2695 2662 speciem
2727 2591 2832 2645 hoc
2875 2590 3322 2654 aestimaverunt,
3367 2587 3552 2642 sciant

1921 2689 2134 2754 quanto
2179 2685 2264 2738 his
2309 2685 2577 2739 Dominus
2615 2685 2686 2738 sit
2726 2685 3030 2754 speciosior
3059 2700 3071 2737 :
3105 2687 3204 2736 aut
3239 2681 3284 2735 si
3314 2681 3549 2735 virtutes

1924 2793 2095 2848 Opera
2125 2795 2322 2831 eorum
2354 2779 2543 2832 mirati
2584 2781 2734 2843 sunt,
2773 2777 3096 2848 intelligant
3132 2776 3201 2830 ab
3234 2776 3368 2846 ipsis
3407 2791 3547 2845 quo-

1920 2871 2076 2924 niam
2127 2872 2225 2940 qui
2279 2872 2397 2925 haec
2444 2871 2738 2926 constituit
2779 2869 2947 2926 fortia
2995 2869 3199 2925 fortior
3246 2873 3333 2922 est
3372 2868 3480 2921 illis
3520 2890 3548 2917 ››

1923 2965 2100 3036 (Sap.,
2145 2981 2260 3034 XIII,
2317 2964 2456 3036 1-4).
2500 2968 2639 3019 Item
2681 2965 2738 3019 in
2784 2965 3007 3019 Psalmo
3057 2979 3244 3017 cxxxrv
3279 2979 3292 3016 :
3323 2984 3350 3011 «
3399 2962 3551 3015 Idola

214 3054 444 3110 minatur
469 3074 674 3128 corpus
712 3059 767 3111 in
809 3059 1194 3130 corruptione,
1237 3061 1486 3130 resurgit
1533 3061 1656 3114 sine
1695 3078 1822 3115 cor-
1845 3086 1898 3158 Ο
1925 3059 2178 3130 gentium
2209 3065 2513 3130 argentum
2545 3063 2602 3112 et
2629 3075 2851 3126 aurum,
2887 3075 3026 3129 Opus
3058 3073 3329 3111 manuum
3362 3055 3550 3110 homi-

214 3151 498 3220 ruptela".
547 3151 875 3206 Seminatur
917 3153 974 3206 in
1021 3153 1338 3224 ignominia
1366 3154 1432 3221 ⁸⁶,
1479 3155 1725 3225 resurgit
1765 3156 1822 3209 in

215 3243 396 3313 gloria.
439 3245 765 3299 Seminatur
807 3245 864 3298 in
918 3245 1266 3315 inﬁrmitate,
1317 3248 1566 3318 resurgit
1611 3247 1666 3300 in
1718 3249 1822 3302 vir-

212 3341 333 3390 tute.
385 3338 713 3393 Seminatur
760 3355 966 3411 corpus
1019 3340 1284 3408 animale,
1345 3342 1590 3412 resurgit
1629 3341 1672 3373 ⁸⁷
1717 3343 1824 3412 spi-

213 3430 358 3484 ritale
392 3453 418 3479 »
469 3433 507 3501 (I
554 3433 696 3495 Cosa,
744 3449 834 3501 xv,
874 3435 964 3502 36,
994 3435 1176 3500 41-41,
1222 3437 1421 3504 53-55).
1458 3437 1526 3488 Et
1562 3436 1769 3489 iterum
1807 3453 1819 3488 :

215 3527 490 3595 «Oportet
538 3526 688 3580 enim
735 3528 1118 3597 corruptivum
1167 3527 1317 3582 istud
1361 3529 1594 3583 induere
1640 3529 1823 3582 incor-

212 3621 517 3688 ruptionem
552 3625 607 3674 et
636 3620 879 3674 mortale
911 3621 1015 3675 hoc
1044 3621 1282 3675 induere
1311 3623 1821 3676 immortalitatem.

213 3713 336 3766 Cum
365 3720 558 3767 autem
599 3715 985 3784 corruptivum
1027 3714 1130 3767 hoc
1168 3715 1418 3769 induerit
1455 3716 1826 3785 incorruptio-

217 3822 351 3869 nem,
381 3813 434 3862 et
471 3808 712 3862 mortale
739 3807 845 3862 hoc
880 3807 1128 3862 induerit
1152 3808 1660 3879 incorruptionem,
1690 3813 1825 3862 tunc

215 3899 302 3952 ﬁet
352 3902 590 3954 verbum
649 3903 798 3971 quod
857 3901 1132 3971 scriptum
1188 3907 1272 3956 est
1326 3919 1338 3956 :
1401 3902 1678 3973 Absorpta
1743 3909 1827 3956 est

217 4008 356 4046 mors
378 4003 418 4038 88
444 3996 497 4048 in
547 3997 976 4048 contentionem
1010 3994 1070 4048 ⁸⁸.
1104 3995 1205 4048 Ubi
1233 4002 1335 4062 est,
1388 4012 1554 4062 mors,
1598 3997 1826 4049 aculeus

219 4088 366 4142 tuus?
414 4089 507 4142 ubi
561 4095 672 4155 est,
727 4105 906 4154 mors,
961 4089 1245 4142 contentio
1303 4090 1443 4143 tua?
1495 4113 1521 4138 ››
1574 4092 1714 4143 Item
1768 4089 1824 4143 in

217 4180 496 4252 Evangelio
547 4189 674 4237 cata
724 4183 1003 4236 Joannem
1047 4199 1059 4235 :
1105 4204 1131 4229 α
1181 4184 1373 4248 Pater,
1426 4199 1569 4253 quos
1620 4181 1826 4236 dedisti

217 4273 360 4341 mihi,
403 4277 528 4331 volo
571 4283 635 4334 ut
673 4276 770 4330 ubi
817 4292 926 4346 ego
973 4276 1134 4329 fuero
1167 4281 1222 4330 et
1260 4275 1369 4346 ipsi
1409 4277 1522 4330 sint
1575 4292 1823 4342 mecum,

216 4371 260 4420 et
309 4368 526 4425 videant
578 4370 896 4424 claritatem
953 4385 1140 4423 meam
1193 4385 1368 4439 quam
1423 4369 1561 4424 mihi
1618 4369 1825 4423 dedisti

1924 3169 2082 3206 num.
2113 3152 2186 3206 Os
2216 3153 2450 3221 habent,
2483 3157 2539 3206 et
2570 3169 2684 3207 non
2715 3153 3048 3223 loquuntur,
3089 3151 3278 3205 oculos
3315 3149 3548 3214 habent,

1926 3252 1981 3300 et
2025 3262 2142 3300 non
2192 3245 2406 3314 vident,
2456 3263 2620 3300 aures
2673 3247 2900 3314 habent,
2951 3251 3006 3298 et
3046 3260 3160 3298 non
3215 3243 3457 3297 audiunt
3481 3242 3550 3296 οδ.

1925 3341 2118 3410 Neque
2170 3341 2322 3393 enim
2375 3347 2460 3394 est
2516 3340 2747 3411 spiritus
2797 3340 2854 3392 in
2900 3355 2994 3393 ore
3051 3354 3268 3393 eorum.
3325 3336 3550 3392 Similes

1927 3433 2129 3486 fiant”
2163 3433 2270 3486 illis
2308 3434 2407 3504 qui
2444 3433 2662 3488 faciunt
2701 3450 2764 3486 ea
2799 3432 2861 3501 ³⁸,
2909 3437 2964 3486 et
3001 3449 3198 3486 omnes
3241 3430 3339 3501 qui
3383 3430 3552 3483 conti-

1927 3526 2070 3580 dunt
2119 3527 2177 3580 in
2234 3526 2341 3580 illis
2397 3548 2424 3576 »
2487 3529 2655 3595 (Psal.
2721 3544 2934 3595 cxxxrv,
3010 3527 3214 3594 15-18).
3286 3527 3430 3579 Item
3492 3523 3552 3576 in

1929 3622 2149 3675 Psalmo
2188 3637 2285 3674 xcv
2322 3637 2334 3673 :
2369 3641 2396 3669 «
2428 3620 2637 3674 Omnes
2684 3621 2760 3674 dii
2799 3622 3056 3691 gentium
3099 3617 3405 3683 daemonia,
3452 3618 3553 3670 Do-

1927 3715 2112 3768 minus
2150 3719 2340 3769 autem
2388 3715 2552 3768 ccelos
2595 3715 2726 3768 facit
2770 3737 2797 3763 ››
2837 3714 3002 3784 (Psal.
3039 3731 3154 3780 xcv,
3203 3714 3276 3783 5).
3319 3713 3460 3765 Item
3493 3710 3550 3763 in

1928 3808 2153 3862 Exodo:
2191 3831 2214 3857 α
2244 3810 2360 3862 Νυη
2403 3808 2611 3862 facietis
2651 3807 2807 3862 vobis
2853 3809 3006 3861 deos
3030 3810 3335 3876 argenteos
3369 3821 3552 3874 neque

1927 3918 2188 3955 aureos»
2225 3902 2442 3968 (Emi,
2489 3917 2579 3967 xx,
2614 3905 2726 3970 2:1).
2774 3903 2838 3954 Et
2879 3902 3079 3953 iterum
3113 3917 3124 3952 :
3157 3922 3183 3948 (ι
3225 3900 3343 3952 Νοη
3381 3898 3552 3951 facies

1927 3994 2028 4046 tibi
2059 3994 2269 4046 idolum
2319 4010 2417 4047 nec
2459 3995 2791 4064 cujusquam
2831 3993 3264 4046 similitudinem
3299 4013 3326 4042 »
3365 3992 3546 4061 (Ibid.,

1927 4104 2014 4153 xx,
2049 4088 2124 4154 4).
2172 4089 2308 4140 ltem
2358 4088 2410 4141 in
2453 4088 2699 4143 Ieremia
2738 4091 2844 4158 (55)
2888 4103 2900 4140 :
2936 4108 2962 4134 «
3008 4088 3133 4139 Ilaec
3179 4086 3312 4139 dicit
3356 4084 3549 4139 Domi-

1929 4197 2034 4233 nus
2099 4197 2111 4234 :
2173 4181 2496 4235 Secundum
2545 4181 2659 4234 vias
2713 4181 2972 4249 gentium
3034 4180 3205 4233 nolite
3260 4177 3548 4241 incedere,

1927 4274 2059 4344 quia
2109 4275 2315 4328 timent
2361 4275 2454 4328 illa
2510 4275 2563 4329 in
2612 4274 2870 4344 personis
2920 4273 3055 4340 suis,
3104 4273 3239 4343 quia
3292 4271 3552 4342 legitima

1930 4367 2190 4438 gentium
2241 4385 2408 4422 vacua
2458 4372 2606 4421 sunt.
2670 4368 2909 4439 Lignum
2967 4368 3037 4421 de
3094 4368 3236 4420 saltu
3297 4365 3548 4420 excisum

1561 4541 1768 4605 Variae
1840 4542 2178 4606 lectiones.

266 4683 302 4714 ⁷⁵
332 4685 571 4736 Verbum
600 4686 704 4737 NG.
734 4686 779 4734 2.
819 4685 1016 4734 Manut.
1093 4685 1134 4718 7‘
1157 4683 1399 4735 Manebit
1427 4685 1545 4733 Bod.
1578 4685 1624 4744 3,
1664 4687 1702 4732 1.

216 4752 364 4813 pheta
393 4761 447 4806 et
470 4757 560 4806 dic
585 4756 713 4807 Bod.
748 4757 793 4816 1,
820 4755 871 4812 2,
895 4755 944 4815 3,
973 4758 1000 4804 4
1051 4759 1183 4806 Gott.
1226 4757 1361 4804 Voss.
1393 4761 1436 4804 3.

212 4823 375 4882 justus
407 4830 543 4877 Gott.
577 4827 1056 4878 Commemoratus
1082 4831 1166 4876 est
1196 4827 1250 4874 in
1277 4826 1451 4886 brevi,
1482 4826 1728 4889 explevit
1751 4832 2018 4889 tempora,
2041 4825 2292 4888 placebat
2312 4824 2460 4872 enim
2491 4823 2608 4871 Deo
2634 4823 2764 4870 Gott.

217 4897 258 4938 3.
321 4898 586 4946 Amniiilia
616 4899 971 4947 tabernacula
1003 4897 1091 4944 Lin
1155 4895 1195 4928 ⁸³
1219 4896 1579 4959 Concupiscit
1604 4901 1656 4946 et
1686 4896 1876 4945 deﬁcit
1901 4897 2011 4944 Lm.
2041 4900 2146 4947 NG.
2169 4897 2213 4944 Ξ.

219 4965 254 4993 ⁸³
279 4965 380 5014 Nisi
411 4973 536 5015 ante
566 4969 698 5015 Lam.
734 4970 841 5016 Lt'n.
869 4968 972 5018 NG.
1002 4969 1043 5015 1.
1078 4965 1201 5016 Bod.
1223 4968 1269 5016 ⁵3.
1312 4967 1444 5015 Voss.
1475 4969 1518 5014 3.
1554 4967 1724 5016 Stella
1753 4980 1818 5016 en

1931 4968 2069 5014 Lam.
2096 4969 2194 5018 NG.
2233 4967 2276 5014 1.
2305 4966 2428 5015 Berl.
2457 4965 2502 5012 2.
2536 4966 2673 5013 Gott.

1799 4684 1840 4716 ⁷⁵
1870 4683 2221 4734 Ezechielem
2253 4697 2263 4729 τ
2303 4683 2502 4732 Dicunt
2534 4682 2709 4741 Boil,
2731 4687 2778 4738 ‘2,
2807 4683 2854 4738 3,
2886 4683 2928 4729 4.
2965 4682 3082 4729 Tim.
3115 4678 3262 4731 Curti.

1536 4755 1575 4787 77
1612 4757 1754 4805 Dicit
1790 4757 2061 4805 Dominus
2081 4755 2430 4816 omnipotens
2456 4755 2597 4801 Lam.
2625 4753 2728 4801 NG.
2765 4754 2783 4800 1
2838 4752 2960 4801 ΒΜ.
2988 4752 3032 4798 2.

3362 4677 3403 4710 7°
3427 4677 3556 4726 Pro‘

3157 4749 3199 4783 ⁷⁸
3229 4750 3439 4811 Raptus
3470 4754 3552 4796 est

2851 4822 2891 4855 τ’
2925 4822 3103 4881 Quam
3134 4819 3394 4868 amabiles
3421 4819 3550 4868 120d,

2312 4897 2353 4929 ι’
2387 4896 2447 4943 In
2487 4896 2620 4942 atria
2652 4893 2775 4941 Βανά.
2817 4896 2856 4941 1.
2955 4893 2995 4926 ³³
3024 4893 3294 4955 Insipiens
3328 4896 3382 4940 tu
3412 4893 3548 4940 Gott.

2761 4963 2800 4994 ⁸³
2831 4963 2888 5011 1n
2918 4964 3325 5012 resurrectione
3357 4962 3476 5011 Bod.
3505 4962 3545 5009 1.

218 5035 537 5086 Morinorum
569 5039 720 5086 addit
755 5041 909 5087 Oxon.
977 5037 1018 5071 ⁸⁵
1052 5038 1110 5085 In
1137 5039 1545 5099 incorruptione
1569 5038 1691 5086 Bonl.
1724 5039 1767 5086 1.
1805 5037 1934 5084 Voss.
1969 5042 2012 5083 3.
2081 5033 2121 5067 ⁸⁸
2147 5037 2204 5083 In
2239 5035 2579 5097 ignobilitate
2603 5035 2732 5082 Gott.
2800 5031 2840 5065 ⁸⁷
2864 5033 3121 5094 ltesurgit
3146 5045 3344 5094 Corpus
3372 5031 3546 5082 8011.1.

223 5107 338 5154 Voss.
367 5115 391 5154 3
401 5147 410 5155 .

219 5180 512 5243 Antequam
542 5181 783 5228 mundus
815 5180 968 5229 tieret
999 5182 1134 5230 Gott.

217 5316 253 5349 ’5
281 5321 528 5380 Mortalis,
559 5326 833 5370 mortuum
856 5321 1027 5381 ﬁnget
1064 5321 1183 5366 Voss
1232 5319 1280 5377 3,
1313 5319 1358 5366 4.

506 5109 548 5141 ⁵⁸
577 5109 884 5170 Absumpta
937 5111 1021 5156 est
1063 5121 1210 5156 mors
1257 5108 1391 5155 Lam.
1439 5107 1558 5154 Bod.
1609 5109 1652 5158 1.
1696 5109 1744 5160 ι),
1777 5109 1818 5152 1ο.
1850 5106 1954 5156 NG.
1986 5107 2030 5154 1.

343 5194 512 5243 :quam
542 5181 783 5228 mundus
815 5180 968 5229 tieret
999 5182 1134 5230 Gott.
1219 5177 1260 5209 5‘
1293 5178 1620 5226 Gauderctis
1651 5180 1825 5240 utiqut

343 5253 646 5297 “notandum
669 5253 805 5297 Lam.
841 5252 929 5297 NG
979 5252 1020 5297 1.
1051 5252 1184 5297 Gott.
1215 5251 1259 5297 1.
1289 5249 1335 5297 ‘2.
1369 5253 1411 5297 4.
1459 5249 1588 5295 Voss.
1615 5251 1660 5297 3.
1695 5249 1825 5296 Mani

1926 5180 1984 5224 in.
2082 5177 2122 5210 9‘
2153 5178 2318 5226 Nares
2353 5177 2417 5224 ad
2442 5192 2487 5224 ο(

1926 5247 1978 5295 id
2005 5247 2347 5297 nalnandum
2375 5251 2487 5297 Gott

219 5249 278 5296 ad
309 5253 646 5300 tractandum
669 5253 805 5300 Lam.
841 5252 929 5301 NG
979 5252 1020 5298 1.
1051 5252 1184 5300 Gott.
1215 5251 1259 5308 1,
1289 5249 1335 5305 ‘2,
1369 5253 1411 5297 4.
1459 5249 1588 5295 Voss.
1615 5251 1660 5297 3.
1695 5249 1825 5296 Mani

219 5316 253 5349 ’⁵
281 5321 528 5376 Mortalis,
559 5326 833 5370 mortuum
856 5321 1027 5376 tinget
1064 5321 1183 5366 Voss
1232 5319 1280 5376 3,
1313 5319 1358 5366 4.
1457 5317 1500 5351 ⁸⁸
1527 5318 1643 5366 Non
1678 5317 1825 5366 audii

1926 5247 1978 5295 Id
2005 5247 2347 5310 palpandum
2375 5251 2508 5298 Gott.
2590 5247 2631 5277 ⁹⁴
2659 5247 2921 5305 Spiritum
2954 5250 3173 5294 niutuat
3209 5247 3342 5293 Lam.
3372 5247 3459 5296 NG
3511 5249 3548 5294 1.

1931 5335 1941 5375 ;
1975 5331 2136 5366 nares
2168 5317 2391 5375 habent,
2420 5322 2470 5366 et
2495 5330 2604 5364 non
2635 5315 2975 5373 odorabunt;
3015 5329 3212 5364 manus
3245 5315 3472 5376 habent,
3503 5322 3550 5366 et

221 5400 320 5436 non
351 5394 675 5454 palpabunt;
705 5392 876 5454 pedes
904 5390 1129 5449 habent,
1153 5393 1207 5438 et
1231 5403 1342 5438 non
1365 5389 1732 5439 ambulabunt
1758 5388 1882 5439 Bod.
1918 5391 1958 5438 1.
1993 5392 2126 5439 Gott.
2168 5391 2298 5438 Voss.
2337 5393 2381 5435 3.

2129 5104 2169 5137 '9
2215 5107 2346 5154 Sine
2393 5106 2752 5153 contentione
2805 5104 2942 5151 Lam.
2976 5104 3104 5153 Bod.
3145 5109 3187 5149 ιι.
3224 5105 3324 5154 ΝΟ.
3373 5106 3414 5152 ι.
3508 5103 3550 5135 ⁸ο

2082 5176 2122 5210 9‘
2153 5178 2318 5226 Nares
2353 5176 2417 5224 ad
2442 5174 2786 5224 odorandum
2815 5179 2950 5225 Gott.
3017 5179 3058 5206 "3
3089 5176 3255 5239 Digiti
3287 5189 3549 5224 manuum

2590 5244 2631 5277 ⁹⁴
2659 5244 2921 5305 Spiritum
2954 5250 3173 5294 niutuat
3209 5247 3342 5293 Lam.
3372 5247 3459 5296 NG
3511 5249 3548 5294 1.

2474 5387 2513 5419 ’7
2534 5387 2758 5437 Similes
2783 5388 2892 5437 sint
2915 5401 3108 5438 omnes
3132 5390 3269 5437 Lam.
3303 5387 3414 5434 Lin.
3449 5388 3546 5436 NG.

226 5460 263 5505 1.
297 5462 410 5510 Rod.
444 5466 488 5524 1,
517 5464 565 5524 2,
597 5465 646 5512 4.
676 5463 800 5514 Tha.
830 5461 974 5512 Gorb.
1042 5458 1084 5492 ³⁸
1111 5459 1348 5509 Faciunt
1370 5473 1450 5510 ea.
1492 5461 1626 5510 Item
1656 5460 1779 5510 Bod.
1815 5461 1860 5522 1,
1891 5460 1940 5521 2,
1967 5460 2017 5520 3,
2047 5462 2093 5509 4.

1499 5578 1724 5660 Steph.
1773 5577 2017 5642 Baluzii
2057 5580 2248 5640 notae.

286 5694 371 5756 (55)
431 5699 552 5746 Item
615 5699 671 5746 in
723 5697 974 5747 Jeremt‘a.
1039 5696 1316 5757 Baluzius,
1379 5695 1526 5747 haud
1584 5696 1752 5747 dubie
1799 5711 1828 5747 θ
1881 5696 1996 5745 suis
2057 5693 2217 5746 codd.
2267 5694 2474 5748 addidit
2536 5697 2692 5750 locos
2757 5694 2891 5758 Jer.,
2940 5695 3042 5746 Isa.
3089 5697 3145 5744 et
3193 5693 3369 5754 Apoc.
3418 5690 3558 5749 Lips.

231 5763 332 5813 edd.
