4032 6180
456 265 560 322 795
1347 270 1404 327 8.
1446 273 1763 331 CYPRIANI
1799 276 2076 333 OPERUM
2114 273 2283 332 PARS
2324 275 2387 329 II.
2428 304 2497 314 —
2534 271 2903 331 OPUSCULA.
3677 278 3765 331 796

457 406 598 463 opus
634 392 800 459 fabri,
831 399 888 451 et
928 396 1238 454 conﬂatum
1274 416 1481 459 aurum
1523 405 1579 457 et
1608 407 1911 473 argentum
1951 418 2079 473 spe-
2104 405 2425 486 Aquatuur
2480 401 2714 471 angelos
2769 399 2973 471 ligatos
3029 413 3201 469 super
3254 396 3460 455 ﬂumen
3522 416 3772 472 magnum

454 487 604 543 ciose
634 489 945 561 composita
976 496 1128 563 sunt,
1156 493 1216 548 in
1244 495 1505 551 martulis
1545 500 1604 551 et
1638 497 1698 552 in
1740 497 1908 552 clavis
1945 513 2082 552 con-
2182 495 2548 565 Euphratem.
2611 495 2677 548 Et
2741 494 2910 548 soluti
2976 499 3107 547 sunt
3170 498 3409 563 quatuor
3461 494 3641 563 angeli
3690 497 3777 567 qui

452 580 825 639 ﬁrmaverunt
854 584 967 651 illa,
1004 590 1061 640 et
1097 604 1209 643 non
1244 590 1648 658 movebuntur,
1680 590 1812 662 quia
1840 592 2079 646 conﬁxi-
2185 595 2347 643 erant
2376 589 2554 659 parati
2599 590 2655 643 in
2687 588 2889 643 horam
2933 593 2989 642 et
3017 586 3169 641 diem
3215 589 3273 641 et
3317 603 3564 642 mensem
3604 594 3654 643 et
3698 606 3779 645 an-

454 674 590 729 bilia
609 680 760 731 sunt.
790 682 1108 751 Argentum
1136 683 1460 753 appositum
1491 688 1577 738 est
1599 686 1892 740 a'l‘harsis.
1924 688 2086 740 Venit
2185 700 2346 751 num,
2380 686 2441 737 ut
2483 682 2810 738 occiderent
2855 681 3087 737 tertiam
3140 686 3361 753 partem
3408 681 3705 749 hominum,
3732 689 3781 738 et

454 785 662 825 aurum
700 771 882 827 Moab.
914 775 1096 845 Opera
1126 776 1406 832 artificum
1440 779 1655 833 umnia.
1702 780 2083 851 Hyacinthum
2185 793 2461 832 numerus
2504 776 2859 832 exercituum
2902 775 3258 847 equestrium
3302 775 3655 846 dismyriades
3683 794 3783 847 my-

456 868 512 917 et
550 880 803 935 purpura
828 868 1068 923 vestient
1094 886 1240 924 eam.
1278 871 1557 926 Tollentes
1596 873 1799 928 tollent
1833 890 1922 942 ea,
1952 874 2085 944 quia
2187 872 2407 927 riadon.
2440 871 2639 926 Audivi
2679 886 2982 925 numerum
3024 886 3243 925 eorum.
3279 871 3344 925 Et
3371 868 3449 924 sic
3485 868 3594 923 vidi
3631 887 3785 942 equos

456 972 573 1011 non
622 959 907 1029 prodient.
936 961 1115 1017 Nolite
1159 964 1360 1019 timere
1406 982 1495 1032 ea,
1532 966 1665 1036 quia
1710 968 1924 1021 malum
1969 984 2083 1022 non
2186 968 2247 1020 in
2304 967 2423 1021 visu
2477 972 2534 1021 et
2587 965 2852 1020 sedentes
2912 980 3084 1036 super
3138 980 3236 1018 eos
3290 963 3559 1018 habentes
3608 964 3786 1019 loricas

454 1049 690 1116 faciunt,
722 1056 780 1106 et
817 1052 1036 1108 bonum
1075 1072 1189 1111 non
1228 1062 1313 1110 est
1354 1056 1410 1110 in
1451 1058 1583 1113 illis.
1627 1059 1714 1113 Sic
1748 1059 1958 1115 dicite:
2001 1061 2088 1115 Dii
2189 1060 2386 1131 igneas
2440 1065 2497 1116 et
2546 1058 2946 1131 hyacinthinus
2997 1061 3055 1113 et
3108 1058 3475 1129 sulphureas,
3527 1063 3580 1112 et
3629 1059 3790 1130 capita

456 1143 557 1213 qui
610 1145 816 1200 coelum
860 1150 917 1201 et
968 1152 1182 1204 terram
1238 1166 1352 1205 non
1409 1152 1666 1206 fecerunt
1717 1152 2004 1208 intereunt
2057 1172 2090 1210 a
2189 1170 2489 1225 equorum,
2523 1160 2581 1209 et
2622 1169 2687 1209 ex
2726 1168 2822 1208 ore
2861 1168 3063 1208 eorum
3108 1152 3247 1207 exiit
3273 1151 3423 1223 ignis
3462 1157 3518 1206 et
3542 1152 3716 1206 fumus
3742 1158 3790 1206 et

456 1241 608 1291 terra
637 1244 693 1292 et
718 1239 789 1295 de
830 1240 934 1294 sub
971 1243 1109 1297 cmlo
1147 1242 1275 1299 isto.
1316 1245 1620 1300 Exhorruit
1661 1246 1867 1301 cmlum
1896 1248 1955 1301 in
1982 1248 2090 1303 hoc
2189 1248 2447 1318 sulphur.
2478 1250 2524 1301 A
2553 1247 2732 1302 tribus
2773 1247 2953 1317 plagis
2996 1245 3115 1300 istis
3144 1245 3322 1300 occisa
3366 1249 3450 1299 est
3491 1245 3649 1299 tertia
3677 1262 3791 1317 pars

460 1334 519 1385 et
554 1331 852 1388 abhorruit
886 1336 1130 1389 muluun
1170 1338 1353 1409 magis
1392 1339 1779 1408 vehementer,
1817 1341 1953 1396 dicit
1981 1344 2087 1396 Do-
2190 1342 2492 1396 hominum
2528 1359 2598 1396 ex
2635 1342 2770 1412 igne
2811 1346 2867 1395 et
2905 1342 3068 1396 fumo
3101 1344 3159 1394 et
3187 1340 3462 1410 sulphure
3496 1339 3644 1411 quod
3673 1340 3795 1395 exiit

461 1425 673 1481 minus.
706 1428 832 1481 Haec
866 1429 1117 1491 inaligia
1141 1430 1278 1485 fecit
1307 1431 1464 1502 plebs
1487 1449 1631 1487 mea.
1662 1434 2093 1507 Dereliquerunt
2193 1436 2263 1492 de
2321 1451 2419 1490 ore
2471 1451 2694 1503 eorum,
2749 1440 2833 1489 est
2883 1438 2941 1489 et
2995 1434 3049 1488 in
3107 1433 3299 1488 caudis
3353 1449 3569 1488 eorum.
3609 1432 3796 1488 Gauda:

456 1518 676 1573 fontem
719 1536 881 1590 aquae
934 1524 1093 1592 νίτῖυ,
1144 1528 1200 1577 et
1245 1525 1561 1580 etfoderunt
1603 1528 1710 1582 sibi
1755 1532 1957 1599 puteos
2002 1530 2092 1585 de-
2194 1530 2349 1585 enim
2388 1545 2584 1584 eorum
2628 1527 2845 1582 similes
2884 1527 3182 1598 anguillis;
3230 1526 3505 1582 habentes
3541 1527 3685 1582 enim
3723 1544 3798 1581 ca-

459 1612 620 1666 tritos
662 1613 761 1683 qui
812 1630 928 1669 non
975 1620 1234 1686 poterant
1272 1635 1478 1690 aquam
1525 1623 1835 1678 continere.
1888 1624 2096 1678 Verbe-
2192 1623 2337 1695 pita,
2367 1626 2425 1677 et
2451 1623 2508 1677 in
2539 1622 2620 1676 eis
2648 1628 2878 1676 nocent.
2902 1623 2969 1676 Et
3006 1621 3213 1692 reliqui
3251 1620 3550 1675 hominum
3584 1620 3675 1692 qui
3702 1637 3800 1675 non

459 1705 603 1759 ravit
646 1709 698 1761 te
736 1706 966 1764 dilectio
1009 1716 1123 1777 tua,
1175 1718 1232 1766 et
1271 1714 1525 1785 nequitia
1571 1720 1662 1769 tua
1703 1716 1986 1771 accusabit
2017 1724 2091 1773 te.
2120 1783 2156 1786 _
2195 1722 2329 1771 sunt
2356 1715 2523 1771 occisi
2553 1715 2613 1770 in
2644 1714 2763 1769 istis
2792 1714 2999 1785 plagis,
3032 1731 3135 1768 nec
3168 1713 3559 1786 paenitentiam
3586 1720 3805 1785 egerunt

458 1799 527 1852 Et
566 1800 703 1854 scito
743 1808 799 1856 et
846 1803 973 1857 vide
1014 1805 1146 1874 quia
1198 1823 1454 1861 amarum
1503 1808 1603 1862 tibi
1654 1809 1759 1863 erit
1805 1810 1958 1881 quod
2002 1783 2373 1881 de-Bopera
2418 1810 2698 1864 factorum
2742 1824 3018 1863 manuum
3063 1824 3317 1875 suarum,
3357 1813 3422 1861 ut
3451 1823 3564 1861 non
3592 1807 3808 1861 adorent

460 1892 757 1965 reliqueris
808 1911 932 1961 me,
986 1897 1121 1953 dicit
1173 1899 1443 1955 Dominus
1490 1902 1637 1956 Deus
1681 1906 1840 1971 tuus,
1881 1907 1938 1960 et
1982 1921 2096 1960 non
2197 1903 2481 1959 daemonia
2509 1905 2564 1957 et
2594 1901 2766 1968 idola,
2800 1902 2859 1957 id
2891 1907 2979 1957 est
3006 1900 3314 1957 simulacra
3341 1916 3517 1955 aurea
3547 1904 3602 1954 et
3623 1917 3804 1969 argen-

461 1988 779 2056 speraveris
830 1989 890 2043 in
944 2007 1057 2057 me,
1118 1992 1259 2047 dicit
1312 1993 1587 2049 Dominus
1642 2000 1796 2064 tuus,
1848 1999 1982 2069 quia
2038 2000 2097 2053 in
2197 2001 2286 2051 tea
2318 2001 2374 2052 et
2403 2013 2553 2051 azrea
2591 1999 2648 2052 et
2675 1995 2909 2067 lapidea
2939 2002 2998 2049 et
3027 1996 3237 2065 lignea,
3268 2010 3398 2066 qua
3429 2009 3609 2065 neque
3637 1993 3806 2049 videre

460 2080 724 2135 smculum
781 2084 1174 2139 contribulasti
1223 2087 1433 2157 jugum
1485 2105 1676 2143 meum
1729 2094 1787 2144 et
1836 2091 2100 2163 dirupisti

461 2173 682 2228 vincula
716 2178 833 2245 tua,
881 2182 939 2231 ct
980 2177 1173 2252 765
1221 2180 1408 2236 dixisti
1454 2200 1468 2237 :
1526 2183 1650 2237 Non
1690 2184 1950 2251 serviam,
2000 2186 2098 2240 sed

460 2266 556 2321 ibo
615 2285 789 2339 super
852 2286 1085 2325 omnem
1153 2277 1418 2329 montem
1475 2276 1762 2331 excelsum
1818 2283 1874 2333 et
1930 2295 2100 2350 super

463 2376 699 2416 omnem
737 2364 939 2418 collem
985 2366 1165 2422 altum
1197 2370 1255 2421 et
1280 2385 1452 2440 super
1489 2386 1659 2426 omne
1702 2370 1925 2444 lignum
1968 2389 2096 2427 um-

461 2453 713 2510 brosum.
764 2456 843 2512 Ibi
892 2459 1208 2516 confundar
1251 2462 1312 2517 in
1360 2461 1755 2519 fornicatione.
1812 2466 1994 2538 Ligno
2044 2472 2102 2524 et

463 2546 637 2619 lapidi
666 2550 934 2607 dixerunt
958 2554 1094 2623 quia
1121 2555 1283 2611 Pater
1310 2572 1477 2611 meus
1497 2573 1557 2612 es
1586 2563 1669 2625 tu,
1698 2561 1757 2612 et
1782 2559 1958 2630 lapidi
1981 2577 1994 2614 :
2019 2563 2100 2616 Tu

463 2642 709 2709 genuisti
755 2661 865 2700 me.
917 2649 983 2701 Et
1033 2656 1441 2704 converterunt
1487 2651 1560 2705 ad
1607 2668 1699 2706 me
1743 2652 2003 2721 dorsum,
2044 2659 2102 2710 et

464 2752 578 2789 non
608 2736 811 2793 faciem
854 2756 1018 2794 suam
1064 2763 1091 2790 ››
1137 2744 1368 2812 (Jerem.,
1410 2760 1464 2811 x,
1502 2748 1622 2812 2:5,
1667 2749 1720 2813 9,
1762 2748 1864 2816 11;
1913 2764 1971 2815 ιι,
2008 2750 2097 2818 12,

464 2830 552 2893 13,
597 2831 683 2897 19,
728 2835 815 2895 20,
861 2834 971 2901 27).
1022 2837 1084 2889 In
1127 2836 1309 2890 Isaia:
1343 2858 1370 2886 α
1413 2837 1631 2893 Cecidit
1670 2840 1759 2894 vel
1798 2840 2101 2896 dissolutus

466 2927 550 2975 est
580 2923 770 2980 draco.
803 2927 967 2982 Facta
995 2935 1127 2983 sunt
1156 2929 1438 3001 sculptilia
1473 2948 1671 2986 eorum
1714 2936 1776 2987 ut
1814 2933 2009 2989 bestiae
2045 2940 2102 2990 et

464 3033 688 3085 pecora.
736 3022 1015 3077 Auferetis
1059 3023 1155 3078 illa
1198 3024 1342 3078 collo
1387 3024 1562 3095 ligata
1612 3027 1776 3097 quasi
1815 3028 2101 3084 sarcinam

463 3109 784 3166 laborantes
835 3121 892 3169 et
941 3116 1255 3172 esurientes
1303 3123 1360 3172 et
1407 3134 1525 3173 non
1576 3120 1823 3175 valentes
1870 3140 1897 3173 ››
1950 3124 2186 3217 (ιειιηρ

464 3220 603 3272 xrvr,
659 3208 712 3274 -1,
768 3210 819 3273 2,
872 3210 943 3279 5).
996 3212 1063 3264 Et
1112 3211 1319 3266 iterum
1364 3231 1378 3267 :
1416 3234 1443 3261 α
1482 3213 1716 3270 Collecti
1769 3215 1938 3269 simul
1987 3234 2103 3271 non

465 3304 735 3368 poterunt
766 3302 962 3357 salvari
1006 3304 1075 3358 de
1102 3305 1272 3360 bello.
1315 3306 1424 3377 Ipsi
1463 3313 1656 3362 autem
1704 3308 1907 3379 captivi
1947 3308 2102 3363 ducti

462 3395 596 3446 sunt
623 3399 809 3450 tecum
848 3418 875 3445 n
912 3398 1143 3465 (Jercm.,
1185 3415 1255 3469 LI,
1296 3399 1502 3469 15-18).
1544 3402 1612 3454 Et
1650 3400 1863 3456 iterum
1895 3420 1907 3455 :
1941 3424 1970 3452 ‹‹
1996 3403 2099 3458 Cui

467 3503 561 3541 me
606 3488 1001 3545 assimilastis?
1043 3492 1234 3547 Videte
1274 3498 1333 3548 et
1370 3493 1670 3564 intelligite
1722 3494 1855 3565 quia
1901 3496 2105 3551 erratis

463 3581 666 3649 corde,
715 3583 812 3653 qui
859 3585 1216 3640 committitis
1259 3602 1468 3641 aurum
1523 3587 1591 3641 de
1638 3588 1862 3643 sacculo
1911 3593 1967 3643 et
2010 3606 2101 3643 ar-

467 3680 705 3743 gentum
746 3676 804 3729 in
852 3680 1059 3731 statera
1106 3678 1445 3749 ponderatis,
1486 3679 1545 3733 in
1587 3680 1841 3750 pondera
1887 3682 2099 3736 condu-

466 3772 678 3823 centes.
718 3770 971 3824 Artiﬁces
1012 3772 1274 3827 fecerunt
1318 3789 1491 3826 manu
1517 3772 1682 3841 facta,
1724 3777 1782 3827 et
1826 3775 2102 3829 inclinan-

466 3865 551 3916 tes
582 3879 642 3917 se
679 3863 1055 3921 adoraveruut
1098 3864 1235 3920 illud
1266 3871 1324 3921 et
1365 3866 1694 3922 levaverunt
1720 3867 1778 3921 in
1823 3868 2098 3937 humeris,

466 3963 522 4011 et
567 3957 645 4011 sic
696 3957 1085 4013 ambulabant.
1132 3958 1190 4013 Si
1236 3962 1431 4014 autem
1471 3960 1769 4029 posuerint
1808 3961 1922 4029 illa,
1978 3962 2101 4017 loco

465 4051 805 4118 manebunt,
836 4057 893 4107 et
926 4069 1043 4107 non
1076 4052 1489 4122 movebuntur;
1520 4058 1578 4110 et
1605 4054 1702 4126 qui
1734 4055 2104 4111 clamaverint

464 4144 536 4199 ad
574 4145 667 4199 illa
710 4162 823 4199 non
861 4145 1119 4213 audient,
1147 4163 1181 4200 a
1206 4147 1373 4202 malis
1416 4164 1531 4203 non
1572 4148 1874 4204 salvabunt
1912 4165 2027 4205 eos.
2069 4171 2097 4199 »

466 4239 606 4292 Item
652 4237 707 4291 in
752 4238 1038 4293 Ieremia:
1073 4261 1101 4289 α
1132 4240 1427 4307 Dominus,
1474 4241 1575 4312 qui
1616 4242 1751 4297 fecit
1788 4242 1995 4297 caelum
2042 4248 2101 4298 et

466 4335 715 4398 terram,
754 4331 811 4385 in
864 4331 1072 4387 virtute
1118 4334 1365 4389 correxit
1419 4334 1619 4389 urbem
1658 4341 1844 4405 terrae,
1892 4337 1951 4391 in
2002 4353 2103 4392 sua

466 4423 766 4494 prudentia
810 4427 1068 4481 extendit
1110 4428 1332 4496 cmlum,
1366 4431 1422 4482 et
1464 4429 1885 4485 multitudinem
1924 4447 2102 4502 aqua-

467 4534 599 4572 rum
640 4518 701 4573 in
744 4521 902 4589 coelo,
952 4521 1213 4592 perduxit
1265 4522 1443 4577 nubes
1493 4522 1562 4576 ab
1609 4526 1865 4579 extremo
1912 4511 2505 4594 terrae,DEvangelio
2553 4526 2678 4577 cata
2733 4524 3013 4578 Joannem

468 4613 698 4684 fulgura
739 4613 801 4668 in
845 4614 1109 4670 nubibus.
1158 4616 1225 4671 Et
1269 4615 1437 4687 ejecit
1483 4621 1676 4672 ventos
1721 4617 1791 4673 de
1826 4618 2102 4674 thesauris

468 4706 604 4761 suis.
654 4706 975 4764 Infatuatus
1019 4715 1102 4764 est
1144 4709 1328 4766 omnis
1373 4710 1545 4766 homo
1590 4712 1661 4765 ab
1706 4711 1940 4766 scientia
1977 4729 2098 4767 sua.

468 4800 736 4855 confusus
766 4806 851 4858 est
879 4820 970 4857 om
984 4804 1066 4857 nis
1098 4804 1299 4859 artifex
1327 4805 1388 4859 in
1420 4804 1774 4877 sculptilibus
1803 4805 1939 4875 suis,
1969 4806 2106 4878 quia

465 4894 676 4950 falsum
724 4897 1005 4951 conﬂavit.
1052 4900 1171 4952 .\'on
1217 4905 1302 4953 est
1346 4898 1577 4970 spiritus
1604 4900 1663 4953 in
1702 4899 1827 4955 illis.
1861 4900 2107 4955 Vacuata

468 4995 601 5043 sunt
646 5006 821 5059 opera
858 4990 1095 5054 lllCltlrit,
1139 4991 1197 5045 in
1245 4996 1502 5063 tempore
1540 4992 1952 5064 conspectionis
1991 4994 2109 5047 illo-

467 5099 599 5137 rum
648 5083 933 5153 peribunt.
987 5108 1012 5132 n
1069 5087 1133 5138 lit
1184 5084 1244 5138 in
1285 5087 1623 5157 Apocalypsi
1676 5103 1688 5140 :
1738 5109 1765 5135 ι(
1816 5088 1882 5142 Et
1923 5093 2109 5142 sextus

466 5177 705 5246 angelus
748 5178 884 5231 tuba
931 5178 1159 5233 cecinit.
1191 5179 1260 5233 Et
1301 5178 1489 5233 audivi
1533 5195 1711 5234 unum
1756 5197 1827 5235 ex
1866 5184 2111 5251 quatuor

466 5270 697 5339 angulis
742 5288 887 5324 arca:
926 5288 1114 5325 aureae
1153 5289 1280 5343 quae
1311 5279 1393 5326 est
1436 5272 1491 5326 in
1539 5277 1843 5345 conspectu
1878 5275 1978 5328 Dei
2025 5275 2107 5329 di-

462 5368 691 5420 centem
759 5370 916 5420 sexto
973 5365 1175 5436 angulo
1226 5366 1323 5437 qui
1376 5366 1617 5421 habebat
1669 5368 1863 5422 tubam
1898 5386 1910 5423 :
1944 5369 2108 5424 Solve

2198 2094 2436 2162 possunt
2465 2106 2650 2160 neque
2682 2089 3002 2155 ambulare,
3036 2094 3093 2143 et
3125 2105 3237 2142 non
3269 2091 3519 2158 egerunt
3554 2087 3807 2158 paeniten-

2197 2184 2340 2239 tiam
2392 2182 2831 2238 homicidiorum
2882 2181 3075 2255 766
3119 2197 3380 2237 suorum.
3427 2202 3451 2233 ν
3495 2183 3633 2236 Item
3668 2180 3809 2235 illic:

2200 2298 2229 2327 ι(
2262 2280 2327 2333 Et
2356 2278 2560 2333 tertius
2586 2277 2827 2348 angelus
2858 2280 3088 2332 secutus
3125 2282 3210 2331 est
3235 2292 3352 2343 eos,
3397 2275 3591 2330 dicens
3614 2275 3669 2329 in
3697 2290 3811 2328 voce

2199 2388 2410 2442 magna
2432 2388 2445 2427 :
2471 2371 2527 2427 Si
2554 2372 2682 2442 quis
2712 2371 2915 2426 adorat
2943 2369 3187 2425 bestiam
3217 2374 3275 2424 et
3296 2369 3664 2424 simulacrum
3688 2368 3808 2437 ejus,

2201 2470 2259 2522 et
2303 2465 2522 2537 accepit
2558 2464 2995 2536 inscriptionem
3035 2465 3093 2519 in
3138 2464 3328 2518 fronte
3372 2479 3480 2517 sua
3523 2466 3619 2541 aut
3666 2477 3814 2532 super

2198 2575 2435 2615 manum
2463 2574 2645 2627 suam,
2678 2559 2772 2612 hic
2801 2558 2956 2614 bibet
2983 2558 3052 2614 de
3088 2558 3212 2611 vino
3249 2557 3349 2611 iraa
3384 2557 3510 2627 ejus
3534 2561 3589 2610 et
3630 2555 3812 2626 punie-

2198 2659 2291 2708 tur
2319 2653 2456 2723 igne
2487 2656 2545 2707 et
2572 2651 2846 2722 sulphure
2893 2651 2997 2706 sub
3042 2650 3218 2705 oculis
3257 2650 3600 2720 angelorum
3626 2651 3816 2703 sancto-

2201 2762 2330 2801 rum
2376 2751 2435 2801 et
2475 2746 2579 2800 sub
2632 2746 2808 2800 oculis
2858 2745 3028 2816 Agni,
3060 2749 3119 2799 et
3174 2744 3367 2798 fumus
3424 2747 3815 2798 tormentorum

2200 2856 2404 2897 eorum
2428 2839 2488 2894 in
2517 2838 2730 2895 saecula
2766 2839 3101 2894 saeculorum
3143 2838 3416 2893 ascendet
3445 2856 3471 2889 ιο
3515 2836 3719 2906 (Apoc.,
3752 2850 3814 2901 1x,

2200 2937 2257 3003 1,
2287 2934 2479 3001 13-21;
2513 2949 2624 3001 xiv,
2654 2933 2835 3002 9-14).

2200 3038 2325 3093 CAP.
2373 3036 2477 3091 LX.
2518 3065 2587 3075 —
2629 3035 2881 3091 Ciborum
2923 3038 3151 3091 nimiam
3196 3037 3683 3105 concupiscentiam
3727 3046 3819 3087 non

2837 3116 3216 3186 appetendam.

2279 3214 2445 3285 Apud
2497 3212 2697 3267 Isaiam
2749 3229 2762 3266 :
2823 3231 2851 3264 α
2896 3212 3145 3267 Edamus
3192 3212 3235 3248 ⁸⁸
3279 3219 3335 3268 et
3381 3212 3663 3277 bibamus,
3711 3225 3819 3264 cras

2205 3309 2358 3363 enim
2414 3306 2747 3362 moriemur.
2804 3306 2929 3360 Non
2975 3306 3297 3361 remittetur
3341 3306 3504 3361 vobis
3550 3307 3818 3376 peccatum

2203 3401 2357 3456 istud
2386 3400 2762 3473 quoadusque
2805 3399 3135 3454 moriemini
3167 3420 3195 3448 ››
3229 3402 3389 3471 (Isu.,
3431 3415 3568 3467 xxn,
3611 3400 3696 3463 13,
3725 3396 3817 3465 14).

2203 3498 2344 3551 Item
2390 3495 2450 3548 in
2482 3494 2675 3549 Exodo
2709 3510 2722 3547 :
2751 3495 2818 3548 Et
2844 3492 3101 3548 consedit
3131 3492 3378 3564 pepulus
3412 3492 3749 3547 manducare
3773 3495 3822 3542 et

2203 3588 2421 3655 bibere,
2455 3592 2512 3642 et
2551 3593 2926 3642 surrexerunt
2953 3588 2975 3622 ³
3006 3586 3207 3641 ludere
3247 3587 3267 3620 ²
3315 3587 3535 3652 (Exod,
3575 3601 3728 3652 xxxu,
3757 3587 3820 3651 6).

2206 3683 2410 3736 Paulus
2437 3681 2508 3736 ad
2536 3680 2859 3735 Corinthios
2888 3681 3071 3751 prima
3105 3700 3119 3735 :
3156 3703 3182 3729 ‹‹
3214 3680 3387 3735 Cibus
3416 3697 3520 3735 nos
3548 3696 3660 3734 non
3684 3694 3818 3733 com-

2206 3775 2444 3830 mendat
2468 3774 2615 3844 Deo;
2639 3791 2844 3846 neque,
2879 3774 2924 3829 si
2955 3774 3494 3830 manducaverimus
3524 3776 3567 3844 ³,
3596 3772 3822 3827 abunda-

2202 3869 2425 3939 bimus;
2449 3884 2656 3939 neque,
2674 3868 2720 3922 si
2738 3883 2853 3923 non
2872 3868 3433 3936 manducaverimus,
3457 3868 3742 3939 egebimus
3759 3887 3783 3913 ››
3802 3867 3819 3897 ⁸

2205 3964 2246 4033 (I
2279 3964 2423 4025 Corn,
2456 3976 2571 4029 vm,
2616 3962 2692 4032 8).
2741 3962 2809 4015 Et
2838 3961 3047 4016 iterum
3079 3978 3090 4013 :
3134 3982 3163 4010 ‹‹
3202 3962 3345 4016 Cum
3377 3960 3688 4016 convenitis
3715 3961 3734 3993 ⁵
3761 3957 3822 4012 ad

2202 4055 2696 4123 manducandum,
2724 4054 2966 4109 invicem
2994 4058 3334 4125 exspectate.
3358 4054 3417 4109 Si
3449 4055 3577 4125 quis
3605 4052 3767 4107 esurit
3783 4052 3821 4115 ‘,

2205 4149 2360 4204 domi
2386 4148 2713 4215 manducet,
2745 4153 2807 4205 ut
2836 4164 2953 4204 non
2983 4147 3057 4203 ad
3081 4146 3361 4218 judicium
3384 4148 3407 4183 ⁷
3436 4144 3772 4202 conveniatis
3797 4165 3821 4192 »ι

2203 4243 2246 4313 (1
2286 4242 2432 4305 σον..
2466 4258 2540 4311 x1,
2574 4244 2662 4310 33,
2708 4241 2818 4311 34).
2869 4243 3012 4297 Item
3058 4241 3129 4296 ad
3163 4242 3447 4296 Romanos
3479 4260 3493 4295 :
3532 4262 3559 4290 ε(
3591 4241 3707 4294 Non
3750 4240 3823 4291 est

2200 4352 2443 4408 regnum
2499 4335 2599 4390 Dei
2641 4351 2770 4391 esca
2814 4338 2871 4390 et
2919 4338 3106 4406 potus,
3150 4334 3247 4389 sed
3289 4334 3521 4404 justitia
3557 4339 3612 4388 et
3653 4349 3747 4403 pax
3776 4332 3824 4383 et

2202 4429 2479 4500 gaudium
2523 4429 2584 4484 in
2626 4429 2838 4499 Spiritu
2880 4432 3077 4483 sancto
3108 4450 3135 4478 ››
3178 4429 3371 4498 (Rom,
3425 4444 3536 4495 xxv,
3578 4428 3684 4496 17).
3733 4427 3824 4478 In“

3065 4539 3079 4576 :
3126 4542 3153 4571 «
3200 4522 3318 4593 Ego
3367 4521 3560 4575 cibum
3599 4519 3768 4574 habeo
3805 4517 3823 4550 ’

2203 4633 2374 4688 quem
2404 4633 2501 4671 vos
2533 4632 2649 4671 non
2680 4615 2877 4672 nostis.
2909 4618 3064 4671 Meus
3094 4614 3252 4670 cibus
3282 4620 3366 4670 est
3404 4621 3468 4668 ut
3507 4614 3705 4669 faciam
3739 4628 3819 4663 vo-

2201 4712 2489 4766 luntatem
2535 4710 2655 4781 ejus
2708 4710 2806 4781 qui
2854 4726 2944 4765 me
2987 4710 3141 4763 misit
3185 4713 3241 4764 et
3288 4708 3585 4779 perﬁciam
3628 4708 3671 4740 '°
3698 4720 3821 4775 opus

2204 4804 2327 4875 ejus
2356 4825 2385 4854 »
2422 4805 2725 4875 (Joan..1v,
2756 4807 2845 4872 32,
2876 4804 2988 4873 34).

2204 4909 2331 4963 CAP-
2366 4906 2485 4962 LXI.
2518 4936 2588 4948 —
2615 4907 2933 4963 Possidendi
2957 4908 3441 4977 concupiscean
3472 4912 3525 4960 et
3550 4905 3817 4976 pecuniam

2758 5003 2864 5042 non
2891 4987 3275 5058 appetendam.

2281 5087 2444 5159 Apud
2482 5086 2843 5143 Salomonem
2892 5087 2951 5141 in
3002 5084 3441 5141 Ecclesiastico:
3489 5106 3517 5132 ‹‹
3569 5081 3671 5147 Qui
3716 5075 3824 5132 dili-

2210 5182 2293 5254 git
2336 5183 2665 5253 argentum,
2707 5198 2819 5235 non
2866 5179 3162 5234 satiabitur
3206 5184 3450 5251 argento
3484 5200 3512 5227 »
3547 5175 3749 5247 (Booti,
3774 5186 3820 5233 ν,

2210 5278 2284 5345 9).
2339 5278 2475 5330 Item
2523 5274 2579 5329 in
2626 5274 2983 5330 Proverbiis:
3019 5295 3047 5322 «
3092 5274 3335 5344 Captaus
3385 5284 3668 5326 annonam
3717 5280 3820 5320 ma-

2214 5369 2454 5425 ledictus
2506 5369 2563 5423 in
2615 5368 2779 5440 plebe
2830 5374 2934 5424 cst.
2994 5367 3317 5422 Benedictio
3371 5371 3566 5420 autem
3609 5364 3664 5417 in
3718 5360 3823 5430 ejus

1862 5545 2069 5610 Variae
2106 5545 2441 5611 lectiones.

530 5695 573 5725 9“
604 5694 720 5744 Non
753 5693 934 5743 dicem
949 5707 1006 5743 .IS
1043 5711 1053 5743 :
1094 5696 1340 5748 Edamus
1371 5702 1424 5748 et
1454 5700 1556 5750 NG.
1597 5700 1639 5748 1.

1706 5699 1744 5758 ξ’
1771 5697 1964 5747 Exodo
1992 5715 2001 5746 :
2038 5696 2313 5749 Consedit
2328 5698 2451 5747 Bod.
2488 5700 2531 5746 1.

2629 5701 2649 5729 ⁸
2677 5697 2993 5747 Exsurrexit
3034 5697 3150 5745 T/m.
3192 5699 3323 5742 t'ms.
3349 5695 3394 5744 3.
3505 5692 3527 5725 ³
3550 5689 3816 5741 Ederimus

468 5768 600 5818 Tim.
667 5770 688 5799 ⁴
717 5767 1054 5818 Deﬁciemus
1079 5769 1212 5820 Ind.
1249 5774 1298 5819 3.
1364 5774 1382 5805 ⁵
1414 5770 1557 5821 Cum
1587 5755 1961 5821 conveneritis
1993 5770 2136 5818 Lam.
2168 5770 2273 5819 NG.
2310 5770 2353 5817 1.
2417 5768 2437 5802 ⁶
2468 5767 2733 5818 Esuricrit
2764 5767 2889 5819 Bod.
2912 5769 2957 5828 1,
2988 5770 3033 5813 3.
3099 5766 3117 5799 ⁷
3150 5766 3211 5813 In
3239 5764 3512 5828 judicium
3537 5759 3656 5814 Bod.
3698 5761 3739 5817 1,
3775 5755 3815 5811 3,

450 5840 500 5893 4.
592 5839 610 5872 ⁸
643 5838 786 5893 Item
816 5841 876 5893 in
904 5831 1208 5908 Evangelio
1248 5841 1376 5893 Bod.
1407 5844 1424 5892 1
1436 5878 1453 5905 ,
1482 5843 1529 5895 4.
1601 5842 1620 5872 9
1647 5840 1851 5892 Cibum
1879 5840 2060 5893 habeo
2085 5855 2102 5893 ι

2207 5840 2422 5893 (ducere
2451 5839 2595 5893 Corb.
2618 5840 2724 5892 ΝΟ.
2751 5840 2797 5888 2.
2872 5835 2909 5872 ¹⁰
2936 5839 3006 5890 Ut
3032 5837 3318 5904 perﬁdiam
3334 5836 3437 5887 ΝΟ.
