4032 6180
229 202 319 260 797

1233 199 1779 259 TES'I‘IMONIORUM
1809 198 1958 256 ADV.
1998 203 2265 262 JUDEOS
2297 206 2419 264 LIB.
2462 208 2552 265 ΙΙΙ.

3452 210 3554 267 798

226 325 388 397 capite
417 326 498 380 est
536 323 636 397 qui
661 325 1045 381 communicat
1072 326 1113 359 “
1147 348 1173 374 ι)
1211 328 1409 393 (Prov.,
1445 342 1515 392 xx,
1542 325 1653 393 ‘26).
1683 326 1825 378 Item
1852 335 1904 408 Α
1928 328 2054 383 CAP.
2113 331 2258 385 LXII.
2318 363 2383 372 —
2446 336 2846 390 .tlatzimom’mn
2913 351 3029 393 cum
3099 336 3384 406 gentilibus
3446 351 3553 392 non

224 419 357 491 apud
383 419 581 475 Isaiam
609 436 622 473 :
658 438 686 467 ‹‹
717 419 809 471 Vm
836 420 933 490 qui
964 419 1008 453 ¹²
1036 406 1395 491 conjungunt
1421 420 1657 474 domum
1681 419 1727 453 ¹³
1755 417 1827 472 ad

226 514 442 569 domum
470 514 533 583 ιι,
566 515 624 567 et
667 529 874 583 agrum
905 513 951 548 ‘5
999 513 1074 568 ad
1123 529 1331 584 agrum
1379 515 1737 575 continuant,
1769 517 1828 565 ut

224 607 465 662 auferant
500 606 760 678 proximo
795 623 895 660 suo
924 608 967 641 ⁴⁶
1009 606 1248 678 aliquid.
1278 607 1568 680 Numquid
1605 606 1826 661 habita-

225 700 341 756 bitis
378 701 476 755 soli
522 717 696 773 super
723 705 940 755 terram
987 722 1014 752 »
1072 701 1224 771 (Isa.,
1255 718 1308 771 v,
1346 701 1444 773 3)?
1488 703 1624 757 Item
1675 699 1829 773 apud

224 794 600 866 Sophoniam:
647 816 675 846 ‹‹
718 794 1095 850 ΑΞὰίὶἰοειΙωιιι
1138 795 1357 865 domos,
1399 800 1456 850 et
1499 812 1614 851 non
1659 794 1826 849 inha-

225 889 468 944 bitabunt
494 890 556 957 ’⁷,
587 892 645 943 et
673 889 974 945 instituerit
1012 890 1230 958 vineas,
1261 893 1318 944 et
1365 905 1478 943 non
1518 888 1717 943 bibent
1745 888 1825 942 vi-

223 999 351 1038 num
380 999 597 1052 earum,
629 984 762 1054 quia
788 999 970 1055 prope
998 987 1084 1039 est
1120 983 1241 1038 dies
1279 983 1502 1039 Domini
1550 1002 1575 1033 ι)
1623 983 1828 1053 (Soph,

226 1094 259 1146 ι,
290 1081 371 1145 t3,
401 1079 677 1147 tt).ltem
707 1077 765 1132 in
807 1078 1113 1148 Evangelia
1158 1082 1281 1132 cata
1323 1078 1524 1132 Lucam
1558 1093 1570 1132 :
1621 1096 1648 1125 ί(
1686 1076 1831 1141 Quid

225 1170 365 1225 enim
391 1170 622 1242 prodest
649 1171 872 1225 homini
894 1171 1230 1226 lucrifacere
1252 1173 1432 1226 totum
1453 1170 1753 1236 mundum,
1774 1186 1831 1225 se

222 1266 397 1336 ipsum
437 1268 626 1318 autem
665 1264 906 1335 perdere
938 1265 981 1300 ’⁸
1026 1286 1054 1315 ››
1113 1265 1388 1335 (Luc.,1x,
1429 1264 1568 1336 25)?
1619 1266 1686 1318 Et
1726 1263 1828 1317 ite-

228 1374 343 1412 rum
388 1374 402 1411 :
453 1378 481 1407 ι(
531 1357 678 1413 Dixit
726 1361 919 1412 autem
972 1358 1053 1412 illi
1105 1359 1421 1413 Dominus:
1477 1359 1674 1423 Stulte,
1732 1358 1833 1411 hac

228 1455 381 1506 nocte
435 1451 827 1523 expostulatur
857 1452 897 1485 ’θ
950 1452 1144 1506 anima
1198 1458 1291 1506 tua
1320 1453 1389 1507 ⁵ο.
1441 1452 1578 1515 Quae
1618 1467 1756 1522 ergo
1788 1452 1834 1487 ἰ

223 1544 437 1616 parasti,
468 1544 629 1615 cujus
653 1548 823 1599 erunt
851 1567 876 1593 ››
910 1545 1083 1616 (Luc,
1114 1562 1208 1615 xu,
1243 1545 1374 1615 20)?
1406 1547 1470 1600 Et
1502 1543 1690 1617 767
1726 1545 1831 1600 ite-

220 1656 375 1692 rum:
413 1658 440 1690 α
495 1630 962 1694 Commemorare
1011 1639 1280 1709 quoniam
1329 1638 1633 1709 percepisti
1678 1638 1831 1693 bona

2552 413 2913 483 jungendum.

1999 520 2164 593 Apud
2189 519 2467 574 Tobiam:
2501 540 2527 569 (ι
2573 521 2817 574 Uxorem
2858 522 3046 594 accipe
3089 540 3153 577 ex
3194 522 3414 578 semine
3454 541 3550 595 pa-

1930 619 2156 670 rentum
2209 618 2456 680 tuorum,
2513 615 2570 666 et
2625 613 2741 667 noli
2783 630 3006 670 sumere
3055 616 3299 671 alienam
3359 617 3554 672 mulie-

1930 725 2053 765 rem
2085 710 2131 744 ³¹
2157 725 2284 779 qum
2325 724 2440 762 non
2489 710 2573 761 est
2615 723 2679 761 ex
2730 707 2876 761 tribu
2919 712 3221 778 parentum
3265 712 3549 765 tuorum»

1934 804 2107 876 (Tob.,
2161 818 2235 869 IV,
2290 802 2389 873 1‘2).
2432 802 2569 855 Item
2616 801 2671 855 in
2724 800 2969 856 Genesi:
3021 821 3049 850 «
3098 802 3264 858 Mittit
3312 819 3555 873 puerum

1932 914 2097 953 suum
2128 896 2428 962 Abraham,
2459 900 2523 950 ut
2563 895 2631 950 de
2680 895 2897 951 semine
2941 912 3041 950 suo
3070 896 3114 933 ³³
3162 896 3398 967 accipiat
3443 899 3551 952 Re-

1930 992 2161 1047 beccam
2221 990 2337 1045 tilio
2398 990 2519 1061 ejus
2580 990 2733 1044 Isaac
2799 1011 2825 1040 n
2889 989 3063 1061 (Gen.,
3120 991 3249 1058 XIV).
3301 991 3438 1044 Item
3499 990 3557 1045 in

1932 1085 2105 1140 Esdra
2145 1085 2279 1139 satis
2310 1100 2423 1139 non
2453 1084 2562 1138 fuit
2604 1084 2742 1151 Deo,
2777 1100 2908 1138 cum
2955 1086 3312 1138 vastarentur
3353 1083 3555 1152 Judaei,

1934 1179 2047 1234 nisi
2075 1178 2432 1250 alienigenas
2471 1192 2677 1232 uxores
2701 1193 2833 1231 cum
2872 1176 3001 1231 ﬁliis
3027 1192 3259 1249 quoque
3304 1192 3449 1248 quos
3493 1192 3558 1232 ex

1932 1273 2044 1328 illis
2095 1274 2533 1343 procreaverant
2571 1270 2933 1341 reliquissent
2981 1272 3022 1342 (I
3069 1273 3253 1335 Esdr.,
3290 1272 3364 1343 x).
3415 1273 3558 1327 ltem

1933 1367 1992 1421 in
2034 1365 2281 1436 Epistola
2338 1365 2492 1419 Pauli
2547 1364 2616 1418 ad
2658 1363 2980 1419 Corinthios
3020 1364 3254 1435 prima:
3289 1386 3319 1415 «
3364 1365 3559 1420 Mulier

1934 1459 2121 1515 vincta
2155 1463 2238 1513 est
2266 1460 2312 1492 ³³
2355 1458 2613 1528 quandiu
2654 1457 2789 1512 vivit
2836 1458 2919 1511 vir
2945 1458 3085 1528 ejus.
3116 1458 3169 1513 Si
3202 1463 3390 1513 autem
3434 1458 3560 1512 dor-

1934 1553 2143 1620 mierit,
2174 1552 2414 1607 liberata
2446 1558 2550 1618 est,
2577 1555 2643 1605 ut
2681 1552 2773 1606 cui
2802 1552 2845 1587 ³⁴
2874 1552 2993 1606 vult
3023 1553 3067 1586 ³⁵
3104 1552 3302 1621 nubat,
3338 1555 3557 1605 tantum

1934 1648 1993 1703 in
2039 1645 2297 1702 Domino.
2346 1645 2579 1700 Felicior
2607 1646 2654 1679 ³⁸
2703 1648 2893 1699 autem
2934 1646 3058 1712 erit,
3090 1644 3137 1698 si
3168 1645 3245 1698 sic
3287 1659 3557 1715 perman-

222 1733 321 1802 (56)
362 1732 407 1766 ²²
453 1732 513 1786 in
557 1732 672 1787 vita
712 1738 828 1798 tua,
875 1737 933 1787 et
976 1707 1210 1787 Lazarus
1253 1707 1519 1786 similiter
1567 1732 1720 1786 mala
1755 1708 1859 1785 ".1

1945 1741 2067 1795 serit
2097 1761 2125 1790 »
2150 1741 2191 1779 ³⁷
2219 1740 2259 1810 (l
2290 1738 2434 1801 Con,
2462 1754 2554 1803 vu,
2579 1741 2666 1807 39,
2687 1738 2797 1800 40).
2828 1739 2895 1792 Et
2922 1707 3116 1809 76'8
3142 1707 3381 1792 iterum:
3408 1759 3436 1786 (ι
3458 1738 3560 1791 Ne-

220 1827 363 1880 Nunc
389 1842 523 1881 vero
554 1826 645 1880 hic
688 1830 921 1897 rogatur
945 1826 1016 1895 ³⁸,
1049 1828 1111 1880 tu
1157 1832 1349 1882 autem
1379 1826 1534 1881 doles
1581 1846 1609 1875 ››
1653 1824 1830 1896 (Luc.,

218 1935 319 1986 μοι,
348 1920 457 1987 25).
503 1921 572 1973 Et
614 1919 668 1972 in
714 1919 944 1974 Actibus
990 1921 1442 1992 Apostolorum:
1478 1941 1505 1970 ‹‹
1552 1920 1697 1974 Dixit
1740 1935 1835 1973 au-

221 2018 322 2067 tem
367 2015 568 2067 Petrus
615 2014 687 2067 ad
742 2029 922 2068 eum:
975 2017 1290 2084 Argentum
1339 2013 1572 2085 quidem
1620 2018 1677 2068 et
1730 2029 1829 2067 au-

219 2123 334 2160 rum
366 2124 477 2161 non
512 2112 599 2162 est
626 2106 786 2161 mihi.
820 2107 979 2171 Quod
1008 2112 1205 2162 autem
1237 2107 1439 2175 habeo,
1464 2108 1575 2162 hoc
1594 2105 1697 2162 tibi
1718 2106 1826 2162 d0:

218 2203 275 2256 Iu
303 2200 533 2255 nomine
577 2202 705 2255 Jesu
746 2200 952 2256 Christi
999 2200 1270 2255 Nazareni
1301 2201 1349 2236 ³⁸
1381 2218 1553 2272 surge
1604 2206 1662 2256 et
1706 2216 1831 2255 am-

218 2294 358 2349 bula.
408 2297 475 2349 Et
517 2295 877 2365 apprehensa
922 2310 1096 2349 manu
1123 2296 1169 2330 ⁸⁵
1215 2295 1337 2366 ejus
1382 2295 1636 2362 dextera,
1680 2294 1832 2349 exci-

219 2390 343 2442 tavit
370 2390 411 2423 ³⁷
453 2405 587 2443 eum
618 2411 645 2438 »
691 2390 859 2458 (Act.,
888 2405 966 2454 ιιι,
996 2391 1067 2458 6).
1111 2390 1253 2443 Item
1279 2389 1325 2423 ’⁸
1355 2390 1425 2443 ad
1470 2388 1833 2443 Timotheum

222 2482 429 2549 prima:
484 2502 514 2533 α
563 2482 713 2537 Nihil
752 2481 1045 2537 intulimus
1093 2482 1151 2537 in
1200 2482 1353 2536 hunc
1399 2482 1702 2551 mundum,
1748 2498 1836 2538 ve-

218 2592 333 2629 rum
373 2592 477 2630 nec
514 2576 741 2631 auferre
780 2574 919 2646 quid
964 2591 1263 2646 possumus
1288 2576 1353 2630 ³⁸.
1389 2576 1676 2630 Habentes
1720 2576 1832 2631 ita-

218 2685 315 2738 que
343 2669 756 2724 exhibitionem
797 2674 855 2725 et
892 2674 1314 2740 tegumentum,
1343 2669 1430 2723 his
1462 2670 1713 2723 contenti
1757 2670 1831 2724 si-

218 2778 349 2817 mus.
396 2763 503 2827 Qui
552 2766 742 2818 autem
793 2763 987 2817 volunt
1032 2762 1231 2816 divites
1274 2761 1419 2830 ﬁeri,
1466 2762 1725 2816 incidunt
1776 2763 1835 2816 in

220 2857 579 2912 tentationem
614 2857 664 2892 3°
689 2862 747 2913 et
771 2856 1152 2927 muscipulam
1180 2859 1236 2909 et
1262 2855 1548 2910 desideria
1571 2856 1749 2909 multa
1778 2862 1836 2911 et

218 2950 483 3017 nocentia,
516 2966 650 3021 quas
694 2954 964 3021 mergunt
1002 2949 1300 3004 hominem
1347 2948 1405 3001 in
1449 2948 1831 3019 perditionem

219 3043 343 3098 etin
369 3043 695 3098 interitum.
724 3043 901 3099 Radix
932 3042 1084 3096 enim
1117 3041 1375 3096 omnium
1427 3042 1706 3096 malorum
1751 3048 1836 3097 est

218 3137 502 3208 cupiditas,
520 3153 698 3208 quam
724 3141 1055 3208 appetentes
1084 3137 1574 3207 naufragaverunt
1595 3153 1627 3190 a
1647 3136 1758 3190 ﬁde
1789 3143 1843 3191 et

218 3229 573 3287 inseruerunt
601 3247 660 3286 se
691 3230 980 3286 doloribus
1012 3230 1204 3285 multis
1236 3252 1264 3280 »
1295 3230 1337 3301 (I
1368 3231 1528 3293 Τέω..
1560 3246 1632 3297 v1,
1660 3231 1839 3303 7-10).

1936 1833 2088 1889 scitis
2119 1833 2394 1905 quoniam
2410 1847 2649 1901 corpora
2668 1836 2853 1885 vestra
2873 1831 3133 1886 membra
3150 1829 3357 1886 Christi
3384 1830 3558 1884 sunt?

1935 1927 2208 1983 Anferens
2246 1925 2504 1980 membra
2547 1924 2751 1979 Christi
2782 1925 2850 1993 ³⁸,
2892 1925 3094 1979 faciam
3141 1923 3404 1978 membra
3442 1924 3558 1977 for-

1937 2020 2162 2076 nicaria:
2189 2020 2285 2074 3’?
2325 2019 2500 2074 Absit.
2530 2021 2639 2074 Aut
2678 2018 2906 2073 nescitis
2952 2019 3088 2091 quia
3131 2017 3231 2090 qui
3278 2016 3559 2087 congluti-

1935 2119 2145 2169 nantur
2182 2115 2231 2149 ⁴⁰
2284 2112 2606 2168 fornicariee
2660 2129 2844 2166 unum
2899 2128 3106 2182 corpus
3159 2111 3340 2166 sunt?
3388 2112 3565 2166 Erunt

1936 2208 2090 2263 enim
2133 2208 2243 2263 duo
2281 2207 2340 2261 iu
2374 2223 2485 2261 una
2526 2223 2716 2261 carne.
2747 2206 2856 2271 Qui
2897 2210 3090 2261 autem
3139 2222 3199 2259 se
3245 2205 3558 2275 conjuuxe-

1934 2302 2010 2356 rit
2040 2304 2084 2342 δ’
2139 2301 2403 2367 Domino,
2461 2317 2610 2354 unus
2663 2300 2898 2371 spiritus
2951 2305 3037 2354 est
3064 2301 3111 2341 ιε
3154 2319 3182 2348 »
3242 2297 3432 2370 (Ibid.,
3487 2314 3562 2367 v1,

1937 2397 2135 2465 15-17).
2194 2397 2337 2449 Item
2398 2394 2470 2448 ad
2534 2393 2855 2450 Corinthios
2914 2393 3232 2448 secunda:
3292 2414 3318 2442 ‹‹
3381 2391 3564 2448 Nolite

1939 2489 2214 2560 conjungi
2259 2504 2388 2542 cum
2428 2486 2772 2541 infidelibus.
2802 2486 2941 2550 Quas
2980 2491 3168 2541 autem
3208 2484 3563 2557 participatio

1934 2588 2017 2636 cst
2041 2581 2277 2652 justitize
2311 2586 2366 2635 et
2392 2580 2731 2652 iniquitati?
2761 2585 2858 2634 aut
2890 2596 3017 2650 quas
3045 2586 3129 2633 est
3171 2577 3564 2633 communica-

1934 2675 2014 2730 tio
2047 2675 2158 2729 Iuci
2186 2677 2233 2715 ⁴³
2271 2675 2342 2730 ad
2386 2675 2655 2729 tenebras
2685 2696 2711 2722 ››
2763 2674 2823 2742 (ΙΙ
2852 2674 2994 2739 Cor.,
3025 2689 3101 2739 v1,
3134 2673 3257 2742 tt)?
3307 2673 3453 2726 Item
3498 2672 3566 2724 de

1935 2768 2235 2823 Salomone
2264 2768 2319 2822 in
2350 2768 2592 2821 Basilion
2622 2768 2785 2822 tertio
2817 2785 2829 2820 :
2866 2768 2983 2821 «Et
3009 2770 3337 2821 averterunt
3360 2781 3563 2818 uxores

1934 2861 2268 2932 alienigenas
2300 2877 2395 2914 cor
2427 2861 2549 2931 ejus
2576 2863 2701 2931 post
2721 2860 2858 2915 deos
2879 2876 3006 2913 suos
3036 2882 3063 2910 »
3093 2859 3187 2930 (ΙΙΙ
3216 2860 3457 2926 Reg.,x1,
3486 2856 3563 2927 4).

1933 2956 2065 3011 CAP.
2101 2955 2269 3008 LXIII.
2294 2985 2361 2993 —
2392 2954 2567 3009 Grave
2593 2954 2848 3008 delictum
2874 2968 2983 3008 esse
3014 2954 3402 3020 fornicationes
3434 2952 3563 3021 (57).

2015 3049 2075 3102 In
2104 3047 2356 3118 Epistula
2382 3046 2542 3102 Pauli
2585 3046 2657 3101 ad
2697 3046 3015 3103 Corinthios
3061 3046 3280 3115 prima:
3315 3066 3345 3093 (ι
3384 3044 3565 3100 Omne

1946 3140 2218 3194 delictum
2261 3140 2648 3212 quodcunque
2700 3139 2903 3194 fecerit
2947 3139 3118 3193 homo
3164 3142 3319 3192 extra
3366 3153 3568 3208 corpus

1944 3237 2047 3289 est.
2080 3234 2184 3299 Qui
2212 3240 2401 3289 autem
2443 3233 2778 3302 fornicatur,
2811 3226 2875 3287 in
2904 3250 3105 3303 corpus
3148 3248 3312 3286 suum
3352 3232 3565 3304 peccat.

1595 3430 1804 3495 Variae
1840 3431 2177 3495 lectiones.

275 3582 309 3610 "
332 3578 773 3631 Commuuicans
805 3580 856 3629 ei
882 3578 1007 3629 Bod.
1040 3580 1084 3628 1.
1159 3578 1198 3611 ¹²
1224 3578 1323 3629 Vm
1344 3578 1450 3633 his.
1479 3578 1575 3641 qui
1600 3580 1735 3630 Gott.
1808 3578 1846 3610 ¹³
1874 3577 2144 3641 Adjungit
2170 3579 2401 3629 domum
2432 3579 2555 3631 Bod.
2583 3580 2630 3629 Ι.

2704 3581 2741 3610 ¹⁴
2773 3578 2856 3629 Ad
2884 3577 3132 3637 domum,
3157 3577 3342 3627 villam
3367 3574 3434 3625 ad
3461 3577 3572 3626 vil—

217 3647 334 3705 lam.
369 3652 476 3699 ιιή.
498 3650 651 3702 Corb.
674 3652 712 3682 '5
744 3652 952 3712 Agrum
983 3663 1113 3713 agro
1138 3652 1280 3699 Lam.
1317 3651 1425 3699 Li'n.
1457 3650 1562 3700 NG.
1589 3648 1832 3708 l,Bod.3,
1863 3652 1905 3697 t.
1950 3649 2067 3697 Tha.
2101 3648 2136 3681 ’⁸
2163 3649 2433 3699 Proximis
2464 3651 2580 3699 suis
2608 3648 2735 3699 Bod.
2766 3648 2815 3705 2,
2846 3648 2892 3698 3.
2917 3647 3065 3700 Corb.
3104 3647 3341 3695 Proximi
3368 3646 3488 3696 Bod.
3523 3648 3568 3703 l,

220 3721 256 3768 4.
324 3719 360 3753 ¹⁷
388 3720 507 3770 Non
541 3719 875 3769 habitabuut
898 3721 953 3768 in
980 3719 1060 3769 eis
1092 3720 1232 3767 Lam.
1262 3722 1368 3771 NG.
1396 3720 1444 3781 l,
1470 3719 1518 3768 2.
1552 3718 1679 3770 Bod.
1708 3722 1846 3770 Gott.

218 3790 413 3840 tulatur
439 3792 627 3841 anima
651 3792 796 3840 Lam.
822 3793 925 3843 NG.
955 3795 1001 3839 t.
1091 3789 1134 3822 ²⁰
1162 3791 1364 3840 Anima
1392 3796 1487 3839 tua
1515 3805 1543 3839 a
1567 3794 1617 3839 te
1648 3790 1759 3838 Lin.

218 3860 439 3911 Lazarus
460 3866 654 3911 autem
682 3860 829 3910 mala
863 3862 968 3912 NG.
1005 3862 1053 3921 l,
1081 3860 1129 3909 2.

1920 3719 1957 3753 ’⁸
1978 3718 2035 3771 Si
2067 3722 2262 3770 animas
2282 3735 2400 3771 sum
2426 3720 2824 3771 detrimentum
2847 3721 3086 3782 patiatur
3116 3720 3220 3769 NG.
3244 3719 3291 3766 2.

1862 3793 1899 3821 ¹¹
1928 3791 2252 3852 Prmparasti
2281 3793 2418 3840 Lam.

1240 3862 1284 3892 ²⁴
1308 3861 1411 3911 Hic
1443 3862 1662 3910 laetatur
1696 3860 1837 3908 Lam.
1870 3862 2010 3911 Gott.
2040 3862 2152 3911 Hic
2181 3862 2417 3925 quiescit
2442 3860 2550 3910 Bod
2606 3862 2650 3909 1.
2674 3860 2782 3910 Hic
2807 3859 3127 3911 consolatur
3168 3857 3298 3908 Bod.
3345 3858 3392 3907 2.
3420 3856 3573 3909 Gorb.

3379 3717 3417 3751 10
3442 3718 3571 3753 1)(ὶὲ-

2522 3722 2824 3771 rimentum
2847 3721 3086 3782 patiatur
3116 3720 3220 3769 NG.
3244 3719 3291 3766 2.
3379 3718 3417 3751 ’⁸
3439 3718 3569 3766 Pos—

2519 3790 2560 3823 ²²
2594 3790 2866 3851 Recepisti
2896 3789 3043 3838 bona
3082 3790 3217 3836 Lam.
3250 3789 3354 3838 NG.
3393 3789 3432 3836 Ι.
3528 3789 3569 3819 υ

218 3934 254 3963 ³⁵
283 3933 518 3981 Nazarwi
555 3932 679 3981 Tim.
748 3930 789 3965 ³⁸
818 3929 1255 3994 Apprehendens
1285 3944 1511 3979 manum
1541 3931 1644 3978 Lin.
1714 3928 1755 3960 ³⁷
1782 3929 1859 3978 Eli

1945 3933 2039 3980 ινὶῐ
2062 3933 2189 3981 Tha.
2264 3932 2305 3964 ’⁸
2348 3933 2481 3981 Item
2507 3931 2710 3979 Paulus
2740 3930 2865 3981 Bod.
2896 3932 2942 3978 2.
3026 3930 3068 3960 ι’
3106 3928 3334 3978 Auferre
3383 3941 3574 3990 possu-

218 4014 332 4050 mus
356 4004 477 4053 Bod.
508 4006 551 4063 1,
578 4004 629 4063 2,
656 4003 704 4062 3,
735 4004 782 4052 4.
821 4002 941 4051 Thu.
967 4003 1109 4051 Lam.
1144 4004 1279 4052 Voss.
1305 4002 1354 4051 3.
1389 4002 1619 4051 Auferre
1654 4002 1958 4063 poterimus
1993 4005 2128 4053 Gott.

215 4069 464 4134 laqueum
493 4071 704 4122 diaboli
733 4074 837 4124 NG.
860 4073 910 4121 2.
940 4071 1308 4135 Muscipulam
1329 4071 1536 4122 diaboli
1562 4078 1699 4125 Gott.
1784 4078 1821 4107 ³¹
1858 4076 2108 4125 Alienam
2134 4088 2371 4125 uxorem
2406 4075 2533 4125 Bod.
2565 4075 2611 4134 1,
2636 4076 2682 4124 4.
2727 4075 2859 4122 νοω.
2893 4078 2937 4121 3.
2972 4073 3090 4122 Tim.

1608 4146 1649 4176 ³³
1678 4144 1875 4196 Mulier
1908 4145 2130 4209 alligata
2152 4151 2238 4197 est
2265 4146 2392 4199 NG.,
2421 4146 2467 4194 2.
2541 4146 2580 4177 ³⁴
2608 4144 2864 4194 Liberata
2894 4148 2994 4202 est,
3022 4144 3116 4195 cui
3155 4145 3273 4192 Voss
3326 4142 3375 4190 3.
3431 4143 3575 4192 Lam.

220 4140 460 4193 Rebecca
490 4143 632 4192 Lam.
658 4144 770 4192 Lin.
799 4143 904 4192 NG.
931 4143 977 4191 1.
998 4141 1126 4192 Bod.
1165 4142 1184 4191 1
1211 4176 1225 4198 ,
1245 4140 1290 4202 2,
1316 4144 1364 4192 4.
1397 4142 1523 4192 Tha.

218 4212 318 4261 Lin.
347 4215 450 4266 ΝΟ.
486 4215 529 4262 l.
564 4213 693 4266 Bod.
720 4214 766 4274 1,
797 4212 847 4274 2,
871 4214 918 4262 4.
987 4216 1026 4246 ⁸⁵
1052 4212 1158 4263 Cui
1178 4213 1329 4263 volet.
1362 4214 1485 4263 Thu.
1515 4214 1663 4266 Corb.

217 4281 280 4331 ad
309 4282 633 4334 Corinthios
659 4283 835 4346 prima
862 4281 991 4332 Bod.
1018 4284 1068 4343 1,
1101 4283 1149 4341 3,
1176 4283 1225 4331 4.

215 4353 359 4402 tricis
386 4356 702 4405 fornicarim
735 4355 881 4403 Lam.
910 4353 1017 4404 NG.
1058 4353 1100 4401 l.
1129 4353 1250 4402 Bod.
1288 4354 1330 4401 t.
1363 4355 1498 4405 Gott.
1551 4355 1680 4403 Voss.
1706 4361 1751 4403 3.

219 4430 387 4479 retrici
418 4429 551 4478 Voss.
577 4433 625 4478 3.
689 4429 733 4460 ⁴¹
764 4427 835 4478 Se
864 4428 1208 4491 conjungunt
1236 4429 1367 4479 Gott.
1435 4429 1475 4459 ⁴²
1513 4427 1634 4478 Uno
1667 4429 1863 4492 spiritu
1892 4434 2028 4480 sunt
2059 4433 2194 4482 Gott.

1750 4215 1792 4247 ³ο
1815 4215 2033 4265 Beatior
2062 4216 2188 4266 Bod.
2218 4218 2260 4265 t.
2294 4217 2399 4267 NG.
2424 4217 2469 4264 l.

1313 4281 1353 4314 ³⁸
1378 4283 1592 4333 Tollam
1615 4285 1860 4336 membra
1891 4286 2097 4337 Christi
2129 4290 2260 4339 Gott.
2304 4287 2579 4337 Auferens
2607 4300 2736 4348 ergo
2762 4287 2886 4337 Bod.
2922 4289 2970 4336 2.

1836 4358 1880 4389 ⁴⁰
1912 4356 2022 4418 Qui
2050 4358 2503 4421 conglutinantur
2537 4357 2662 4408 Boot.
2690 4358 2740 4410 2.
2767 4359 2812 4406 4.
2847 4358 2967 4407 Tim.
2999 4354 3144 4408 Gorb.
3173 4355 3420 4405 adhaeret
3452 4370 3573 4407 me-

2232 4004 2270 4032 ³⁰
2300 4001 2560 4051 Incidunt
2583 4002 2636 4049 in
2678 4000 2907 4063 laqueos
2940 3998 3307 4048 tentationum
3332 3996 3480 4048 (ἔοι-ὀ.
3510 3998 3572 4047 1n

3180 4075 3219 4105 ³³
3250 4072 3577 4134 Accipiatur

2563 4213 2603 4247 ³⁷
2635 4214 3022 4264 Permanserit.
3064 4215 3203 4261 Item
3225 4212 3293 4261 de
3323 4212 3432 4261 hoc
3455 4214 3574 4276 ipso

3057 4283 3099 4319 ³⁸
3123 4284 3364 4335 Membra
3388 4299 3563 4336 mere-

2285 4431 2330 4461 ⁴³
2364 4428 2584 4477 Lumini
2628 4429 2758 4477 Voss.
2790 4428 2836 4476 3.

1514 4611 1736 4693 Steph.
1787 4611 2033 4676 Baluzii
2076 4618 2270 4677 notae.

275 4766 370 4827 (36)
412 4764 698 4828 Percepisti
740 4763 896 4814 bona.
930 4764 1071 4814 Vide
1111 4767 1272 4814 notas
1312 4763 1606 4815 Frontonis
1648 4753 1928 4825 DucaaiD
1952 4762 2392 4827 intemperantiae
2435 4760 2623 4825 palam
2672 4762 2757 4809 est
2789 4772 2801 4806 :
2849 4754 3196 4828 locusenim
3229 4752 3347 4828 ille
3472 4764 3582 4800 non

220 4839 269 4887 in
300 4839 599 4888 IIomiliam
626 4840 837 4886 sextam
873 4834 1251 4899 Chrysostomi
1281 4835 1352 4885 ad
1370 4834 1624 4900 populum
1652 4837 1833 4886 Antio-

219 4909 449 4959 rhenum.

271 4982 370 5041 (57)
424 4974 833 5030 F'urnicatz‘onir.
903 4977 1223 5041 Aliquando
1282 4977 1573 5026 fornicatio
1629 4976 1861 5026 abusive

214 5052 462 5111 sumitur,
515 5055 578 5098 ut
629 5049 774 5112 apud
840 5048 1188 5107 Gratianum,
1250 5048 1330 5109 3t,
1391 5054 1588 5112 quiest.
1645 5051 1689 5106 t,
1735 5062 1861 5111 cap.

222 5122 323 5170 "ac
376 5123 605 5179 ratione,
660 5121 755 5169 ubi
820 5120 1086 5169 secunda:
1144 5120 1353 5183 nuptias
1418 5120 1681 5168 dicuntur
1738 5133 1859 5169 esse

216 5205 338 5242 vere
374 5192 686 5255 fonu’cutio,
718 5195 770 5240 et
815 5205 944 5241 mox
990 5190 1211 5240 additur
1258 5205 1379 5240 eam
1436 5191 1857 5239 fornicationem

214 5276 327 5314 esse
355 5264 668 5313 honestam.
698 5262 861 5325 Quod
905 5275 1097 5312 verum
1142 5266 1241 5311 est.
1280 5261 1350 5311 Et
1392 5266 1577 5312 tamen
1622 5260 1859 5311 Michael

215 5331 441 5385 Siricius
485 5334 613 5384 haec
665 5334 850 5392 verba,
890 5337 951 5382 ut
995 5333 1176 5384 solent
1219 5333 1519 5384 adversarii
1569 5333 1858 5383 caelibatus

218 5404 566 5464 clericorum,
632 5409 692 5454 ut
766 5405 939 5454 telum
1025 5405 1289 5454 adversus
1372 5418 1554 5454 mores
1632 5408 1857 5452 nostros

220 5476 372 5525 avide
429 5477 659 5539 arripuit
715 5477 771 5526 in
826 5476 1148 5540 praefatione
1213 5476 1339 5526 libri
1400 5489 1569 5540 quem
1632 5476 1856 5537 scripsit

221 5547 279 5594 de
328 5549 503 5597 Πίου
558 5561 666 5597 una
721 5553 926 5598 tantum
973 5547 1232 5610 habenda,
1270 5552 1335 5598 ut
1381 5546 1698 5597 ostenderet
1746 5547 1855 5596 ali—

222 5630 382 5679 quam
426 5619 573 5669 inter
614 5633 717 5669 nos
758 5632 880 5670 esse
925 5621 1219 5670 honestam
1253 5619 1661 5678 scortationem,
1688 5617 1855 5667 adeo-

223 5702 326 5751 que
385 5690 781 5741 scortationem
839 5704 907 5740 ex
981 5692 1261 5742 sententia
1322 5694 1507 5740 nostra
1564 5693 1858 5752 peccatum

226 5771 330 5810 non
378 5775 523 5825 esse,
560 5761 653 5813 sed
694 5762 975 5814 virtutem.
1007 5762 1148 5827 Qum
1196 5762 1343 5814 dicta
1384 5774 1508 5813 esse
1540 5773 1743 5827 magna
1787 5761 1852 5810 vi

1962 4822 2187 4895 evincit,
2241 4832 2338 4883 sed
2390 4822 2603 4881 tantum
2662 4841 2783 4878 eam
2838 4825 3060 4876 vivendi
3123 4822 3584 4873 consuetudinem

1962 4918 2083 4954 esse
2109 4894 2397 4955 hopestam
2424 4915 2593 4965 quam
2629 4905 2823 4950 auctor
2848 4897 3032 4947 studio
3062 4894 3341 4959 pudicitiae
3387 4907 3585 4943 vocare

1961 4977 2136 5026 voluit
2190 4975 2628 5027 fornicationem,
2683 4972 2901 5020 tametsi
2953 4981 3079 5017 vere
3135 4966 3423 5015 fornicatio
3476 4977 3587 5013 non

1962 5049 2050 5108 sit,
2082 5047 2177 5097 sed
2222 5046 2463 5107 legitima
2517 5044 2683 5091 maris
2727 5047 2782 5091 et
2819 5042 3042 5091 feminas
3087 5036 3421 5108 conjunctio.
3453 5036 3587 5084 Nam

1960 5106 2115 5168 etin
2177 5114 2483 5166 canonibus
2526 5114 2701 5162 sancti
2757 5112 2976 5162 Patricii
3025 5110 3268 5173 episcopi
3313 5106 3588 5156 Hiberno-

1960 5202 2102 5247 rum,
2150 5192 2203 5236 et
2251 5188 2305 5235 in
2358 5185 2722 5236 Pmnitcntiali
2776 5183 3041 5242 Fulberti,
3088 5181 3331 5245 episcopi
3383 5179 3589 5230 Carno-

1961 5260 2154 5317 tensis,
2209 5256 2543 5307 vocabulum
2594 5253 2976 5304 fornicationis
3030 5251 3270 5300 sumitur
3315 5263 3412 5312 pro
3466 5253 3591 5298 actu

1959 5334 2078 5396 ipso
2120 5331 2363 5381 coeundi
2405 5330 2749 5394 generaliter.
2794 5328 2863 5377 Et
2898 5329 3122 5376 sanctus
3148 5324 3496 5396 Augustinus
3535 5323 3590 5370 in

1959 5394 2141 5467 capite
2193 5407 2351 5452 sexto
2400 5400 2526 5451 libri
2572 5401 2635 5451 de
2683 5402 2828 5450 Bono
2880 5396 3209 5467 conjugali,
3240 5396 3315 5444 ait
3368 5394 3591 5467 in-ipsa

1959 5464 2403 5523 iminoderatiore
2456 5473 2745 5522 exactione
2797 5468 2972 5519 debiti
3030 5466 3304 5522 carnalis,
3353 5464 3455 5515 etsi
3501 5476 3595 5511 eos

1957 5545 2113 5607 pravi
2187 5555 2369 5593 mores
2444 5543 2513 5594 ad
2584 5542 2753 5592 talem
2827 5538 3193 5590 concubitum
3266 5533 3597 5607 impellunt,

1957 5602 2178 5679 nuptias
2213 5617 2401 5665 tamen
2433 5615 2502 5667 ab
2542 5612 2813 5665 adulterio
2853 5625 2955 5664 seu
2993 5607 3364 5661 fornicatione
3403 5602 3604 5653 defen-

1957 5685 2106 5736 dere.
