4032 6180
447 283 551 340 799
1338 279 1395 336 S.
1437 282 1746 338 CYPRIANI
1785 279 2062 337 OPERUM
2101 279 2272 335 PARS
2311 277 2370 334 ll.
2414 306 2481 317 —
2519 276 2884 335 OPUSCULA.
3676 285 3765 340 800

447 411 571 467 Non
600 408 733 464 estis
771 408 956 463 vestri.
990 407 1179 480 Empti
1228 408 1385 463 enim
1435 407 1567 463 estis
1604 407 1790 479 pretio
1841 423 2073 477 magno.
2101 424 2154 496 Α
2180 406 2245 470 5°,
2280 409 2334 458 et
2361 404 2603 458 assumis
2645 408 3052 459 testamentum
3106 420 3298 458 meum
3345 421 3444 475 per
3482 423 3539 460 os
3588 413 3772 464 tuum?

446 503 755 561 Clarificate
783 507 838 557 et
863 507 1088 574 portate
1115 502 1420 558 Dominum
1462 503 1522 557 in
1559 518 1800 573 corpore
1830 503 2019 555 vestro
2049 522 2077 550 ››
2179 500 2261 553 Τιι
2292 503 2482 552 autem
2517 498 2685 552 odisti
2715 498 3092 569 disciplinam,
3125 503 3182 552 et
3222 497 3472 568 abjecisti
3500 500 3545 534 ⁸ο
3579 517 3773 558 sermo-

449 597 490 668 (Ι
526 597 668 664 Cor.,
691 613 767 666 γι,
801 597 1015 667 18—30).

2183 609 2284 646 nes
2315 597 2460 646 retro
2482 592 2508 646 ?
2543 615 2568 641 n
2602 593 2765 661 (Psul.
2798 609 2942 661 μιν,
2972 593 3060 660 16,
3089 590 3202 662 17).
3242 593 3382 646 Item
3411 593 3467 647 in
3508 593 3778 666 Sapientia

447 699 580 756 CAP.
643 700 813 754 wa,
869 730 938 740 _..
989 702 1116 767 Qua;
1183 705 1312 754 sunt
1372 701 1621 754 carnalia
1680 714 1800 768 qua;
1862 702 2081 752 mortem
2183 685 2550 741 Salomonis:
2597 685 3025 757 «Disciplinam
3068 685 3166 757 qui
3197 685 3390 756 abjicit
3417 686 3602 742 infelix
3646 692 3722 742 est
3753 712 3777 740 »

528 781 773 847 pariant,
803 784 852 834 et
879 795 998 848 qua:
1023 781 1303 850 spiritalia
1329 795 1448 849 quae
1477 780 1550 832 ad
1575 781 1744 834 vitam
1776 778 2000 832 ducant.
2185 779 2356 850 (Sap.,
2382 796 2440 846 ιι,
2469 781 2576 850 11).

524 878 728 932 Paulus
756 878 827 932 ad
873 879 1096 933 Galatas
1132 901 1142 931 :
1182 900 1209 928 ‹‹
1253 880 1393 933 Caro
1426 876 1775 947 concupiscit
1814 875 2083 930 adversus
2185 883 2309 938 Cu,
2345 883 2536 939 LXVII.
2571 913 2638 923 —
2682 883 3007 938 Praedictum
3043 883 3189 952 quod
3234 883 3575 955 disciplinam
3614 899 3786 941 sanam

449 971 736 1042 spiritum,
778 975 836 1025 et
884 971 1114 1042 spiritus
1158 973 1425 1026 adversus
1470 987 1725 1024 carnem.
1759 971 1886 1024 Haec
1932 969 2084 1024 enim
2720 968 3072 1036 aspernaturi
3091 971 3282 1020 essent.

452 1063 696 1120 invicem
719 1067 764 1108 ὀι
795 1065 1170 1120 adversantur
1197 1065 1325 1133 sibi,
1360 1067 1422 1119 ut
1451 1081 1565 1118 non
1605 1048 1732 1135 quae
1771 1063 1938 1117 vultis
1967 1063 2085 1134 ipsa
2259 1061 2459 1116 Paulus
2504 1062 2578 1117 ad
2627 1061 2988 1118 Timotheum
3033 1062 3281 1118 secunda
3310 1078 3324 1117 :
3367 1083 3396 1111 ‹‹
3435 1063 3552 1117 Erit
3588 1068 3785 1136 tempus

451 1157 690 1212 faciatis.
723 1159 1020 1214 Manifesta
1066 1163 1196 1213 sunt
1242 1162 1436 1212 autem
1487 1159 1637 1212 facta
1690 1157 1908 1225 carnis;
1958 1172 2086 1227 quae
2187 1155 2417 1226 quando
2476 1172 2677 1211 sanam
2729 1156 3050 1211 doctrinam
3105 1172 3220 1210 non
3271 1156 3648 1224 sustinebunt,
3700 1159 3786 1212 sed

450 1254 582 1305 sunt
608 1252 678 1317 δδ,
706 1251 1006 1318 adulteria,
1038 1252 1461 1318 fornicationes,
1493 1249 1892 1316 immunditiae,
1921 1266 2085 1320 spur-
2189 1248 2504 1303 secundum
2526 1266 2623 1303 sua
2652 1249 2936 1304 desideria
2961 1251 3007 1283 ⁸⁸
3035 1249 3445 1304 coacervabunt
3477 1249 3578 1303 sibi
3613 1252 3790 1320 magis-

451 1344 617 1414 citiaz,
660 1345 1022 1413 idololatrian
1060 1347 1346 1412 veneﬁcia,
1375 1345 1708 1415 homicidia,
1750 1344 2084 1404 inimicitiae,
2191 1346 2326 1411 tros,
2356 1343 2678 1414 prurientes
2703 1343 2763 1397 in
2791 1344 3096 1411 audiendo,
3129 1344 3448 1413 scalpentes
3475 1359 3651 1399 aures.
3676 1346 3737 1399 Et
3759 1363 3788 1400 a

449 1439 863 1506 contentiones,
909 1439 1300 1494 simulationes
1329 1442 1397 1506 ‘5,
1430 1439 1841 1504 animositates,
1875 1453 2088 1508 provo-
2189 1435 2426 1491 veritate
2479 1437 2712 1507 quidem
2763 1437 3023 1492 auditum
3071 1440 3333 1491 avertant
3359 1439 3424 1504 δ’,
3473 1437 3542 1492 ad
3596 1437 3791 1494 fabulas

451 1533 722 1600 cationes,
749 1533 1090 1598 simultates,
1117 1533 1518 1600 dissensiones,
1540 1533 1804 1594 haereses,
1827 1531 2084 1597 invidias,
2192 1535 2385 1583 autem
2417 1533 2825 1584 convertentur
2852 1552 2879 1580 »
2911 1531 2977 1600 (ll
3009 1533 3168 1598 Tim.,
3197 1546 3270 1592 1v,
3302 1533 3356 1596 3,
3383 1530 3460 1599 4).

449 1626 773 1692 ebrietates,
821 1626 1275 1694 comessationes,
1305 1631 1361 1680 et
1403 1626 1488 1680 his
1533 1626 1736 1680 similia
1758 1627 1824 1680 ⁴⁷.
1863 1625 2005 1689 Quae
2037 1620 2080 1658 ⁴⁸
2193 1629 2385 1703 7'70
2420 1632 2544 1686 CAP.
2576 1633 2799 1688 LXVIII.
2828 1663 2893 1672 —
2922 1634 3292 1689 Recedendum
3317 1635 3388 1687 ab
3415 1650 3472 1688 eo
3497 1636 3591 1703 qui
3612 1635 3795 1689 inordi-

450 1720 720 1790 prazdico,
767 1721 901 1791 quia
951 1721 1049 1792 qui
1094 1721 1231 1774 talia
1283 1724 1482 1790 agunt,
1534 1736 1776 1791 regnum
1824 1718 1919 1774 Dei
1971 1733 2085 1771 non
2445 1719 2572 1770 nate
2597 1715 2645 1749 ⁸³
2675 1722 2724 1770 et
2755 1722 2944 1770 contra
2975 1716 3386 1786 disciplinam“
3413 1719 3565 1771 vivit.

454 1813 846 1884 possidebunt.
907 1815 1137 1868 Fructus
1192 1821 1382 1869 autem
1447 1814 1678 1884 spiritus
1745 1811 1936 1884 769
2002 1795 2161 1866 estB
2257 1811 2460 1866 Paulus
2498 1812 2572 1866 ad
2608 1812 3176 1868 Thessalonicenses:
3229 1836 3256 1863 «
3305 1814 3664 1886 Prascipimus
3704 1832 3790 1869 au-

448 1907 710 1968 charitas,
738 1907 1012 1978 gaudium
1035 1906 1098 1976 1³,
1122 1925 1250 1978 pax,
1277 1907 1741 1978 magnanimitas,
1765 1907 1986 1961 bonitas
2011 1907 2075 1972 5°,
2181 1909 2297 1960 tem
2335 1905 2491 1959 vobis
2519 1906 2578 1959 in
2613 1907 2848 1962 nomine
2867 1909 2910 1941 ⁵⁵
2935 1907 3357 1962 Domininostri
3376 1909 3423 1942 ⁵⁸
3441 1909 3568 1961 Jesu
3586 1909 3791 1975 Christi,

450 2000 611 2067 ﬁdes,
644 2001 1040 2067 mansuetudo,
1087 2001 1459 2067 continentia,
1500 2000 1743 2054 castitas.
1774 2000 1876 2063 Qui
1924 1999 2078 2053 enim
2183 2005 2247 2052 ut
2301 1998 2594 2054 discedatis
2638 1999 2709 2054 ab
2757 2001 3022 2055 omnibus
3070 2000 3350 2055 fratribus
3396 2001 3792 2056 ambulantibus

452 2100 584 2148 sunt
610 2093 814 2150 Christi
844 2111 1076 2148 carnem
1117 2112 1276 2149 suam
1320 2094 1721 2149 crucifixerunt
1761 2110 1892 2148 cum
1933 2092 2078 2146 vitiis
2179 2091 2497 2147 inordinate
2555 2098 2613 2148 et
2671 2110 2786 2148 non
2841 2095 3154 2149 secundum
3219 2095 3587 2150 traditionem
3634 2112 3789 2166 quam

452 2192 507 2242 et
534 2187 1008 2258 concupiscentiis
1037 2190 1079 2221 ⁵¹
1110 2210 1137 2238 ››
1173 2189 1399 2257 (Galat.,
1431 2205 1484 2256 v,
1518 2194 1601 2257 17,
1636 2188 1834 2256 19-24).
2182 2193 2532 2256 acceperunt
2577 2204 2611 2242 a
2657 2187 2819 2242 nobis
2867 2211 2894 2238 ››
2927 2189 2988 2260 (Il
3041 2190 3308 2253 Thessal.,
3342 2205 3421 2258 In,
3455 2192 3525 2260 6).
3569 2191 3700 2245 Item
3742 2188 3791 2242 in

535 2282 665 2337 Car.
694 2282 844 2336 LXV.
877 2312 945 2321 —
975 2284 1167 2338 Omnia
1193 2283 1392 2338 delicta
1415 2285 1475 2337 in
1501 2283 1764 2352 baptismo
1789 2282 2004 2352 deponi.

525 2376 586 2428 In
632 2375 878 2446 Epistola
919 2375 1082 2430 Pauli
1110 2375 1184 2431 ad
1215 2376 1534 2430 Corinthios
1570 2375 1755 2447 prima
1784 2392 1797 2430 :
1832 2395 1860 2427 α
1889 2376 2080 2446 Neque

455 2469 770 2537 fornicarii,
799 2486 985 2541 neque
1018 2469 1185 2525 idolis
1227 2469 1555 2538 servientes,
1585 2485 1772 2540 neque
1810 2468 2077 2535 adulteri,

456 2577 644 2633 neque
666 2563 886 2632 molles,
911 2581 1096 2634 neque
1115 2563 1504 2619 masculorum
1531 2563 1879 2635 appetitores
1897 2567 1959 2631 ⁵⁸,
1986 2579 2083 2616 ne-

454 2671 566 2726 que
595 2656 768 2724 fures,
798 2672 982 2727 neque
1016 2657 1383 2726 fraudatores,
1413 2674 1599 2728 neque
1625 2656 1856 2726 ebriosi,
1891 2673 2080 2727 neque

455 2749 739 2814 maledici,
773 2767 958 2822 neque
987 2755 1247 2822 raptores
1275 2752 1318 2789 ⁵³
1344 2767 1587 2822 regnum
1610 2750 1710 2805 Dei
1735 2766 2082 2821 consequen-

457 2846 568 2896 tur.
616 2844 682 2896 Et
721 2844 838 2898 haec
887 2844 1120 2915 quidem
1165 2844 1385 2914 fuistis;
1432 2843 1529 2898 sed
1574 2843 1753 2898 abluti
1804 2843 1956 2909 estis,
1986 2843 2083 2898 sed

455 2937 784 2990 sanctiticati
811 2945 854 2976 5‘
892 2939 1025 2991 estis
1071 2937 1129 2992 in
1193 2937 1424 2992 nomine
1470 2936 1695 2992 Domini
1733 2939 1862 2992 Jesu
1905 2936 2083 2990 nostri

453 3030 654 3084 Christi
685 3037 739 3085 et
770 3030 982 3100 Spiritu
1014 3031 1112 3086 Dei
1145 3033 1320 3086 nostri
1361 3053 1388 3080 ››
1425 3031 1466 3088 (Ι
1501 3031 1647 3094 Cor.,
1678 3047 1752 3098 γι,
1781 3032 1947 3100 9-11).

2181 2279 2405 2334 Psalmo
2432 2295 2603 2337 xux:
2639 2301 2667 2329 ‹‹
2701 2281 2759 2336 Si
2803 2280 3032 2337 videbas
3075 2282 3284 2352 furem,
3333 2282 3506 2336 simul
3552 2282 3796 2337 currebas

2181 2373 2228 2407 ⁸⁷
2260 2389 2390 2428 cum
2417 2389 2506 2441 eo,
2536 2378 2749 2430 etcum
2777 2375 3047 2431 adulteris
3074 2376 3120 2416 ⁸³
3158 2375 3488 2447 portionem
3531 2381 3675 2430 tuam
3706 2391 3791 2446 po-

2181 2467 2356 2522 nebas
2382 2487 2411 2519 »
2445 2469 2612 2539 (Psal.
2642 2484 2790 2536 χιιι,
2819 2469 2930 2540 13).

2179 2579 2306 2635 Car.
2350 2581 2520 2635 LXIX.
2553 2609 2626 2621 —
2662 2583 2786 2638 Non
2829 2582 2889 2634 in
2927 2584 3200 2652 sapientia
3242 2582 3440 2637 mundi
3479 2597 3572 2637 nec
3607 2584 3663 2634 in
3700 2581 3796 2635 elo-

2251 2661 2475 2728 quentia
2517 2675 2626 2716 esse
2669 2676 2894 2730 regnum
2935 2662 3053 2728 Dei,
3079 2662 3174 2716 sed
3219 2664 3276 2716 in
3299 2662 3408 2730 ﬁde
3453 2664 3625 2716 crucis
3663 2667 3709 2715 et
3747 2663 3796 2714 in

2253 2741 2453 2795 virtute
2479 2743 2920 2796 conversationis.

2255 2843 2314 2895 In
2362 2842 2607 2912 Epistola
2634 2845 2794 2898 Pauli
2841 2843 2911 2898 ad
2957 2843 3282 2899 Corinthios
3327 2843 3555 2916 prima:
3589 2866 3617 2893 ‹‹
3663 2844 3794 2899 Misit

2186 2952 2276 2990 me
2298 2935 2553 2992 Christus
2582 2938 2945 3004 annuntiare,
2973 2954 3085 2991 non
3115 2937 3173 2992 in
3205 2938 3492 2992 sermonis
3517 2937 3792 3008 sapientia,

2186 3045 2256 3084 ne
2284 3029 2471 3084 inanis
2501 3030 2602 3084 fiat
2628 3047 2762 3085 crux
2792 3031 3018 3086 Christi.
3042 3031 3288 3086 Verbum
3317 3031 3474 3086 enim
3503 3031 3674 3086 crucis
3701 3031 3794 3099 (58)

452 3132 577 3186 CAP.
613 3133 784 3187 LXVI.
817 3163 882 3172 —
915 3135 1273 3202 Disciplinam
1299 3136 1396 3188 Dei
1433 3136 1490 3231 in
1529 3135 1895 3188 ecclesiasticis
1931 3148 2076 3202 pm-
2099 3159 2160 3231 D
2183 3123 2423 3178 stultitia
2449 3126 2534 3178 est
2565 3123 2632 3178 iis
2662 3125 2760 3194 qui
2786 3130 3050 3194 pereunt,
3079 3125 3146 3178 iis
3179 3130 3375 3181 autem
3396 3126 3494 3196 qui
3527 3127 3796 3180 salvantur

967 3215 1130 3282 captis
1155 3213 1564 3268 observandam.

522 3308 687 3378 Apud
727 3309 1038 3363 Jeremiam
1073 3326 1085 3362 :
1118 3329 1145 3357 ιι
1186 3311 1254 3364 Et
1296 3309 1442 3363 dabo
1489 3309 1644 3364 vobis
1695 3313 1947 3380 pastores
1991 3327 2076 3364 se-

455 3401 708 3456 cundum
738 3418 836 3456 cor
877 3419 1096 3470 meum,
1127 3408 1182 3456 et
1220 3406 1458 3472 pascent
1479 3415 1519 3444 55
1550 3419 1680 3456 cum
1720 3402 2017 3474 disciplina
2049 3425 2076 3452 ››

455 3497 689 3563 (Jercm.,
711 3512 784 3561 ιιι,
811 3495 915 3562 15).
937 3497 1076 3574 Item
1099 3497 1248 3565 apud
1266 3496 1629 3551 Salomonem
1655 3497 1712 3550 in
1735 3497 2076 3550 Proverbiis:

459 3609 486 3635 ‹‹
522 3588 643 3647 Fili.
675 3605 746 3642 ne
775 3589 1097 3658 neglexeris
1123 3589 1477 3659 disciplinam
1506 3590 1622 3653 Dei,
1652 3606 1834 3660 neque
1861 3590 2082 3644 defece-

454 3683 531 3735 ris
563 3682 630 3735 ab
663 3698 730 3736 co
779 3689 1094 3752 correptus.
1120 3685 1298 3746 Quem
1328 3683 1484 3736 enim
1537 3684 1684 3737 Deus
1732 3683 1917 3754 diligit
1963 3701 2082 3738 cor-

455 3775 587 3848 ripit
613 3797 641 3824 ››
673 3777 876 3845 (Prov.,
913 3793 987 3843 ιιι,
1027 3779 1215 3846 11-12).
1256 3779 1396 3832 Item
1432 3777 1489 3831 in
1521 3777 1742 3832 Psalmo
1779 3793 1850 3832 11:
1885 3798 1911 3826 ‹‹
1940 3780 2082 3835 Con-

454 3870 629 3924 tinete
659 3872 702 3913 εδ
750 3869 1134 3941 disciplinam,
1164 3887 1234 3925 ne
1283 3870 1425 3925 forte
1467 3871 1737 3925 irascatur
1785 3871 2080 3939 Dominus,

452 3966 508 4017 et
552 3964 798 4033 pereatis
844 3981 877 4018 a
917 3963 1004 4017 via
1052 3968 1207 4018 recta
1243 3965 1308 4017 5".
1347 3965 1488 4019 Cum
1534 3965 1804 4020 exarserit
1847 3965 1955 4019 cito
2001 3966 2083 4020 ira

453 4057 576 4124 ejus
602 4073 775 4127 super
803 4073 918 4119 vos,
949 4057 1102 4112 beati
1133 4073 1335 4111 omnes
1353 4057 1448 4128 qui
1481 4057 1774 4113 conﬁdunt
1798 4059 1859 4112 in
1876 4075 1941 4113 eo
1966 4060 2025 4113 ⁵⁸.
2050 4080 2078 4109 ››

453 4151 619 4219 (Psal.
654 4166 712 4216 ιι,
750 4149 856 4221 12).
886 4153 1031 4205 Item
1060 4151 1117 4204 in
1150 4151 1374 4206 Psalmo
1403 4168 1524 4208 xux
1559 4169 1571 4206 :
1604 4172 1631 4201 ‹‹
1661 4153 1944 4207 Peccatori
1974 4169 2078 4208 au-

449 4245 566 4299 tem
589 4243 727 4298 dicit
752 4245 893 4299 Deus
916 4261 928 4298 :
952 4247 1021 4298 At
1043 4244 1178 4316 quid
1204 4245 1442 4316 exponis
1463 4246 1903 4316 justiﬁcationes
1924 4263 2082 4302 meas

2181 3219 2358 3271 virtus
2391 3217 2490 3272 Dei
2519 3222 2621 3270 est.
2653 3217 2936 3288 Scriptum
2969 3222 3053 3273 est
3089 3220 3244 3272 enim
3277 3236 3291 3273 :
3322 3219 3566 3274 Perdam
3593 3219 3794 3289 sapien-

2180 3311 2321 3366 tiam
2355 3311 2722 3382 sapientium,
2757 3318 2812 3365 et
2838 3311 3205 3382 prudentiam
3229 3312 3601 3382 prudentium
3627 3328 3798 3383 repro-

2179 3404 2350 3459 babo.
2376 3404 2479 3459 Ubi
2513 3404 2740 3475 sapiens
2759 3405 2786 3458 τ
2807 3405 2900 3458 ubi
2915 3405 3133 3460 scriba?
3153 3405 3244 3459 ubi
3272 3406 3628 3478 conquisitor
3648 3404 3687 3438 '9
3711 3405 3797 3460 hu-

2175 3498 2267 3567 jus
2295 3497 2484 3551 saeculi
2504 3497 2531 3551 ?
2558 3497 2756 3551 Nonne
2784 3496 3146 3552 infatuavit7o
3176 3499 3320 3552 Deus
3346 3499 3681 3570 sapientiam
3709 3499 3797 3552 hu-

2175 3591 2271 3661 jus
2302 3590 2544 3644 mundi?
2571 3591 2846 3655 Quoniam
2873 3591 3107 3662 quidem
3126 3593 3172 3625 ⁷⁸
3196 3592 3255 3646 in
3279 3592 3561 3663 sapientia
3588 3593 3680 3647 Dei
3699 3607 3797 3646 non

2183 3684 2445 3754 cognovit
2467 3685 2714 3738 mundus
2745 3701 2845 3756 per
2872 3685 3216 3756 sapientiam
3245 3686 3454 3753 Deum,
3479 3685 3798 3757 complacuit

2183 3778 2295 3832 Deo
2326 3794 2429 3850 per
2472 3778 2766 3833 stultitiam
2799 3779 3219 3850 praedicationis
3249 3780 3467 3836 salvare
3502 3781 3794 3835 credentes.

2185 3872 2468 3936 Quoniam
2493 3872 2673 3926 Judaei
2719 3873 2877 3943 signa
2908 3872 3238 3927 desiderant.
3267 3874 3332 3940 ⁷³,
3364 3879 3423 3929 et
3462 3875 3632 3928 Graeci
3675 3890 3794 3944 pru-

2183 3966 2434 4021 dentiam
2458 3967 2505 3998 ⁷³
2534 3969 2820 4037 quaerunt.
2851 3967 2962 4020 Nos
2988 3971 3180 4020 autem
3225 3967 3601 4038 prmdicamus
3625 3966 3794 4021 Chris-

2184 4063 2306 4114 tum
2351 4059 2710 4129 cruciﬁxum,
2741 4059 2946 4115 Iudaeis
2989 4060 3224 4130 quidem
3273 4061 3628 4128 scandalum,
3667 4061 3793 4114 Gen-

2181 4153 2331 4208 tibus
2378 4159 2571 4208 autem
2603 4152 2916 4220 stultitiam,
2946 4154 3077 4225 ipsis
3117 4159 3311 4208 autem
3358 4156 3567 4209 vocatis
3607 4154 3797 4209 Iudaeis

2182 4250 2240 4301 et
2269 4247 2471 4302 Gmcis
2487 4246 2774 4303 Christum
2794 4246 2893 4301 Dei
2922 4247 3191 4303 virtutem
3214 4254 3269 4302 et
3291 4248 3389 4301 Dei
3419 4248 3742 4319 sapientiam
3767 4269 3787 4292 υ

1836 4411 2046 4476 Variae
2076 4411 2408 4476 lectiones.

511 4537 552 4568 ⁴⁴
579 4534 744 4584 Enim
770 4534 1134 4585 adversantur
1167 4537 1302 4585 Voss.
1328 4535 1372 4586 3.

449 4680 587 4728 Gott.
666 4675 708 4709 ⁴⁹
735 4677 864 4736 Pax,
897 4677 1180 4739 patientia,
1212 4677 1543 4740 benignitas,
1573 4677 1788 4727 bonitas
1809 4679 1941 4729 Gott.

449 4819 728 4869 cubitoros
770 4821 909 4868 Lam.
963 4819 1060 4868 N’I.
1094 4820 1132 4867 Ι.
1167 4817 1292 4868 Βοά.
1332 4817 1439 4876 ιβ.
1469 4820 1601 4870 Gott.
1641 4820 1777 4868 Voss.
1809 4817 1858 4867 3.

445 4888 896 4948 justifieatilmn.
941 4891 1043 4936 Lm.
1086 4888 1188 4938 NG.
1237 4889 1283 4947 1,
1333 4889 1376 4935 2.

453 4957 571 5006 Bod.
602 4958 647 5005 :2.
750 4957 788 4988 ⁵⁷
832 4958 1073 5006 Parens
1115 4970 1145 5005 a
1176 4956 1264 5004 via
1291 4958 1439 5019 justa
1490 4960 1624 5007 Gott.

1728 4957 1768 4991 ⁵⁸
1795 4960 2008 5010 Felices
2037 4973 2231 5011 omnes
2261 4961 2359 5024 qui
2385 4961 2676 5013 conﬁdunt
2701 4962 2758 5011 in
2789 4975 2916 5010 eum
2945 4965 3082 5014 Gott.
3116 4962 3269 5012 Corb.

452 5028 641 5088 Quare
674 5034 731 5076 tu
765 5043 949 5077 narras
981 5028 1224 5088 iustitiae
1250 5042 1402 5078 meas
1421 5032 1555 5079 Gott.
1581 5029 1650 5079 Ut
1676 5031 1808 5093 quid
1845 5033 1980 5082 Voss.
2007 5033 2053 5082 3.
2119 5031 2161 5065 ⁸³
2199 5033 2500 5095 Projecisti.

1465 4538 1508 4569 ⁴⁵
1539 4536 1878 4596 Fornicatio,
1917 4537 2263 4600 impudicitia
2302 4540 2436 4589 Gott.
2505 4538 2549 4572 1⁸
2591 4537 2905 4600 Emulatio,
2939 4539 3035 4600 ira,
3076 4538 3214 4597 rixa,
3256 4539 3633 4589 animositates
3670 4540 3792 4588 Gott.

448 4606 490 4639 ⁴⁷
516 4606 746 4656 Similia.
776 4606 920 4669 Quia
955 4607 1049 4669 qui
1082 4605 1210 4656 talia
1235 4610 1403 4670 agunt
1431 4609 1572 4657 Lam.
1607 4609 1720 4657 Lin.
1753 4609 1857 4659 NG.
1895 4609 1937 4667 l,
1963 4613 2011 4656 2.
2053 4608 2182 4659 Bod.
2237 4609 2358 4658 Τὴν.
2401 4608 2549 4661 Gorb.

2647 4607 2690 4641 ⁸⁸
2737 4607 2984 4658 Prmdico
3033 4608 3189 4658 vobis
3217 4608 3364 4657 sicut
3395 4609 3644 4672 praedixi,
3675 4606 3789 4670 quia

2041 4678 2082 4711 ⁵⁸
2107 4678 2286 4741 Fides,
2315 4679 2603 4739 modestia,
2627 4679 3012 4739 mansuetudo,
3040 4681 3404 4739 continentia,
3447 4681 3682 4738 castitas,
3717 4677 3795 4725 di—

447 4749 632 4808 lectio,
669 4749 936 4797 adversus
960 4748 1281 4811 hujusmodi
1333 4761 1445 4797 non
1493 4752 1575 4797 est
1617 4749 1706 4798 lex
1734 4751 1872 4799 Gott.
1949 4751 1988 4781 5'
2018 4747 2159 4798 Cum
2186 4749 2539 4812 passionibus
2567 4753 2624 4800 et
2651 4748 2944 4799 desideriis
2966 4752 3100 4801 Gott.

3190 4753 3230 4782 ⁵⁸
3266 4751 3637 4801 Masculorum
3669 4761 3793 4799 con—

1958 4819 1997 4849 ⁵³
2025 4819 2217 4883 Neque
2243 4831 2468 4883 rapaces
2493 4833 2726 4885 regnum
2752 4820 2852 4870 Dei
2877 4822 3013 4874 Gott.
3082 4822 3122 4853 5‘
3155 4819 3265 4872 Sed
3304 4822 3528 4872 sanctiﬁ
3541 4822 3663 4879 cati,
3709 4816 3793 4867 sed

1480 4889 1519 4919 εἴ
1547 4887 1778 4937 Pascent
1805 4902 1902 4938 vos
1932 4903 2059 4939 cum
2095 4888 2388 4954 disciplina
2426 4893 2559 4943 Gott.
2604 4893 2746 4953 Voss,
2775 4891 2822 4941 3.

2925 4891 2966 4925 ⁵⁸
3001 4891 3416 4955 Apprehendite
3461 4890 3794 4952 disciplinam

3369 4962 3410 4997 5'
3439 4961 3592 5012 Dixit
3614 4961 3754 5009 Deus
3783 4972 3791 5004 :

2543 5071 2552 5081 .
2593 5068 2608 5082 .
2644 5037 2767 5096 post
2795 5035 2848 5082 te
2871 5036 3004 5084 Gott.
3071 5031 3426 5083 "Desideria
3461 5029 3792 5082 ambulantes

449 5102 589 5147 Lam.
615 5101 714 5149 NG.
757 5101 800 5148 1.
866 5099 907 5129 ⁶²
937 5098 1204 5167 Auditum
1239 5101 1550 5147 avertentes
1576 5100 1718 5148 Lam.
1748 5100 1874 5150 Bod.
1904 5103 1953 5151 2.
1980 5102 2082 5153 NG.
2117 5104 2160 5152 1.
2191 5102 2336 5154 Gorb.
2401 5100 2443 5134 ⁸³
2478 5103 2791 5153 lnordinale
2831 5102 2986 5151 vadit
3013 5101 3162 5154 Corb.
3246 5103 3288 5136 ⁸⁸
3318 5103 3679 5167 Disciplinam
3704 5099 3794 5150 Dei

447 5169 584 5217 vivit
633 5171 771 5216 Lam.
811 5169 913 5218 NG.
961 5170 1002 5216 I.

452 5383 560 5428 tam
597 5380 724 5428 fecit
750 5380 1078 5443 sapientiam
1100 5382 1236 5431 Gott.
1279 5383 1408 5427 Voss.
1439 5381 1485 5429 3.
1515 5380 1814 5431 Stultitiam
1844 5384 1975 5434 fecit
1996 5386 2147 5434 Deus
2177 5387 2303 5436 Bod.
2355 5390 2396 5435 1.

1118 5165 1160 5198 ⁸⁵
1192 5167 1381 5227 Vobis,
1410 5169 1623 5228 fratres,
1652 5170 1707 5219 in
1739 5172 1963 5221 nomine
1994 5175 2138 5222 Lam.
2174 5174 2285 5224 Lin.
2315 5173 2421 5224 NG.
2456 5174 2498 5222 1.

450 5237 595 5289 Cori).
631 5239 767 5286 Voss.
808 5243 851 5285 3.
885 5239 1015 5300 Imp.
1052 5238 1300 5285 omittunt
1328 5238 1544 5288 Domini
1573 5241 1763 5289 nostri.
1834 5240 1876 5273 ⁸⁷
1903 5241 2286 5292 Concurrebas
2321 5244 2368 5292 ei
2399 5247 2540 5294 Lam.
2572 5243 2676 5295 NG.
2715 5245 2762 5304 1,
2791 5244 2842 5301 2,
2872 5243 2919 5304 3,
2952 5244 2999 5292 4.

451 5309 592 5359 Cum
623 5310 854 5359 moechis
881 5309 1211 5372 particulam
1244 5313 1384 5360 Lam.
1427 5312 1528 5362 NG.
1559 5313 1598 5358 1.
1628 5312 1751 5361 Bod.
1789 5313 1834 5361 2.
1874 5314 1998 5362 Tim.
2031 5313 2176 5364 Gorb.

2598 5173 2640 5206 ⁸⁸
2670 5174 2752 5222 Sic
2775 5175 2976 5233 Greca,
3006 5176 3149 5224 Lam.
3193 5174 3302 5223 Lin.
3353 5176 3461 5225 NG.
3506 5175 3548 5221 1.
3590 5173 3632 5221 2.
3683 5170 3790 5220 Tim.

3087 5241 3129 5274 ⁵⁸
3159 5243 3307 5292 Inter
3335 5244 3582 5294 mmchos
3610 5239 3723 5291 Bod.
3751 5239 3791 5287 1.

2266 5314 2305 5347 ⁸³
2335 5315 2690 5376 Conquisitor
2717 5313 2883 5374 hujus
2929 5312 3124 5360 mundi
3156 5315 3294 5362 Lam.
3325 5315 3425 5363 NG.
3459 5315 3502 5362 1.
3597 5311 3637 5346 ⁷ο
3663 5308 3791 5360 Stul-

2490 5385 2533 5419 ⁷ι
2559 5383 3024 5447 Quandoquidem
3070 5385 3395 5446 sapientiam
3421 5383 3519 5432 Dei
3549 5395 3655 5432 non
3684 5393 3793 5441 cog-

451 5450 606 5499 novit
637 5452 884 5500 mundus
910 5465 1007 5514 per
1043 5452 1415 5513 insipientiam
1456 5466 1644 5514 suam;
1674 5453 1884 5516 placuit
1912 5455 2030 5504 Deo
2060 5469 2156 5518 per
2185 5456 2498 5506 stultitiam.
2526 5458 2668 5505 Lam.
2705 5454 2809 5504 NG.
2844 5455 2889 5502 4.
2920 5451 3047 5502 Bod.
3073 5453 3118 5501 2.
3156 5453 3258 5502 Per
3293 5454 3617 5516 sapientiam
3651 5461 3790 5500 suam

451 5523 584 5570 Gott.
652 5520 692 5553 ⁷²
716 5521 882 5586 Signa
913 5525 1106 5585 petunt
1132 5521 1258 5572 Bod.
1289 5523 1332 5572 1.
1379 5523 1506 5571 Voss.
1540 5523 1585 5572 3.
1651 5521 1693 5556 ⁷³
1719 5524 1898 5574 Graeci
1926 5526 2252 5588 sapientiam
2275 5529 2533 5591 quierunt
2565 5528 2702 5577 Cott.
2743 5525 2871 5573 loss.
2903 5524 2951 5572 3.

1758 5691 1982 5772 Steph.
2031 5692 2274 5756 Baluzii
2319 5698 2518 5756 notas.

508 5826 615 5891 (58)
651 5826 869 5880 Verbum
885 5829 1021 5879 enim
1045 5831 1232 5882 crucis.
1260 5830 1400 5883 Vide
1423 5831 1767 5885 Massuetum
1791 5831 1862 5884 ad
1883 5832 2089 5886 librum
2122 5834 2363 5898 primum
2395 5833 2609 5892 Irenaai,
2635 5846 2757 5898 pag.
2786 5833 2862 5884 t7.
