4032 6180
488 226 590 281 803

1374 220 1430 280 S.
1471 216 1783 284 CYPRIANI
1820 220 2093 284 OPERUM
2132 222 2307 286 PARS
2348 231 2413 285 II.
2453 260 2522 270 —
2560 224 2929 287 OPUSCULA.
3707 233 3799 291 804

486 348 613 405 CAP.
645 350 860 404 LXXXI.
882 350 1259 404 —Mercedem
1284 354 1612 405 mercenaria
1631 354 1734 407 cito
1754 352 2104 407 recidendum.
2132 354 2331 436 ACAP.
2383 354 2689 411 LXXXVIII.
2736 387 2804 396 —
2849 358 3094 411 Fratrem
3139 368 3246 409 non
3296 356 3801 414 circumveniendum.

561 452 621 505 In
666 451 908 504 Levitico
946 468 959 506 :
1003 472 1029 500 ‹‹
1072 452 1193 507 Non
1237 453 1481 507 dcrmiet
1523 470 1739 508 merces
1779 454 2118 509 mercenarii

484 545 566 599 tui
595 544 744 615 apud
773 546 826 596 te
853 560 1031 614 usque
1058 545 1113 598 in
1146 561 1315 599 mane
1344 566 1371 595 n
1408 547 1455 581 9°
1485 548 1697 613 (Levit.,
1723 563 1832 613 XIX,
1866 546 1973 617 I3).

762 657 888 711 CAP.
925 657 1165 711 LXXXII.
1197 688 1265 697 ——
1292 660 1409 714 Non
1438 658 1845 724 augurandum.

557 758 615 811 In
650 757 1085 811 Deuteronomio
1128 774 1140 811 :
1193 778 1222 806 «
1273 759 1392 812 Non
1442 757 1779 813 ominemini
1813 758 1884 825 9°,
1930 774 2119 829 neque

491 849 854 921 auguremini
887 871 914 898 ››
951 851 1152 919 (Deut.,
1184 867 1333 917 xvm,
1370 852 1477 920 I0).

490 958 687 1034 773
733 964 863 1017 CAP.
909 961 1173 1016 LXXXIII.
1203 993 1271 1003 —
1302 962 1519 1017 Cirrum
1558 962 1665 1033 (59)
1698 965 1757 1017 in
1794 965 1970 1033 capite
2012 978 2118 1018 non

1114 1043 1415 1097 habendum
1443 1044 1480 1095 ι.

562 1146 625 1199 In
683 1144 929 1199 Levitico
979 1161 993 1198 :
1052 1165 1079 1194 «
1140 1145 1262 1199 Non
1320 1144 1537 1199 facietis
1587 1145 1797 1199 cirrum
1841 1161 1904 1199 ex
1959 1160 2117 1201 coma

486 1237 685 1309 capitis
716 1237 884 1292 vestri
912 1259 940 1287 ››
969 1238 1187 1309 (Levit.,
1221 1253 1330 1306 xxx,
1364 1238 1476 1308 27).

762 1349 891 1403 CAP.
925 1348 1187 1403 LXXXIV.
1221 1378 1287 1389 —
1326 1350 1448 1404 Non
1482 1349 1809 1404 vellendum.

566 1473 592 1502 ‹‹
613 1453 731 1507 Non
755 1467 978 1506 corrum
987 1452 1131 1522 petis
1151 1451 1240 1506 efIi
1250 1451 1401 1522 giem
1423 1451 1612 1508 barbae
1629 1457 1832 1507 vestrae
1851 1473 1879 1503 »
1897 1453 2088 1525 (Leuit.
2101 1495 2115 1522 ,

490 1564 603 1615 xix,
636 1547 746 1616 27).

557 1660 680 1713 CAP.
715 1656 947 1713 LXXXV.
979 1686 1046 1696 -
1072 1658 1413 1727 Surgendum
1441 1674 1560 1713 cum
1590 1661 1868 1730 episcopus
1895 1663 1945 1714 et
1964 1674 2114 1730 pres-

1116 1736 1265 1803 byter
1292 1739 1495 1791 veniat.

562 1840 626 1896 In
658 1839 905 1896 Levitico
934 1855 945 1893 :
976 1860 1003 1888 ‹‹
1032 1840 1075 1892 Α
1103 1839 1245 1894 facie
1276 1839 1512 1894 senioris
1542 1856 1830 1908 exsurges,
1859 1846 1915 1895 et
1941 1841 2119 1896 hono-

493 1935 640 1989 rabis
689 1949 1003 2006 personam
1034 1932 1056 1967 ³
1108 1933 1426 2004 presbyteri
1470 1955 1497 1984 ι)
1547 1935 1759 2004 (Levit.,
1811 1951 1900 1989 nx
1919 1936 1961 2003 ³,
2010 1936 2115 2004 32).

491 2047 624 2101 CAP.
673 2046 931 2100 LXXXVI.
979 2075 1048 2085 —
1093 2045 1336 2099 Schisma
1381 2060 1487 2099 non
1533 2046 1867 2112 faciendum,
1907 2048 2123 2100 etiamsi

562 2129 622 2180 in
659 2142 771 2179 una
798 2127 901 2194 ﬁde
938 2132 988 2179 et
1030 2127 1089 2178 in
1122 2125 1303 2179 eadem
1347 2124 1641 2180 traditione
1672 2131 1995 2196 permaneat
2025 2129 2125 2195 qui

564 2206 779 2261 recidit.

566 2309 627 2364 In
679 2307 1061 2362 Ecclesiastico
1102 2308 1252 2377 apud
1305 2307 1664 2362 Salomonem
1710 2325 1723 2361 :
1772 2328 1799 2357 κ
1849 2307 2121 2363 Sciudens

491 2402 645 2473 ligna
688 2400 1118 2473 pereclitabitur
1160 2401 1219 2455 in
1262 2400 1363 2470 eis,
1416 2401 1462 2455 si
1509 2400 1783 2456 exciderit
1825 2401 2041 2456 ferrum
2089 2424 2116 2449 ν»

496 2496 706 2566 (Eccli.,
736 2511 790 2561 x,
822 2493 898 2563 9).
931 2496 1076 2548 Item
1106 2494 1164 2546 in
1192 2493 1381 2549 Exodo
1406 2510 1419 2547 :
1445 2515 1472 2543 ‹‹
1500 2496 1563 2548 In
1594 2493 1764 2549 domo
1796 2511 1912 2549 una
1940 2511 2123 2549 come-

496 2589 686 2656 detur,
715 2604 828 2642 non
860 2587 1096 2657 ejicictis
1123 2570 1194 2640 de
1220 2587 1389 2642 domo
1418 2603 1646 2642 carnem
1672 2588 1876 2642 foras»
1902 2588 2119 2658 (Exod,

494 2698 593 2748 xu,
639 2681 752 2746 46).
787 2682 927 2736 Item
964 2680 1020 2734 in
1065 2680 1290 2735 Psalmo
1329 2696 1508 2736 cxxxu
1548 2697 1561 2735 :
1603 2702 1631 2729 «
1662 2682 1802 2736 Ecce
1830 2698 1998 2752 quam
2031 2681 2125 2735 bo-

493 2792 632 2829 num
692 2780 747 2829 et
799 2790 969 2845 quam
1017 2774 1384 2843 jucundum‘
1440 2774 1693 2829 habitare
1744 2775 1765 2809 ³
1802 2774 2007 2829 fratres
2065 2775 2123 2829 in

491 2889 674 2927 unum
719 2894 746 2923 ››
794 2870 965 2943 (Psal.
1004 2887 1200 2938 cxxxn,
1248 2872 1330 2942 I)I
1364 2875 1503 2927 Item
1544 2872 1603 2927 in
1650 2872 1955 2944 Evangelia
1997 2876 2124 2927 cata

490 2966 819 3021 Matthaaum
860 2982 873 3018 :
921 2987 949 3015 ι(
981 2965 1086 3028 Qui
1132 2982 1245 3019 non
1291 2971 1374 3020 est
1422 2981 1669 3033 mecum,
1716 2965 1985 3019 adversus
2035 2982 2124 3019 me

492 3064 594 3127 est,
613 3062 669 3114 et
691 3059 787 3131 qui
806 3075 1034 3113 mecum
1054 3075 1168 3113 non
1192 3058 1408 3130 colligit
1426 3059 1642 3130 spargit
1663 3081 1689 3109 »
1712 3060 1732 3093 ⁵
1762 3060 2002 3131 (Matt/1.,
2024 3076 2101 3113 χιι

2139 1735 2196 1807 Β
2290 1717 2349 1770 In
2409 1715 2652 1787 Epistola
2709 1716 2862 1770 Pauli
2909 1716 2981 1771 ad
3025 1716 3350 1771 Corinthios
3402 1716 3587 1787 prima
3629 1733 3642 1772 :

2290 461 2350 512 In
2402 458 2644 530 Epistola
2698 458 2850 513 Pauli
2900 459 2971 513 ad
3022 458 3539 513 Thessalonicenses
3582 459 3753 531 prima
3792 480 3804 517 :

2237 568 2265 595 ‹‹
2309 547 2430 601 Non
2484 546 2676 619 ’774
2717 547 3129 602 circumvenire
3153 547 3198 581 ¹²
3229 547 3287 602 in
3328 547 3554 620 negotio
3596 549 3807 605 fratrem

2218 656 2405 709 suum,
2456 642 2587 712 quia
2637 641 2788 696 ultor
2817 642 2863 676 ¹³
2911 645 2999 696 est
3044 641 3192 696 Deus
3246 640 3315 695 de
3364 640 3450 697 his
3499 642 3741 698 omnibus
3781 666 3805 693 ››

2219 735 2264 803 (Ι
2300 736 2500 802 Thess,
2532 752 2606 803 1v,
2635 737 2707 805 6).

2340 846 2469 901 CAP.
2501 846 2758 903 LXXXIX.
2789 877 2858 916 -έ-
2891 848 3082 905 Subito
3116 849 3297 903 uenire
3319 851 3475 918 ﬁnem
3505 851 3702 906 mundi.

2290 950 2483 1021 lnquit
2520 949 2823 1021 Apostolus
2847 952 2890 985 ¹⁴
2923 966 2935 1005 :
2968 970 2997 999 ‹‹
3031 952 3155 1006 Dies
3198 951 3442 1019 Domini,
3484 951 3621 1007 sicut
3653 955 3733 1007 fur
3763 954 3812 1009 in

2218 1048 2405 1111 nocte,
2459 1042 2537 1098 ita
2584 1044 2863 1099 veniet”.
2904 1046 3046 1100 Cum
3083 1044 3333 1098 dixerint
3377 1046 3485 1100 Pax
3508 1046 3552 1080 ¹⁶
3594 1049 3646 1100 et
3666 1046 3816 1102 firmi-

2221 1133 2387 1205 tas”,
2421 1139 2555 1191 tunc
2601 1135 2713 1191 illis
2762 1136 3095 1207 repentinus
3144 1138 3409 1192 adveniet
3445 1138 3752 1194 interitus”
3790 1164 3812 1191 ι)

2222 1232 2262 1301 (l
2323 1232 2530 1293 Τήρεω..
2583 1247 2638 1298 v,
2691 1229 2767 1300 2).
2824 1232 2966 1286 Item
3010 1231 3070 1286 in
3124 1232 3355 1286 Actibus
3395 1233 3753 1303 apostolorum
3804 1252 3816 1290 :

2221 1344 2249 1374 ‹‹
2290 1325 2465 1379 Nemo
2509 1326 2698 1395 potest
2739 1340 3087 1395 cognoscere
3118 1331 3345 1397 tempus
3393 1331 3493 1381 aut
3528 1330 3818 1399 tempora"

2218 1434 2344 1489 quae
2376 1419 2542 1473 Pater
2574 1418 2763 1490 posuit
2787 1418 2845 1473 in
2878 1435 2979 1473 sua
3007 1421 3295 1490 potestate
3325 1442 3353 1471 »
3386 1420 3556 1491 (Act,
3586 1437 3624 1490 ι,
3653 1422 3719 1491 7).

2218 1540 2343 1589 CAP.
2393 1533 2495 1586 XC.
2546 1561 2615 1570 -—
2666 1532 2891 1587 Umorem
2933 1547 2969 1586 a
3019 1534 3137 1586 viro
3185 1548 3294 1587 non
3343 1533 3600 1600 recedere,
3647 1540 3735 1588 aut
3778 1538 3819 1589 si

2600 1614 2891 1675 recesserit,
2920 1614 3212 1682 innuptam
3237 1628 3472 1669 manere.

3690 1737 3718 1767 «
3756 1718 3819 1771 Iis

2221 1811 2414 1863 autem
2445 1826 2575 1881 quas
2606 1813 2929 1883 nupserunt
2965 1809 3257 1881 praecipio,
3290 1826 3410 1865 non
3441 1826 3569 1881 ego,
3608 1810 3700 1865 sed
3731 1811 3823 1865 Do-

2220 1902 2429 1968 minus,
2487 1920 2722 1959 uxorem
2769 1920 2804 1957 a
2850 1902 2969 1958 viro
3014 1919 3129 1958 non
3179 1903 3433 1973 separari
3453 1904 3530 1970 20;
3574 1904 3620 1957 si
3649 1910 3820 1959 autem

2221 1997 2511 2051 recesserit
2529 1997 2599 2065 εί,
2668 2014 2907 2053 manere
2979 1996 3277 2068 innuptam
3301 1997 3371 2063 ³³,
3436 2000 3535 2051 aut
3590 1997 3821 2052 reconci-

2221 2090 2347 2145 liari
2374 2091 2516 2159 viro,
2547 2098 2605 2146 et
2632 2092 2816 2146 virum
2845 2107 3083 2147 uxorem
3113 2107 3231 2146 non
3262 2091 3550 2147 dimittere
3575 2113 3603 2142 »
3633 2093 3671 2162 (Ι
3697 2091 3822 2157 Con,

2224 2200 2317 2251 vn,
2340 2185 2454 2255 10).

2221 2298 2348 2353 CAP.
2391 2299 2518 2355 XCI.
2566 2327 2635 2339 -
2672 2301 2904 2354 Tantum
2950 2314 3379 2369 unumquemque
3431 2300 3630 2354 tentari
3670 2312 3824 2367 quan-

2687 2384 2802 2433 tum
2826 2384 2997 2448 potest
3025 2383 3312 2435 sustinere.

2296 2482 2357 2535 In
2406 2480 2656 2551 Epistula
2700 2480 2853 2534 Pauli
2898 2481 2967 2536 ad
3010 2480 3335 2537 Corinthios
3374 2480 3610 2551 prima:
3644 2501 3671 2529 ‹‹
3706 2481 3828 2535 Ten—

2222 2574 2364 2629 tatio
2412 2591 2510 2629 vos
2544 2590 2673 2635 .non
2721 2574 3105 2645 occupabit",
3137 2575 3241 2630 nisi
3295 2576 3594 2630 humana.
3646 2574 3828 2628 Fidelis

2224 2676 2414 2726 autem
2463 2674 2632 2739 Deus,
2675 2671 2774 2743 qui
2812 2688 2928 2728 non
2971 2672 3219 2743 patietur
3262 2689 3361 2728 vos
3420 2674 3627 2729 tentari
3676 2688 3828 2744 super

2226 2766 2381 2837 quod
2413 2766 2463 2801 ³⁵
2494 2766 2749 2836 potestis,
2795 2768 2891 2821 sed
2940 2765 3108 2821 faciet
3152 2783 3281 2821 cum
3322 2767 3635 2822 tentatione
3671 2768 3825 2820 etiam

2226 2860 2498 2915 evadendi
2531 2860 2883 2928 facultatem,
2924 2864 2985 2914 ut
3024 2860 3250 2931 possitis
3278 2861 3526 2917 tolerare
3566 2882 3595 2911 »
3626 2863 3669 2931 (Ι
3700 2862 3826 2923 Con,

2227 2971 2300 3018 ιι,
2335 2952 2411 3021 3).

2227 3057 2353 3111 CAP.
2385 3056 2538 3111 XCII.
2586 3086 2653 3095 —
2696 3058 2814 3113 Non
2861 3058 3131 3128 quidquid
3184 3060 3305 3112 licet
3356 3074 3472 3113 esse
3514 3056 3824 3126 faciendum.

495 3102 1034 3131 .....,....,......w.....
1054 3102 1686 3130 ..νηυωηοηνιηηοηη
1762 3102 2120 3131 \...........,....,
2232 3102 2353 3111 νη..
2696 3102 2814 3113 -.-η
2861 3102 3129 3128 νην.--
3184 3102 3305 3112 -.νη
3357 3102 3470 3113 ---ν
3514 3102 3824 3126 ,..ν.ν.......,-.

495 3154 605 3225 30).
640 3154 781 3207 Item
824 3153 883 3206 in
927 3151 1177 3223 Epistola
1219 3153 1377 3207 Pauli
1416 3154 1483 3206 ad
1518 3153 1837 3209 Corinthios
1881 3153 2065 3223 prima
2105 3102 2200 3206 :C
2299 3149 2505 3204 Paulus
2545 3149 2601 3204 in
2645 3149 2896 3221 Epistola
2934 3150 3007 3205 ad
3050 3151 3366 3206 Corinthios
3405 3151 3629 3224 prima:
3658 3171 3687 3200 ‹‹
3719 3151 3829 3205 Οιιι-

492 3230 520 3297 ὲ‹
552 3247 799 3302 Obsecro
843 3249 1032 3301 autem
1073 3263 1188 3312 vos,
1231 3246 1455 3313 fratres,
1501 3263 1604 3318 per
1641 3263 1855 3301 nomen
1896 3247 2122 3301 Domini

489 3341 665 3396 nostri
704 3342 833 3395 Iesu
884 3339 1091 3393 Christi
1137 3343 1198 3392 ut
1236 3339 1295 3393 id
1336 3338 1523 3411 ipsum
1559 3341 1758 3394 dicatis
1798 3356 2021 3405 omnes,
2067 3343 2125 3394 et

490 3452 603 3489 non
651 3433 766 3488 sint
814 3432 872 3487 in
917 3433 1074 3488 vobis
1122 3433 1448 3501 schismata,
1495 3432 1613 3487 sitis
1653 3436 1844 3487 autem
1890 3450 2125 3507 compo-

489 3529 579 3585 siti
604 3530 623 3563 ⁷
651 3528 709 3582 in
743 3527 943 3582 eodem
967 3542 1133 3581 sensu
1166 3526 1301 3581 etin
1330 3527 1525 3582 eadem
1554 3528 1835 3582 sententia
1855 3548 1883 3577 »
1910 3528 1952 3599 (Ι
1977 3528 2121 3591 Cor.,

488 3640 526 3691 ι,
576 3624 676 3688 10).
710 3621 855 3674 Item
897 3620 955 3673 in
998 3620 1223 3675 Psalmo
1260 3636 1404 3676 van
1438 3636 1450 3675 :
1486 3642 1514 3669 ‹‹
1555 3623 1717 3688 Deus,
1761 3622 1859 3692 qui
1898 3621 2121 3675 inhabi-

485 3722 604 3772 tare
635 3714 770 3770 facit
798 3714 1094 3769 unanimes
1120 3714 1140 3748 ⁸
1169 3714 1225 3768 in
1259 3714 1429 3770 domo
1460 3736 1488 3765 »
1517 3716 1676 3785 (Psal.
1711 3731 1869 3784 van,
1902 3715 1978 3785 6).

490 3836 616 3890 CAP.
664 3831 948 3886 LXXXVII.
990 3860 1057 3870 —
1104 3831 1308 3887 Fideles
1352 3833 1618 3903 simplices
1665 3849 1785 3888 cum
1834 3834 2125 3904 prudentia

1133 3926 1240 3966 esse
1279 3913 1487 3968 debere.

562 4020 624 4073 In
661 4018 961 4089 Evangelio
1003 4020 1127 4072 cata
1164 4018 1492 4073 Matthreum
1535 4035 1546 4074 :
1581 4040 1609 4069 «
1650 4012 1835 4075 Estote
1865 4018 2121 4090 pruden-

488 4117 573 4168 tes
614 4113 760 4166 sicut
804 4118 1114 4182 serpentes,
1163 4115 1221 4165 et
1263 4111 1549 4184 simplices
1594 4113 1738 4167 sicut
1777 4112 2055 4167 columbae
2095 4134 2123 4162 »

489 4207 737 4277 (Mutth.,
771 4222 825 4273 ιι,
875 4205 981 4276 I6).
1024 4206 1090 4259 Et
1128 4205 1337 4260 iterum
1372 4222 1385 4260 :
1430 4228 1456 4255 ‹‹
1493 4208 1597 4260 Vos
1642 4205 1774 4260 estis
1819 4208 1895 4260 sal
1935 4212 2126 4262 terrae.

2221 3243 2316 3298 nia
2346 3243 2540 3311 licent,
2570 3244 2665 3298 sed
2699 3260 2812 3298 nun
2841 3244 3035 3299 omnia
3063 3245 3391 3315 expediunt.
3423 3246 3626 3302 Omnia
3653 3245 3824 3310 licent,

2222 3337 2321 3393 sed
2347 3353 2465 3392 non
2493 3337 2688 3392 omnia
2714 3337 2996 3392 tediticant
3022 3359 3050 3388 »
3085 3339 3125 3406 (I
3154 3340 3299 3403 Cor.,
3327 3356 3400 3407 vi,
3436 3342 3546 3410 II).

2223 3450 2350 3505 CAP.
2404 3449 2583 3503 XCIII.
2645 3478 2716 3489 —
2781 3450 3105 3505 Praedictum
3170 3451 3313 3521 quod
3368 3451 3592 3508 haereses
3648 3452 3829 3518 futura

2935 3536 3130 3585 essent.

2294 3632 2353 3686 In
2383 3631 2635 3703 Epistola
2666 3633 2822 3687 Pauli
2849 3633 2915 3687 ad
2943 3634 3270 3690 Corinthios
3295 3635 3483 3708 prima
3512 3653 3523 3692 :
3556 3658 3583 3686 ί(
3620 3637 3829 3708 Oportet

2225 3731 2280 3780 et
2323 3726 2568 3780 haereses
2608 3742 2748 3793 esse,
2798 3732 2859 3782 ut
2901 3727 3125 3799 probati
3170 3731 3457 3786 manifesti
3503 3732 3613 3787 sint
3652 3730 3708 3786 in
3748 3745 3828 3784 vo-

2224 3818 2312 3873 bis
2338 3840 2367 3868 »
2396 3819 2436 3888 (Ι
2463 3819 2610 3883 σον..
2641 3836 2719 3887 XI,
2752 3821 2859 3891 I9).

2224 3933 2351 3988 CAP.
2385 3932 2559 3989 XCIV.
2602 3964 2670 3972 —
2714 3933 2845 3990 Cum
2889 3935 3076 3990 timore
3117 3942 3169 3991 et
3216 3937 3409 3993 honore
3452 3941 3827 3996 Eucharistiam

2844 4016 3232 4084 accipiendum.
3864 4026 3871 4031 ’

2749 4136 2776 4163 ‹‹
2818 4116 3025 4172 Anima
3066 4125 3254 4173 autem
3297 4137 3649 4194 quaecunque
3685 4137 3825 4176 man-

2231 4206 2521 4261 ducaverit
2579 4224 2643 4261 ex
2692 4225 2861 4264 carne
2917 4212 3171 4266 sacriﬁcii
3228 4214 3519 4285 salutaris,
3566 4216 3712 4288 quod
3758 4217 3829 4269 est

2298 4113 2355 4167 In
2404 4113 2646 4169 Levitico
2687 4131 2698 4170 :

488 4301 541 4356 Si
576 4306 767 4354 autem
812 4298 896 4352 sal
940 4299 1279 4355 infamatum
1322 4300 1555 4368 fuerit”,
1596 4300 1651 4354 in
1698 4318 1812 4372 quo
1853 4302 2128 4357 salietur?
2228 4300 2479 4367 Domini,
2534 4307 2590 4356 et
2632 4301 2996 4359 immunditia
3054 4307 3229 4377 ipsius
3281 4325 3452 4379 super
3506 4310 3686 4381 ipsum
3738 4312 3825 4374 est,

490 4393 570 4450 Ad
616 4391 758 4447 nihil
792 4393 838 4428 ¹⁰
875 4393 1039 4459 valet,
1074 4393 1183 4448 nisi
1226 4400 1285 4448 ut
1330 4394 1658 4465 projiciatur
1700 4395 1850 4449 foras
1894 4384 1961 4450 et
1992 4412 2127 4450 con-

487 4487 739 4542 culcetur
760 4485 797 4522 ¹¹
832 4486 901 4541 ab
931 4487 1255 4542 hominibus
1286 4508 1313 4537 ››
1348 4487 1589 4558 (Matth.,
1622 4505 1673 4556 v,
1704 4488 1813 4558 13).

2228 4394 2440 4467 peribit
2459 4395 2647 4450 anima
2674 4395 2773 4450 illa
2798 4397 2870 4451 de
2899 4397 3094 4472 7'75
3120 4401 3329 4472 populo
3348 4419 3450 4458 suo
3476 4426 3503 4453 »
3526 4405 3730 4474 (Leuit,
3752 4418 3826 4469 vn,

2147 4468 2206 4542 D
2230 4487 2342 4557 20).
2371 4489 2507 4543 Item
2534 4489 2602 4543 ad
2630 4490 2950 4546 Corinthios
2976 4468 3167 4562 prima
3246 4517 3273 4545 ‹‹
3306 4468 3638 4570 Quicunque
3667 4468 3829 4552 ederit

1880 4585 2088 4649 Variae
2124 4585 2464 4649 lectiones.

546 4684 590 4719 ³⁸
623 4683 807 4750 Usque
839 4684 909 4734 ad
944 4684 1069 4736 Bod.
1105 4684 1151 4733 2.
1175 4684 1362 4749 Usque
1394 4698 1557 4735 mane
1579 4685 1699 4737 Bod.
1733 4688 1774 4747 I,
1802 4688 1847 4736 ι.
1874 4688 2012 4738 Gott.
2079 4683 2121 4719 θ’
2151 4684 2502 4737 Ominaberis
2527 4699 2711 4751 neque
2730 4689 3091 4753 auguraberis
3121 4694 3254 4744 Coll.
3332 4694 3345 4725 ¹
3375 4693 3595 4746 Cirrum
3620 4708 3724 4745 non
3747 4691 3828 4741 ha-

483 4755 749 4807 bendum.
774 4759 861 4807 Sic
907 4759 1031 4809 Tha.
1063 4756 1191 4807 Bod.
1231 4760 1374 4807 Lam.
1408 4759 1513 4810 NG.
1539 4760 1584 4819 I,
1610 4758 1663 4807 2.
1687 4760 1797 4809 Lin.
1825 4757 1951 4808 Bod.
1989 4759 2034 4819 I,
2062 4763 2112 4820 2,
2132 4759 2179 4808 4.
2209 4757 2458 4818 Impressa
2478 4757 2682 4807 addunt
2708 4762 2761 4809 in
2801 4762 2999 4824 capite.
3050 4762 3110 4811 In
3155 4764 3415 4814 Levitico.

3516 4765 3538 4799 ⁸
3579 4768 3827 4819 Honoriﬁ-

483 4829 637 4878 cabis
674 4842 968 4892 personam
996 4830 1131 4879 Gott.
1202 4830 1218 4858 ³
1250 4827 1560 4889 Presbyteri
1589 4827 1665 4877 tui
1696 4828 1817 4878 Bari.
1845 4829 1893 4877 9..
1977 4826 1998 4858 ⁸
2025 4827 2094 4878 Ut
2115 4828 2249 4891 quid
2276 4827 2484 4877 bonum
2514 4832 2567 4877 et
2595 4830 2938 4893 voluptabile
2958 4835 3135 4881 Benev.
3169 4836 3279 4884 Lin.
3308 4835 3435 4885 Bod.
3460 4837 3507 4886 4.
3601 4842 3618 4871 5
3653 4838 3718 4889 Ut
3747 4841 3825 4889 ha-

487 4900 671 4975 bite-nt
689 4899 817 4975 Berl.
841 4898 969 4975 2,}.
1034 4896 1196 4975 {Non
1222 4897 1754 4975 9.01ligit,dispergit.
1783 4901 1931 4975 Lam:
2121 4899 2324 4975 ,_2,-4.
2352 4899 2459 4951 NG.
2489 4899 2606 4975 1,-2.
2637 4900 2756 4950 Non
2782 4905 3238 4975 congregatae”.
3305 4904 3325 4938 ⁷
3362 4906 3494 4957 Sitis
3514 4912 3693 4960 autem
3726 4925 3825 4975 pcr-

478 4971 611 5021 fecti
639 4968 763 5019 Bod.
798 4969 842 5017 I.
878 4968 1009 5017 Voss.
1040 4968 1085 5016 3.
1167 4965 1189 4999 ⁸
1222 4966 1396 5018 Unius
1424 4970 1592 5017 moris
1618 4969 1674 5017 in
1701 4967 1866 5019 domo
1892 4971 2026 5021 Gott.

481 5045 624 5095 Lam.
656 5042 761 5092 ΝΟ.
792 5040 836 5089 I.
873 5037 997 5088 Bod.
1024 5038 1073 5087 ‘2.

2124 4969 2145 5003 ⁸
2177 4969 2269 5020 Sal
2299 4970 2587 5019 evanuerit
2618 4975 2756 5024 Gott.

1161 5040 1197 5069 "
1232 5039 1346 5088 Nisi
1381 5041 1571 5103 projici
1600 5043 1743 5090 foras
1777 5045 1832 5089 et
1867 5041 2183 5092 conculcari
2204 5041 2330 5093 Bod.
2360 5043 2409 5091 4.
2446 5040 2568 5091 Tim.
2598 5041 2745 5093 Gorb.
2782 5043 2918 5092 Voss.
2957 5047 3003 5090 3.

2851 4976 2890 5005 ¹⁰
2919 4972 3006 5023 Ad
3030 4974 3268 5024 nihilum
3289 4979 3395 5030 NG.
3431 4976 3478 5026 2.
3523 4980 3679 5031 Valet
3701 4972 3824 5031 ultra

3094 5047 3131 5076 ¹²
3159 5045 3279 5095 Noli
3306 5047 3708 5102 circumvenire
3737 5052 3826 5102 fra-

483 5118 622 5162 trem
655 5115 812 5159 tuum
842 5111 987 5159 Lam.
1016 5110 1120 5161 NG.
1152 5109 1195 5158 I.
1233 5109 1361 5159 Βοιι.
1389 5110 1435 5158 2.
1458 5110 1586 5160 vide
1623 5123 1694 5162 ne
1719 5112 1846 5175 quis
1869 5113 2295 5164 circumveniret
2315 5115 2448 5165 Gott.
2519 5112 2556 5144 ιδ
2591 5112 2804 5165 Vindex
2830 5117 2968 5167 Gott.
3038 5118 3078 5149 ¹⁴
3110 5116 3304 5168 Finem
3345 5119 3553 5170 mundi.
3584 5122 3643 5172 In
3667 5123 3823 5173 Evan-

482 5183 626 5247 gelio
656 5184 797 5232 Lam.
826 5182 930 5232 ΝΟ.
964 5181 1010 5229 I.
1040 5179 1165 5231 Bod.
1195 5180 1242 5230 2.
1280 5184 1394 5232 Ltn.

484 5326 762 5379 Momenta
799 5324 894 5371 aut
922 5326 1175 5385 tempore
1221 5325 1358 5375 Gott.

484 5394 627 5444 Lam.
654 5395 762 5449 NG.
797 5394 841 5443 I.
869 5392 995 5444 Bod.
1027 5393 1074 5443 3.

1488 5182 1650 5232 Diem
1679 5187 1867 5232 autem
1912 5182 2065 5233 illam
2107 5187 2165 5234 et
2218 5184 2412 5234 horam
2442 5192 2606 5231 nemo
2640 5184 2765 5246 scit,
2793 5198 2976 5250 neque
3006 5187 3192 5251 angeli
3219 5188 3505 5248 calorum,
3556 5192 3660 5242 nisi
3690 5193 3826 5243 Pater

484 5252 634 5302 solus
660 5249 813 5299 addit
843 5252 975 5301 Gott.
1047 5250 1085 5282 ³⁸
1111 5251 1365 5302 Dixerint
1394 5252 1650 5302 homines
1672 5267 1778 5317 pax
1807 5252 1935 5303 Bod.
1966 5254 2011 5303 Β.
2078 5254 2131 5290 ⁸⁷
2155 5255 2225 5305 Et
2251 5253 2523 5306 securitas
2544 5253 2668 5303 Bod.
2703 5256 2746 5304 I.

1455 5325 1495 5353 υ
1528 5324 1648 5374 Non
1672 5322 1960 5379 discedere
1994 5330 2118 5380 Bod.
2141 5330 2188 5380 2.
2225 5332 2358 5382 Gott.

1172 5396 1214 5425 “
1242 5393 1339 5443 Vir
1371 5406 1604 5444 uxorem
1630 5408 1743 5445 non
1775 5398 2018 5450 dimittat
2043 5404 2184 5452 Lam.
2220 5403 2328 5455 NG.
2363 5403 2407 5452 I.
2438 5403 2566 5456 Bod-
2601 5405 2647 5455 2.

2843 5256 2881 5290 ³⁸
2922 5256 3289 5320 Superveniet
3330 5260 3733 5314 interitusLam.
3796 5262 3827 5297 η

2473 5322 2523 5358 ἰ
2548 5328 2871 5381 Discesserit
2897 5333 3030 5383 Gott.
3140 5332 3182 5364 ³³
3208 5333 3502 5398 Innuptam
3526 5349 3823 5400 permanere

2750 5404 2793 5435 ²⁴
2834 5402 3141 5467 Occupavit
3189 5406 3344 5456 Oxon.
3385 5405 3686 5473 Occupablt
3716 5408 3820 5460 Tim.

491 5462 637 5516 Carb.
663 5463 1042 5529 Apprehendit
1064 5463 1190 5515 Bod.
1224 5465 1271 5514 1.
1336 5462 1378 5497 ³⁵
1407 5463 1588 5528 Super
1614 5465 1670 5515 id
1697 5467 1826 5517 Bod.
1850 5472 1992 5519 Lam.
2025 5473 2132 5525 NG.
2182 5474 2222 5522 Ι.

1790 5547 2015 5633 Steph.
2074 5550 2321 5618 Baluzii
2362 5562 2557 5622 notae.

548 5636 648 5701 (ὅθ)
681 5636 916 5689 Cirrum.
946 5636 1167 5689 Isaacus
1198 5635 1566 5690 Casaubonus
1595 5641 1653 5691 in
1683 5642 2119 5697 animadversio-

2224 5646 2285 5722 i_n_
2341 5649 2793 5722 interpretatione
2845 5653 3153 5709 Bibliorum
3203 5655 3416 5722 Graeca,
3468 5657 3561 5711 vel
3609 5655 3817 5711 Cilicum

486 5708 663 5763 nibus
692 5710 762 5761 ad
792 5709 1000 5762 librum
1024 5709 1335 5761 secundum
1358 5710 1633 5775 Suetonii,
1660 5714 1735 5764 ait
1758 5712 1905 5767 hanc
1929 5729 2125 5767 vocem
2229 5708 2650 5777 Phaselitarum.

474 5782 737 5839 Graecam
766 5794 879 5833 non
910 5793 1049 5845 esse,
1072 5781 1168 5834 sed
1187 5782 1713 5849 Alexandrinorum,
1736 5789 1797 5836 ut
1817 5786 1922 5839 alia
1951 5789 2125 5841 multa
