4032 6180
223 174 308 227 8Οὸ

1198 160 1734 219 TESTIMONIORUM
1775 156 1925 216 ADV.
1967 158 2235 216 JUDAEOS
2278 162 2400 217 LIB.
2444 158 2533 218 III.

3437 174 3538 228 806

220 314 402 372 panem
428 300 521 349 aut
540 293 744 348 biberit
768 292 996 346 calicem
1023 290 1523 361 Dominiindigne,
1548 306 1679 343 reus
1701 288 1809 342 erit
1832 299 1885 370 Α
1912 286 2104 359 776
2145 290 2272 343 CAP.
2306 290 2526 345 XCVIII.
2562 323 2629 331 —
2676 294 3121 350 Catechumeuum
3164 312 3383 366 peccare
3414 298 3536 367 jam

218 390 444 463 corporis
472 392 528 441 et
554 386 847 457 sanguinis
874 385 1098 439 Domini
1130 406 1155 433 n
1188 386 1225 454 (I
1256 388 1395 445 Cor.,
1428 401 1500 451 ιιι,
1532 385 1641 453 27).

217 536 325 589 CAP.
355 530 497 584 XCV.
537 558 604 566 —-
643 528 803 583 Bonis
834 525 874 557 ⁸⁸
909 525 1296 580 concitandum
1322 526 1389 587 ‘7,
1423 526 1593 578 "talos
1631 530 1813 577 autem

867 607 1139 660 vitandos.

275 728 420 798 Apud
449 725 811 781 Salomonem
862 723 918 776 in
951 721 1267 777 Proverbiis
1297 741 1308 775 :
1346 741 1371 768 «
1403 721 1479 774 Ne
1512 720 1813 773 adduxeris

216 822 432 891 impium
452 820 509 873 in
538 817 919 872 habitaculum
945 816 1229 885 justorum
1256 834 1282 865 ι)
1307 815 1507 881 (Prov.,
1532 830 1674 879 xxxv,
1702 815 1808 881 ίιὲί).

214 918 333 969 Item
374 913 516 983 apud
563 910 833 965 eumdem
886 910 943 963 in
996 908 1377 963 Ecclesiastico
1412 926 1424 961 :
1457 929 1483 955 ‹‹
1517 908 1628 960 Viri
1671 907 1810 975 justi

214 1011 307 1062 sint
355 1007 449 1059 tibi
501 1006 751 1060 convivae
806 1026 832 1052 ››
898 1004 1107 1073 (Eccli.,
1159 1018 1231 1067 ιιι,
1277 1001 1386 1071 22).
1432 1002 1499 1055 Et
1542 1000 1747 1053 iterum
1797 1017 1807 1051 :

215 1124 235 1149 ‹‹
260 1101 471 1156 Amicus
505 1100 683 1152 fidelis
728 1095 1210 1150 medicamentum
1258 1094 1386 1148 vita:
1431 1097 1487 1148 et
1517 1093 1807 1147 immorta-

213 1196 364 1249 litatis
403 1214 427 1241 ι
477 1193 662 1261 (Ibid,
692 1208 766 1256 VI,
798 1192 907 1259 16).
953 1192 1093 1244 Item
1124 1189 1237 1243 illic
1267 1205 1279 1243 :
1312 1208 1339 1239 «
1386 1188 1575 1257 Longe
1622 1187 1811 1240 abesto

212 1290 270 1342 ab
296 1288 518 1341 homine
548 1289 881 1357 potestatem
910 1284 1156 1337 habente
1193 1282 1489 1336 occidendi
1520 1278 1581 1348 ’⁸,
1616 1286 1671 1335 et
1700 1298 1810 1334 non

212 1380 566 1451 suspicaberis
613 1380 877 1434 timorem
925 1399 951 1425 »
1001 1378 1291 1446 (Ibid.,1x,
1318 1377 1427 1445 13).
1475 1377 1609 1429 Item
1650 1374 1807 1428 illic:

212 1500 233 1523 ‹‹
288 1478 477 1529 Beatus
516 1472 579 1539 9°,
631 1474 728 1543 qui
778 1471 992 1525 invenit
1039 1470 1290 1524 amicum
1340 1486 1560 1533 verum,
1611 1474 1665 1522 et
1713 1468 1811 1539 qui

208 1573 411 1625 enarrat
450 1568 734 1638 justitiam
777 1566 901 1619 auri
948 1565 1198 1618 audienti
1255 1585 1281 1613 ››
1325 1564 1510 1633 (1bid.,
1544 1579 1668 1629 xxv,
1700 1562 1809 1631 12).

206 1667 325 1717 Item
359 1662 463 1716 illic
493 1679 504 1715 :
544 1683 571 1709 ‹‹
616 1661 743 1731 Sepi
789 1676 954 1713 aures
1000 1663 1122 1711 tuas
1147 1657 1341 1728 spinis,
1372 1663 1425 1711 et
1470 1656 1583 1709 noli
1616 1656 1809 1709 audire
1831 1667 1887 1737 B

205 1758 438 1828 linguam
471 1771 717 1825 nequam
752 1774 777 1805 ι)
810 1754 991 1823 (Ibid.,
1019 1768 1207 1817 XLvm,
1235 1754 1343 1819 23).
1381 1752 1521 1804 Item
1557 1750 1613 1802 in
1652 1750 1807 1802 Psal-

206 1868 286 1904 mo
310 1867 412 1904 xvn
441 1866 453 1902 :
494 1872 519 1897 ‹‹
549 1850 689 1902 Cum
726 1849 880 1918 justo
919 1846 1322 1916 justiticaberis
1358 1844 1419 1910 ³ο,
1452 1848 1508 1896 et
1536 1860 1663 1896 cum
1694 1844 1811 1895 viro

205 1945 481 1998 innocente
510 1943 786 1995 innocens
814 1940 944 2007 eris,
975 1946 1031 1994 et
1069 1956 1193 1992 cum
1229 1954 1489 2008 perverso
1518 1953 1811 2007 perversus

208 2038 303 2092 eris
331 2040 385 2091 ³³.
435 2059 461 2085 ››
509 2037 621 2107 (Ps.
666 2052 795 2103 xvn,
828 2035 938 2104 28).
984 2035 1122 2086 Item
1155 2034 1213 2085 in
1264 2032 1493 2101 epistola
1540 2030 1693 2084 Pauli
1741 2031 1812 2083 ad

205 2131 510 2186 Corinthios
563 2129 749 2199 prima
796 2144 808 2181 :
866 2150 891 2177 ‹‹
942 2128 1333 2196 Corrumpunt
1377 2125 1611 2195 ingenia
1662 2125 1813 2177 bona

207 2224 672 2280 confabulationes
700 2223 963 2293 pessimae
992 2244 1017 2270 ››
1052 2223 1091 2291 (1
1122 2220 1265 2285 Cor.,
1296 2235 1383 2284 xv,
1414 2220 1525 2285 33).

306 2346 423 2397 CAP.
453 2341 624 2396 XCVI.
660 2371 725 2378 —
756 2340 955 2405 Factis,
988 2354 1094 2391 non
1121 2337 1313 2401 verbis,
1343 2336 1693 2405 operandam.

266 2454 417 2525 Apud
462 2454 829 2508 Salomonem
873 2450 931 2504 in
971 2449 1395 2504 Ecclesiastico:
1439 2470 1464 2495 ‹‹
1511 2448 1628 2501 Noli
1678 2447 1812 2501 cita-

208 2553 284 2601 tus
331 2564 445 2601 esse
495 2548 550 2600 in
598 2547 797 2615 lingua
839 2550 953 2613 tua,
999 2548 1055 2597 et
1092 2542 1306 2595 inutilis
1351 2546 1406 2595 et
1452 2543 1718 2595 remissus
1759 2541 1817 2594 in

206 2642 451 2712 operibus
480 2641 590 2694 tuis
621 2660 646 2688 ι)
681 2640 890 2709 (Eccli.,
924 2655 993 2705 IV,
1024 2639 1129 2707 34).
1163 2639 1228 2691 Et
1259 2637 1462 2690 Paulus
1492 2636 1559 2689 ad
1611 2636 1814 2689 Corin-

209 2736 339 2789 thios
368 2735 549 2806 prima
582 2752 594 2787 :
622 2755 647 2780 ‹‹
697 2734 814 2786 Non
859 2733 914 2786 in
963 2748 1227 2785 sermone
1284 2733 1369 2784 est
1408 2746 1652 2801 regnum
1702 2729 1815 2799 Dei,

208 2829 288 2883 sed
337 2829 389 2882 in
447 2830 657 2882 virtute
710 2850 735 2875 n
784 2827 827 2897 (I
868 2826 1010 2892 Cor.,
1048 2842 1117 2892 1v,
1150 2826 1263 2895 20).
1313 2826 1455 2878 Item
1502 2824 1573 2877 ad
1623 2826 1818 2877 Roma-

208 2939 298 2977 nos
326 2940 336 2976 :
376 2943 397 2971 ‹‹
428 2924 543 2976 Non
576 2922 864 2975 auditores
895 2920 1037 2990 legis
1077 2919 1217 2989 justi
1250 2924 1381 2971 sunt
1424 2918 1576 2988 apud
1617 2918 1816 2985 Deum,

209 3018 290 3071 sed
330 3017 565 3071 factores
614 3016 756 3086 legis
794 3012 1254 3084 justilicabuntur
1304 3035 1327 3059 ι)

209 3111 327 3164 Item
373 3112 429 3165 in
480 3110 784 3179 Evangelio
834 3112 951 3161 cata
995 3108 1323 3161 Matthazum
1354 3124 1367 3160 :
1403 3126 1428 3156 «
1473 3105 1579 3169 Qui
1625 3106 1821 3159 fecerit

210 3210 258 3257 et
282 3205 355 3258 sic
381 3204 659 3271 docuerit,
693 3202 980 3257 maximus
1007 3201 1303 3255 vocabitur
1330 3200 1386 3253 in
1431 3216 1608 3269 regno
1652 3200 1818 3254 coelo-

209 3313 370 3351 rum»
402 3298 649 3367 (Matth.,
673 3313 724 3363 v,
753 3297 863 3365 19).
896 3298 1037 3350 Item
1066 3294 1178 3348 illic
1213 3312 1226 3348 ε
1264 3315 1291 3343 ‹‹
1319 3294 1519 3348 Omnis
1550 3294 1825 3365 quiaudit

208 3392 358 3446 verba
383 3409 510 3446 mea
542 3397 600 3446 et
643 3391 778 3445 facit
811 3407 896 3451 ea,
930 3389 1190 3443 similabo
1243 3404 1372 3442 eum
1414 3389 1530 3441 viro
1577 3387 1822 3457 sapienti

207 3485 292 3555 qui
318 3486 622 3540 tedificabit
648 3485 884 3538 domum
916 3499 1077 3537 suam
1105 3498 1279 3553 super
1304 3485 1551 3553 petram.
1587 3483 1825 3535 Descen-

206 3580 276 3631 dit
316 3581 499 3650 pluvia
536 3580 597 3646 ³³,
646 3583 925 3632 venerunt
954 3576 1212 3643 flumina,
1258 3576 1540 3629 flaverunt
1583 3576 1737 3630 venti
1770 3580 1825 3629 et

207 3672 562 3744 impegerunt
590 3673 647 3726 in
682 3672 922 3725 domum
962 3671 1141 3736 illam,
1178 3675 1234 3723 et
1280 3687 1395 3723 non
1424 3670 1643 3725 cecidit.
1678 3674 1821 3726 Fun-

208 3766 328 3821 data
355 3768 506 3822 enim
562 3766 671 3821 fuit
715 3782 885 3836 super
923 3768 1165 3836 petram.
1205 3766 1271 3819 Et
1313 3766 1497 3818 omnis
1544 3766 1643 3834 qui
1672 3766 1827 3819 audit

206 3861 357 3913 verba
406 3878 562 3927 mea,
610 3866 666 3927 et
706 3876 818 3913 non
863 3858 995 3912 facit
1026 3860 1066 3886 ³³
1116 3875 1202 3925 ea,
1236 3858 1500 3911 similabo
1543 3874 1676 3912 eum
1706 3859 1825 3913 viro

207 3956 363 4008 stulto
409 3955 509 4025 qui
541 3953 847 4007 aedificavit
879 3952 1113 4006 domum
1146 3968 1306 4005 suam
1353 3968 1525 4021 super
1568 3969 1824 4007 arenam.

210 4047 497 4103 Descendit
527 4047 740 4118 pluvia,
771 4052 1048 4100 venerunt
1067 4046 1328 4115 ﬂumina,
1361 4046 1644 4099 flaverunt
1676 4047 1827 4101 venti

206 4145 257 4194 et
285 4143 653 4213 impegerunt
682 4141 740 4193 in
776 4141 1008 4194 domum
1042 4142 1215 4206 illam,
1243 4145 1300 4194 et
1334 4140 1557 4200 cecidit.
1588 4147 1643 4194 et
1679 4142 1833 4205 facta,

208 4242 282 4289 est
306 4237 469 4290 ruina
494 4236 621 4306 ejus
654 4251 863 4305 magna
897 4255 924 4283 ››
955 4235 1194 4303 (Μαίϋιη
1225 4250 1319 4301 vn,
1341 4236 1554 4304 24-27).

1376 3014 1573 3081 (Rom,
1618 3029 1676 3077 ιι,
1707 3012 1815 3081 13).
1841 3038 1895 3110 C

2550 388 2659 425 non
2689 374 2891 427 debere.

1985 489 2045 540 In
2074 486 2317 555 Epistola
2346 488 2502 541 Pauli
2534 489 2603 541 ad
2632 492 2920 546 Romanos
2950 509 2962 546 :
2997 515 3022 541 ‹‹
3058 494 3346 550 Faciamus
3386 499 3539 551 mala

1916 579 2051 632 dum
2100 580 2330 634 veniunt
2376 581 2523 635 bona
2554 580 2611 643 ³⁸,
2652 600 2895 653 quorum
2943 588 3342 644 condemnatio
3384 590 3537 661 justa

1915 678 1998 727 est
2030 695 2055 721 n
2087 676 2281 743 (Rom,
2314 689 2392 740 III,
2424 676 2499 743 8).

1913 805 2044 857 CAP.
2093 804 2260 859 XCIX.
2310 834 2379 843 —-
2426 805 2703 859 Judt'cium
2746 808 3033 862 secundum
3089 815 3325 881 tempora
3379 816 3535 880 futu-

1982 900 2101 936 rum
2133 926 2146 944 ,
2202 886 2286 937 vel
2327 888 2602 953 aequitatis
2654 892 2779 939 ante
2832 888 3040 956 legem,
3094 892 3177 944 vel
3230 894 3358 961 legis
3417 902 3535 962 post

1986 965 2199 1029 Moysen
2210 1008 2219 1017 .

1985 1075 2185 1127 Paulus
2215 1076 2282 1128 ad
2330 1076 2609 1129 Romanos
2640 1095 2651 1131 :
2689 1100 2715 1125 «
2749 1078 3036 1150 Quotquot
3082 1080 3203 1135 sine
3247 1082 3372 1151 lege
3404 1101 3538 1154 pec-

1914 1174 2203 1232 caverunt,
2254 1168 2372 1222 sine
2426 1171 2548 1239 lege
2580 1172 2619 1202 ³⁷
2677 1172 2980 1241 peribunt;
3039 1181 3093 1227 et
3143 1181 3429 1247 quotquot
3482 1178 3540 1231 in

1912 1261 2036 1331 lege
2067 1269 2446 1331 I‘ieccaverunt
2469 1281 2569 1333 per
2590 1265 2770 1333 legem
2800 1267 3274 1335 etjudieabuntur
3297 1292 3323 1319 ››
3350 1272 3539 1339 (Rom,

1913 1371 1970 1420 ιι,
2002 1356 2111 1423 12).

2018 1486 2143 1537 CAP.
2176 1486 2233 1539 C.
2287 1516 2336 1523 —
2368 1488 2612 1541 Gratiam
2638 1490 2736 1541 Dei
2760 1492 3059 1555 gratuitam
3087 1508 3194 1546 esse
3224 1495 3429 1550 debere.

1986 1602 2042 1653 In
2073 1602 2297 1655 Actibus
2323 1604 2718 1672 Apostolorum
2753 1625 2767 1658 :
2806 1626 2831 1657 ‹‹
2873 1609 3119 1663 Pecunia
3150 1612 3250 1665 tua
3282 1611 3323 1646 ³⁸
3352 1615 3540 1667 tecum

1911 1698 1983 1751 sit
2032 1700 2086 1751 in
2138 1700 2479 1768 perditione,
2520 1701 2653 1771 quia
2695 1702 3030 1759 existimasti
3066 1708 3103 1733 ”
3160 1708 3399 1777 gratiam
3443 1712 3541 1765 Dei

1913 1808 2014 1861 per
2056 1792 2355 1861 pecuniam
2404 1795 2673 1863 possideri
2702 1796 2747 1829 ⁴⁰
2800 1817 2826 1844 ››
2878 1800 3038 1864 (Act.,
3089 1816 3194 1867 vni,
3243 1805 3351 1871 20).
3399 1805 3543 1857 Item

1914 1886 1969 1938 iu
2006 1886 2311 1955 Evangelia
2345 1904 2356 1939 :
2409 1908 2435 1933 ‹‹
2485 1888 2663 1941 Gratis
2693 1888 2731 1918 "
2779 1892 3093 1961 accepistis,
3125 1895 3301 1963 gratis
3352 1896 3479 1950 date
3514 1920 3539 1945 ››

1916 1980 2155 2046 (Matth.,
2203 1996 2255 2047 x,
2309 1983 2381 2049 3).
2433 1982 2570 2033 Item
2612 1982 2724 2035 illic
2764 1999 2777 2035 :
2833 2004 2861 2031 ‹‹
2909 1985 3159 2040 Domum
3202 1989 3379 2043 Patris
3431 1992 3542 2043 mei

1915 2073 2147 2125 domum
2176 2072 2385 2127 fecistis
2416 2075 2846 2144 negotiationis,
2879 2084 2936 2131 et
2981 2078 3220 2134 domum
3263 2083 3535 2137 orationis

1915 2183 2009 2219 vos
2049 2167 2261 2221 fecistis
2298 2168 2624 2237 speluncam
2668 2170 2959 2225 latronum
3012 2194 3038 2221 »
3091 2177 3294 2242 (Joan.,
3340 2193 3398 2245 ιι,
3432 2178 3538 2247 16).

1918 2255 2058 2314 Item
2085 2261 2236 2330 apud
2266 2262 2463 2314 Isaiam
2496 2280 2508 2315 :
2540 2283 2566 2311 «
2594 2263 2697 2325 Qui
2748 2264 2937 2333 sititis,
2968 2268 3153 2321 vadite
3200 2270 3269 2322 ad
3314 2287 3542 2340 aquam,

1919 2360 1973 2407 et
2006 2360 2283 2424 quotquot
2332 2371 2447 2409 non
2487 2355 2706 2409 habetis
2747 2360 3071 2427 pecuniam,
3114 2367 3309 2416 euntes
3351 2365 3544 2431 emite,

1920 2452 1975 2499 et
2022 2447 2197 2501 bibite
2230 2446 2273 2481 ⁴²
2311 2448 2433 2501 sine
2482 2451 2720 2518 pecunia
2767 2472 2794 2499 ››
2846 2452 3002 2521 (Isa.,
3051 2454 3244 2525 Lv,1).
3299 2458 3436 2510 Item
3486 2459 3545 2511 in

1919 2540 2290 2611 Apocalypsi:
2344 2562 2371 2589 ‹‹
2432 2544 2550 2611 Ego
2600 2562 2631 2593 α
2673 2547 2728 2596 et
2751 2568 2811 2610 ω,
2861 2545 3087 2600 initium
3138 2554 3193 2602 et
3240 2550 3387 2605 finis.
3430 2552 3546 2619 Ego

1920 2634 2133 2688 sitienti
2160 2635 2303 2688 dabo
2334 2635 2404 2688 de
2444 2635 2599 2690 fonte
2630 2653 2792 2707 aqua:
2819 2638 2947 2693 vita:
2989 2642 3181 2710 gratis.
3216 2643 3319 2705 Qui
3354 2644 3546 2697 vicerit

1919 2727 2233 2798 possidebit
2261 2745 2324 2781 ea
2356 2730 2398 2759 ⁴¹
2427 2732 2483 2783 et
2510 2746 2707 2784 eorum
2748 2730 3145 2788 hmreditaiem
3174 2752 3186 2802 ;
3218 2740 3273 2790 et
3304 2752 3401 2791 ero
3429 2738 3548 2807 ejus

1922 2822 2084 2889 Deus,
2114 2828 2169 2875 et
2198 2822 2288 2875 ille
2312 2823 2417 2875 erit
2450 2823 2591 2876 mihi
2623 2822 2768 2878 ﬁlius
2796 2824 2838 2854 “
2864 2844 2891 2877 »
2929 2826 3143 2897 (Apoc.,
3180 2846 3291 2898 XXI,
3322 2830 3396 2901 6).

1922 2935 2047 2989 CAP.
2102 2935 2184 2989 CI.
2229 2965 2295 2972 ——
2348 2937 2613 3004 Spiritum
2667 2941 2909 2992 sanctum
2964 2942 3023 2993 in
3074 2943 3195 3009 igne
3234 2946 3550 3013 frequenter

2571 3032 2892 3085 apparuisse
2900 3060 2910 3071 .

1993 3129 2053 3180 In
2105 3126 2293 3180 Exodo
2337 3144 2349 3180 :
2394 3147 2421 3177 «
2473 3129 2540 3181 Et
2585 3144 2749 3182 mons
2802 3130 2938 3183 Sina
2992 3132 3247 3189 fumabat
3270 3134 3312 3165 ⁴⁵
3370 3139 3542 3204 totus,

1924 3221 2191 3289 quoniam
2218 3220 2588 3276 descenderat
2611 3223 2753 3276 Deus
2781 3223 2839 3276 in
2868 3241 2997 3278 eum
3032 3226 3086 3278 in
3122 3228 3254 3298 igne
3286 3250 3311 3279 n
3334 3230 3550 3299 (Exod,

1923 3330 2036 3380 nx,
2066 3315 2175 3381 18).
2209 3316 2348 3367 Item
2386 3315 2443 3367 in
2482 3315 2713 3369 Actibus
2753 3318 3146 3387 apostolorum
3181 3338 3192 3374 :
3228 3344 3253 3371 (ι
3284 3324 3349 3375 Et
3377 3324 3553 3377 factus

1925 3413 2005 3461 est
2034 3407 2219 3463 subito
2248 3407 2317 3461 de
2349 3409 2487 3463 ccelo
2519 3426 2692 3463 sonus
2718 3412 2881 3481 quasi
2910 3412 3156 3467 ferretur
3186 3414 3351 3469 flatus
3379 3420 3551 3469 Vtiliu-

1926 3517 2109 3563 mens,
2141 3506 2197 3554 et
2221 3502 2477 3572 implevit
2504 3506 2689 3557 totum
2721 3504 2876 3558 illum
2912 3506 3102 3560 locum
3151 3508 3206 3561 in
3241 3526 3354 3580 quo
3390 3516 3547 3563 erant

1927 3594 2189 3648 sedentes
2215 3592 2277 3647 ⁴⁸.
2314 3596 2379 3649 Et
2423 3596 2554 3649 visa:
2603 3603 2736 3649 sunt
2768 3597 2875 3651 illis
2907 3599 3116 3669 linguae
3161 3600 3353 3656 divisa:
3400 3608 3551 3673 quasi

1928 3686 2096 3757 ignis,
2127 3688 2223 3757 qui
2260 3693 2315 3741 et
2344 3688 2552 3742 insedit
2590 3690 2647 3742 in
2682 3706 3159 3762 unumquemque
3188 3694 3419 3750 illorum
3446 3718 3462 3765 ,
3499 3717 3547 3749 L'l

1928 3780 2147 3850 impleti
2193 3784 2327 3834 sunt
2370 3798 2574 3835 omnes
2616 3784 2824 3853 Spiritu
2877 3793 3069 3838 sancto
3107 3808 3133 3834 ››
3179 3787 3346 3858 (Act,
3389 3806 3445 3857 ιι,
3476 3790 3551 3857 2).

1929 3878 2064 3929 Item
2122 3876 2182 3928 in
2260 3875 2547 3929 sacrificiis
2620 3893 2975 3948 quascunque
3030 3886 3257 3950 accepta
3320 3882 3557 3937 haltt'lvul

1928 3971 2108 4035 Deus,
2159 3969 2541 4023 descendebat
2594 3970 2743 4041 ignis
2796 3972 2865 4025 de
2918 3974 3054 4028 caelo
3103 3976 3202 4045 qui
3251 3977 3557 4031 sacrificata

1929 4066 2295 4117 consumeret
2343 4063 2382 4130 (I
2436 4066 2587 4133 Reg.,
2638 4080 2788 4131 xvnl,
2832 4068 2942 4134 33).
2991 4068 3052 4121 In
3104 4069 3289 4123 Exodo
3336 4087 3346 4123 :
3410 4093 3436 4118 ‹‹
3500 4073 3556 4124 In

1930 4157 2161 4209 ﬂamma
2209 4156 2357 4225 ignis
2399 4159 2661 4229 apparuit
2705 4161 2943 4230 angelus
2985 4162 3204 4216 Domini
3244 4163 3314 4217 dc
3359 4164 3499 4219 rubo
3530 4187 3555 4215 η

1931 4251 2147 4321 (Exod,
2178 4268 2257 4319 ιιι,
2290 4254 2366 4319 2).

205 4380 317 4435 CAP.
366 4380 564 4437 XCVII.
611 4409 675 4419 —
731 4382 797 4433 Et
850 4379 924 4431 ad
978 4378 1136 4481 ﬁdem
1184 4384 1233 4431 et
1287 4379 1360 4433 ad
1404 4378 2057 4481 consecutionemDCAP.
2088 4386 2195 4439 CII.
2228 4413 2293 4422 —-
2339 4384 2736 4481 Correptionem
2777 4387 2935 4443 bonos
2982 4404 3212 4459 quosque
3237 4391 3279 4424 ’⁸⁷
3331 4392 3559 4448 libenter

796 4459 1223 4528 properandum.

273 4577 429 4649 Apud
475 4577 835 4632 Salomonem
880 4574 937 4627 in
986 4574 1371 4629 Ecclesiastico
1404 4591 1415 4627 :
1449 4597 1475 4623 ‹‹
1517 4574 1594 4627 Ne
1641 4574 1831 4628 tardes

208 4673 445 4727 converti
475 4672 548 4725 ad
582 4672 782 4733 Deum,
814 4674 870 4723 et
900 4685 967 4723 ne
995 4668 1222 4722 differas
1252 4669 1294 4702 ³⁴
1332 4669 1399 4723 de
1431 4669 1521 4722 die
1564 4668 1624 4722 in
1654 4668 1825 4723 diem.

210 4770 389 4826 Subito
414 4769 573 4825 enim
607 4768 761 4824 venit
786 4767 869 4821 ira
898 4766 1047 4821 illius
1071 4767 1109 4797 ³⁵
1142 4788 1169 4816 ››
1205 4768 1444 4837 (Bootes,
1474 4784 1528 4835 v,
1558 4768 1629 4836 8).

2532 4466 2727 4520 audire
2758 4469 2965 4522 debere.

2001 4576 2165 4647 Apud
2194 4576 2560 4631 Salomonem
2592 4577 2649 4629 in
2695 4580 3005 4634 Proverbiis
3042 4598 3053 4634 ε
3092 4603 3118 4630 ‹‹
3169 4582 3276 4645 Qui
3322 4583 3561 4656 corripit

1931 4670 2199 4741 impium,
2230 4672 2451 4725 odietur
2477 4671 2545 4725 ab
2574 4687 2661 4725 eo.
2692 4672 2919 4743 Corripe
2961 4674 3299 4745 sapientem,
3332 4684 3388 4731 et
3438 4678 3562 4733 dili-

1932 4768 2029 4835 get
2049 4771 2104 4819 te
2134 4762 2177 4794 ⁸³
2203 4786 2230 4816 ››
2266 4767 2462 4836 (Ρνου.,
2500 4782 2577 4835 ιιι,
2602 4765 2678 4834 8).

1590 4958 1797 5025 Variae
1834 4960 2169 5024 lectiones.

264 5097 302 5131 ⁸⁵
332 5098 472 5150 Cum
500 5095 665 5149 bonis
700 5102 840 5149 Lam.
866 5099 994 5149 Bod.
1034 5099 1139 5153 ΝΟ.
1172 5102 1216 5150 1.
1250 5094 1383 5149 Voss.
1406 5103 1450 5146 3.

207 5167 253 5226 2,
277 5173 321 5220 4.
364 5171 485 5219 Thu.
520 5169 665 5221 ϐοὶ-Ι).
746 5170 785 5203 ²⁹
815 5170 970 5220 Felix
995 5173 1089 5235 qui
1121 5172 1332 5220 invenit
1352 5168 1476 5220 Bod.
1504 5170 1553 5217 4.
1583 5170 1706 5218 Tim.

207 5312 305 5362 ΝΟ.
339 5314 381 5361 1.
420 5314 554 5361 Voss.
581 5314 625 5358 3.

210 5383 311 5428 Lin.
338 5384 475 5431 Cott.

1549 5098 1589 5131 ιτ
1610 5098 1855 5131 Πηῇυοηῖ

1610 5098 2072 5149 Conveniendum
2102 5098 2231 5145 M0r.
2261 5096 2399 5145 Man.
2500 5096 2542 5127 ³³
2578 5096 2900 5147 Occidendi.

1610 5170 1706 5216 για.
1804 5168 1845 5201 ³ο
1874 5168 2017 5218 Cum
2045 5168 2222 5218 electo
2253 5166 2461 5215 electus
2487 5168 2594 5215 eris
2634 5171 2740 5217 Lm.
2779 5172 2921 5219 (.‘ott.

210 5242 247 5271 ³³
267 5241 655 5293 Ascenderunt
676 5242 825 5290 venti
861 5245 995 5292 (ἔθα.
1025 5241 1449 5292 Descenderunt
1470 5240 1680 5303 pluviae
1714 5244 1816 5291 Lan

210 5312 305 5362 ΝΟ.
339 5314 381 5361 1.
420 5314 554 5361 Voss.
581 5314 625 5358 3.
717 5313 755 5342 3‘
790 5310 1023 5361 Differas
1047 5312 1195 5362 diem
1226 5314 1282 5359 in
1313 5311 1460 5360 diem
1492 5313 1631 5361 Lam.
1666 5312 1773 5361 Lin.
1801 5315 1816 5361 λ

1934 5242 2065 5291 (1.1.
2092 5239 2215 5290 Bod.
2248 5239 2291 5286 1.

1944 5313 1985 5359 1.
2092 5310 2132 5343 ³⁵
2159 5310 2242 5357 Ira
2271 5308 2291 5356 i‘.

581 5334 625 5358 ὓ.
717 5334 755 5342 ’⁷
790 5334 1023 5361 υιυυϊάδ
1047 5334 1195 5362 υιυιιι
1226 5334 1282 5359 ιιι
1313 5334 1460 5360 υιυιιι
1492 5334 1631 5361 ιλιυιι.
1666 5334 1773 5361 ιλιη.
1801 5334 1907 5362 ινιι.
1944 5334 1985 5359 1.

580 5379 622 5412 ³⁸
649 5380 811 5439 Mala,
841 5384 903 5429 ut
928 5382 1157 5430 veniant
1180 5380 1343 5429 nobis
1368 5380 1511 5428 bona
1540 5385 1678 5432 Lam.
1714 5384 1817 5433 ΝΟ.
1850 5383 1895 5430 1.

2500 5092 2900 5171 “Occidendi.
2938 5095 3233 5171 Itemiillic
3266 5104 3405 5152 Lam.
3434 5116 3483 5153 c.
3513 5107 3561 5171 1,

3024 5172 3062 5199 ³·
3089 5170 3421 5220 Perverteris
3445 5170 3561 5224 Lin.

2386 5239 2424 5270 ³³
2452 5239 2569 5287 Non
2605 5239 2769 5287 faciat
2802 5241 2958 5288 Oxon.
2985 5242 3101 5289 Non
3134 5242 3264 5291 facit
3286 5247 3423 5293 Lam.
3446 5248 3559 5295 Lin.

2092 5310 2132 5343 ³⁵
2159 5310 2242 5357 Ira
2271 5308 2433 5366 illius,
2465 5312 2516 5356 et
2547 5309 2600 5356 iu
2626 5314 2873 5372 tempore
2906 5310 3168 5361 vindicta:
3216 5313 3491 5376 disperdat.
3512 5321 3565 5365 te

2010 5382 2049 5415 ³⁷
2073 5382 2363 5443 Quotquot
2395 5382 2583 5444 inique
2613 5388 3007 5443 peccaverunt,
3038 5384 3231 5447 inique
3265 5388 3405 5435 Lam.
3454 5387 3565 5436 Lin.

209 5451 309 5501 NG.
340 5451 385 5509 1,
416 5450 463 5498 2.
484 5448 736 5509 3011.13,
759 5452 803 5499 1.
840 5453 974 5499 Voss.
997 5452 1043 5500 3.
1114 5450 1153 5482 ³⁸
1178 5451 1384 5500 Tecum
1417 5451 1486 5499 sit
1510 5452 1565 5499 in
1597 5455 1884 5503 interitum
1914 5454 2037 5503 Bod.
2066 5456 2108 5503 1.
2149 5456 2279 5502 Voss.
2313 5452 2359 5500 3.
2430 5450 2467 5483 39
2503 5451 2611 5512 Qui
2644 5452 2947 5502 aestimasti.
2990 5458 3127 5504 Cott.
3161 5454 3470 5503 Existimati
3514 5461 3565 5504 te

209 5523 340 5569 Lam.
364 5524 469 5573 NG.
539 5520 586 5552 ἰο
610 5520 894 5572 Possidere
924 5525 1065 5572 Lam.
1093 5524 1196 5573 ΝΟ.
1267 5524 1306 5551 ⁴⁶
1336 5520 1500 5582 Quod
1520 5527 1689 5587 gratis
1717 5524 2010 5587 accepistis
2035 5528 2169 5576 Cott.
2200 5522 2322 5573 Bod.
2351 5523 2399 5571 3.
2467 5524 2509 5554 ⁴²
2545 5524 2725 5573 Emite
2758 5528 2812 5573 et
2838 5526 2985 5575 edite
3018 5527 3151 5577 Gott.
3240 5527 3280 5557 ⁴³
3310 5526 3564 5576 Posside-

211 5591 287 5640 bit
308 5591 429 5642 hac
453 5594 592 5643 Gott.
662 5592 703 5623 “
725 5592 787 5641 In
816 5592 995 5643 filium
1018 5594 1143 5644 Βικι.
1228 5594 1269 5625 ‘5
1292 5592 1619 5658 Fumigabat
1645 5599 1793 5645 totus
1814 5598 1949 5645 Gott.
2018 5594 2059 5628 ⁴⁶
2089 5594 2357 5645 Sedentes
2388 5595 2619 5659 apostoli
2647 5600 2787 5647 Lam.
2817 5597 2941 5646 Bod.
2969 5601 3015 5645 3.
3062 5600 3167 5650 ΝΟ.
3208 5599 3226 5646 1
3312 5597 3352 5630 ⁸⁷
3386 5598 3566 5646 Bonos

213 5676 427 5728 quoque
454 5662 584 5714 Bod.
618 5663 665 5720 I,
689 5663 736 5724 3,
763 5665 811 5714 4.
843 5668 976 5717 Gott.

214 5735 391 5786 cordia
421 5749 523 5785 sua
550 5734 677 5786 Bod.
700 5736 745 5787 3.

1066 5666 1109 5700 ‘3
1132 5664 1200 5715 Et
1226 5664 1414 5729 diliget
1442 5669 1511 5717 te.
1544 5666 1685 5718 Item
1715 5667 1771 5716 in
1802 5666 2063 5717 Psalmis:
2096 5666 2367 5731 Corripiet
2387 5680 2476 5718 me
2496 5669 2677 5733 justus
2712 5671 2764 5717 et
2802 5667 3115 5733 increpabit
3155 5680 3243 5719 me
3274 5667 3330 5717 in
3361 5667 3569 5719 miseri-
