4032 6180
202 223 286 279 809
1417 219 1616 278 LIBER
1657 223 1741 278 DE
1779 220 2242 278 SPECTACULIS.

3422 224 3522 276 810

203 348 314 402 CAP.
334 344 503 401 CXVI.
523 345 736 435 -—Pius
755 343 823 398 ab
853 359 909 400 eo
929 343 1112 435 diligit
1129 347 1315 435 Deum,
1345 348 1432 399 cui
1455 349 1510 400 in
1536 348 1795 416 baptismo
1818 363 1876 435 Α
1895 347 2022 435 (ΞΑρῖ
2054 346 2222 435 CXIX.
2256 346 2524 435 --Grave
2547 347 2713 410 fuisse
2730 343 2927 433 jugum
2957 345 3106 435 tegis,
3134 344 3276 435 quod
3310 361 3341 397 (ι.
3372 346 3524 435 nobis

571 427 738 495 plura
761 431 982 493 peccata
1011 425 1385 480 dimittuntur.

256 543 312 595 In
349 540 648 611 Evangelio
684 544 809 594 cata
838 541 1044 593 Lucam
1075 556 1087 594 :
1123 559 1149 590 ‹‹
1181 540 1280 594 Cui
1311 541 1435 611 plus
1468 541 1796 608 dimittitur,

198 635 308 707 plus
338 632 526 706 779
560 633 778 705 diligit;
810 639 864 686 et
903 634 992 688 cui
1031 633 1219 688 minus
1248 631 1287 666 ⁷³
1315 635 1641 702 dimittitur,
1682 652 1801 689 mo-

198 730 366 783 dicum
405 727 588 798 diligit
620 749 646 776 »
683 727 855 796 (Luc.,
885 743 958 796 vi,
987 728 1096 798 47).

197 869 304 922 CAP.
350 868 542 920 CXVII.
575 896 643 906 —
675 870 885 921 Fortem
935 871 1361 936 congressionem
1403 885 1508 924 esse
1543 870 1801 928 adversus

256 948 542 1010 diabolum,
574 952 625 1001 et
649 948 768 1002 ideo
795 949 1016 1013 fortiter
1044 964 1140 1003 nos
1169 955 1314 1003 stare
1343 949 1546 1017 debere,
1588 955 1646 1002 ut
1674 964 1802 1018 pos-

258 1041 416 1080 ειγηυε
440 1042 668 1081 υιηοενε.

257 1137 313 1189 In
355 1133 600 1205 Epistola
626 1135 784 1190 Pauli
819 1135 891 1189 ad
930 1137 1198 1207 Ephesios
1229 1155 1246 1190 :
1280 1157 1306 1185 «
1339 1137 1463 1193 Non
1511 1142 1598 1192 est
1642 1137 1803 1192 nobis

195 1228 503 1283 colluctatio
534 1228 804 1282 adversus
835 1245 1065 1284 carnem
1097 1234 1149 1284 et
1179 1231 1538 1300 sanguinem,
1572 1230 1673 1284 sed
1712 1231 1804 1285 ad-

193 1338 367 1375 versus
420 1325 726 1392 potestates
788 1328 842 1376 et
904 1324 1190 1394 principes
1251 1323 1420 1392 hujus
1485 1324 1684 1378 mundi
1749 1328 1804 1378 et

194 1414 374 1468 barum
417 1413 784 1468 tenebrarum
810 1413 871 1484 ⁷³,
901 1416 1172 1470 adversus
1217 1416 1489 1486 spiritalia
1534 1417 1803 1487 nequitia:

199 1509 248 1561 in
283 1507 612 1562 caelestibus.
645 1510 882 1578 Propter
918 1509 1028 1563 hoc
1071 1510 1290 1564 induite
1327 1526 1485 1564 arma
1514 1506 1556 1541 ⁷³
1581 1509 1696 1579 Dei,
1747 1514 1807 1564 ut

198 1601 404 1672 possitis
447 1601 710 1656 resistere
747 1599 794 1634 ⁷⁸
844 1602 901 1656 in
953 1604 1043 1657 die
1098 1603 1482 1674 nequissimo,
1531 1607 1622 1672 ut,
1675 1620 1805 1657 cum

197 1695 368 1748 omnia
429 1695 799 1766 perfecerit-is,
847 1696 997 1751 stetis
1045 1697 1282 1751 accincti
1325 1696 1547 1750 lumbos
1594 1701 1806 1751 vestros

1967 425 2234 492 abjectum
2272 429 2367 489 est,
2411 428 2461 478 et
2505 424 2614 478 leve
2649 439 2754 478 esse
2788 425 2981 491 jugum
3027 426 3260 489 Domini,
3311 425 3456 493 quod
3488 441 3520 477 a

1970 505 2119 558 nobis
2145 509 2449 572 susceptum
2476 509 2568 556 est.

1973 609 2036 661 In
2068 606 2284 660 Psalmo
2310 604 2556 659 secundo
2583 620 2594 656 :
2619 625 2645 650 ‹‹
2670 604 2749 658 Ad
2779 605 2917 674 quid
2948 607 3311 659 tumultuataa
3329 609 3462 658 sunt
3483 602 3527 638 ⁸³

1901 703 2122 771 gentes,
2169 703 2226 752 et
2257 698 2452 768 populi
2486 697 2743 751 meditati
2790 700 2918 751 sunt
2956 697 3188 751 inania?
3217 698 3532 752 Astiterunt

1901 810 2064 864 reges
2093 797 2280 858 terra,
2309 798 2367 846 et
2392 792 2674 861 principes
2703 791 3030 860 congregati
3059 789 3324 844 suntatin
3352 808 3532 845 unum

1904 888 2173 942 adversus
2239 885 2545 940 Dominum
2603 887 2660 938 et
2713 885 2981 938 adversus
3045 883 3326 937 Christum
3391 885 3529 952 ejus.

1903 980 2298 1050 Dirumpamus
2351 979 2571 1032 vincula
2627 993 2844 1043 eorum,
2901 983 2956 1029 et
3011 976 3374 1046 projiciamus
3421 983 3464 1018 ει
3504 995 3531 1030 a

1902 1075 2059 1130 nobis
2080 1075 2289 1144 jugum
2319 1087 2520 1128 eorum
2554 1093 2578 1120 η
2611 1072 2774 1142 (Psal.
2801 1087 2862 1136 ιι,
2901 1070 2969 1139 1).
3001 1071 3146 1123 Item
3181 1069 3236 1122 in
3278 1071 3531 1139 Evange-

1902 1167 1978 1222 lio
2021 1170 2148 1221 cata
2190 1165 2512 1220 Matthmum
2562 1181 2574 1218 :
2610 1186 2637 1212 ‹‹
2676 1163 2872 1217 Venite
2912 1163 2980 1216 ad
3026 1179 3140 1227 me,
3189 1178 3390 1215 omnes
3438 1162 3535 1231 qui

1902 1260 2176 1315 laboratis
2218 1264 2274 1313 et
2318 1258 2536 1312 onerati
2594 1256 2748 1322 estis,
2792 1262 2847 1310 et
2893 1272 2998 1326 ego
3043 1271 3143 1310 vos
3182 1255 3538 1325 requiescere

1905 1354 2107 1408 faciam
2135 1351 2199 1407 ⁸⁸.
2223 1353 2425 1407 Tollite
2449 1353 2655 1421 jugum
2691 1366 2884 1403 meum
2914 1365 3083 1420 super
3109 1365 3226 1410 vos,
3259 1355 3313 1404 et
3342 1348 3536 1402 discite

1905 1463 1936 1500 a
1966 1463 2060 1500 me
2093 1447 2224 1517 quia
2260 1445 2414 1499 mitis
2457 1461 2578 1498 sum
2609 1447 2664 1498 et
2691 1443 2922 1497 humilis
2963 1443 3156 1508 corde,
3197 1447 3254 1496 et
3288 1441 3542 1495 invenie-

1905 1541 1975 1594 tis
2031 1540 2141 1610 (60)
2196 1539 2456 1610 requiem
2509 1537 2805 1592 animabus
2856 1536 3076 1588 vestris.
3125 1535 3332 1604 Jugqu
3383 1534 3537 1587 enim

1906 1650 2098 1687 meum
2145 1633 2361 1687 bonum
2404 1637 2487 1685 est
2529 1628 2591 1698 ⁸⁷,
2644 1635 2700 1684 et
2743 1646 2885 1683 onus
2926 1644 3118 1682 meum
3161 1628 3281 1682 leve
3313 1625 3356 1659 ³⁸
3386 1631 3470 1680 est
3511 1648 3537 1677 ι)

1909 1727 2152 1797 (Matth.,
2219 1742 2291 1792 x1,
2343 1725 2415 1793 8).
2479 1727 2615 1778 Item
2679 1723 2734 1776 in
2792 1723 3022 1776 Actibus
3078 1722 3464 1791 apostolorum
3522 1738 3533 1774 :

194 1789 242 1841 in
271 1787 500 1842 veritate
527 1789 836 1859 Evangelii,
870 1790 1168 1844 induentes
1200 1789 1242 1822 ⁷⁵
1277 1790 1509 1844 loricam
1544 1791 1802 1860 justitite,
1826 1779 1882 1848 B
1909 1779 1937 1868 ξ(
1965 1821 2158 1874 Visum
2199 1779 2290 1872 est,
2323 1779 2519 1873 saluam
2550 1815 2784 1886 Spiritui
2823 1822 2877 1870 et
2919 1815 3081 1868 nobis
3113 1779 3336 1867 ‘mmam
3379 1813 3537 1867 vobis

195 1887 242 1935 et
274 1881 488 1936 calciati
525 1882 696 1952 pedes
741 1883 798 1936 in
849 1884 1262 1954 prteparatioue
1301 1885 1588 1954 Evangelii
1629 1885 1800 1955 pacis,

193 1975 241 2026 in
270 1973 531 2028 omnibus
557 1974 598 2007 ⁷⁸
627 1982 980 2031 assumentes
1010 1980 1232 2030 scutum
1263 1977 1417 2045 ﬁdei,
1450 1977 1508 2030 iu
1537 1993 1650 2047 quo
1681 1994 1802 2047 pos-

192 2067 296 2120 sitis
323 2067 520 2122 omnia
549 2068 720 2138 ignea
754 2069 948 2139 jacula
974 2066 1016 2100 ⁷⁷
1041 2069 1376 2140 nequissimi
1422 2071 1802 2140 exstinguere,

194 2163 241 2212 et
267 2161 482 2230 galeam
510 2161 703 2215 salutis
730 2178 1022 2216 assumere
1055 2167 1112 2216 et
1139 2162 1394 2233 gladium
1421 2163 1674 2233 spiritus,
1709 2165 1806 2234 qui

193 2257 266 2306 est
289 2251 330 2286 ⁷⁸
357 2254 596 2309 verbum
623 2255 718 2310 Dei
742 2251 783 2286 ⁷³
811 2278 840 2305 ››
874 2257 1113 2327 (ΕρῘιεε.,
1148 2273 1221 2326 νι,
1258 2256 1457 2324 12-17).

190 2394 300 2448 CAP.
328 2395 557 2449 CXVIII.
590 2369 656 2435 -έ
688 2398 840 2462 Item,
872 2397 937 2450 de
973 2397 1324 2463 Antichristo,
1356 2397 1502 2466 quod
1543 2399 1602 2450 in
1642 2398 1804 2451 homi-

755 2491 874 2529 nem
902 2472 944 2506 ⁸ο
966 2478 1149 2530 veniat
1166 2477 1229 2531 ⁸³.

249 2593 400 2662 Apud
430 2593 639 2648 Isaiam
673 2615 683 2646 :
719 2613 745 2641 ‹‹
774 2593 871 2647 llic
899 2592 1070 2646 homo
1103 2592 1200 2663 qui
1232 2591 1478 2646 concitat
1503 2597 1708 2645 terram
1739 2589 1802 2656 ⁸⁸,

189 2689 503 2742 commovet
528 2703 712 2758 reges,
747 2686 844 2756 qui
876 2686 1039 2757 ponit
1070 2685 1269 2740 orbem
1301 2689 1469 2741 terra:
1500 2687 1684 2740 totum
1714 2685 1804 2738 de-

187 2783 385 2835 sertum
416 2803 443 2830 ››
487 2783 641 2852 (Isa.,
680 2796 788 2848 xxv,
823 2783 906 2847 16,
941 2780 1044 2850 17).

1905 1913 2201 1984 imponere
2245 1911 2524 1966 sarcinam
2574 1925 2747 1980 quam
2779 1908 2886 1962 ista
2919 1924 3046 1977 quae
3088 1922 3158 1960 ex
3203 1907 3537 1961 necessitate

1907 2011 2058 2073 sunt,
2089 2005 2376 2059 abstinere
2407 2020 2503 2057 vos
2536 2003 2604 2056 ab
2632 2001 2960 2055 idololatriis
2992 2002 3049 2053 et
3076 2000 3367 2069 sanguinis
3396 2000 3536 2053 cffu-

1907 2099 2068 2154 sione
2103 2097 2144 2131 3°
2172 2103 2228 2152 et
2267 2097 2667 2152 fornicatione.
2709 2097 2777 2149 Et
2821 2109 3173 2165 quascunque
3217 2093 3373 2147 vobis
3415 2094 3541 2148 fieri

1905 2210 2024 2248 non
2049 2193 2238 2259 vultis,
2282 2196 2338 2245 et
2363 2190 2485 2243 aliis
2527 2207 2598 2243 ne
2638 2189 2885 2243 feceritis
2909 2185 2951 2219 9°
2983 2207 3009 2239 »
3044 2187 3211 2257 (Act.,
3243 2203 3330 2254 xv,
3364 2188 3436 2257 8).

2122 2309 2252 2363 CAP.
2288 2305 2437 2361 CXX.
2467 2335 2534 2343 ——
2563 2303 2915 2360 Orationibus
2940 2301 3326 2355 insistendum.

1979 2406 2040 2458 In
2086 2401 2334 2472 Epistola
2377 2401 2530 2455 Pauli
2557 2401 2624 2454 ad
2653 2401 3020 2455 'Colossenses
3060 2415 3072 2452 :
3113 2419 3142 2447 ‹‹
3181 2400 3386 2454 Instate
3413 2417 3540 2456 ora-

1907 2497 2074 2564 tioni,
2132 2495 2429 2566 vigilantes
2470 2493 2529 2547 in
2574 2510 2640 2548 ea
2686 2516 2713 2544 »
2760 2493 2999 2562 (001033.,
3046 2508 3120 2559 1v,
3166 2492 3243 2560 2).
3289 2495 3430 2546 Item
3484 2493 3540 2546 in

1905 2590 2126 2644 Psalmo
2181 2589 2407 2659 primo:
2448 2609 2474 2636 ‹‹
2522 2587 2629 2642 Sed
2673 2587 2730 2640 in
2771 2587 2897 2657 lege
2927 2584 2966 2616 9‘
3009 2586 3228 2639 Domini
3277 2588 3537 2641 voluntas

1906 2685 2046 2754 ejus,
2079 2689 2136 2737 et
2179 2683 2238 2736 in
2285 2683 2409 2752 lege
2457 2681 2575 2752 ejus
2606 2679 2972 2736 meditabitur
3000 2679 3089 2734 die
3116 2695 3179 2733 ac
3208 2685 3372 2734 nocte
3401 2679 3444 2714 ⁹²
3516 2701 3541 2729 ››

1909 2779 2072 2848 (Psal.
2105 2794 2142 2847 I,
2175 2779 2246 2846 2).

1541 2945 1751 3009 Variae
1804 2945 2138 3009 lectiones.

238 3095 274 3130 τί
302 3094 577 3145 Pusillum
609 3093 900 3143 dimittitur
934 3093 1075 3142 Lam.
1102 3093 1204 3144 NG.
1237 3093 1278 3141 1.
1312 3092 1420 3140 Lin.
1453 3092 1577 3142 Bod.
1611 3094 1659 3151 1,
1687 3092 1734 3140 2.
1775 3091 1896 3140 Thu.
1921 3093 2041 3140 Ben.
2096 3092 2206 3138 Ver.

2307 3085 2347 3120 ⁷³
2383 3085 2593 3148 Mundi,
2642 3089 2884 3138 rectores
2931 3087 3282 3139 tenebrarum
3333 3089 3528 3151 harum

188 3169 308 3220 Coit.
371 3166 412 3199 ⁷³
449 3163 670 3214 Induite
699 3167 808 3215 tota
841 3177 988 3212 arma
1018 3165 1155 3212 Lam.
1185 3164 1304 3213 Lin.
1336 3163 1459 3212 ΒοίΙ.
1490 3164 1538 3218 1,
1566 3162 1614 3222 2,
1645 3164 1691 3210 4.
1721 3163 1803 3213 NC

1913 3175 1978 3210 9n.
2046 3159 2088 3191 74
2120 3159 2346 3208 Possitis
2377 3160 2668 3222 persistere
2701 3159 2841 3208 Lam.
2872 3159 2998 3208 Bod.
3024 3159 3071 3208 2.
3097 3160 3203 3211 ΝΟ.
3235 3163 3277 3208 1.
3344 3159 3384 3192 ⁷⁵
3417 3160 3533 3209 Ve—

187 3238 353 3295 ritate,
379 3235 682 3284 induentes
705 3235 843 3282 Lam.
887 3234 993 3282 Lin.
1029 3236 1132 3285 ΝΕ.
1169 3237 1207 3282 1.
1235 3233 1357 3282 Bod.
1388 3234 1417 3280 '2

1533 3231 1574 3263 ⁷ο
1606 3231 1925 3295 Evangelii;
1949 3232 2004 3280 in
2034 3231 2292 3281 omnibus
2327 3233 2437 3279 Ver.

2532 3228 2573 3262 77
2595 3231 2771 3294 Ignita
2793 3229 2975 3292 jacula
3004 3232 3142 3280 Lam.
3176 3233 3284 3280 Lin.
3314 3232 3439 3281 Bod.
3491 3234 3536 3292 1,

187 3307 229 3360 Ξ,
256 3310 300 3357 4.
338 3310 518 3356 Benev.
555 3307 667 3353 Ver.
706 3305 830 3353 ΤΙιιι.
896 3303 938 3336 ²⁸
959 3303 1186 3353 Galeam
1218 3305 1536 3352 salvationis
1565 3303 1689 3352 Bod.
1736 3306 1778 3362 1,
1803 3303 1852 3363 2,
1882 3303 1928 3350 4.
1963 3302 2105 3351 Lam.
2171 3303 2214 3334 ⁶⁹
2238 3301 2431 3352 Sermo
2456 3301 2556 3350 Dei
2588 3301 2713 3350 Bod.
2741 3305 2786 3364 1,
2811 3303 2862 3357 2,
2888 3301 2942 3361 3,
2968 3303 2998 3350 4
3054 3301 3177 3351 Thu.
3214 3301 3362 3353 Corb.
3400 3304 3536 3351 Lam.

188 3378 228 3414 το
251 3379 485 3428 Homine
520 3376 675 3424 Oxon.
708 3376 844 3423 Lam.
874 3376 984 3423 Lin.
1015 3377 1120 3426 ΝΟ.
1146 3376 1187 3423 1.
1216 3379 1263 3422 et
1297 3376 1421 3425 Bod.
1459 3377 1502 3434 1,
1535 3376 1582 3435 2,
1619 3377 1666 3424 4.
1693 3376 1847 3437 Impr.
1870 3374 2185 3423 Hominem.
2220 3371 2449 3419 Iiomine
2467 3371 2781 3419 invenietur
2802 3371 2940 3419 Coit.
3005 3367 3045 3402 ⁸⁸
3083 3367 3301 3419 Veniat.
3332 3371 3540 3420 Paulus

186 3449 246 3498 ad
272 3447 805 3499 Thessalonicenses
838 3461 848 3493 :
885 3445 1024 3495 Cum
1059 3445 1333 3496 revelatus
1361 3447 1525 3495 fuerit
1551 3446 1716 3496 homo
1751 3445 1987 3508 peccati,
2011 3444 2160 3492 ﬁlius
2198 3441 2524 3504 perditionis
2562 3443 2697 3491 Gott.

1622 3515 1664 3550 ⁸⁵
1696 3517 1978 3579 Principes
2012 3516 2392 3563 convenerunt
2417 3515 2558 3562 Lam.
2588 3515 2693 3564 ΝΟ.
2727 3514 2767 3561 1.
2802 3511 2928 3562 Bod.
2962 3513 3012 3568 2,
3050 3513 3097 3561 3.
3131 3513 3364 3562 Collecti
3412 3519 3542 3563 sunt

1379 3585 1420 3618 ³⁵
1452 3584 1796 3646 Abjiciamus
1837 3584 1949 3632 Ver.
1982 3584 2105 3631 Bod.
2142 3587 2185 3631 It.
2252 3582 2294 3617 9⁸
2324 3584 2590 3633 Reﬁciam
2621 3585 2763 3632 Lam.
2791 3585 2899 3631 Lin.
2932 3583 3057 3632 Bod.
3091 3584 3136 3640 1,
3164 3588 3215 3631 '2.
3285 3583 3326 3617 ⁸⁷
3355 3584 3539 3634 Suave

185 3520 294 3568 Bod.
325 3519 373 3568 2.
471 3519 515 3552 ⁸³
561 3519 745 3578 Quare
776 3519 1121 3565 fremuerunt
1158 3519 1312 3566 Bod.:

183 3588 293 3637 Bod.
323 3591 370 3646 1,
392 3589 440 3637 4.
470 3586 866 3636 Convenerunt
892 3586 946 3632 in
973 3598 1148 3633 unum
1176 3587 1312 3636 Coit.

181 3662 255 3706 est
287 3658 419 3706 Lam.
453 3655 565 3705 ΝΟ.
599 3655 642 3703 1.
675 3653 801 3704 Bod.
835 3656 877 3714 1,
903 3655 948 3702 2·
981 3653 1028 3703 3.
1080 3656 1212 3706 Coti.

471 3518 515 3552 ⁸³
561 3516 745 3578 Quare
776 3518 1121 3565 fremuerunt
1158 3517 1284 3566 Bod.
1309 3518 1354 3566 3.
1388 3520 1522 3568 Coti.

190 3724 297 3773 Tha.
331 3723 480 3776 Corb.
513 3725 690 3773 Benev.
735 3724 847 3771 Ver.
881 3726 934 3771 et
959 3721 1325 3773 suffocatione
1350 3726 1485 3776 Gott.
1570 3721 1734 3773 "Nec
1766 3723 2006 3772 feceritis
2034 3727 2173 3774 Coti.

183 3810 293 3846 rum
327 3802 383 3848 et
412 3798 471 3845 in
497 3796 612 3844 vita
638 3800 992 3858 peccatorum
1024 3809 1135 3845 non
1168 3798 1335 3858 stetit,
1375 3801 1429 3846 et
1466 3797 1522 3845 in
1557 3792 1817 3847 cathedra
1839 3793 2188 3856 pestilentiae,
2237 3795 2334 3844 sed
2368 3796 2422 3842 in
2447 3795 2568 3856 lege
2613 3794 2836 3842 Domini
2880 3795 3018 3844 Coit.

1311 3654 1354 3689 ⁸³
1388 3655 1618 3705 Sarcina
1651 3667 1773 3704 mea
1802 3653 1941 3702 levis
1967 3653 2094 3702 Bod.
2133 3653 2180 3701 1.
2211 3655 2332 3702 Tha.
2361 3654 2510 3705 Corb.

2789 3440 2830 3472 ⁸³
2853 3440 3078 3490 Terram
3123 3444 3176 3488 et
3231 3445 3542 3490 commovet

2612 3652 2652 3685 ⁸⁸
2680 3653 2752 3702 Et
2780 3653 3052 3716 sanguine
3086 3657 3142 3702 et
3169 3654 3296 3702 Bod.
3329 3656 3376 3711 1,
3408 3655 3458 3714 2,
3493 3657 3539 3703 4.

2273 3726 2310 3756 ‘-"
2339 3725 2541 3774 Beatus
2566 3725 2661 3787 qui
2689 3737 2801 3774 non
2828 3723 2962 3772 abiit
2987 3724 3041 3771 in
3075 3724 3309 3773 consilio
3337 3726 3535 3788 impio-

2273 3795 2334 3844 ed
2368 3796 2422 3842 in
2447 3795 2568 3856 lege
2613 3794 2836 3842 Domini
2880 3795 3018 3844 Coit.
3117 3793 3156 3827 9³
3205 3795 3340 3842 Item
3391 3796 3536 3858 apud

184 3866 549 3918 Salomonem
578 3867 689 3916 :Ne
725 3866 1044 3930 impediaris
1069 3881 1223 3917 orare
1258 3881 1491 3931 semper,
1521 3881 1586 3918 ac
1611 3881 1721 3916 non
1743 3877 1929 3916 cesses
1959 3878 2138 3928 usque
2160 3864 2228 3914 ad
2259 3867 2491 3913 mortem
2509 3863 2823 3926 justificari,
2859 3864 3124 3927 quoniam
3161 3878 3374 3914 merces
3417 3867 3535 3915 Do-

179 3939 302 3988 mini
330 3943 523 3990 manet
549 3939 603 3988 in
625 3942 913 4000 aeternum,
936 3937 1089 3987 addit
1123 3939 1280 3989 Oxon.
1319 3955 1344 3988 e
1370 3941 1400 3990 4
1427 3939 1573 3989 codd.
1602 3940 1740 3987 Lam.
1764 3937 1868 3990 ΝΟ.
1898 3938 1942 3986 1.
1966 3936 2090 3986 Bod.
2128 3936 2175 3984 2.
2210 3937 2346 3986 Coit.

1462 4076 1680 4158 Steph.
1743 4073 1990 4139 Baluzii
2043 4077 2240 4136 notas.

234 4220 329 4284 (60)
358 4223 425 4274 Et
453 4223 751 4274 invenietis.
788 4221 894 4273 Ista
933 4225 986 4273 et
1017 4235 1142 4287 qum
1179 4221 1444 4286 deinceps
1477 4223 1787 4284 sequuntur
1820 4229 1997 4282 usque
2028 4216 2096 4267 ad
2135 4216 2304 4267 finem
2345 4215 2490 4276 libri,
2525 4214 2727 4267 desunt
2771 4215 2826 4266 in
2877 4216 3065 4268 codice
3115 4216 3524 4282 GratianOpoli-

182 4298 314 4346 lano.

1105 4633 1290 4744 DE
1414 4625 2388 4742 SPECTACULIS
2473 4599 2558 4681 (ί)

1681 4854 2017 4948 LIBER

177 5270 575 5328 Aacunmwm.
601 5297 669 5308 —
687 5267 823 5337 Agit
844 5267 1085 5337 primum
1111 5271 1299 5319 auctor
1327 5265 1583 5319 adversus
1607 5263 1728 5318 illos
1756 5263 1854 5332 qui
1879 5259 2185 5330 spectacula
2215 5257 2500 5326 gentilium
2523 5254 2743 5326 publica
2770 5255 3179 5322 Scripturarum
3206 5254 3527 5306 auctoritate

240 5361 528 5415 vindicare
572 5358 915 5425 nitebantur,
960 5359 1010 5410 et
1051 5370 1364 5424 quanquam
1402 5369 1668 5424 nusquam
1710 5353 1922 5407 disertis
1971 5349 2266 5419 Scripta-rae
2308 5347 2484 5401 verbis
2521 5345 2802 5416 prohibita
2847 5344 2991 5404 sint,
3037 5342 3305 5397 damnata
3347 5345 3525 5396 tamen

1467 5497 1690 5579 Steph.
1738 5493 1985 5558 Baluzii
2031 5498 2222 5556 notas.

233 5629 296 5692 (1)
353 5631 425 5680 De
483 5627 830 5694 Spectaculis.
876 5654 936 5666 —
985 5627 1168 5677 Prima
1232 5625 1357 5676 libri
1419 5626 1576 5674 istius
1635 5623 1802 5674 editio
1903 5620 2177 5694 Rigaltius
2228 5618 2447 5668 nullum
2506 5616 2838 5694 habuerunt,
2895 5624 3080 5675 neque
3146 5609 3311 5694 Angli
3358 5621 3371 5694 ξ

3432 5618 3531 5670 ego

181 5675 1268 5762 prbdiit—vex‘rofiicinavPauIi-manutii.
1325 5697 1624 5747 Rarissima
1678 5698 1806 5745 sunt
1903 5675 2075 5743 habui
2111 5691 2241 5762 duo,
2281 5703 2466 5762 unum,
2498 5703 2565 5739 ex
2606 5685 2947 5762 bibliotheca
2989 5675 3540 5762 Arrionas‘t-eriigs‘a‘nctzi

181 5775 358 5823 vetera
409 5772 568 5822 illius
613 5769 965 5833 exemplaria.
1031 5768 1333 5832 Morellius,
1376 5767 1699 5819 Goulartius
1754 5769 1808 5815 et

499 5860 774 5930 PATROL.
817 5860 918 5928 IV.

1904 5763 2160 5827 Dionysii
2207 5743 2522 5824 Remensis,
2578 5758 2727 5811 aliud
2785 5754 2936 5822 quod
2983 5754 3086 5804 fuit
3146 5751 3276 5801 olim
3321 5743 3550 5808 collegii

3138 5844 3215 5903 26
