4032 6180
563 249 658 312 8H

1452 243 1504 307 S.
1546 243 1861 308 CYPRIANI
1902 243 2179 308 OPERUM
2218 240 2388 307 PARS
2427 249 2495 306 ll.
2537 279 2604 290 —
2643 240 3005 308 OPUSCULA.
3762 255 3848 316 812

612 379 940 432 idololatria
986 377 1272 431 interdicto
1319 375 1443 429 hinc
1485 376 1717 444 probat,
1758 375 1905 444 quod
1947 377 2163 430 nullum
2201 376 2499 444 spectaculi
2537 391 2700 444 genus
2744 390 2854 428 non
2897 374 3057 429 idolis
3099 381 3461 432 consecratum
3508 381 3595 434 sit.
3647 383 3846 448 Deinde,

599 481 696 534 per
735 463 916 537 781
965 467 1184 533 singula
1228 466 1480 519 ludorum
1521 481 1736 532 genera,
1769 480 1889 533 quas
1929 467 2040 517 sint
2085 467 2141 516 in
2185 464 2476 532 spectando
2507 464 2766 534 pericula,
2799 465 2966 532 paulo
2993 465 3160 518 latius
3189 481 3352 533 quam
3393 469 3622 535 Epistola
3651 474 3850 527 secunda

597 555 672 607 ad
703 557 1365 623 Donatum‘prosequitur,
1400 558 1450 606 et
1478 556 1775 621 prasertim
1806 569 1983 606 eorum
2012 554 2208 621 quibus
2237 573 2263 600 ‹‹
2294 553 2650 615 obscenitatis,
2680 555 2878 622 inquit,
2908 555 3280 620 magisterium
3321 557 3556 609 traditur
3586 561 3850 616 simulacris

608 645 874 698 libidinis.
907 663 933 691 ι)
957 645 1226 697 Postremo
1251 643 1561 711 spectacula
1591 643 1895 698 Christiano
1921 642 2132 694 homine
2159 641 2350 710 digna,
2377 644 2574 711 quibus
2599 645 2787 696 merito
2815 643 3076 696 oblectare
3104 658 3158 697 se
3177 643 3386 706 debeat,
3414 647 3598 712 paucis
3624 656 3845 712 recenset,

599 735 849 787 imitatus
877 733 1025 785 haud
1058 732 1220 785 dubie
1256 732 1453 786 librum
1500 732 1830 784 Tertulliani
1869 730 1934 783 de
1977 730 2330 799 Spectaculis,
2357 747 2515 800 quem
2543 731 2746 786 alicubi
2784 736 2834 786 et
2873 731 3050 786 Grazce
3083 737 3135 786 et
3170 733 3366 786 Latine
3408 747 3462 786 se
3488 738 3739 804 scripsisse
3777 740 3850 791 ille

599 823 837 890 indicat,
869 827 979 875 tam
1005 823 1270 886 refertum
1299 823 1366 874 iis
1391 821 1636 875 omnibus
1665 835 1783 890 quas
1811 819 1884 873 ad
1914 819 2010 874 hoc
2037 821 2352 874 institutum
2376 821 2614 888 faciunt,
2655 827 2716 875 ut
2753 823 3122 876 commentarii
3162 821 3272 876 loco
3305 837 3410 876 esse
3447 826 3608 891 possit
3646 825 3761 879 dum
3791 827 3845 882 de

611 910 1042 981 spectaculorum
1064 910 1376 964 diversitate
1402 909 1669 976 agendum
1696 915 1798 964 est.

601 1053 643 1104 l.
691 1049 994 1105 Crenunus
1036 1048 1185 1120 plebi
1228 1048 1284 1101 in
1325 1047 1626 1118 Evangelio
1663 1047 1834 1102 stanti
1885 1050 1933 1101 (‘2
1999 1049 2149 1103 salu-
2174 1049 2548 1132 Atumeliam
2572 1048 2669 1103 Dei
2701 1049 2901 1120 religio
2925 1065 3058 1103 vera
3085 1051 3144 1102 et
3172 1047 3361 1102 divina
3390 1048 3667 1102 calcatur?
3690 1049 3848 1103 Pudor

526 1147 666 1216 tem.
694 1144 763 1199 Ut
792 1160 881 1197 me
909 1143 1042 1196 satis
1077 1141 1372 1196 contristat
1399 1145 1455 1194 et
1475 1141 1738 1195 animum
1781 1157 1972 1196 meum
2015 1157 2149 1212 gra-

524 1238 668 1292 viter
703 1236 911 1306 affligit
946 1251 1080 1289 cum
1124 1235 1279 1288 nulla
1321 1234 1461 1288 mihi
1491 1234 1780 1288 scribendi
1805 1235 1876 1288 ad
1903 1250 1998 1290 vos
2026 1251 2152 1305 por-

526 1331 734 1401 rigitur
771 1328 981 1384 occasio
1026 1328 1121 1397 (3),
1167 1327 1573 1381 detrimentum
1623 1333 1708 1382 est
1749 1327 1904 1381 enim
1956 1343 2150 1382 meum

524 1423 813 1478 vobiscum
843 1438 956 1475 non
986 1420 1251 1492 colloqui,
1282 1419 1356 1473 ita
1386 1419 1525 1474 nihil
1566 1421 1706 1474 mihi
1749 1423 1968 1475 tantam
2002 1420 2147 1474 laeti-

526 1517 662 1570 tiam
694 1515 1154 1585 hilaritatemque
1185 1513 1429 1568 restituit
1458 1530 1630 1586 quam
1669 1531 1796 1568 cum
1826 1514 1984 1568 adest
2023 1531 2147 1568 rur-

523 1627 616 1664 sus
641 1608 880 1664 occasio.
908 1607 1204 1662 Vobiscum
1246 1624 1338 1661 me
1377 1623 1498 1662 esse
1542 1607 1789 1662 arbitror
1825 1625 1956 1663 cum
1993 1607 2150 1662 vobis

523 1720 625 1775 per
672 1703 885 1757 litteras
927 1701 1152 1772 loquor.
1204 1700 1538 1771 Quanquam
1588 1699 1764 1770 igitur
1811 1703 1884 1755 ita
1930 1717 1988 1756 se
2028 1702 2150 1756 haec

522 1797 738 1852 habere
777 1811 904 1866 qua:
945 1795 1069 1848 dico
1118 1796 1304 1848 certos
1346 1810 1441 1846 vos
1471 1810 1591 1846 esse
1637 1793 1806 1847 sciam
1847 1811 1950 1849 nec
1989 1793 2150 1865 quid-

521 1906 694 1961 quam
724 1887 794 1942 de
825 1887 1127 1942 verborum
1173 1903 1430 1941 meorum
1472 1886 1708 1940 veritate
1751 1886 2032 1955 dubitare,
2064 1891 2148 1941 ta-

524 1999 654 2037 men
701 1981 873 2036 etiam
918 1983 1324 2052 argumentum
1373 1979 1751 2034 sinceritatem
1800 1980 1882 2033 rei
1927 1981 2145 2035 asserit.

522 2075 682 2144 Nam,
705 2091 834 2129 cum
859 2073 1016 2128 nulla
1036 2089 1266 2145 prorsus
1287 2073 1608 2143 praeteritur
1627 2073 1863 2143 occasio,
1885 2073 2150 2144 probatur

520 2169 764 2223 aﬂ'ectio.
805 2167 1077 2231 Quamvis
1122 2183 1259 2237 ergo
1299 2169 1487 2220 certus
1536 2166 1640 2220 sim
1671 2183 1767 2219 vos
1807 2182 1918 2220 non
1961 2167 2148 2220 minus

522 2279 640 2318 esse
683 2263 742 2316 in
783 2262 910 2315 vita
951 2266 1078 2315 actu
1119 2260 1192 2331 (4)
1239 2276 1435 2330 graves
1482 2276 1649 2330 quam
1694 2259 1750 2313 in
1799 2262 2148 2314 sacramento

519 2357 731 2422 ﬁdeles,
763 2358 972 2420 tamen,
1002 2353 1274 2424 queuiam
1301 2369 1413 2406 non
1442 2351 1649 2405 desunt
1676 2352 1936 2406 vitiorum
1968 2369 2148 2406 asser-

517 2455 668 2506 tores
710 2419 898 2502 blandi
943 2419 997 2500 et
1018 2419 1402 2517 indulgentes
1455 2445 1680 2515 patroni
1733 2445 1831 2516 qui
1874 2419 2221 2516 prastantB

517 2543 664 2597 vitiis
701 2540 774 2612 (5)
813 2541 1204 2594 auctoritatem
1243 2546 1327 2605 et,
1377 2539 1529 2610 quod
1566 2541 1650 2592 est
1693 2538 1979 2605 deterius,
2020 2555 2146 2592 cen-

519 2652 708 2691 suram
759 2634 1182 2704 Scripturarum
1235 2631 1547 2686 ccelestium
1604 2632 1661 2684 in
1717 2632 2144 2686 advocationem

519 2729 822 2783 criminum
890 2728 1250 2792 convertunt,
1313 2725 1476 2796 quasi
1541 2725 1684 2778 sicut
1745 2726 2017 2779 innocens
2073 2725 2143 2795 (6)

519 2822 965 2894 spectaculorum
1021 2819 1092 2872 ad
1149 2819 1544 2873 remissionem
1603 2817 1781 2872 animi
1843 2821 2145 2889 appetatur

515 2914 776 2984 voluptas
808 2929 821 2968 :
853 2928 988 2967 nam
1022 2914 1077 2966 et
1101 2927 1168 2964 eo
1195 2927 1374 2982 usque
1405 2913 1704 2964 enervatus
1741 2915 1824 2964 est
1863 2911 2144 2965 ecclesias-

519 3007 640 3062 ticze
672 3005 983 3076 disciplinae
1009 3004 1172 3074 vigor
1196 3007 1252 3059 et
1277 3004 1356 3058 ita
1383 3003 1538 3058 omni
1568 3003 1846 3074 languore
1875 3003 2142 3058 vitiorum

515 3099 903 3172 praecipitatur
928 3098 986 3152 in
1026 3097 1206 3168 pejus,
1251 3103 1310 3151 ut
1343 3098 1463 3167 jam
1510 3114 1623 3151 non
1667 3097 1816 3150 vitiis
1856 3097 2140 3151 excusatio

517 3194 614 3249 sed
642 3191 950 3248 auctoritas
979 3191 1146 3244 detur
1180 3207 1194 3244 :
1228 3189 1440 3260 placuit
1471 3189 1661 3261 paucis
1701 3206 1800 3244 vos
1836 3207 1987 3244 nunc
2027 3206 2139 3244 non

517 3287 820 3353 instruere,
863 3284 958 3338 sed
1002 3283 1298 3338 instructos
1344 3283 1676 3350 admonere,
1723 3300 1793 3337 ne
1824 3283 1954 3354 quia
1994 3283 2142 3338 male

516 3383 648 3436 sunt
671 3379 858 3433 vincta
893 3378 1144 3443 vulnera,
1185 3377 1441 3431 sanitatis
1480 3376 1738 3431 obductas
1766 3382 2140 3448 perrumpant

517 3473 854 3530 cicatricem.
900 3471 1124 3526 Nullum
1165 3469 1320 3525 enim
1365 3469 1575 3524 malum
1615 3470 1897 3524 difficilius
1935 3470 2142 3524 exstin-

518 3566 710 3640 guitur
751 3580 925 3637 quam
972 3562 1123 3635 quod
1163 3563 1358 3618 faciles
1402 3563 1614 3617 reditus
1662 3563 1852 3629 habet,
1901 3563 2037 3617 dum
2083 3565 2142 3617 et

517 3657 900 3715 multitudinis
959 3673 1234 3712 consensu
1304 3655 1591 3722 asseritur,
1659 3659 1715 3710 et
1777 3656 2138 3711 excusatione

512 3752 818 3809 blanditur.

584 3847 652 3903 ll.
689 3846 810 3902 Non
841 3845 1040 3918 pudet,
1072 3861 1188 3900 non
1216 3841 1411 3916 pudet,
1440 3843 1695 3915 inquam,
1730 3842 1922 3898 ﬁdeles
1953 3843 2136 3898 homi-

516 3958 616 3998 nes
655 3946 710 3996 et
745 3938 1050 3995 Christiani
1082 3938 1186 3992 sibi
1230 3936 1477 3993 nominis
1515 3937 1907 3992 auctoritatem
1951 3937 2138 3992 vindi-

515 4037 723 4104 cantes,
753 4032 1182 4104 superstitiones
1218 4047 1388 4086 vanas
1420 4031 1716 4100 gentilium
1747 4047 1875 4084 cum
1917 4035 2137 4102 specta-

517 4129 656 4184 culis
706 4126 901 4181 mistas
942 4125 1010 4180 de
1049 4124 1351 4196 Scripturis
1393 4124 1712 4178 caelestibus
1747 4124 1817 4193 (7)
1856 4124 2139 4178 vindicare

517 4226 574 4276 et
601 4220 853 4276 divinam
885 4218 1280 4274 auctoritatem
1307 4214 1640 4271 idololatrias
1668 4217 1948 4271 conferre.
1973 4218 2136 4285 Nam,

517 4313 803 4387 quomodo
833 4311 890 4366 id
922 4311 1073 4382 quod
1112 4309 1168 4364 in
1206 4309 1427 4364 honoro
1465 4309 1702 4380 alicujus
1739 4309 1869 4364 idoli
1911 4309 2136 4364 ab'eth-

517 4407 658 4463 nicis
702 4406 891 4478 agitur
921 4421 954 4458 a
987 4403 1250 4458 ﬁdelibus
1290 4401 1624 4459 Christianis
1667 4404 1984 4474 spectaculo
2026 4403 2133 4457 fre-

519 4504 844 4576 quentatur,
868 4503 925 4554 et
943 4496 1268 4553 idololatria
1289 4495 1516 4568 gentilis
1537 4494 1827 4566 asseritur,
1847 4499 1903 4550 et
1925 4496 1982 4550 in
2008 4513 2138 4550 con-

2256 1158 2346 1196 me
2380 1145 2536 1196 tenet
2562 1142 3016 1213 praescriptiones
3047 1140 3239 1214 782
3271 1157 3474 1196 eorum
3500 1141 3557 1195 in
3586 1141 3683 1194 hac
3707 1159 3848 1196 causa

2253 1237 2312 1288 et
2354 1235 2666 1305 patrocinia
2714 1236 2944 1290 referre.
2994 1235 3118 1302 Ubi,
3163 1234 3458 1306 inquiunt,
3507 1234 3698 1304 scripta
3739 1241 3849 1289 sunt

2251 1326 2400 1381 ista?
2438 1327 2540 1382 Ubi
2582 1328 2911 1398 prohibita?
2939 1327 3205 1398 Alioquin
3249 1333 3306 1382 et
3351 1327 3553 1398 auriga
3595 1332 3671 1380 est
3705 1329 3848 1381 Israel

2253 1420 2456 1487 Helias,
2497 1423 2554 1473 et
2585 1424 2715 1474 ante
2744 1438 2934 1475 arcam
2964 1420 3142 1475 David
3174 1422 3296 1491 ipse
3327 1420 3568 1474 saltavit.
3599 1419 3752 1473 Nabla
3770 1423 3848 1491 (8),

2251 1528 2508 1583 cynares,
2571 1530 2708 1580 aera,
2759 1518 3051 1586 tympana,
3098 1513 3288 1578 tibias,
3347 1514 3632 1584 cytharas,
3676 1513 3851 1567 choros

2250 1606 2509 1675 legimus.
2544 1608 2837 1677 Apostolus
2857 1623 3084 1678 quoque
3111 1605 3384 1662 dimicans
3407 1611 3589 1661 cestus
3612 1609 3663 1659 et
3678 1607 3852 1660 colluc-

2249 1698 2477 1753 tationis
2498 1702 2708 1754 nostrae
2733 1700 3000 1755 adversus
3021 1700 3292 1771 spiritalia
3314 1700 3586 1770 nequitia:
3615 1701 3853 1770 proponit

2250 1794 2563 1847 certamen.
2605 1793 2839 1859 Rursus,
2883 1809 3016 1847 cum
3053 1793 3123 1847 de
3164 1793 3344 1848 stadio
3396 1793 3570 1846 sumit
3605 1792 3852 1862 exempla,

2249 1901 2474 1941 coronis
2502 1901 2727 1958 quoque
2765 1887 3004 1942 collocat
3041 1886 3301 1958 premis.
3330 1887 3448 1939 Cur
3490 1902 3626 1955 ergo
3661 1885 3855 1939 homini

2249 1977 2571 2032 Christiano
2621 1979 2774 2034 fideli
2823 1995 2942 2034 non
2996 1981 3162 2034 liceat
3209 1984 3469 2050 spectare
3523 1978 3671 2049 quod
3720 1977 3855 2030 licuit

2249 2069 2454 2125 divinis
2491 2071 2716 2126 Litteris
2753 2073 3040 2128 scribere?
3070 2074 3182 2128 Hoc
3208 2074 3266 2128 in
3292 2072 3412 2126 loco
3445 2088 3561 2126 non
3594 2071 3854 2125 immerito

2249 2162 2496 2219 dixerim
2549 2165 2719 2236 longe
2769 2166 2974 2220 melius
3022 2166 3192 2220 fuisse
3247 2165 3364 2219 istis
3418 2166 3604 2220 nullas
3649 2164 3852 2218 Litteras

2247 2273 2412 2311 nosse
2462 2274 2633 2329 quam
2691 2258 2771 2313 sic
2821 2258 3061 2314 Litteras
3113 2260 3320 2329 legere.
3381 2259 3564 2314 Verba
3619 2259 3760 2312 enim
3809 2261 3856 2311 et

2249 2352 2512 2422 exempla
2536 2368 2662 2423 quae
2689 2352 2759 2407 ad
2786 2352 3239 2408 exhortationem
3280 2353 3623 2423 evangelica:
3661 2351 3855 2404 virtutis

2246 2443 2427 2514 posita
2467 2449 2619 2513 sunt,
2661 2446 2728 2499 ad
2771 2446 3034 2500 vitiorum
3081 2445 3388 2517 patrocinia
3433 2445 3852 2509 transferuntur;

2245 2537 2513 2608 quoniam
2557 2555 2672 2593 non
2713 2544 2772 2592 ut
2798 2544 3192 2609 spectarentur
3221 2539 3328 2593 ista
3354 2540 3564 2609 scripta
3604 2543 3746 2604 sunt,
3773 2537 3854 2590 scd

2246 2634 2308 2683 ut
2362 2631 2566 2685 animis
2615 2632 2823 2686 nostris
2872 2633 3143 2687 instantia
3197 2633 3382 2702 major
3433 2633 3763 2686 excitaretur
3806 2631 3853 2683 in

2244 2723 2412 2778 rebus
2452 2725 2786 2796 profuturis,
2831 2726 2970 2780 dum
3010 2732 3162 2782 tanta
3205 2730 3290 2780 est
3329 2726 3484 2796 apud
3530 2723 3773 2780 ethnicos
3806 2723 3854 2776 in

2245 2816 2415 2870 rebus
2439 2833 2551 2871 non
2580 2818 2914 2888 profuturis.

2317 2911 2404 2966 lll.
2457 2915 2870 2982 Argumentum
2927 2915 3013 2966 est
3065 2929 3203 2984 ergo
3256 2912 3578 2968 excitanda:
3629 2910 3852 2976 virtutis,

2243 3019 2358 3057 non
2399 3004 2694 3074 permissio
2734 3004 2848 3059 sive
2891 3005 3123 3059 libertas
3170 3005 3468 3077 spectandi
3513 3005 3737 3074 gentilis
3775 3021 3850 3058 er-

2241 3096 2388 3150 roris
2414 3102 2476 3151 ut
2500 3113 2600 3168 per
2630 3098 2736 3152 hoc
2774 3098 2998 3152 animus
3043 3099 3171 3169 plus
3208 3098 3561 3153 accendatur
3599 3099 3666 3153 ad
3702 3114 3850 3152 evan-

2243 3189 2481 3260 gelicam
2525 3191 2793 3245 virtutem
2835 3196 3069 3262 propter
3098 3191 3290 3245 divina
3329 3192 3573 3262 premis
3617 3208 3740 3245 cum
3767 3206 3853 3261 per

2241 3283 2497 3337 omnium
2526 3283 2786 3338 laborum
2815 3291 2872 3339 et
2901 3285 3162 3340 dolorum
3191 3284 3577 3340 calamitatem
3609 3282 3852 3338 conceda-

2241 3381 2334 3430 tur
2383 3379 2685 3447 pervenire
2731 3378 2800 3432 ad
2852 3383 3070 3433 aeterna
3117 3379 3483 3450 compendia.
3537 3379 3677 3433 Nam
3723 3374 3852 3448 quod

2243 3469 2426 3524 Helias
2467 3471 2667 3541 auriga
2719 3477 2804 3526 est
2847 3472 3063 3526 lsraelis
3109 3489 3219 3526 non
3273 3473 3668 3543 patrocinatur
3712 3487 3849 3540 spec-

2239 3563 2425 3617 tandis
2455 3563 2797 3618 circensibus
2827 3581 2840 3620 :
2873 3565 2929 3618 in
2974 3566 3128 3620 nullo
3159 3566 3315 3620 enim
3347 3565 3393 3619 is
3424 3566 3576 3620 circo
3608 3562 3849 3620 cucurrit.

2241 3657 2306 3712 Et
2353 3657 2505 3728 quod
2546 3657 2717 3712 David
2769 3658 2828 3713 in
2869 3662 3177 3730 conspectu
3221 3659 3320 3714 Dei
3357 3659 3567 3714 choros
3594 3660 3708 3729 egit
3731 3655 3852 3711 nihil

2241 3749 2470 3820 adjuvat
2512 3751 2572 3805 in
2623 3751 2848 3807 theatro
2899 3752 3162 3807 sedentes
3207 3752 3566 3808 Christianos
3614 3751 3796 3807 tideles
3837 3764 3848 3802 :

2239 3844 2392 3898 nulla
2435 3845 2589 3898 enim
2631 3845 2888 3900 obscenis
2929 3846 3174 3900 motibus
3209 3845 3474 3900 membra
3515 3827 3850 3917 distorquens

2239 3937 2532 3992 desaltavit
2578 3938 2786 3994 Graeca:
2836 3938 3084 3993 libidinis
3133 3939 3407 3995 fabulam.
3461 3940 3728 4008 Nabulce,
3772 3952 3848 4008 cy-

2239 4046 2412 4098 narte,
2440 4031 2613 4099 tibiae,
2650 4035 2942 4103 tympana,
2975 4033 3213 4088 citharas
3252 4033 3502 4088 Domino
3535 4035 3848 4093 servierunt,

2239 4140 2352 4178 non
2402 4124 2585 4180 idolis.
2625 4125 2747 4180 Non
2789 4125 2963 4197 igitur
3000 4127 3397 4198 praescribatur
3436 4132 3505 4181 ut
3546 4129 3850 4199 spectentur

2237 4217 2466 4285 illicita;
2521 4236 2552 4272 a
2611 4219 2838 4274 diabolo
2889 4219 3101 4274 artitice
3159 4236 3228 4275 ex
3289 4222 3500 4275 sanctis
3556 4221 3616 4275 in
3681 4219 3848 4275 illicita

2238 4314 2459 4366 mutata
2484 4317 2634 4366 sunt.
2666 4312 2998 4367 Prsescribat
3033 4313 3210 4384 igitur
3248 4313 3368 4368 istis
3404 4313 3618 4386 pudor,
3647 4308 3849 4368 etiamsi

2237 4420 2352 4458 non
2383 4408 2615 4476 possunt
2649 4408 2857 4460 sanctis
2888 4406 3128 4461 Litterae.
3170 4407 3444 4470 Quaedam
3489 4407 3647 4461 enim
3693 4404 3849 4473 Scrip-

2238 4500 2367 4552 tura
2397 4499 2583 4570 magis
2625 4499 2881 4571 providet
2904 4499 2964 4554 in
3004 4500 3405 4572 precipiendo.
3460 4497 3846 4556 Verecundiam

1805 4646 2028 4730 Steph.
2075 4646 2319 4712 Baluzii
2363 4653 2564 4712 notas.

514 4777 811 4842 Fuxensis,
841 4791 906 4830 ex
939 4776 1274 4830 Colbertina.
1313 4775 1524 4827 Horum
1570 4775 1836 4825 librorum
1879 4776 2131 4826 auctori-

515 4859 626 4905 tate
648 4851 938 4903 emendavi
989 4850 1140 4898 hunc
1193 4849 1416 4908 librum,
1457 4847 1596 4896 nihil
1639 4845 1847 4896 addens
1892 4845 1960 4896 de
2007 4859 2130 4898 meo

513 4937 697 4990 neque
721 4927 961 4973 mutans.
994 4921 1173 4970 Varias
1211 4923 1394 4969 autem
1436 4917 2136 4990 suntgvirorumﬂerudito-

515 4988 640 5047 rum
679 4994 968 5058 Opiniones
1010 4991 1078 5041 de
1121 4992 1239 5053 ejus
1282 4988 1795 5050 auctoreoQuidam
1838 4989 1996 5039 illum
2039 4990 2136 5039 de-

516 5065 750 5118 eretorio
827 5062 1036 5126 judicio
1113 5061 1437 5123 abjudicant
1517 5058 1833 5123 Cypriane;
1920 5065 2134 5122 contra,

514 5137 703 5200 plures
738 5135 838 5184 viri
884 5132 1028 5182 docti
1074 5135 1127 5180 et
1164 5129 1380 5190 eruditi,
1418 5131 1680 5179 nimirum
1732 5130 2137 5181 illustrissimus

516 5205 811 5258 cardinalis
876 5202 1184 5262 Batonius,
1254 5201 1500 5252 Jacobus
1571 5201 1884 5262 Pamelius,
1941 5200 2136 5252 Petrus

517 5276 697 5330 Faber
735 5273 1114 5338 Ssnjorianus,
1151 5271 1392 5322 Jacobus
1441 5270 1786 5331 Sirmondus,
1815 5271 2137 5322 Desiderius

516 5343 809 5405 Heraldus,
867 5356 933 5393 ac
984 5343 1216 5392 fortasse
1267 5341 1380 5404 alii,
1433 5341 1590 5390 illum
1646 5343 1820 5391 citant.
1871 5346 2133 5406 tanquam

513 5417 820 5482 genuinum
888 5412 1148 5482 Cypriani
1217 5411 1432 5468 fatum.
1491 5413 1653 5461 etiam
1727 5411 2134 5463 illustrissimus

513 5481 884 5540 Bellarminus
955 5481 1175 5534 videtur
1246 5483 1592 5533 existimasse
1658 5494 1782 5532 esse
1847 5483 2130 5547 Cypriani.

513 5559 651 5622 Ego,
706 5557 764 5606 in
813 5568 879 5605 ea
932 5554 1256 5617 opinionum
1301 5552 1619 5603 diversitate
1673 5552 1885 5602 nemini
1933 5556 2132 5617 prmju-

512 5631 726 5685 dicans,
757 5625 1052 5676 arbitratus
1091 5637 1216 5674 sum
1261 5636 1374 5674 non
1422 5635 1542 5674 esse
1589 5627 1798 5674 temere
1838 5626 2132 5689 sejungen-

508 5700 646 5752 dum
681 5713 713 5750 a
737 5697 998 5764 legitimis
1027 5695 1205 5747 sancti
1243 5693 1496 5761 Martyris
1521 5694 1798 5759 operibus,
1825 5697 2129 5758 praesertim

506 5785 641 5830 cum
667 5769 1018 5825 observatum
1049 5780 1080 5821 a
1121 5765 1408 5819 nonnullis
1446 5764 1518 5816 sit
1552 5778 1664 5817 non
1702 5766 1776 5817 ita
1816 5765 2130 5833 discrepare

2232 4789 2261 4826 ι
2287 4777 2430 4841 stylo
2459 4781 2595 4842 ejus,
2623 4782 2684 4828 ut
2709 4777 2936 4844 quidam
2959 4779 3360 4830 existimarunt.

2297 4849 2364 4909 (εἰ)
2387 4848 2524 4898 Plebi
2565 4842 2935 4914 in,anngslio
2973 4851 3157 4900 stanti.
3194 4849 3288 4901 Sic
3314 4849 3460 4900 liber
3491 4847 3769 4900 Novatiani
3793 4842 3845 4895 ds

2236 4917 2359 4968 cibis
2381 4919 2640 4983 Judaicis,
2660 4923 2709 4971 si
2731 4935 2862 4972 vera
2882 4925 2965 4973 est
2991 4922 3276 4986 inscriptio
3297 4936 3310 4972 :
3337 4921 3486 4971 Plebi
3507 4923 3562 4971 in
3582 4917 3843 4983 Evangelia

2229 4992 2504 5052 perstanti.

2299 5061 2362 5123 (3)
2410 5061 2682 5112 Scribendi
2723 5063 2948 5114 occasio.
2980 5063 3174 5114 Plures
3212 5067 3344 5115 sunt
3385 5066 3571 5116 sancti
3613 5061 3842 5128 Martyris

2233 5131 2493 5195 Epistolm
2521 5133 2714 5184 eodem
2745 5147 2913 5184 sensu
2936 5135 3174 5198 scriptas.

2297 5204 2360 5263 (4)
2401 5203 2528 5252 Vita
2546 5210 2686 5254 actu.
2714 5204 2902 5256 Codex
2922 5205 3212 5268 Fuxensis,
3227 5207 3392 5271 justis
3417 5207 3642 5258 actibus.

2300 5273 2361 5336 (ὅ)
2404 5273 2569 5325 Vitiis.
2604 5274 2755 5326 Idem
2786 5275 2961 5327 codex
2984 5275 3218 5341 flagitiis.

2297 5344 2367 5407 (6)
2414 5346 2558 5396 Sicut
2599 5349 2856 5398 innocens.
2892 5347 3121 5400 Veteres
3167 5349 3312 5413 libri,
3350 5351 3470 5400 sine
3513 5349 3671 5414 culpa
3706 5351 3837 5399 inno-

2232 5426 2366 5465 ιιηε.

2293 5487 2360 5547 (7)
2399 5487 2476 5536 Ds
2503 5487 2795 5552 Scripturis
2837 5489 3144 5542 calestibus.
3189 5491 3398 5544 Eodem
3446 5493 3618 5545 modo
3663 5493 3834 5543 tractat

2230 5553 2339 5628 Ρρο
2377 5563 2766 5628 In'Kumentum
2800 5561 3059 5624 magister
3096 5561 3354 5628 Cypriani
3382 5565 3753 5615 Tertullianus
3786 5564 3830 5610 in

2228 5623 2371 5676 libro
2395 5639 2496 5676 suo
2517 5627 2581 5676 de
2603 5623 2938 5692 Spectaculis.

2291 5696 2596 5772 (BLIYONG.
2638 5699 2780 5772 Vide
2819 5702 3250 5769 Hospintanum,
3293 5705 3386 5758 lib.
3443 5720 3483 5758 ιι
3532 5707 3596 5759 de
3639 5702 3830 5772 Templis

2229 5780 2348 5834 cap.
2374 5766 2453 5833 83,
2481 5782 2603 5838 ps3.
2630 5769 2741 5825 309.
