4032 6180
512 323 614 377 815

483 539 759 610 stupidos,
807 537 983 591 modo
1026 537 1317 601 obscenos,
1357 535 1410 588 in
1459 535 1728 588 omnibus
1767 534 2021 598 stolidos,
2059 534 2116 587 in

480 631 742 686 omnibus
768 620 1201 684 inverecundos.
1232 630 1299 682 Et
1337 644 1464 682 cum
1497 628 1636 681 nulli
1683 628 1979 681 hominum
2020 631 2116 681 aut

484 724 680 796 generi
707 730 803 778 aut
826 723 1164 794 professioni
1199 722 1268 774 ab
1301 721 1687 791 improborum
1721 721 1964 775 istorum
1996 737 2112 774 ser-

481 833 648 872 mone
684 822 964 888 parcatur,
994 816 1062 869 ab
1096 815 1362 869 omnibus
1402 817 1591 867 tamen
1626 815 1694 867 ad
1727 814 2114 884 spectaculum

483 911 832 964 convenitur.
863 911 1180 965 Commune
1221 907 1465 961 dedecus
1510 906 1767 973 delectat,
1797 907 1984 960 videre
2027 907 2115 960 vel

482 1019 883 1074 recognoscere
931 1002 1041 1055 otia
1088 1002 1170 1054 vel
1212 1000 1450 1054 discere.
1485 999 1854 1054 Concurritur
1891 999 2001 1053 illic
2040 999 2114 1052 ad

482 1096 760 1167 pudorem
802 1094 1088 1165 publicum
1134 1093 1442 1163 lupanaris,
1489 1093 1556 1146 ad
1600 1091 1961 1146 obscenitatis
2000 1109 2115 1148 ma-

483 1188 809 1258 gisterium,
857 1204 930 1240 ne
978 1186 1117 1256 quid
1167 1188 1386 1242 secreto
1440 1185 1628 1239 minus
1687 1191 1894 1255 agatur
1938 1201 2112 1256 quam

485 1281 634 1352 quod
664 1281 720 1334 in
749 1280 968 1350 publico
997 1278 1259 1345 discitur;
1291 1284 1348 1331 et
1389 1278 1540 1332 inter
1581 1278 1728 1348 ipsas
1763 1279 1917 1348 leges
1956 1279 2114 1333 doce-

482 1377 578 1427 tur
611 1372 890 1444 quidquid
929 1371 1152 1442 legibus
1193 1370 1572 1426 interdicitur.
1616 1370 1762 1434 Quid
1809 1373 1959 1425 inter
1993 1372 2113 1425 haec

485 1465 832 1520 Christianus
857 1464 1037 1518 ﬁdelis
1062 1464 1194 1518 facit
1219 1464 1308 1517 cui
1336 1463 1471 1540 vitia
1511 1480 1625 1518 non
1656 1465 1789 1518 licet
1818 1480 1922 1519 nec
1958 1465 2108 1535 cogi-

482 1557 646 1613 tare?
701 1556 837 1627 quid
867 1556 1203 1623 ,oblectatur
1248 1556 1564 1610 simulacris
1609 1557 1886 1626 libidinis,
1939 1560 2004 1611 ut
2051 1558 2110 1611 in

479 1649 616 1720 ipsis
646 1649 908 1720 deposita
935 1648 1277 1703 verecundia
1303 1649 1572 1704 audacior
1604 1651 1702 1703 ﬁat
1729 1651 1801 1704 ad
1831 1649 2110 1704 crimina?

482 1742 652 1797 Discit
679 1748 734 1797 et
762 1743 947 1797 facere
985 1742 1124 1796 dum
1167 1743 1486 1796 consuescit
1526 1742 1736 1797 videre.
1773 1743 1885 1797 Illae
1917 1746 2110 1797 tamen

1419 308 1472 370 S.
1513 309 1827 372 CYPRIANI
1865 314 2141 370 OPERUM
2179 311 2350 370 PARS
2379 311 2445 367 Il.
2477 343 2545 354 —-
2581 307 2946 370 OPUSCULA.

493 446 773 511 sordidos,
805 445 954 514 ipsos
984 459 1211 514 quoque
1237 441 1673 512 patresfamilias
1701 444 1923 511 togatos
1949 439 2121 495 modo

3715 321 3806 375 816

2143 445 2504 531 Aprzeterea
2553 439 2658 494 ista
2707 439 3051 505 luctamina,
3105 438 3189 492 vir
3232 437 3374 492 infra
3423 437 3594 494 virum
3634 441 3805 511 jacens

2220 533 2572 603 amplexibus
2593 533 2902 588 inhonestis
2925 539 2983 586 et
3008 532 3245 586 nexibus
3271 532 3614 602 implicatur!
3646 537 3699 589 lu
3723 541 3800 593 tali

2216 626 2528 681 certamine
2569 627 2772 681 viderit
2814 628 2896 680 vel
2948 625 3155 691 vincat,
3209 626 3394 696 pudor
3432 631 3610 680 tamen
3652 629 3805 684 victus

2215 723 2317 773 est.
2352 722 2489 774 Ecce
2519 718 2620 774 tibi
2653 720 2797 774 alter
2823 720 3008 774 nudus
3043 720 3189 786 salit,
3223 718 3369 772 alter
3405 719 3587 774 orbem
3621 738 3803 778 aereum

2215 813 2495 867 contentis
2519 813 2579 866 in
2614 828 2804 867 aerem
2850 813 3060 866 viribus
3101 812 3297 882 jactat.
3329 812 3452 866 Haec
3498 813 3660 883 gloria
3701 833 3798 872 non

2214 911 2317 972 est,
2367 907 2465 960 sed
2521 906 2830 960 dementia.
2878 905 3131 976 Denique
3176 921 3405 960 remove
3447 909 3796 978 spectatorem,

2213 998 2528 1054 reddideris
2561 999 2891 1053 vanitatem.
2927 998 3218 1069 Fugienda
3266 1004 3398 1052 sunt
3437 998 3538 1054 ista
3568 1016 3598 1053 a
3636 1001 3799 1057 Chris-

2213 1091 2378 1145 tianis
2427 1091 2706 1159 ﬁdelibus,
2755 1095 2818 1145 ut
2868 1093 2989 1162 jam
3046 1092 3376 1162 frequenter
3420 1091 3667 1162 diximus,
3699 1100 3798 1150 tam

2212 1201 2382 1250 vana,
2426 1187 2547 1238 tam
2599 1185 2931 1255 perniciosa,
2980 1189 3095 1239 tam
3129 1185 3404 1256 sacrilega
3445 1188 3802 1257 spcctacula,a

2213 1278 2415 1348 quibus
2442 1283 2499 1332 et
2524 1279 2670 1332 oculi
2700 1279 2876 1333 nostri
2917 1284 2972 1334 et
3007 1295 3176 1333 aures
3211 1284 3400 1333 essent
3434 1280 3797 1337 custodiendas.

2213 1371 2335 1424 Cito
2363 1371 2420 1424 in
2448 1371 2554 1425 hoc
2579 1372 2954 1425 assuescimus
2985 1371 3140 1442 quod
3179 1371 3467 1440 audimus,
3499 1373 3640 1443 quod
3674 1374 3800 1428 vide-

2211 1479 2360 1517 mus.
2389 1465 2552 1532 Nam,
2581 1480 2708 1518 cum
2738 1481 2901 1518 mens
2939 1464 3189 1519 hominis
3225 1465 3294 1518 ad
3340 1464 3476 1519 vitia
3516 1465 3629 1535 ipsa
3651 1463 3796 1521 duca-

2211 1559 2323 1624 tur,
2363 1557 2498 1627 quid
2538 1557 2718 1626 faciet,
2760 1559 2805 1611 si
2847 1557 3115 1612 habuerit
3149 1559 3418 1628 exempla
3452 1562 3660 1613 naturas
3691 1577 3798 1614 cor-

2210 1649 2363 1719 poris
2384 1649 2598 1704 lubrica
2619 1666 2745 1722 quae
2773 1653 2971 1721 sponte
3000 1651 3251 1705 corruit?
3270 1650 3408 1721 quid
3435 1650 3614 1714 faciet,
3632 1651 3800 1725 786

2212 1742 2254 1795 si
2294 1742 2464 1797 fuerit
2497 1742 2784 1814 impulsa?
2809 1744 3134 1800 Avocandus
3175 1749 3259 1798 est
3296 1743 3475 1815 igitur
3511 1745 3719 1799 animus
3744 1747 3802 1799 ab

481 1852 620 1907 quas
663 1835 960 1890 infelicitas
1003 1852 1102 1888 sua
1145 1835 1216 1888 ad
1257 1835 1585 1890 servitutem
1631 1835 1869 1890 inseruit
1894 1842 1948 1890 et
1978 1852 2108 1907 pro-
2132 1825 2189 1896 Β
2213 1835 2351 1890 istis.

481 1927 698 1994 stravit,
749 1928 1014 1982 libidines
1068 1928 1326 2000 publicas
1381 1928 1692 1996 occultant,
1749 1935 1805 1983 et
1861 1929 2108 1984 dedecus

482 2038 647 2077 suum
701 2021 773 2075 de
822 2022 1057 2076 latebris
1107 2022 1486 2076 consolantur.
1534 2022 1887 2076 Erubescunt
1929 2023 2112 2077 videri

483 2116 651 2170 etiam
692 2129 820 2185 quae
862 2115 1142 2184 pudorem
1189 2114 1583 2170 vendiderunt.
1620 2120 1688 2169 At
1728 2116 1876 2170 istud
1920 2116 2108 2187 publi-

483 2224 614 2262 cum
649 2205 838 2279 785
871 2210 1191 2262 monstrum
1225 2207 1488 2262 omnibus
1515 2209 1829 2264 videntibus
1871 2210 2108 2280 geritur,

484 2305 539 2356 et
588 2301 1014 2372 prostitutarum
1070 2301 1343 2354 transitur
1397 2301 1730 2357 obscenitas.
1797 2302 2109 2366 Quaesitum

483 2398 567 2450 est
644 2393 933 2464 quomodo
1013 2394 1353 2448 adulterium
1429 2395 1601 2448 oculis
1684 2395 2104 2449 admitteretur.

484 2487 619 2540 Huic
677 2485 943 2540 dedecori
1001 2486 1345 2556 condignum
1400 2487 1640 2541 dedecus
1693 2488 2106 2557 superducitur.

483 2581 660 2634 Homo
724 2579 932 2633 fractus
996 2579 1260 2633 omnibus
1326 2579 1635 2646 membris,
1705 2584 1762 2633 et
1821 2580 1906 2634 vir
1969 2582 2114 2635 ultra

485 2671 830 2726 muliebrem
910 2672 1212 2726 mollitiem
1293 2673 1630 2742 dissolutus,
1709 2673 1799 2728 cui
1878 2690 1966 2727 ars
2045 2674 2116 2728 sit

486 2765 655 2820 verba
697 2765 959 2819 manibus
999 2765 1290 2835 expedire,
1329 2769 1387 2818 et
1424 2770 1660 2836 propter
1700 2783 1881 2828 unum
1927 2767 2114 2822 nescio

487 2873 660 2930 quem
690 2874 796 2912 nec
833 2859 1014 2912 virum
1047 2875 1153 2912 nec
1179 2859 1478 2926 feminam,
1507 2867 1894 2914 commovetur
1921 2861 2114 2914 civitas

486 2955 626 3019 tota,
675 2955 736 3006 ut
772 2952 1127 3024 desaltentur
1166 2952 1436 3006 fabulosa:
1477 2953 1883 3024 antiquitatum
1923 2954 2115 3007 libidi-

487 3061 608 3100 nes.
650 3047 730 3100 Ita
765 3020 992 3099 amatur
1035 3045 1310 3116 quidquid
1357 3061 1468 3098 non
1511 3020 1659 3110 licet,
1689 3049 1753 3100 ut
1782 3063 1910 3118 quas
1941 3047 2116 3101 etiam

489 3143 625 3193 aetas
667 3138 1060 3205 absconderat,
1090 3137 1194 3192 sub
1238 3139 1527 3192 oculorum
1568 3139 1906 3194 memoriam
1945 3139 2115 3194 redu-

489 3237 708 3287 cantur.

561 3326 674 3380 VlI.
703 3326 824 3379 Non
855 3327 943 3378 est
968 3323 1192 3377 libidini
1231 3325 1363 3379 satis
1400 3324 1563 3379 malis
1603 3325 1718 3379 suis
1753 3327 1833 3380 uti
1868 3342 2113 3397 praesen-

489 3419 662 3486 tibus,
691 3418 798 3472 nisi
837 3433 1000 3472 suum
1039 3416 1109 3470 de
1147 3418 1463 3487 spectaculo
1495 3418 1665 3472 faciat
1702 3419 1761 3473 in
1801 3435 1912 3490 quo
1941 3420 2116 3474 etiam

491 3512 751 3582 superior
781 3513 914 3565 tetas
941 3513 1244 3565 erraverat.
1274 3512 1397 3565 Non
1439 3511 1589 3579 licet,
1622 3512 1878 3583 inquam,
1921 3514 2117 3568 adesse

491 3605 829 3663 Christianis
865 3603 1156 3671 ﬁdelibus,
1203 3620 1317 3658 non
1368 3604 1499 3658 licet
1546 3605 1808 3675 omnino,
1854 3623 1960 3660 nec
2010 3607 2118 3661 illis

495 3715 636 3771 quos
687 3699 758 3753 ad
812 3697 1188 3752 delinimenta
1249 3697 1473 3752 aurium
1527 3698 1600 3752 ad
1655 3715 1854 3754 omnes
1905 3700 2119 3772 ubique

495 3791 707 3848 Graecia
753 3791 1055 3846 instructos
1098 3790 1214 3844 suis
1260 3790 1420 3845 vanis
1462 3791 1676 3846 artibus
1724 3792 1915 3848 mittit.
1953 3794 2116 3848 Clan-

495 3901 662 3958 gores
712 3883 863 3938 tubas
908 3883 1142 3938 bellicos
1197 3884 1342 3938 alter
1388 3883 1647 3938 imitatur
1694 3902 1923 3955 raucos,
1975 3887 2122 3941 alter

493 3973 765 4050 lugubres
803 3994 967 4032 sonos
1008 3976 1209 4048 spiritu
1247 3976 1443 4032 tibiam
1484 3977 1722 4034 inﬂante
1771 3979 2118 4048 moderatur,

497 4073 674 4142 alter,
724 4087 855 4126 cum
910 4070 1094 4124 choris
1148 4075 1204 4126 et
1255 4086 1384 4125 cum
1433 4071 1680 4126 hominis
1733 4089 1938 4127 canora
1989 4088 2121 4128 voce

496 4165 845 4223 contendens
870 4163 1074 4235 spiritu
1115 4180 1239 4233 suo,
1274 4181 1446 4235 quem
1477 4165 1549 4220 de
1584 4165 1888 4221 visceribus
1913 4167 2028 4222 suis
2061 4166 2122 4220 in

498 4257 791 4329 superiora
819 4257 1071 4327 corporis
1108 4257 1294 4312 nitens
1330 4258 1622 4327 hauserat,
1661 4259 1930 4314 tibiarum
1966 4260 2121 4316 fora-

499 4350 749 4406 minibus
795 4350 1150 4415 modulatur;
1208 4367 1359 4406 nunc
1407 4351 1607 4417 eﬁ‘uso,
1659 4355 1715 4406 et
1765 4369 1917 4408 nunc
1969 4354 2123 4408 intus

506 4444 726 4500 occluso
787 4448 955 4516 atque
1014 4442 1074 4497 in
1136 4460 1326 4499 aerem
1385 4462 1488 4516 pro
1552 4447 1718 4501 certis
1778 4447 2124 4501 foraminum

2137 3186 2192 3260 C

2285 1930 2364 1983 IX.
2397 1928 2575 1983 Habet
2589 1929 2940 1986 Christianus
2967 1931 3284 2001 spectacula
3309 1931 3566 1998 meliora,
3594 1931 3638 1986 si
3668 1932 3808 1999 velit;

2210 2023 2381 2078 habet
2407 2038 2565 2077 veras
2596 2029 2651 2077 et
2678 2023 3004 2094 profuturas
3032 2025 3374 2095 voluptates,
3408 2025 3454 2079 si
3484 2042 3540 2079 se
3570 2041 3811 2096 recogno-

2210 2115 2372 2170 verit.
2419 2117 2510 2180 Et,
2556 2119 2620 2170 ut
2664 2115 2930 2171 omittam
2975 2116 3069 2172 illa
3108 2135 3235 2188 quae
3277 2118 3536 2173 nondum
3581 2123 3808 2173 contem-

2212 2209 2358 2279 plari
2399 2213 2655 2280 possunt,
2685 2209 2861 2264 habet
2904 2211 3071 2266 istam
3096 2211 3303 2266 mundi
3335 2212 3814 2282 pulchritudinem,

2212 2318 2386 2373 quam
2423 2302 2610 2357 videat
2651 2305 2822 2374 atque
2859 2303 3118 2371 miretur,
3176 2304 3306 2358 solis
3347 2311 3535 2359 ortum
3583 2305 3813 2376 aspiciat,

2213 2413 2410 2450 rursus
2475 2413 2736 2452 occasum
2802 2397 3018 2451 mutuis
3079 2397 3294 2453 vicibus
3359 2398 3480 2454 dies
3541 2404 3816 2468 noctesque

2213 2495 2596 2557 revocantem,
2629 2490 2861 2562 globum
2892 2490 3045 2545 lunae
3073 2493 3406 2562 temporum
3434 2509 3627 2547 cursus
3653 2492 3817 2546 incre-

2215 2579 2424 2633 mentis
2472 2579 2586 2632 suis
2639 2579 3126 2651 decrementisque
3173 2580 3520 2652 signantem,
3567 2586 3819 2634 astrorum

2215 2671 2548 2726 micantium
2575 2672 2778 2727 choros
2815 2679 2870 2727 et
2898 2673 3124 2728 assidue
3166 2673 3236 2727 de
3270 2690 3500 2729 summa
3531 2675 3821 2729 mobilitate

2213 2764 2519 2835 fulgentes,
2552 2765 2688 2821 anni
2717 2766 2886 2820 totius
2916 2783 3018 2836 per
3055 2767 3204 2822 vices
3241 2784 3475 2822 summa
3515 2769 3584 2822 de
3616 2783 3819 2822 summo

2216 2858 2473 2912 membra
2525 2859 2722 2925 divisa,
2775 2865 2832 2914 et
2887 2860 3005 2915 dies
3053 2861 3209 2930 ipsos
3256 2877 3388 2914 cum
3438 2861 3694 2916 noctibus
3733 2876 3822 2930 per

2216 2950 2491 3005 horarum
2539 2952 2718 3022 spatia
2767 2953 3046 3024 digestos,
3101 2957 3266 3008 terra:
3315 2954 3528 3008 molem
3583 2953 3822 3007 libratam

2217 3061 2345 3098 cum
2375 3045 2686 3115 montibus,
2719 3051 2774 3100 et
2811 3047 3034 3116 proﬂua
3068 3046 3302 3100 ﬂumina
3343 3063 3475 3101 cum
3522 3047 3634 3100 suis
3672 3044 3822 3100 fonti-

2215 3137 2340 3207 bus,
2373 3141 2598 3193 extensa
2623 3139 2805 3193 maria
2833 3155 2965 3194 cum
2997 3139 3110 3193 suis
3139 3139 3405 3195 ﬂuctibus
3436 3145 3606 3211 alque
3642 3137 3820 3193 littori-

2215 3231 2340 3298 bus,
2397 3231 2624 3286 interim
2673 3237 3024 3287 constantem
3074 3233 3288 3303 pariter
3341 3249 3568 3288 summa
3617 3230 3820 3302 conspi-

2216 3325 2437 3379 ratione
2497 3325 2846 3396 nexibusque
2909 3325 3227 3381 concordia:
3289 3329 3596 3381 extensum
3650 3340 3823 3380 aerem

2219 3418 2474 3473 medium
2524 3418 2800 3473 tenuitate
2859 3435 2962 3472 sua
3011 3421 3214 3474 cuncta
3253 3425 3642 3490 vegetantem,
3693 3433 3826 3473 nunc

2218 3511 2428 3565 imbres
2463 3511 2768 3566 contractis
2795 3511 3043 3567 nubibus
3074 3511 3545 3590 profundentem,
3579 3527 3726 3567 nunc
3751 3527 3822 3564 se-

2217 3605 2517 3660 renitatem
2557 3605 2766 3659 refecta
2805 3605 3038 3660 raritate
3065 3609 3450 3676 revocantem,
3482 3611 3539 3661 et
3577 3606 3634 3660 in
3663 3602 3826 3661 omni-

2218 3697 2325 3752 bus
2371 3697 2489 3754 istis
2531 3697 2745 3752 incolas
2791 3699 3070 3769 proprios,
3111 3699 3172 3753 in
3211 3714 3341 3754 aere
3378 3715 3534 3761 aves,
3583 3700 3640 3754 in
3686 3696 3829 3768 aquis

2219 3791 2420 3862 pisces,
2462 3791 2522 3845 in
2562 3793 2714 3846 terra
2761 3791 3075 3869 hominem.
3112 3793 3265 3858 Haec,
3300 3793 3564 3864 inquam,
3614 3797 3668 3847 et
3717 3791 3829 3856 alia,

2220 3901 2395 3956 opera
2442 3884 2629 3940 divina
2679 3885 2793 3939 sint
2844 3884 3141 3940 Chistianis
3192 3885 3462 3940 ﬁdelibus
3513 3883 3828 3958 spectacula.

2219 3978 2378 4042 Quod
2419 3981 2710 4032 theatrum
2747 3977 3012 4032 humanis
3043 3977 3306 4033 manibus
3344 3985 3693 4035 exstructum
3729 3976 3833 4032 istis

2223 4071 2489 4142 operibus
2527 4074 2750 4142 poterat
2785 4071 3150 4142 comparari?
3175 4072 3392 4142 Magnis
3435 4073 3571 4129 licet
3599 4071 3832 4143 lapidum

2219 4164 2465 4238 molibus
2499 4169 2842 4232 exstruatur,
2876 4164 3061 4220 cristae
3102 4170 3234 4220 sunt
3272 4166 3562 4221 montium
3604 4166 3829 4228 altiores,

2221 4260 2278 4313 et
2301 4273 2439 4312 auro
2466 4257 2598 4312 licet
2625 4261 2765 4312 tecta
2795 4257 3079 4328 laquearia
3108 4259 3536 4330 resplendeant,
3569 4264 3830 4313 astrorum

2220 4352 2447 4423 fulgore
2473 4352 2790 4406 vincentur.
2820 4351 3118 4422 Nunquam
3140 4352 3396 4407 humana
3427 4369 3601 4425 opera
3634 4349 3834 4407 mirabi-

2221 4450 2314 4501 tur
2340 4445 2594 4517 quisquis
2609 4461 2670 4499 se
2690 4445 3084 4516 recognoverit
3110 4445 3292 4500 ﬁlium
3319 4447 3443 4502 Dei.
3475 4448 3672 4519 Dejicit
3696 4462 3750 4500 se
3773 4443 3832 4497 de

503 4538 784 4594 meatibus
834 4537 1068 4605 emisso,
1117 4554 1269 4592 nunc
1318 4539 1378 4592 in
1425 4540 1662 4594 articulo
1713 4556 1916 4595 sonum
1968 4538 2478 4631 fran-Dculmine
2534 4538 2932 4609 generositatis
2990 4555 3106 4593 suae
3161 4540 3262 4610 qui
3315 4539 3596 4597 admirari
3641 4535 3833 4611 aliquid

506 4649 669 4704 gens,
711 4631 870 4702 loqui
914 4630 1106 4702 digitis
1148 4631 1422 4699 elaborat,
1463 4633 1722 4704 ingratus
1767 4633 1982 4688 Artiﬁci
2028 4633 2125 4705 qui

501 4723 761 4797 linguam
816 4724 988 4780 dedit.
1043 4725 1187 4790 Quid
1238 4726 1440 4797 loquar
1495 4727 1736 4781 comicas
1795 4730 1853 4782 et
1903 4727 2126 4782 inutiles

505 4817 708 4874 curas?
741 4817 876 4889 quid
915 4818 1040 4873 illas
1075 4834 1316 4889 magnas
1368 4819 1592 4890 tragica:
1647 4820 1793 4874 vocis
1836 4820 2127 4875 insanias?

504 4911 643 4985 quid
669 4928 873 4967 nervos
901 4929 1030 4967 cum
1061 4913 1306 4966 clamore
1335 4913 1706 4968 commissos?
1741 4915 1868 4969 Haec
1904 4914 2129 4969 etiamsi

505 5023 620 5061 non
665 5009 854 5060 essent
905 5005 1218 5060 simulacris
1267 5006 1476 5073 dicata,
1523 5007 1785 5062 adeunda
1831 5011 2026 5062 tamen
2073 5012 2130 5062 et

507 5100 808 5170 spectanda
829 5115 940 5153 non
965 5104 1150 5154 essent
1167 5099 1497 5154 Christianis
1515 5100 1778 5155 ﬁdelibus
1790 5117 1807 5170 ;
1829 5101 2126 5173 quoniam,

509 5192 615 5247 etsi
652 5209 767 5248 non
806 5192 1089 5248 haberent
1127 5192 1365 5261 crimen,
1394 5192 1603 5248 habent
1637 5193 1695 5248 in
1726 5211 1784 5250 se
1818 5195 2129 5250 maximam

509 5287 568 5340 et
595 5302 799 5356 parum
827 5289 1243 5358 congruentem
1270 5285 1527 5341 ﬁdelibus
1553 5287 1887 5344 vanitatem.

577 5381 714 5434 VIII.
770 5381 910 5434 Nam
953 5380 1050 5434 illa
1097 5380 1274 5435 altera
1319 5379 1671 5452 reliquorum
1711 5382 1998 5437 dementia
2048 5385 2134 5437 est

509 5473 805 5530 manifesta
848 5473 1041 5528 otiosis
1086 5473 1410 5527 hominibus
1453 5475 1800 5545 negotiatio;
1854 5482 1910 5531 et
1948 5476 2133 5547 prima

507 5567 742 5624 victoria
766 5569 851 5622 est
876 5572 939 5622 ut
975 5567 1119 5621 ultra
1154 5569 1387 5623 modum
1429 5568 1751 5624 humanum
1787 5575 1985 5624 venter
2010 5586 2132 5625 esu-

504 5663 622 5718 rire
655 5660 910 5734 potuisse
955 5677 1125 5732 super
1164 5660 1327 5716 titulo
1372 5665 1657 5716 coronatae
1703 5661 1991 5717 edacitatis
2033 5662 2132 5717 ﬂa-

502 5755 728 5829 gitiosae
774 5754 1074 5823 nundinas;
1117 5753 1321 5810 ictibus
1363 5756 1663 5810 vulnerum
1718 5755 1914 5810 infelix
1965 5755 2133 5812 facies

498 5855 760 5934 vocatur,
788 5854 850 5907 ut
884 5847 1163 5906 infelicior
1203 5851 1398 5905 venter
1433 5848 1742 5923 saginetur.
1773 5848 1952 5915 Quam
1989 5849 2136 5908 foeda

625 6032 652 6050 ς

2225 4637 2432 4705 printer
2462 4631 2761 4686 Dominum
2787 4633 2997 4703 potest.

2296 4727 2356 4780 X.
2413 4724 2737 4796 Scripturis,
2789 4724 3046 4796 inquam,
3099 4726 3271 4782 sacris
3317 4726 3617 4783 incumbat
3663 4723 3833 4784 Chris.

2226 4819 2414 4875 tianus
2454 4819 2668 4888 ﬁdelis;
2703 4823 2760 4872 et
2797 4818 2876 4874 ibi
2918 4819 3171 4875 inveniet
3209 4820 3501 4893 condigna
3537 4821 3674 4876 ﬁdei
3701 4832 3838 4891 spec-

2226 4913 2430 4969 tacula.
2463 4911 2684 4968 Videbit
2716 4912 3106 4968 instituentem
3135 4915 3318 4970 Deum
3351 4917 3637 4971 mundum
3663 4927 3831 4975 suum,

2229 5010 2443 5061 etcum
2483 5005 2699 5060 caeteris
2738 5005 3074 5060 animalibus
3116 5008 3364 5063 hominis
3400 5009 3568 5064 illam
3606 5007 3832 5063 admira-

2227 5099 2402 5155 bilem
2445 5098 2720 5154 fabricam
2751 5099 3162 5174 melioremque
3196 5101 3524 5158 facientem.
3571 5097 3839 5174 Spectabit

2229 5193 2511 5248 mundum
2557 5193 2613 5247 in
2660 5193 2875 5249 deliciis
2913 5194 3045 5264 suis,
3078 5194 3232 5265 justa
3270 5196 3598 5268 naufragia,
3634 5195 3838 5268 piorum

2231 5287 2501 5358 praemia,
2566 5287 2991 5359 impiorumque
3048 5289 3362 5361 supplicia,
3417 5290 3597 5345 maria
3651 5285 3840 5362 populo

2233 5381 2452 5450 siccata,
2483 5380 2635 5435 etde
2673 5387 2831 5452 petra
2875 5397 3069 5437 rursus
3106 5384 3314 5455 populo
3357 5384 3541 5441 maria
3577 5385 3838 5456 porrecta.

2235 5474 2518 5546 Spectabit
2571 5475 2639 5529 de
2689 5474 2828 5530 coelo
2890 5475 3296 5533 descendentes
3349 5495 3584 5545 messes,
3630 5493 3742 5532 non
3782 5486 3841 5527 ex

2233 5575 2423 5624 aratro
2473 5569 2796 5641 impressas,
2841 5569 3079 5626 ﬂumina
3130 5572 3397 5627 transitus
3442 5573 3622 5627 siccos
3667 5569 3838 5624 refrte-

2233 5663 2380 5717 natis
2435 5678 2719 5733 aquarum
2767 5663 3094 5736 agminibus
3147 5665 3484 5722 exhibentia.
3541 5662 3751 5720 Videbit
3790 5659 3838 5713 in

2237 5755 2582 5828 quibusdam
2607 5756 2783 5812 ﬁdem
2829 5774 2960 5814 cum
2990 5757 3124 5831 igne
3162 5759 3496 5830 luctantem,
3540 5759 3689 5815 feras
3724 5753 3837 5810 reli-

2239 5849 2407 5926 gione
2450 5855 2739 5928 superatas
2783 5857 2838 5912 et
2883 5852 2942 5909 iu
2993 5854 3494 5914 mansuetudinem
3545 5861 3833 5923 conversas,
