4032 6180
244 188 334 243 817
752 238 755 241 ν
1426 195 1623 252 LIBER
1662 197 1748 252 DE
1788 197 2009 255 LAUDE
2047 199 2384 260 MARTYRII.

243 303 538 369 intuebitur
564 319 619 371 et
654 314 879 371 animas
919 315 989 372 ab
1028 317 1146 391 ipsa
1183 320 1355 377 etiam
1399 328 1585 378 morte
1624 340 1853 381 revoca-

243 415 337 463 tas.
371 408 758 463 Considerabit
800 411 974 465 etiam
1015 412 1085 468 de
1130 415 1445 484 sepulchris
1489 418 1854 473 admirabiles

238 504 472 573 ipsorum
526 508 995 574 consumptorum
1035 506 1157 577 jam
1200 510 1268 561 ad
1319 510 1487 564 vitam
1543 528 1851 582 corporum

241 596 504 665 reductas,
555 601 609 650 et
657 598 717 650 in
772 598 858 652 his
915 600 1178 654 omnibus
1232 604 1414 673 majus
1465 605 1585 674 jam
1640 607 1849 661 videbit

239 690 628 760 spectaculum,
662 690 951 745 diabolum
990 693 1171 762 illum,
1203 696 1299 766 qui
1344 702 1529 752 totum
1568 700 1849 755 detrium-

239 782 499 853 phaverat
550 784 658 853 (18)
713 786 1017 854 mundum,
1064 788 1167 841 sub
1216 789 1454 859 pedibus
1505 793 1710 847 Christi
1750 796 1842 864 ja-

239 880 471 930 centem.
505 876 684 940 Quam
725 878 831 932 hoc
870 878 1137 934 decorum
1186 885 1587 952 spectaculum,
1624 887 1844 953 fratres,

237 985 395 1039 quam
431 970 770 1040 jucundum,
812 989 982 1043 quam
1023 976 1422 1045 necessarium,
1454 979 1659 1033 intueri
1706 997 1846 1033 sem-

3476 227 3580 282 818

1956 345 2059 399 per
2109 347 2268 401 spem
2325 349 2521 402 suam,
2586 343 2641 392 et
2693 340 2883 396 oculos
2936 344 3155 415 aperire
3208 349 3277 404 ad
3337 350 3575 411 salutem

1956 425 2160 478 suam!
2208 427 2317 479 Hoc
2363 432 2448 481 est
2488 434 2875 499 spectaculum
2922 438 3108 511 787
3159 445 3308 514 quod
3356 447 3577 503 videtur

1956 516 2130 571 etiam
2194 520 2507 575 luminibus
2569 525 2811 581 amissis.
2877 532 2988 584 lloc
3054 541 3135 589 est
3196 542 3577 606 spectaculum

1954 612 2102 680 quod
2136 628 2253 666 non
2282 614 2513 669 exhibet
2540 623 2749 686 prmtor
2774 626 2873 675 aut
2902 627 3115 689 consul,
3140 630 3235 681 sed
3255 632 3349 700 qui
3379 638 3461 685 est
3490 652 3574 688 so-

1952 703 2040 756 lus
2068 710 2123 757 et
2148 710 2277 760 ante
2299 708 2491 761 omnia
2510 712 2565 763 et
2589 728 2762 781 super
2785 714 2993 784 omnia,
3018 718 3133 773 imo
3157 721 3345 794 788
3370 742 3432 778 ex
3456 742 3568 797 quo

1951 797 2162 863 omnia,
2196 800 2359 853 Pater
2404 802 2624 856 Domini
2674 808 2848 885 nostri
2888 810 3017 862 Jesu
3053 813 3278 880 Christi,
3322 818 3408 870 cui
3446 820 3567 872 laus

1949 896 2004 943 et
2048 891 2233 945 honor
2271 893 2329 946 in
2368 897 2569 949 smcula
2614 900 2972 956 saeculorum.
3002 903 3143 973 Opto
3184 923 3300 974 vos,
3344 910 3564 979 fratres,

1947 1000 2171 1053 semper
2195 986 2339 1041 bene
2367 988 2566 1044 valere.
2597 994 2797 1047 Amen.

1508 1133 1734 1213 Steph.
1780 1134 2027 1199 Baluzii
2072 1144 2266 1201 notm.

287 1272 376 1330 (18)
439 1271 945 1344 Detriumphaverat.
1010 1276 1389 1326 Tertullianus
1454 1279 1511 1327 in
1586 1279 1845 1344 Apolcge—

236 1343 323 1391 lico
349 1359 365 1389 :
393 1359 419 1386 α
450 1343 577 1391 Illos
613 1357 902 1407 nunquam
942 1348 1118 1409 magis
1160 1348 1639 1411 detriumphamus
1677 1343 1844 1413 quam

234 1426 351 1461 cum
392 1427 489 1475 pro
524 1414 651 1463 ﬁdei
697 1415 1069 1467 obstinatione
1112 1418 1459 1467 damnamur.
1503 1435 1531 1463 »
1580 1420 1845 1470 Minutius

235 1483 421 1532 Felix:
464 1504 488 1527 α
533 1486 685 1547 Quos
732 1488 1131 1549 populaverant
1174 1489 1615 1553 detriumphatos
1657 1494 1843 1543 colere

234 1559 527 1616 cmperunt.
587 1576 613 1601 ››
671 1556 763 1607 Sic
820 1559 985 1607 etiam
1057 1560 1319 1610 dicebant
1378 1562 1694 1625 depompare
1745 1578 1843 1626 pro

231 1626 534 1675 contumelia
577 1628 799 1690 afﬁcere,
848 1631 926 1680 uti
982 1631 1235 1694 pluribus
1277 1634 1545 1697 exemplis
1592 1634 1841 1685 ostendi-

1944 1296 2068 1364 mus
2098 1285 2153 1364 in
2185 1299 2326 1364 nova
2358 1288 2541 1336 nostra
2568 1289 2899 1364 collectione
2926 1294 3303 1348 Conciliorum
3332 1317 3419 1364 pp.
3454 1306 3545 1353 716

1945 1353 2718 1435 724L1panti’quavelrsione
2762 1365 2983 1413 concilii
3025 1370 3183 1429 sexti,
3227 1353 3445 1421 actione
3486 1375 3566 1435 21,

1945 1424 2275 1506 inﬁEpistola
2308 1427 2484 1506 Sergii
2654 1433 2725 1480 ad
2765 1434 3055 1506 Honorium
3097 1424 3293 1501 Papam
3320 1443 3519 1506 legitur

1943 1510 1971 1573 fx
2000 1495 2146 1577 Dum
2174 1497 2551 1577 lredarguisset
2580 1504 2747 1566 atque
2777 1495 3409 1574 depompasset'pravanui
3449 1518 3565 1577 ejus

1943 1565 2296 1630 impietatem.
2326 1587 2355 1615 »

652 1834 2824 1860 __.__________________________

1087 2018 1270 2125 DE
1394 2020 1874 2130 LAUDE
1981 2023 2688 2135 MARTYRII

1664 2308 2003 2401 LIBER
2052 2295 2122 2357 (ί)

220 2722 628 2800 787-788
655 2734 1043 2787 Anconsnrun.
1074 2763 1141 2771 —
1172 2734 1409 2788 Laudem
1435 2738 1695 2803 martyrii
1707 2737 1926 2790 sublimi
1946 2736 2163 2790 dicendi
2180 2751 2370 2803 genere
2390 2740 2759 2807 prosequitur,
2787 2741 2896 2792 tria
2914 2742 3257 2808 potissimum
3280 2746 3385 2797 toto
3415 2744 3551 2797 libro

282 2816 383 2869 late
407 2825 761 2885 pertractans
788 2840 804 2873 :
834 2823 969 2889 quid
993 2838 1180 2891 nempe
1218 2827 1311 2885 sit,
1343 2831 1608 2893 quantum
1636 2827 1727 2892 sit,
1758 2830 1807 2879 et
1832 2828 1920 2879 cui
1944 2828 2025 2879 rei
2060 2829 2253 2894 prosit.
2299 2826 2546 2879 Pulchris
2570 2828 2789 2880 interim
2814 2829 3259 2884 similitudinibus
3290 2836 3339 2884 et
3378 2849 3546 2901 argu-

279 2912 445 2961 mento
499 2924 531 2960 a
578 2910 920 2976 quotidianis
960 2912 1244 2977 funeribus
1284 2918 1516 2981 sumpto,
1550 2914 1625 2967 ad
1667 2919 1889 2968 mortem
1928 2929 2028 2983 pro
2076 2913 2285 2967 Christo
2314 2915 2551 2967 lubenter
2594 2915 2891 2970 obeundum
2935 2918 3207 2971 hortatur.
3236 2922 3358 2973 Jam
3404 2924 3549 2976 inter

276 2997 497 3050 virtutes
530 3001 785 3065 martyrii
810 3005 1105 3067 enumerat,
1135 3003 1281 3070 quod
1312 3005 1549 3056 universi
1580 3004 1781 3057 doloris
1826 3008 2064 3072 expertes
2090 3009 2353 3070 martyres
2406 3005 2614 3057 Domini
2651 3007 2973 3073 propitiatio
3019 3013 3245 3069 coronet,
3294 3012 3373 3063 ita
3404 3018 3461 3063 ut
3490 3013 3549 3064 in

278 3100 356 3137 eos
398 3102 509 3139 non
558 3093 821 3156 competat
870 3090 1011 3143 illud
1042 3091 1260 3152 Christi,
1304 3106 1471 3160 usque
1518 3093 1873 3160 quadrantem
1920 3094 2169 3145 ultimum
2211 3092 2455 3145 reddere.
2506 3095 2721 3145 Preemii
2746 3110 2867 3147 vero
2914 3096 3022 3148 loco
3059 3101 3337 3166 proponit,
3370 3106 3478 3152 tum
3510 3115 3545 3153 a

276 3174 519 3239 gehennae
544 3182 684 3230 metu
716 3181 1074 3241 securitatem,
1107 3186 1216 3234 tum
1246 3183 1373 3235 vitae
1398 3186 1609 3235 aeterna
1624 3185 2057 3246 consecutionem,
2090 3184 2275 3250 paucis
2295 3183 2501 3249 poetico
2534 3183 2767 3250 quodam
2792 3199 2933 3237 more
2961 3191 3193 3254 utraque
3220 3188 3539 3249 describens,

275 3264 460 3318 deinde
489 3267 633 3333 quod
661 3268 981 3335 quibusdam
1005 3273 1076 3323 sit
1101 3286 1307 3324 corona:
1338 3272 1443 3324 loco
1471 3274 1822 3339 martyrium,
1854 3272 1978 3324 aliis
2008 3274 2103 3339 qui
2128 3273 2391 3339 sanguine
2418 3286 2510 3324 suo
2552 3273 2811 3325 lavantur
2850 3279 3195 3341 peccatorum
3228 3278 3544 3346 redemptio.

274 3354 563 3420 Postremo,
601 3356 693 3408 ubi
744 3356 1043 3426 Scripturis
1087 3362 1294 3428 aliquot
1340 3361 1413 3413 ad
1456 3363 1834 3425 confessionem
1878 3363 2105 3414 nominis
2158 3360 2357 3414 Christi
2404 3375 2486 3413 eos
2537 3362 2823 3423 animavit,
2870 3367 2927 3415 ut
2978 3366 3063 3417 sui
3116 3380 3371 3419 memores
3425 3369 3537 3419 sint

274 3450 443 3511 rogat,
474 3460 593 3498 cum
628 3449 685 3499 in
731 3452 803 3502 eis
848 3452 1100 3505 Dominus
1143 3455 1466 3521 martyrium
1508 3455 1721 3522 coeperit
1768 3453 2051 3519 honorare,
2098 3458 2281 3522 utpote
2327 3454 2519 3523 quibus
2552 3455 2855 3523 petentibus
2898 3471 3003 3510 non
3051 3474 3250 3527 negare
3292 3461 3547 3515 credatur

270 3538 553 3590 Dominus.

270 3705 306 3757 1.
360 3706 478 3761 Etsi
534 3707 913 3779 incongruens
969 3714 1074 3778 est,
1126 3712 1329 3767 fratres
1381 3714 1717 3784 charissimi,
1762 3715 1821 3768 in
1843 3727 1897 3801 ρ
1923 3714 2211 3785 confringi
2243 3717 2282 3779 ί,
2317 3731 2446 3769 cum
2476 3716 2849 3786 exsequenda:
2870 3717 3055 3772 laudis
3082 3719 3387 3789 cupiditate
3420 3738 3545 3775 suc-

203 3796 303 3852 hoc
352 3800 552 3854 favore
610 3801 838 3856 dicendi
895 3804 1114 3876 aliquid
1165 3806 1552 3876 trepidationis
1597 3807 1817 3877 afferre,

202 3893 555 3964 minimeque
596 3895 795 3950 deceat
850 3898 1095 3967 gloriam
1147 3904 1319 3954 tanta:
1367 3900 1682 3956 devotionis
1727 3902 1817 3955 in-

199 3986 440 4057 fringere
475 4005 543 4042 ex
576 4007 641 4043 eo
669 3991 819 4059 quod
848 3992 1029 4046 fatear
1056 4009 1147 4047 me
1174 3994 1405 4065 cmpisse
1436 3995 1715 4064 dubitare,
1744 4000 1819 4049 ta-

199 4095 323 4135 men
355 4082 676 4138 identidem
706 4083 827 4138 dico
867 4085 991 4156 ipsa
1016 4086 1270 4141 animum
1300 4089 1371 4158 (2)
1412 4088 1818 4143 deliberatione

1924 3808 2207 3877 cenditur,
2252 3812 2307 3863 et
2355 3825 2387 3862 a
2435 3809 2719 3879 loquendo
2764 3811 3153 3881 magnitudine
3190 3813 3411 3867 virtutis
3459 3815 3548 3867 in-

1922 3902 2167 3968 hibetur,
2197 3918 2325 3955 cum
2366 3906 2461 3954 aut
2503 3918 2616 3954 non
2663 3902 2857 3957 deceat
2895 3908 3103 3973 tacere,
3134 3908 3230 3958 aut
3275 3906 3550 3975 periculo-

1922 4012 2046 4048 sum
2075 3995 2145 4048 sit
2172 4010 2374 4063 parum
2404 3993 2615 4062 dicere,
2648 3994 2752 4048 nisi
2798 3997 2947 4066 quod
2989 3998 3249 4051 testuanti
3295 3999 3414 4051 hinc
3459 4015 3545 4053 res

1920 4088 2038 4142 sola
2068 4087 2328 4141 subvenit
2354 4088 2509 4157 quod
2541 4088 2799 4143 videatur
2825 4089 3045 4160 ignosci
3085 4092 3135 4146 ei
3179 4092 3342 4147 facile
3383 4108 3545 4162 posse

1580 4262 1791 4325 Variae
1836 4262 2169 4326 lectiones.

259 4398 272 4425 ¹
294 4394 416 4458 Ipsa
446 4394 618 4445 animi
644 4395 753 4446 mei
784 4393 1185 4448 deliberatione
1213 4397 1484 4462 confringi
1524 4412 1533 4445 :
1560 4398 1718 4449 Nam.
1746 4398 1889 4447 Lam.
1920 4396 2075 4447 Ebor.
2102 4398 2207 4449 ΝΟ.
2236 4398 2277 4446 1.
2302 4395 2680 4462 Confringam.
2718 4397 2838 4446 Tha.

1497 4543 1720 4626 Steph.
1784 4544 2028 4607 Baluzii
2077 4548 2275 4607 notas.

251 4670 313 4731 (1)
355 4672 431 4720 De
476 4670 629 4720 laude
670 4669 935 4733 martyrii.
963 4696 1023 4707 —
1052 4670 1159 4721 Hic
1206 4671 1347 4721 liber
1393 4671 1576 4721 editus
1610 4672 1713 4720 fuit
1747 4671 1815 4721 ab

194 4738 418 4791 Erasmo
454 4754 523 4790 ex
550 4742 743 4791 codice
773 4740 1153 4791 Gemblacersi
1183 4741 1483 4793 admodum
1522 4742 1813 4792 mendoso.

194 4814 279 4860 Ait
326 4818 520 4864 autem
574 4813 838 4862 Erasmus
887 4813 943 4860 in
990 4813 1438 4863 annotationibus
1476 4814 1593 4862 suis
1636 4814 1821 4863 nemi—

193 4897 317 4932 nem
351 4886 470 4934 tore
508 4889 619 4933 tam
660 4884 846 4933 obeam
880 4884 1031 4933 naris
1074 4885 1210 4947 quin
1248 4884 1397 4933 illico
1446 4898 1711 4933 sensurus
1749 4885 1820 4933 sit

192 4956 393 5017 stylum
454 4955 621 5017 hujus
682 4955 863 5018 operis
919 4954 1081 5018 longe
1133 4954 1358 5018 lateque
1416 4955 1730 5018 discrepare
1787 4969 1819 5004 a

192 5023 432 5076 dictione
492 5025 773 5088 Cypriani.
834 5023 1072 5085 Contra,
1131 5025 1399 5074 Baronius
1458 5030 1647 5075 censet
1699 5039 1818 5075 esse

192 5095 475 5159 Cypriani,
504 5102 555 5146 et
599 5097 921 5158 opinionem
962 5095 1181 5145 Erasmi
1221 5096 1289 5146 de
1333 5096 1649 5147 diversitate
1690 5096 1816 5160 styli

192 5169 460 5217 convellit
515 5170 839 5230 argumento
895 5171 1157 5230 suscepto
1204 5182 1272 5217 ex
1324 5168 1466 5218 libro
1532 5182 1587 5219 iv
1640 5169 1815 5218 sancti

194 5239 494 5301 Augustini
544 5238 609 5285 de
664 5239 919 5286 Doctrina
972 5238 1304 5297 Christiana,
1339 5250 1407 5287 ex
1456 5252 1567 5303 quo
1617 5240 1815 5301 collegi

189 5307 528 5371 Cyprianum
560 5322 670 5356 non
700 5321 918 5370 semper
948 5321 1169 5357 servare
1196 5309 1343 5359 idem
1375 5308 1593 5359 dicendi
1619 5322 1812 5373 genus,

189 5392 385 5442 nempe
422 5379 701 5428 interdum
732 5378 970 5428 sublime
997 5380 1199 5429 sectari
1244 5385 1299 5430 et
1340 5381 1630 5430 verborum
1675 5396 1811 5431 exu-

188 5448 434 5500 berantia
501 5450 788 5513 c0piosum
856 5464 996 5511 esse,
1054 5452 1356 5515 aliquando
1412 5466 1546 5504 vero
1613 5453 1812 5502 humili

191 5526 353 5583 atque
400 5521 679 5570 submisso
731 5520 953 5571 dicendi
1001 5536 1219 5585 genere.
1264 5523 1427 5585 Quod
1475 5538 1667 5573 verum
1711 5527 1808 5573 est.

191 5591 554 5641 Bellarminus
583 5605 804 5655 quoque
835 5593 1111 5643 existimat
1152 5608 1277 5645 esse
1313 5594 1590 5658 Cypriani.
1622 5594 1809 5657 Aliqui

190 5664 457 5723 colligunt
486 5663 592 5713 hoc
622 5676 761 5725 Opus
782 5676 894 5712 non
932 5678 1052 5714 esse
1079 5664 1361 5728 Cypriani,
1389 5666 1539 5729 quod
1569 5665 1812 5715 directus

189 5732 258 5783 sit
308 5734 378 5785 ad
454 5734 703 5802 Moysem
768 5738 825 5788 et
896 5736 1217 5801 Maximum,
1275 5741 1327 5789 et
1380 5737 1531 5801 quod
1597 5739 1811 5790 constet

1917 4671 2163 4735 Moysem
2234 4673 2516 4720 mortuum
2585 4681 2707 4718 esse
2783 4671 2907 4719 ante
2979 4670 3308 4721 electionem
3382 4684 3539 4733 papas

1919 4742 2178 4800 Cornelii,
2254 4742 2510 4803 adeoque
2584 4743 2710 4790 ante
2783 4740 2933 4789 luem
3014 4743 3067 4790 et
3140 4745 3352 4804 pestem
3419 4755 3545 4803 quae

1920 4814 2243 4862 universum
2300 4812 2490 4861 orbein
2558 4811 2785 4872 depasta
2844 4814 2927 4860 est
2984 4824 3129 4860 anno
3188 4812 3316 4871 252,
3383 4814 3543 4875 cujus

1920 4885 2211 4933 occasione
2244 4881 2558 4946 Cyprianus
2582 4882 2801 4942 scripsit
2844 4881 3049 4931 librum
3090 4882 3151 4931 de
3192 4882 3542 4933 Mortatitate.

1919 4955 2127 5004 Verum
2159 4955 2262 5003 ista
2302 4951 2708 5015 argumentatio
2742 4952 2951 5001 nullius
2993 4956 3077 5002 est
3106 4955 3395 5003 momenti.
3428 4954 3542 5003 Ha-

1917 5025 2115 5075 bemus
2148 5026 2299 5073 enim
2330 5024 2600 5086 plurimos
2637 5022 2855 5073 codices
2900 5024 3137 5087 optimos
3183 5029 3239 5073 et
3282 5028 3543 5075 vetustis-

1918 5098 2089 5146 simos
2138 5096 2194 5143 in
2243 5094 2449 5157 quibus
2494 5094 2647 5142 nulla
2696 5094 2905 5143 mentio
2949 5094 3152 5157 Moysis
3199 5099 3253 5145 et
3302 5096 3543 5157 Maximi,

1918 5172 1973 5217 et
2018 5168 2074 5217 in
2122 5166 2282 5215 titulo
2326 5165 2451 5215 libri
2499 5165 2767 5227 scriptum
2811 5169 2896 5214 est
2937 5165 3297 5229 simpliciter:
3347 5168 3543 5231 Incipit

1916 5240 1978 5289 de
2020 5238 2197 5288 Laude
2248 5237 2522 5301 Martyrii,
2547 5237 2635 5286 vel
2678 5236 2885 5300 aliquid
2927 5238 3124 5288 simile.
3166 5238 3370 5302 Moysis
3412 5252 3540 5303 ergo

1920 5314 1972 5360 et
1998 5309 2223 5359 Maximi
2252 5310 2481 5358 nomina
2525 5307 2736 5370 adjecta
2778 5310 2909 5357 sunt
2956 5308 3025 5357 ab
3076 5308 3262 5372 aliquo
3296 5309 3545 5359 studioso

1914 5383 2009 5445 qui
2054 5381 2365 5443 intelligens
2406 5394 2475 5429 ex
2516 5378 2697 5428 verbis
2739 5380 2897 5429 istius
2945 5379 3073 5429 libri
3124 5393 3263 5443 Opus
3305 5393 3426 5431 esse
3462 5381 3543 5429 di-

1914 5456 2127 5501 rectum
2172 5451 2240 5499 ad
2284 5451 2645 5510 contessores,
2682 5450 2787 5499 sibi
2825 5451 3095 5517 persuasit
3136 5464 3229 5501 eos
3272 5464 3384 5499 non
3414 5464 3535 5499 esse

1913 5523 2049 5570 alios
2084 5536 2250 5585 quam
2297 5522 2539 5583 Moysem
2582 5524 2634 5569 et
2679 5521 2981 5570 Maximum
3030 5525 3081 5571 et
3124 5526 3354 5571 caeteros
3399 5534 3542 5571 con-

1913 5594 2150 5641 tessores
2176 5593 2243 5641 ad
2273 5606 2412 5655 quos
2442 5592 2703 5656 Epistolas
2733 5606 2815 5642 xv
2847 5598 2899 5642 et
2933 5605 3078 5644 xxxv
3121 5595 3252 5641 sunt
3290 5591 3540 5641 directm.

1913 5663 2071 5714 Adde
2125 5664 2179 5713 in
2228 5664 2471 5714 favorem
2539 5663 2706 5726 hujus
2756 5665 2973 5726 Operis,
3027 5662 3166 5713 illud
3220 5660 3437 5725 ubique
3492 5659 3549 5704 in

1920 5734 2179 5789 omnibus
2246 5734 2533 5791 codicibus
2605 5736 2852 5803 antiquis
2931 5734 3167 5801 reperiri
3236 5730 3564 5786 constanter
