4032 6180
467 248 569 306 819

1372 241 1428 303 S.
1472 246 1786 306 CYPRIANI
1819 247 2096 307 OPERUM
2135 248 2304 306 PARS
2343 249 2407 304 ll.
2441 279 2508 290 ——
2539 248 2904 307 OPUSCULA.

3684 252 3776 310 820

473 373 573 444 qui
601 389 713 429 non
743 371 934 426 timuit
960 369 1191 426 audere.
1216 369 2096 438 Quamobrem,charissimifra-
2117 374 2392 464 Apolluti
2434 374 2682 445 corporis
2725 377 2780 428 et
2829 373 3003 444 longa
3052 372 3322 427 vitiorum
3378 373 3506 429 tabe
3553 366 3796 432 concreta

473 471 610 536 tres,
645 467 748 520 etsi
795 465 1052 537 potentia
1079 465 1099 499 ²
1147 463 1228 519 rei
1274 468 1544 519 oneratur
1583 465 1825 520 facultas
1855 465 2092 536 ingenii,

475 564 558 626 ut,
597 565 869 630 quantum
899 575 956 611 se
999 558 1058 612 iu
1107 556 1475 629 exprimenda
1514 558 1774 628 martyrii
1820 559 2095 630 dignitate

473 653 798 723 protulerit,
840 655 1063 707 tantum
1118 652 1242 722 ipso
1295 652 1546 723 pondere
1597 651 1781 706 laudis
1827 668 2098 723 oppressa

476 750 646 818 atque
677 746 1050 801 aestimatione
1082 762 1275 800 rerum
1313 746 1569 800 omnium
1608 745 1678 800 de
1723 745 1927 816 quibus
1967 762 2099 800 cum

474 841 722 895 maxime
775 840 1031 911 loquitur
1079 839 1369 895 debilitata
1434 856 1498 894 ac
1559 839 1768 908 fracta,
1827 839 1978 894 intra
2042 855 2100 895 se

475 934 660 1005 ipsam
713 933 1019 1005 illaqueata
1081 935 1339 988 oratione
1394 933 1648 1001 deﬁciat,
1701 949 1807 987 nec
1862 932 2101 988 habenis

475 1027 669 1082 liberis
719 1045 780 1080 ac
829 1027 1020 1081 solutis
1067 1027 1126 1082 in
1175 1031 1434 1097 apertum
1487 1026 1767 1081 sermonis
1809 1026 2099 1098 eloquium

479 1120 591 1176 vim
641 1124 815 1175 tanta;
861 1120 1043 1175 laudis
1083 1125 1385 1191 expromat
1414 1121 1455 1187 ³,
1502 1125 1700 1174 tamen
1741 1121 1851 1175 erit
1891 1120 2099 1191 aliqua,

477 1213 587 1268 nisi
619 1214 799 1283 fallor,
831 1213 887 1269 in
931 1215 1252 1284 eloquendo
1300 1212 1491 1286 789
1532 1213 1766 1267 facultas
1798 1215 1818 1247 ⁴
1850 1212 1945 1283 (3),
1976 1230 2103 1284 quae

480 1307 656 1378 ipsius
703 1308 889 1379 operis
929 1308 1187 1361 oratione
1240 1308 1505 1362 munitas
1554 1307 1621 1377 (4)
1668 1323 1808 1376 vage
1853 1306 2102 1360 fundat6

481 1401 636 1470 quod
663 1419 695 1455 a
734 1401 972 1456 dicendo
1021 1403 1203 1471 impar
1234 1400 1449 1472 ingenii
1489 1400 1832 1455 conscientia
1870 1400 2102 1454 submo-

481 1494 662 1549 vebat.
695 1497 832 1550 Cum
862 1495 1054 1565 igitur,
1084 1495 1286 1548 fratres
1323 1493 1659 1559 charissimi,
1693 1496 1778 1547 tot
1819 1494 2106 1563 tantisque

481 1589 654 1644 rebus
684 1589 964 1658 impliciti,
991 1588 1062 1642 ad
1095 1588 1554 1659 comprobandos
1585 1589 1604 1621 ⁷
1634 1587 1833 1642 salutis
1869 1587 2107 1642 eximios

483 1681 1008 1754 pulcherrimosque
1053 1687 1356 1753 proventus
1384 1681 1540 1736 omni
1587 1680 1771 1735 studio
1801 1696 1867 1735 ac
1910 1680 2106 1735 labore

2195 468 2455 539 contagia
2497 474 2764 539 tantoque
2809 466 3082 538 temporis
3129 469 3309 522 tractu
3358 468 3550 522 mundi
3599 469 3795 526 crimen

2195 568 2493 632 exceptum
2551 561 2720 619 unius
2773 561 2913 615 ictus
2968 561 3232 617 remediis
3288 561 3532 632 expiare,
3583 579 3688 632 quo
3736 573 3785 618 et

2196 655 2395 726 augeri
2423 671 2642 710 merces
2668 659 2726 709 et
2767 656 2985 710 crimen
3025 654 3204 725 possit
3235 654 3478 709 excludi.
3510 655 3661 710 Unde
3687 672 3793 711 om-

2198 750 2286 804 nis
2340 749 2758 804 consummatio
2811 754 2869 803 et
2917 752 3100 803 status
3153 749 3282 802 vitae
3324 748 3382 802 in
3428 749 3686 819 martyrio
3728 754 3800 805 est

2199 843 2518 897 collocatus.
2551 844 2657 897 Hoc
2687 843 3127 897 fundamentum
3163 841 3292 896 vitm
3324 846 3380 896 et
3421 841 3554 896 tidei
3591 841 3678 912 (6),
3707 842 3802 898 hoc

2199 935 2530 1007 praesidium
2571 936 2786 1006 salutis,
2817 936 2925 991 hoc
2975 935 3266 990 vinculum
3311 934 3584 990 libertatis
3625 939 3677 989 et
3706 935 3798 991 ho-

2200 1029 2359 1084 noris
2387 1047 2404 1098 ;
2433 1033 2491 1084 et
2517 1029 2774 1101 quamvis
2805 1030 2920 1084 sint
2945 1035 3000 1084 et
3025 1029 3135 1084 alia
3177 1045 3282 1099 per
3323 1045 3449 1100 quae
3473 1028 3690 1099 adipisci
3714 1029 3798 1085 lux

2202 1123 2396 1192 possit,
2427 1126 2623 1177 tamen
2652 1123 2725 1178 ad
2755 1122 3180 1194 proximitatem
3212 1122 3466 1176 muneris
3496 1121 3794 1192 repromissi

2202 1216 2383 1286 poenis
2409 1216 2895 1287 patrocinantibus
2925 1216 3129 1271 melius
3155 1215 3504 1287 pervenitur.

2276 1311 2367 1364 Ill.
2391 1311 2626 1373 Quanta:
2651 1310 2802 1364 enim
2831 1310 2900 1364 sit
2926 1309 3120 1381 gloria:
3149 1309 3480 1380 ponderate,
3503 1308 3664 1379 hujus
3688 1309 3796 1362 vitae

2204 1402 2610 1475 cupiditatibus
2640 1403 2904 1473 relegatis
2934 1404 2981 1438 ιο
3009 1404 3172 1474 (7-9),
3200 1405 3370 1474 atque
3410 1401 3480 1456 ab
3509 1401 3658 1456 omni
3693 1403 3798 1456 ani-

2205 1513 2366 1551 mum
2413 1500 2633 1551 natura:
2681 1496 2994 1568 mundique
3041 1496 3391 1551 commercio
3445 1498 3800 1567 segregatum,

2207 1595 2404 1645 contra
2447 1589 2797 1644 adversantis
2844 1590 3148 1645 discrimen
3192 1606 3505 1661 opponere,
3537 1605 3638 1643 nec
3664 1589 3802 1643 sevi-

2207 1683 2348 1738 tiam
2379 1684 2703 1755 torquentis
2730 1683 2982 1752 horrere,
3016 1684 3264 1738 animari
3302 1683 3596 1738 hominem
3636 1683 3807 1736 dolore

485 1776 754 1842 nitamur,
784 1792 896 1829 non
928 1791 1128 1830 vereor
1157 1792 1226 1829 ne
1257 1791 1371 1846 quo
1405 1775 1646 1846 ignavia:
1685 1779 1842 1829 metu
1878 1761 2182 1833 territusB
2207 1793 2320 1847 quo
2367 1776 2629 1831 credatur
2673 1777 2980 1848 exstingui,
3011 1780 3066 1830 et
3114 1777 3170 1831 id
3214 1776 3321 1831 sibi
3362 1776 3422 1830 in
3462 1778 3809 1845 augmentum

484 1869 569 1922 vel
595 1885 827 1922 revocer
855 1869 942 1923 vel
969 1869 1290 1938 extinguar,
1313 1885 1443 1923 cum
1463 1868 1509 1922 si
1539 1867 1664 1938 quis
1690 1867 1761 1922 ad
1782 1867 1843 1922 id
1870 1867 2108 1922 voluerit

485 1962 553 2015 de
601 1977 713 2032 quo
764 1963 984 2031 agimus
1034 1962 1267 2030 intueri,
1316 1978 1416 2032 spe
1467 1961 1783 2016 devotionis
1835 1976 2106 2031 expensa,

485 2058 654 2126 atque
707 2054 830 2125 ipsa
885 2056 1008 2125 ejus
1063 2055 1460 2126 magnitudine
1512 2054 1866 2125 ponderata,
1927 2053 2110 2124 magis

487 2149 730 2202 miretur
772 2149 981 2203 audere
1038 2149 1284 2218 potuisse
1340 2149 1400 2202 in
1456 2165 1567 2218 quo
1614 2163 1706 2202 me
1756 2146 2002 2217 positum
2055 2150 2111 2201 et

485 2241 794 2312 amplitudo
817 2241 898 2295 rei
917 2246 1207 2312 premeret
1227 2248 1283 2297 et
1306 2241 1598 2296 confusam
1619 2240 1830 2312 gaudio
1853 2243 2108 2296 mentem

487 2334 544 2388 in
592 2335 876 2406 angustias
919 2336 1094 2389 animi
1145 2336 1254 2389 voti
1297 2336 1381 2389 sui
1432 2337 1616 2390 fervor
1670 2338 1919 2405 urgeret.
1965 2334 2108 2387 Nam

491 2428 616 2498 quis
640 2432 725 2482 est
749 2444 920 2499 quem
953 2445 1072 2484 non
1098 2429 1204 2482 ista
1234 2445 1321 2483 res
1350 2429 1616 2484 terreat?
1647 2429 1771 2500 quis
1798 2443 1968 2500 quem
1997 2442 2110 2480 non

487 2520 878 2576 admirationis
901 2538 1016 2576 sua:
1045 2539 1256 2592 pavore
1282 2522 1569 2578 subvertet
1587 2524 1614 2577 ‘i

556 2616 620 2668 li.
651 2615 747 2669 Est
787 2614 940 2670 enim
979 2617 1253 2685 profecto,
1293 2616 1401 2670 nisi
1442 2616 1626 2683 fallor,
1660 2615 1832 2670 etiam
1877 2614 1937 2668 in
1986 2614 2108 2684 ipso

488 2708 851 2764 conscientize
897 2710 1096 2764 robore
1143 2709 1478 2764 admiranda
1523 2709 1766 2764 formido
1798 2710 1819 2743 ⁸
1866 2709 1938 2779 (5)
1983 2727 2112 2780 qua:

493 2821 598 2858 nos
634 2803 886 2874 exagitet
928 2803 1145 2874 pariter
1189 2808 1245 2858 et
1286 2802 1650 2872 inﬂammet;
1700 2803 1860 2874 cujus
1903 2809 2112 2874 quanto

487 2897 734 2967 peuitius
761 2897 1078 2967 inspexeris
1109 2899 1472 2967 potestatem,
1504 2899 1662 2950 tanto
1692 2912 1757 2950 ex
1784 2897 1906 2966 ipso
1938 2912 2110 2951 vene-

487 2991 681 3043 randae
726 2991 994 3045 claritatis
1043 2994 1271 3060 aspectu
1313 2989 1606 3059 religionis
1652 3006 1766 3044 sum
1806 2989 2116 3060 praemittat

2208 1870 2430 1925 virtutis
2457 1887 2745 1925 assumere
2775 1871 2924 1941 quod
2961 1870 3229 1926 cruciatui
3255 1872 3418 1940 putat
3451 1868 3706 1940 prodesse
3729 1869 3812 1939 qui

2209 1964 2396 2036 punit.
2426 1964 2563 2017 Nam
2594 1963 3055 2034 prtedurantibus
3077 1963 3211 2018 licet
3235 1963 3408 2017 costis
3436 1963 3704 2017 resultans
3727 1978 3812 2015 un-

2211 2057 2372 2128 gulat
2415 2060 2671 2112 recurrat
2712 2058 2770 2110 in
2816 2058 3041 2125 vulnus,
3070 2063 3126 2112 et
3161 2057 3431 2112 euntibus
3477 2056 3665 2126 ﬂagris
3698 2072 3813 2109 cum

2209 2151 2403 2204 avulsa
2447 2150 2696 2222 corporis
2744 2154 2907 2221 parte
2947 2150 3172 2205 rediens
3219 2167 3395 2204 avena
3441 2150 3691 2216 ducatur,
3720 2152 3816 2202 stat

2210 2243 2523 2299 immobilis
2553 2250 2743 2299 tamen
2770 2243 2951 2315 pcenis
2993 2244 3110 2298 suis
3138 2243 3353 2306 fortior,
3384 2245 3488 2298 hoc
3527 2243 3703 2298 solum
3740 2258 3814 2296 se-

2211 2354 2341 2391 cum
2370 2338 2488 2407 ipse
2515 2337 2875 2406 convolvens,
2903 2337 3058 2408 quod
3083 2337 3142 2391 in
3167 2337 3263 2391 illa
3291 2335 3485 2409 790
3515 2336 3815 2391 crudelitate

2211 2431 2541 2486 carniﬁcum
2583 2431 2712 2501 plus
2758 2447 2863 2500 pro
2893 2447 3007 2501 quo
3050 2431 3266 2501 patitur
3295 2431 3550 2486 Christus
3577 2429 3692 2501 ipse
3726 2445 3812 2499 pa-

2209 2525 2402 2578 tiatur.
2434 2525 2577 2578 Nam
2602 2523 2854 2594 quando,
2879 2524 2927 2578 si
2951 2523 3248 2595 negaverit
3279 2524 3616 2589 Dominum,
3637 2538 3732 2593 pro
3755 2538 3812 2576 eo

2211 2617 2425 2672 crimen
2454 2617 2655 2672 subeat
2684 2634 2787 2688 pro
2819 2633 2934 2689 quo
2970 2617 3170 2672 vicisse
3204 2617 3468 2684 debebat,
3498 2632 3717 2671 necesse
3742 2619 3814 2670 est

2213 2727 2348 2764 eum
2377 2709 2558 2765 videri
2600 2714 2802 2765 cuncta
2833 2710 3074 2766 tolerare
3100 2709 3193 2765 cui
3238 2709 3475 2764 victoria
3506 2709 3733 2764 debetur
3773 2713 3820 2760 et

2211 2819 2383 2876 poena
2412 2806 2480 2859 ¹¹.

2285 2899 2371 2952 ιν.
2421 2898 2617 2968 Igitur,
2647 2897 2919 2969 quoniam
2961 2914 3054 2953 res
3098 2913 3323 2952 summa
3357 2896 3688 2967 martyrium
3727 2898 3817 2961 est,

2213 2989 2322 3044 tria
2359 2994 2492 3046 sunt
2537 3007 2662 3061 quae
2703 3007 2771 3046 ex
2815 3007 2882 3046 eo
2929 2991 3092 3045 nobis
3141 2991 3546 3062 proposuimus
3590 3005 3704 3044 esse
3747 2987 3818 3041 di-

491 3085 784 3138 horrorem
819 3085 862 3138 9.
890 3083 1261 3139 Considerare
1291 3083 1443 3138 enim
1473 3083 1669 3154 utique
1687 3083 1906 3138 debetis
1934 3099 2113 3153 quan-
2133 3126 2188 3199 Ο
2212 3083 2390 3138 cenda
2419 3105 2430 3137 :
2459 3084 2595 3156 quid
2621 3085 2692 3139 sit
2723 3085 2791 3152 ¹²,
2825 3089 3104 3155 quantum
3133 3085 3224 3153 sit,
3249 3085 3340 3139 cui
3371 3086 3458 3139 rei
3491 3079 3822 3154 prosit.Quid

491 3183 557 3199 n_-
613 3178 676 3199 ,ξι
729 3177 912 3199 ._I-__'--
965 3178 1089 3199 --ειη
1145 3177 1446 3199 ----...ιξι,-ι
1492 3178 1768 3199 ...--nl.....
1826 3182 1872 3199 ,Δ
1924 3178 2110 3199 --μ-1--
2219 3179 2292 3199 --ι
2328 3193 2453 3199 -..ρ-Α
2491 3178 2820 3199 _.__A___2-___
2846 3179 2874 3199 ο
2903 3178 3241 3199 n-lf-l----__-
3277 3179 3407 3199 [2..2‘
3465 3175 3794 3199 ..-..2---12Δ..-

490 3183 563 3236 tae
610 3178 680 3232 sit
723 3177 918 3248 gloriae
965 3178 1095 3233 vitae
1139 3177 1452 3250 quamlibet
1491 3178 1774 3232 maculam
1820 3182 1875 3232 et
1920 3178 2113 3233 sordes
2135 3175 2188 3199 υ
2213 3179 2298 3233 est
2323 3193 2459 3250 ergo
2490 3178 2874 3250 martyrium?
2901 3178 3248 3234 Delictorum
3277 3179 3430 3247 ﬁnis,
3464 3175 3694 3250 periculi
3720 3181 3820 3230 ter-

1865 3403 2074 3468 Variae
2100 3405 2438 3469 lectiones.

556 3577 575 3605 ²
604 3573 978 3636 Quamobrem
1005 3573 1108 3622 etsi
1137 3572 1383 3635 potentia
1403 3573 1547 3622 Lam.
1574 3571 1725 3621 Elmr.
1757 3575 1863 3625 ΝΟ.
1897 3575 1942 3622 1.
2012 3577 2029 3606 ³
2051 3575 2246 3624 Tantm
2270 3573 2450 3623 laudis
2470 3574 2744 3636 exprimat
2768 3575 2906 3624 Lam.
2929 3576 3040 3624 Lin.

497 3646 656 3696 Ebor.
681 3648 787 3698 ΝΟ.
815 3647 868 3694 1.
898 3644 1003 3693 Lin.
1071 3645 1088 3674 ⁵
1114 3644 1345 3694 Ratione
1379 3643 1593 3692 munita
1621 3643 1762 3692 Lam.
1794 3642 1944 3692 Ebor.
1976 3647 2082 3697 ΝΟ.
2111 3647 2157 3694 1.

495 3714 943 3766 Corroborandos
962 3716 1100 3764 Lam.
1139 3713 1289 3764 Ebor.
1311 3716 1416 3766 ΝΟ.
1449 3716 1494 3764 1.

1575 3712 1593 3745 ³
1618 3713 1903 3763 Fortitudo
1933 3718 2074 3766 Lam.
2139 3717 2161 3750 '
2195 3717 2474 3765 Honorem
2507 3718 2646 3765 Lam.
2679 3715 2835 3765 Ebor.
2865 3719 2970 3768 NG.
3011 3718 3056 3766 1.
3094 3719 3201 3766 Lin.
3306 3720 3342 3750 ιο

3133 3579 3153 3608 ⁴
3184 3577 3517 3641 Eloquendo
3540 3578 3673 3628 ﬁdes
3694 3578 3816 3641 Lam.

2224 3644 2245 3674 ⁸
2270 3645 2441 3708 Large
2469 3644 2623 3692 Omn.
2657 3645 2807 3707 Vage
2835 3646 3032 3696 fundat
3058 3647 3196 3698 Lam.
3223 3637 3331 3697 Lin.
3371 3649 3529 3699 Ebor.
3552 3652 3654 3702 ΝΟ.
3685 3651 3725 3698 1.
3811 3637 3826 3670 ⁷

3396 3719 3661 3770 Belevatis
3709 3721 3823 3768 Lam.

497 3789 649 3838 Ebor.
678 3789 783 3838 NG.
816 3787 860 3836 1.
932 3787 968 3817 ¹¹
996 3785 1080 3834 Sic
1129 3784 1282 3833 Oxon.
1311 3785 1450 3835 Lam.
1477 3781 1631 3833 Ebor.
1661 3785 1766 3835 ΝΟ.
1804 3785 1847 3832 1.
1874 3787 1924 3832 et
1951 3786 2110 3849 Impr.

2250 3784 2398 3847 Quid
2424 3786 2497 3836 sit
2529 3786 2636 3836 hoc
2658 3786 2798 3837 Lam.
2826 3785 2974 3837 Ebor.
3003 3791 3108 3839 ΝΟ.
3140 3789 3186 3838 1.

1817 3951 2040 4031 Steph.
2089 3951 2334 4014 Baluzii
2377 3957 2576 4014 notae.

496 4115 640 4164 inter
674 4123 739 4160 ea
779 4120 944 4172 Opera
987 4106 1160 4156 sancti
1207 4104 1492 4168 Cypriani,
1517 4118 1643 4169 qua:
1674 4105 1886 4155 nullam
1915 4105 2122 4156 habent

500 4182 886 4234 difﬁcultatem
943 4178 1078 4241 quin
1143 4177 1256 4227 sint
1318 4175 1598 4240 Cypriani.
1659 4177 1794 4239 Ejus
1855 4182 2123 4239 praeterea

499 4255 653 4302 varia
712 4251 834 4300 loca
886 4247 1178 4310 descripsit
1247 4246 1476 4307 Florus,
1528 4244 1796 4296 diaconus
1855 4247 2123 4296 Ecclesiae

503 4319 913 4387 Lugdunensis,
949 4319 1005 4366 in
1054 4316 1327 4378 excerptis
1371 4319 1489 4366 suis
1535 4330 1603 4366 ex
1650 4317 1908 4380 cperibus
1949 4318 2127 4369 sancti

509 4393 790 4459 Cypriani,
831 4393 886 4440 in
917 4389 1122 4453 quibus
1155 4389 1315 4459 nulla
1350 4389 1472 4459 loca
1509 4389 1673 4438 refert
1701 4403 1826 4452 quae
1865 4403 1976 4438 non
2017 4391 2129 4438 sint

505 4457 634 4516 vere
678 4461 957 4526 Cypriani.
989 4460 1128 4509 Nam
1174 4457 1323 4522 quod
1369 4457 1438 4506 ad
1483 4459 1686 4521 stylum
1728 4463 1958 4522 spectat,
2001 4473 2128 4522 pos-

508 4515 632 4589 sum
662 4515 984 4599 egeeodem
1028 4515 1449 4595 argumentandi
1488 4515 1688 4594 genere
1727 4515 1806 4580 u-ti
1846 4515 1955 4594 quo
1993 4515 2208 4586 ususD

511 4614 592 4660 est
643 4609 725 4656 vir
785 4605 1138 4655 doctissimus
1195 4602 1440 4653 Jacobus
1488 4601 1663 4650 Billus
1696 4640 1708 4663 ,
1757 4607 1820 4652 ut
1871 4606 2138 4652 assereret

512 4678 776 4742 Gregorio
824 4677 1236 4736 Thaumaturgo
1287 4672 1674 4736 Metaphrasim
1722 4673 1777 4721 in
1828 4673 2138 4723 Ecclesias-

512 4757 642 4809 tem,
685 4761 1009 4812 quanquam
1055 4747 1388 4796 reclamante
1437 4743 1599 4807 style,
1644 4745 1774 4808 quia
1823 4745 1960 4794 inter
2005 4743 2139 4794 Ger—

511 4835 675 4872 mana
727 4820 898 4883 ipsius
951 4831 1115 4880 opera
1161 4815 1534 4879 reperiebatur
1582 4816 1639 4864 in
1686 4815 1876 4866 codice
1919 4816 2140 4879 Regium

514 4893 709 4943 litteris
744 4888 1074 4953 capitalibus
1104 4890 1308 4950 scripto
1351 4901 1415 4937 ac
1459 4886 1709 4949 Gregorii
1752 4887 2139 4950 antiquitatem

515 4961 914 5029 propemodum
946 4963 1222 5021 mquante.
1257 4957 1310 5006 id
1343 4957 1493 5021 quod
1531 4958 1715 5029 magni
1760 4957 1907 5020 apud
1938 4970 1996 5007 se
2021 4971 2139 5029 mo-

516 5027 686 5084 inenti
735 5045 854 5082 esse
896 5031 988 5081 ait.
1035 5031 1115 5078 ita
1154 5041 1378 5091 quoque
1423 5041 1524 5090 ego
1567 5028 1752 5079 dicere
1798 5042 2023 5092 possum
2073 5027 2141 5078 de

518 5107 660 5155 libro
717 5104 779 5152 de
839 5101 1017 5151 Laude
1073 5099 1366 5161 Martyrii,
1417 5099 1513 5162 qui
1585 5103 1763 5150 exstat
1834 5101 1890 5148 in
1951 5098 2141 5149 codice

519 5176 880 5238 Seguieriano
937 5173 1141 5234 scripto
1197 5169 1391 5218 litteris
1437 5171 1759 5232 majusculis
1806 5175 1933 5220 ante
1990 5170 2143 5219 mille

519 5260 710 5295 annos.
752 5244 936 5293 Habui
971 5247 1156 5291 autem
1199 5239 1481 5290 sexdecim
1521 5244 1708 5291 vetera
1749 5241 1898 5290 illius
1947 5254 2140 5291 exem-

521 5316 690 5380 plaria
735 5315 803 5363 ad
847 5327 972 5377 quae
1015 5314 1174 5363 illum
1204 5309 1513 5361 emendavi.
1541 5311 1660 5360 Non
1703 5310 1928 5362 afferam
1958 5316 2143 5361 autem

524 5389 704 5436 varias
753 5386 974 5434 illorum
1026 5383 1328 5434 lectiones:
1383 5381 1654 5445 quaedam
1705 5386 1918 5433 tantum
1969 5396 2142 5432 anno-

523 5459 652 5507 tabo
711 5468 837 5520 quae
885 5455 1024 5503 mihi
1086 5453 1345 5503 videntur
1398 5465 1518 5502 esse
1573 5452 1809 5515 alicujus
1857 5453 2141 5503 momenti.

524 5529 667 5581 illud
703 5531 887 5578 autem
926 5528 982 5575 in
1026 5527 1215 5589 primis
1242 5524 1497 5585 monebo,
1531 5526 1742 5575 nescire
1775 5538 1863 5574 me
1894 5538 2004 5588 quo
2035 5526 2145 5574 fato

525 5599 772 5653 evenerit
801 5602 858 5647 ut
901 5612 1100 5661 magna
1138 5611 1260 5660 pars
1305 5597 1465 5645 istius
1503 5597 1682 5659 operis
1721 5597 1925 5646 omissa
1972 5597 2042 5644 sit
2087 5596 2145 5645 in

524 5673 719 5725 codice
760 5669 995 5719 Tliuano
1045 5673 1097 5718 et
1142 5670 1195 5716 in
1249 5668 1478 5717 Metensi
1527 5669 1704 5717 sancti
1756 5667 2049 5728 Aruulphi,
2091 5667 2144 5715 iu

521 5743 734 5809 quibus
781 5745 904 5802 post
952 5739 1045 5789 illa
1093 5739 1253 5789 verba
1298 5741 1353 5788 in
1396 5740 1598 5803 pagina
1635 5739 1746 5796 313,
1788 5745 2040 5787 oneratur
2067 5738 2147 5799 fa-

519 5812 719 5878 cultas,
773 5813 950 5864 multa
1009 5811 1209 5863 desunt
1250 5811 1454 5862 omissa
1492 5825 1522 5862 a
1571 5809 1808 5862 librariis
1850 5821 2028 5874 usque
2079 5809 2148 5861 ad

2222 4105 2344 4155 hinc
2370 4105 2424 4154 in
2455 4105 2657 4170 pagina
2682 4106 2794 4163 345,
2829 4117 3035 4154 summa
3075 4105 3344 4155 nimirum.
3378 4108 3620 4158 Rursum
3655 4107 3825 4158 eodem

2225 4189 2407 4226 errore
2451 4178 2506 4226 in
2549 4178 2749 4241 pagina
2777 4177 2888 4236 350,
2931 4182 3054 4241 post
3096 4182 3425 4227 coronantur
3465 4180 3626 4238 electi,
3652 4185 3827 4229 cratera

2225 4249 2430 4300 desunt
2475 4249 2680 4299 omissa
2729 4249 2984 4298 similiter
3027 4263 3059 4297 a
3109 4248 3366 4310 librariis,
3408 4255 3464 4301 et
3516 4250 3645 4312 illic,
3695 4254 3751 4299 ut
3781 4247 3829 4297 id

2228 4334 2456 4386 quoque
2507 4319 2703 4382 dicam,
2745 4320 2948 4383 legitur
2993 4320 3051 4369 in
3097 4319 3390 4370 codicibus
3440 4321 3552 4372 illis
3595 4324 3829 4372 curantur

2232 4405 2334 4456 pro
2356 4396 2699 4441 coronantur.

2292 4463 2354 4523 (2)
2394 4463 2659 4513 Animum.
2688 4461 2875 4512 Codex
2919 4463 2974 4513 S.
3026 4462 3302 4525 Arnulphi
3345 4466 3401 4513 et
3449 4463 3708 4513 Thuanus
3750 4461 3828 4509 ba-

2231 4533 2368 4584 bent
2405 4532 2574 4582 animi
2613 4532 3007 4583 deliberatione.
3047 4533 3142 4583 Sic
3184 4535 3350 4583 etiam
3396 4533 3577 4584 codex
3622 4533 3674 4583 S.
3711 4532 3828 4582 Dio-

2237 4603 2381 4666 nysii
2432 4602 2587 4652 Rem.
2660 4603 2767 4652 nisi
2828 4604 2979 4666 quod
3031 4603 3253 4653 librario
3309 4605 3515 4654 excidit
3579 4618 3681 4654 vox
3730 4601 3828 4649 mei.

2236 4673 2502 4724 Nicolaus
2546 4673 2723 4724 Faber
2779 4675 2853 4723 ita
2901 4675 3066 4723 etiam
3113 4675 3431 4725 emendavit
3477 4678 3532 4724 in
3575 4675 3706 4724 libro
3746 4684 3829 4720 suo

2238 4746 2526 4808 impresso,
2553 4746 2610 4794 in
2653 4759 2768 4808 quo
2810 4744 3096 4794 adnotavit
3139 4748 3318 4795 varias
3360 4747 3624 4798 lectiones
3657 4758 3719 4795 ex
3745 4757 3828 4792 co-

2239 4815 2461 4865 dicibus
2485 4830 2616 4865 mss.

2303 4885 2368 4948 (3)
2404 4889 2466 4936 In
2511 4887 2800 4950 eloquendo
2839 4886 3083 4949 facultas.
3119 4888 3197 4936 Ita
3235 4887 3402 4938 editio
3439 4887 3677 4938 Manutii.
3714 4884 3828 4934 Nam

2241 4961 2399 5006 antea
2427 4957 2713 5020 legebatur
2739 4958 2890 5021 ﬁdes,
2925 4971 3092 5022 quam
3135 4958 3430 5009 lectionem
3456 4958 3655 5008 habent
3692 4955 3830 5005 etiam

2242 5027 2466 5092 quidam
2494 5029 2620 5078 libri
2650 5034 2883 5079 veteres.

2304 5101 2370 5161 (4)
2396 5101 2647 5151 Oratione
2673 5101 2892 5150 munita.
2928 5101 3005 5150 Ita
3041 5104 3255 5150 veteres
3289 5100 3558 5151 editiones
3589 5102 3638 5147 et
3669 5095 3829 5160 plures

2242 5169 2368 5220 libri
2412 5175 2640 5222 veteres.
2685 5171 2977 5223 Remensis
3018 5169 3186 5221 habet
3228 5173 3516 5221 orationem
3555 5169 3746 5219 muniat
3779 5177 3830 5213 ac

2242 5255 2388 5304 vage.

2307 5314 2374 5374 (5)
2404 5313 2670 5362 Formido.
2702 5313 2824 5362 Non
2867 5326 2994 5376 quas
3045 5315 3263 5368 terreat,
3307 5312 3406 5363 sed
3446 5325 3569 5376 qum
3609 5307 3829 5374 proficis-

2244 5383 2388 5433 citur
2429 5396 2497 5433 ex
2540 5384 2847 5434 reverentia
2898 5398 3008 5447 qua
3038 5385 3426 5449 prosequimur
3457 5395 3551 5433 eos
3591 5391 3719 5444 quos
3758 5387 3830 5449 ve-

2245 5467 2432 5503 remur
2453 5457 2506 5504 et
2540 5453 2897 5516 honoramus,
2922 5459 2980 5504 ut
3011 5446 3125 5504 dixi
3153 5446 3235 5505 ad'
3256 5455 3456 5505 librum
3483 5467 3498 5502 ι
3531 5446 3830 5502 Testimonio-

2245 5537 2384 5581 rum,
2413 5538 2531 5587 cap.
2559 5525 2638 5584 21,
2669 5527 2725 5574 in
2756 5539 2894 5575 voce
2926 5525 3270 5587 formidolosi.

2306 5597 2370 5655 (6)
2422 5586 2543 5643 Vitae
2593 5601 2638 5645 et
2673 5596 2809 5657 ﬁdei.
2850 5586 3090 5657 Quidam
3119 5595 3245 5646 libri
3272 5599 3482 5646 veteres
3507 5605 3615 5642 non
3653 5586 3830 5639 habent

2245 5669 2380 5725 vitae,
2403 5670 2506 5716 etc.

2309 5737 2427 5799 t7-9)
2455 5738 2730 5801 Relegati's.
2762 5739 3002 5802 Quidam
3026 5739 3152 5791 libri
3179 5744 3393 5791 veteres
3415 5737 3614 5789 habent
3633 5727 3828 5783 debella-

2247 5809 2332 5873 tis,
2363 5808 2457 5860 alii
2476 5808 2738 5862 revelatis.
