4032 6180
228 228 312 287 821
1409 224 1604 284 LIBER
1642 224 1728 283 DE
1767 225 1986 284 LAUDE
2026 223 2370 285 MARTYHII.

3470 228 3571 286 822

228 350 423 418 minus,
468 349 579 406 dux
610 347 823 417 salutis,
878 347 1172 422 patientiae
1220 350 1492 422 magister
1522 352 1589 421 1³,
1636 351 1841 408 domus
1866 365 1922 436 Α
1944 351 2283 406 admiranda
2315 349 2589 423 dignatio,
2623 353 2680 405 et
2707 366 2878 423 quam
2906 366 3009 407 nec
3049 354 3240 408 mente
3270 351 3571 423 concipere

226 445 363 510 vitze,
400 459 508 514 quo
533 444 786 514 profecto
815 446 988 498 etiam
1023 461 1088 499 ea
1118 444 1383 499 occidunt
1410 462 1535 517 quas
1563 445 1621 500 in
1649 446 1843 501 futuro

228 538 540 591 discrimine
591 537 908 606 potuissent
955 542 1242 593 tormenta
1288 539 1559 610 reputari.
1601 541 1705 594 Per
1739 540 1844 593 hoc

227 634 279 684 et
304 630 692 684 testimonium
717 629 949 685 Domini
969 631 1243 699 redditur,
1277 634 1333 685 et
1360 633 1623 703 majestas
1657 633 1840 687 nomi-

225 723 306 778 nis
337 722 751 794 redampliatur
776 723 923 793 (l0);
958 740 1075 779 non
1103 726 1256 795 quod
1283 741 1385 795 per
1412 742 1469 780 se
1503 726 1626 797 ipsa
1662 726 1840 781 minui

224 816 390 889 possit
410 818 496 872 vel
528 817 597 872 de
627 817 843 871 scelere
885 818 1238 872 retractantis
1269 820 1313 853 ³⁸
1353 819 1690 889 magnitudo
1722 820 1844 889 ejus

223 910 470 979 infringi,
511 910 613 965 sed
660 910 816 981 quod
861 911 1145 966 redundet
1190 912 1259 965 ad
1293 911 1491 982 gloria:
1518 913 1838 980 cumulum,

224 1002 352 1057 dum
388 1002 909 1074 circumstrepentis
937 1005 1135 1075 populi
1168 1010 1353 1059 terror
1383 1004 1693 1075 impavidos
1715 1007 1839 1059 ani-

222 1113 338 1151 mos
377 1097 475 1151 dat
512 1097 711 1163 dolori,
762 1104 816 1151 et
856 1098 1025 1152 minis
1060 1100 1377 1153 frendentis
1412 1099 1640 1154 invidias
1684 1099 1842 1152 addit

224 1190 287 1243 ad
340 1190 567 1245 titulum
624 1191 776 1260 quod
840 1198 1063 1247 tantum
1127 1193 1231 1246 sibi
1302 1210 1461 1247 mens
1518 1198 1734 1247 crescat
1780 1193 1839 1245 in

222 1298 404 1353 pugna
443 1291 716 1355 quantum
746 1301 805 1338 se
841 1285 933 1339 ille
965 1285 1501 1356 putaveritivincere
1533 1302 1635 1357 per
1667 1301 1839 1356 quem

221 1377 465 1433 Christus
525 1378 821 1433 hominem
864 1380 1107 1434 voluerit
1154 1395 1452 1435 coronare.
1501 1380 1655 1434 Tunc
1706 1395 1842 1450 ergo

224 1486 385 1524 omne
415 1470 546 1523 ﬁdei
576 1472 750 1526 robur
768 1472 1084 1541 expeditur,
1118 1478 1253 1527 tunc
1268 1472 1571 1527 credulitas
1588 1488 1841 1543 compro-

218 1563 396 1631 batur,
429 1580 558 1618 cum
586 1582 638 1617 in
669 1581 962 1619 sermones
995 1566 1149 1636 vulgi
1183 1569 1352 1636 atque
1380 1566 1437 1619 in
1473 1565 1842 1637 opprobrium

218 1656 453 1725 veneris,
495 1674 739 1728 cumque
784 1661 838 1712 te
883 1663 1080 1713 contra
1107 1659 1231 1713 illas
1256 1659 1557 1730 populares
1593 1658 1841 1712 insanias

1944 463 2047 500 nec
2100 444 2280 499 verbis
2331 447 2619 499 valeamus
2667 445 2925 515 implere.
2992 446 3139 510 Quid
3194 446 3346 502 enim
3404 446 3570 500 nobis

1941 540 2182 610 amplius
2202 539 2480 609 potuisset
2498 539 2657 607 larga
2685 540 2895 608 pietate
2917 540 3107 610 largiri
3140 557 3308 611 quam
3337 546 3394 593 ut
3422 540 3479 593 in
3512 556 3570 594 se

1943 635 2160 703 primus
2192 632 2518 687 ostenderet
2554 632 2703 702 quod
2737 633 2794 686 in
2834 633 2957 686 aliis
2998 635 3334 687 coronaret?
3364 635 3567 687 Morta-

1942 726 2007 780 lis
2055 726 2232 780 factns
2288 729 2373 779 est
2420 731 2479 779 ut
2534 726 2885 779 immortales
2944 743 3066 779 esse
3126 742 3457 796 possemus,
3514 730 3571 779 et

1944 818 2211 872 humanae
2229 820 2395 872 sortis
2421 819 2641 872 exitum
2663 819 2705 852 ¹⁶
2731 818 2961 888 pertulit
2981 835 3078 888 per
3098 835 3268 889 quem
3297 826 3572 888 reguntur

1943 912 2225 981 humana;
2255 915 2447 983 atque,
2473 918 2535 966 ut
2561 912 2723 965 nobis
2746 911 3035 965 videretur
3061 912 3388 983 praestitisse
3417 913 3571 981 quod

1944 1022 2140 1075 passus
2188 1009 2290 1075 est,
2336 1005 2753 1059 confessionem
2792 1004 3007 1070 tribuit,
3059 1005 3331 1073 martyria
3378 1004 3569 1073 subje-

1943 1098 2036 1162 cit,
2066 1099 2252 1151 omnia
2285 1098 2532 1167 denique
2567 1097 2768 1167 quibus
2802 1099 2893 1150 lux
2929 1097 3176 1168 opprimi
3210 1099 3251 1130 ¹⁷
3292 1102 3481 1167 posset
3513 1098 3571 1150 in

1942 1191 2268 1244 remedium
2297 1192 2539 1244 salutare
2570 1191 2876 1244 nativitatis
2905 1207 3019 1244 suae
3043 1190 3260 1244 meritis
3274 1189 3569 1260 relegavit,

1944 1283 2263 1338 humilitate
2296 1284 2604 1354 praecipua,
2648 1284 2850 1336 virtute
2882 1283 3091 1336 divina.
3124 1284 3295 1353 Cujus
3326 1282 3404 1336 rei
3442 1282 3571 1353 qui-

1941 1393 2052 1447 que
2077 1377 2239 1448 digni
2268 1394 2385 1431 esse
2416 1383 2748 1431 meruerunt
2771 1384 2953 1430 morte
2984 1380 3309 1443 caruerunt,
3340 1392 3570 1430 omnem

1941 1470 2090 1524 hanc
2122 1470 2323 1525 mundi
2362 1471 2715 1525 teterrimam
2743 1470 2931 1525 labem
2964 1471 3075 1541 (15)
3106 1469 3340 1523 subacta
3373 1469 3571 1532 mortis

1940 1564 2274 1619 conditione
2304 1564 2581 1618 vicerunt.

2014 1659 2125 1711 Vll.
2181 1659 2301 1711 Non
2353 1658 2509 1711 enim
2560 1656 2795 1711 dubium
2838 1663 2920 1711 est
2951 1663 3232 1729 quantum
3261 1674 3293 1710 a
3328 1656 3567 1710 Domino

217 1749 474 1820 religiosa
515 1759 707 1804 mente
756 1751 1089 1820 ﬁrmaveris,
1137 1752 1477 1807 convincens
1521 1752 1727 1807 scilicet
1775 1728 1916 1806 acB
1941 1757 2363 1821 consequantur
2393 1751 2490 1822 qui
2526 1750 2694 1805 saluti
2736 1767 2851 1806 suae
2905 1768 3114 1805 nomen
3158 1752 3251 1805 Dei
3292 1751 3558 1822 praetule-

217 1858 534 1913 repugnans
576 1844 851 1915 quidquid
893 1845 998 1899 sub
1041 1862 1282 1916 persona
1320 1852 1419 1900 tua
1464 1846 1522 1899 in
1568 1845 1836 1915 injuriam
1938 1850 2091 1912 runt,
2117 1844 2260 1898 utin
2288 1844 2384 1898 illa
2415 1843 2615 1914 judicii
2659 1843 2747 1897 die
2796 1844 3063 1899 meliores
3117 1859 3286 1897 cruor
3338 1843 3570 1906 faceret,

217 1936 413 1989 Christi
449 1938 724 2005 profanus
763 1954 949 1992 sermo
971 1939 1303 2009 jactaverit;
1334 1946 1396 1993 ut
1426 1955 1555 1993 cum
1599 1939 1835 1993 adverso
1937 1937 2283 2008 sanguisque
2330 1937 2487 1991 fusus
2533 1936 2925 1990 immaculatos
2974 1952 3091 1990 esse
3123 1937 3167 1971 ιθ
3202 1940 3565 1990 monstraret.

216 2029 348 2082 mari
371 2030 550 2084 moles
575 2031 833 2100 opposita
860 2032 1188 2100 reluctatur,
1217 2032 1426 2087 feriant
1450 2032 1578 2087 licet
1606 2036 1832 2101 ﬂuctus,

210 2127 258 2174 et
286 2123 607 2177 revolutum
635 2140 829 2194 aequor
873 2125 1189 2179 identidem
1230 2126 1433 2195 pulset,
1476 2129 1664 2181 tamen
1713 2126 1831 2181 ha:-

211 2219 289 2268 ret
316 2216 625 2271 immobilis
644 2218 822 2272 virtus
867 2218 1097 2288 (ll-12),
1130 2234 1234 2272 nec
1273 2220 1440 2273 undis
1481 2219 1830 2289 circumspu-

1934 2032 2077 2087 Mors
2117 2030 2328 2101 quippe
2378 2029 2752 2101 integriorem
2789 2030 2921 2084 facit
2956 2029 3155 2097 vitam,
3184 2045 3335 2084 mors
3385 2028 3565 2099 magis

1938 2124 2169 2179 deducit
2212 2124 2286 2177 ad
2331 2124 2587 2194 gloriam.
2618 2123 2705 2178 Sic
2743 2124 3208 2194 quotiescunque,
3246 2122 3569 2176 laetantibus

1933 2217 2152 2288 stipulis
2182 2218 2249 2283 η,
2296 2217 2540 2271 distenta
2585 2216 2861 2270 imbribus
2906 2217 3194 2270 frumenta
3234 2219 3568 2286 turgescunt

211 2309 485 2362 mentibus
530 2311 802 2381 adoperta
833 2312 1173 2376 succumbit,
1220 2312 1401 2366 donec
1444 2329 1549 2383 per
1577 2314 1833 2383 scopulos
1932 2327 1995 2364 ac
2037 2310 2318 2365 fcecundae
2372 2326 2583 2364 messes
2636 2315 2921 2380 coguntur
2974 2310 3083 2380 (16)
3129 2312 3324 2363 aestate
3366 2309 3435 2377 ’0;
3487 2308 3565 2362 sic

212 2401 283 2454 vis
323 2402 540 2473 digesta
584 2420 640 2457 se
686 2407 1026 2475 supprimat,
1068 2409 1125 2459 et
1163 2406 1527 2476 superjacens
1572 2406 1723 2460 saxis
1772 2407 1830 2460 in
1932 2404 2155 2474 quoties
2182 2404 2336 2457 ferro
2368 2402 2491 2458 vitis
2531 2402 2905 2472 abscinditur,
2940 2402 3369 2474 erumpentibus
3395 2418 3561 2472 pam-

210 2499 393 2565 aperta
420 2495 627 2549 littoris
652 2498 831 2566 spatia
859 2497 1068 2552 victum
1097 2514 1296 2569 aequor
1323 2501 1428 2566 (l3)
1463 2499 1685 2553 evadat.
1930 2497 2080 2567 pinis
2120 2497 2322 2551 melius
2364 2513 2467 2550 uva
2505 2497 2761 2552 vestitur.
2805 2498 2945 2551 Nam
2981 2502 3037 2550 et
3080 2496 3138 2550 in
3188 2501 3561 2567 augmentum

274 2590 329 2641 V.
358 2589 504 2652 Quid
534 2590 685 2643 enim
715 2595 800 2644 est
823 2592 881 2644 in
911 2591 1019 2645 illis
1040 2592 1194 2646 aliud
1217 2608 1387 2662 quam
1415 2608 1599 2646 sermo
1622 2608 1830 2647 vacuus
1930 2590 2261 2661 proventuri
2290 2589 2561 2661 temporis
2588 2590 2737 2645 cedit
2763 2590 3041 2661 quidquid
3070 2589 3279 2659 injuria
3309 2605 3410 2642 sua
3437 2605 3560 2659 pro-

209 2683 260 2733 et
314 2681 480 2736 inane
550 2684 901 2755 colloquium
971 2689 1029 2739 et
1079 2685 1338 2738 inanium
1401 2686 1509 2755 (14)
1570 2686 1829 2755 voluptas
1929 2684 2621 2755 ficit.Flammasquippe
2644 2685 2984 2755 plerumque
3008 2682 3562 2754 agrisjuvitimmit-

208 2789 369 2843 prava
410 2776 741 2845 verborum,
773 2777 917 2831 sicut
945 2778 1217 2848 scriptum
1245 2782 1329 2831 est
1358 2797 1371 2833 :
1406 2779 1595 2833 Oculos
1634 2780 1829 2833 habent
1928 2782 2050 2832 tere
2077 2795 2190 2849 quo
2215 2779 2397 2831 calore
2446 2776 2707 2848 vagantis
2731 2777 2976 2832 incendii
3003 2793 3149 2831 caeca
3192 2781 3358 2831 terrae
3386 2776 3559 2848 spira-

208 2873 251 2921 et
293 2884 396 2923 non
433 2871 643 2931 vident,
694 2886 851 2925 aures
907 2871 1106 2926 habent
1143 2877 1193 2925 et
1238 2887 1344 2925 non
1382 2873 1617 2926 audiunt
1657 2872 1824 2943 (Psal.
1927 2874 2126 2925 menta
2150 2871 2424 2925 laxentur.
2454 2870 2602 2924 Juvit
2631 2870 2781 2925 leves
2826 2870 3064 2942 stipulas
3092 2870 3394 2941 crepitanti
3420 2870 3556 2941 igne

209 2977 341 3028 cxui,
394 2963 505 3031 13).
563 2965 861 3019 Gravetum
912 2970 991 3019 est
1046 2981 1135 3018 cor
1187 2967 1450 3034 insipiens
1490 2981 1702 3029 eorum,
1760 2981 1827 3019 ne
1927 2969 2165 3033 torrere,
2204 2968 2267 3018 ut
2298 2980 2355 3019 se
2386 2964 2554 3018 altius
2601 2964 2835 3035 gravida
2880 2980 3040 3035 seges
3078 2963 3298 3017 tolleret
3328 2968 3383 3017 et
3420 2981 3553 3034 par-

207 3056 407 3122 quando
448 3062 838 3111 convertuntur
864 3063 917 3111 et
956 3073 1139 3112 sanem
1177 3059 1300 3113 illos
1334 3059 1379 3091 ¹⁵
1412 3060 1565 3129 (Isa.,
1594 3076 1664 3125 v1,
1714 3058 1821 3127 10).
1846 3089 1901 3163 C
1926 3057 2268 3111 turientibus
2306 3056 2506 3112 culmis
2546 3057 2772 3111 densior
2809 3057 2979 3110 arista
3018 3057 3244 3110 ﬂoreret
3275 3057 3342 3111 ²¹.
3376 3056 3556 3127 Igitur

207 3147 313 3200 Non
354 3148 513 3201 enim
541 3148 779 3203 dubium
814 3156 898 3204 est
925 3151 1065 3220 quin
1103 3151 1209 3205 hoc
1235 3150 1303 3204 de
1327 3151 1591 3205 omnibus
1622 3152 1825 3208 dixerit
1852 3147 1901 3163 υ
1926 3151 2053 3205 talis
2088 3157 2144 3205 et
2184 3151 2439 3223 martyrii
2481 3151 2666 3221 primo
2707 3167 2884 3217 casus,
2926 3150 3293 3221 postmodum
3337 3151 3553 3205 fructus

206 3255 434 3308 quorum
478 3241 622 3295 dura
675 3259 837 3296 mens
884 3258 1113 3314 semper
1156 3250 1211 3299 et
1259 3244 1541 3300 obstinata
1584 3246 1824 3316 pectoris
1923 3249 2026 3311 est,
2060 3245 2159 3316 qui
2203 3248 2447 3300 mortem
2488 3247 2608 3298 tam
2654 3248 2987 3299 contemnat
3030 3249 3092 3298 ut
3143 3243 3315 3298 vitam
3372 3249 3552 3299 morte

204 3331 381 3388 feritas
409 3350 443 3388 a
486 3336 785 3390 devotione
826 3336 977 3390 vitali
1014 3336 1212 3407 fugata
1257 3337 1535 3405 dissentit,
1581 3340 1823 3394 ducente
1924 3338 2221 3393 custodiat.

205 3425 498 3494 dementia,
558 3429 748 3484 furore
796 3430 1067 3500 rapiente,
1118 3429 1298 3502 791
1359 3432 1518 3486 omni
1573 3433 1821 3504 denique
1994 3433 2126 3487 Vlll.
2157 3430 2301 3495 Quid
2329 3431 2483 3485 enim
2523 3436 2640 3485 tam
2671 3431 2939 3486 eximium
2967 3436 3137 3502 atque
3164 3430 3406 3486 sublime
3445 3436 3547 3499 est,

203 3517 310 3572 illos
335 3521 699 3576 immanitate
723 3526 988 3589 vexante,
1019 3539 1132 3593 qua
1156 3523 1506 3594 instigantur
1521 3527 1731 3596 pariter
1758 3542 1822 3581 ac
1924 3541 2098 3596 quam
2124 3524 2273 3580 inter
2301 3530 2385 3580 tot
2415 3525 2797 3579 instrumenta
2841 3525 2949 3595 (17)
2998 3524 3330 3579 carnificum
3371 3524 3547 3579 devo-

202 3614 453 3669 feruntur
485 3632 500 3669 :
533 3619 597 3669 ut
621 3632 749 3669 cum
780 3616 888 3670 illis
933 3616 1005 3670 ad
1037 3633 1267 3687 poenam
1295 3634 1397 3672 sua
1427 3618 1574 3673 facta
1602 3620 1817 3674 sufﬁce-
1920 3620 2073 3673 tione
2114 3618 2347 3673 robusta
2384 3621 2648 3672 cunctam
2684 3618 2817 3672 fidei
2852 3634 3137 3673 reservare
3164 3617 3429 3672 virtutem
3457 3619 3548 3673 25"I

198 3710 331 3775 rent,
364 3724 593 3778 pcenam
633 3710 820 3780 ipsam
864 3709 1271 3780 persecutionis
1324 3711 1550 3781 agitatae
1598 3713 1819 3769 crimen
1919 3712 2061 3776 Quid
2098 3715 2211 3766 tam
2245 3728 2520 3783 magnum
2550 3716 2721 3782 atque
2753 3712 3224 3783 pulcherrimum,
3258 3728 3431 3782 quam
3463 3713 3546 3766 in-

201 3808 470 3857 oneraret.
1919 3809 2009 3859 ter
2038 3810 2123 3860 tot
2150 3803 2343 3877 792
2374 3804 2864 3859 circumstantium
2886 3804 3106 3874 gladios
3135 3804 3415 3858 libertatis
3428 3821 3546 3859 suae

260 3896 338 3949 Vl.
365 3897 572 3951 Totum
603 3896 710 3950 hoc
738 3896 796 3950 in
824 3897 1056 3951 laudem
1087 3897 1341 3969 martyrii
1363 3902 1597 3969 spectat,
1629 3902 1818 3953 totum
1919 3898 2224 3952 Dominum
2261 3914 2323 3950 ac
2354 3897 2549 3951 salutis
2586 3900 2880 3950 auctorem
2912 3896 3153 3966 repetita
3174 3896 3378 3967 saepius
3405 3914 3541 3952 voce

201 3988 423 4055 gloriam
482 3989 759 4060 passionis
804 3990 1088 4044 illuminat
1129 4008 1142 4045 :
1195 3991 1254 4045 in
1306 4007 1417 4063 qua
1469 4008 1595 4063 spes
1642 3992 1817 4046 futuri
1918 3990 2209 4062 proﬁteri?
2237 3992 2293 4043 et
2323 3988 2563 4043 maxime
2590 3988 2636 4042 si
2661 3993 2791 4043 ante
2839 3974 3027 4043 oculos
3052 3994 3178 4043 tuos
3211 4006 3383 4060 ponas
3402 3990 3542 4044 nihil

196 4083 462 4152 temporis
506 4084 777 4151 cernitur,
810 4084 867 4137 in
897 4100 1009 4155 qua
1050 4084 1306 4139 Christus
1351 4084 1472 4155 ipse
1525 4092 1813 4156 operatur,
1918 4083 2302 4139 detestabilius
2330 4099 2450 4136 esse
2475 4081 2773 4149 dedecore,
2815 4082 2959 4136 nihil
3005 4082 3209 4137 fcedius
3245 4084 3537 4152 servitute,

198 4174 343 4243 cujus
369 4182 622 4246 aguntur
638 4177 896 4246 exempla
918 4192 1044 4246 quae
1074 4177 1339 4246 petimus,
1371 4177 1531 4247 cujus
1559 4181 1615 4232 et
1640 4178 1816 4232 virtus
1917 4177 2060 4231 nihil
2087 4175 2244 4231 aliud
2269 4180 2326 4228 te
2348 4174 2556 4229 debere
2576 4175 2699 4245 jam
2726 4181 2939 4246 petere,
2968 4174 3122 4230 aliud
3144 4180 3336 4248 optare
3363 4193 3539 4248 quam

196 4272 271 4320 est
296 4284 405 4338 qua
435 4286 851 4340 repugnamus.
896 4271 960 4323 Et
992 4270 1129 4341 quia
1165 4270 1227 4323 in
1272 4270 1377 4323 hoc
1419 4270 1541 4325 loco
1599 4270 1813 4342 aliquid
1917 4269 2276 4341 eripiendum
2303 4285 2423 4323 esse
2462 4269 2719 4324 cladibus
2764 4269 2976 4337 saeculi,
3026 4270 3346 4325 exuendum
3378 4270 3539 4325 malis

195 4362 438 4430 proferre
491 4363 764 4433 suppetit,
809 4379 1031 4417 summa
1070 4362 1344 4417 nimirum
1394 4365 1479 4418 est
1502 4363 1604 4417 ista
1642 4369 1812 4435 atque
1915 4362 2115 4418 mundi
2154 4367 2209 4417 et
2250 4361 2399 4416 inter
2442 4362 2635 4416 ruinas
2675 4361 2826 4416 orbis
2860 4362 2981 4432 jam
3014 4362 3256 4434 jamque
3299 4363 3537 4434 perituri

1547 4536 1757 4601 Variae
1811 4535 2141 4599 lectiones.

250 4672 286 4703 "
309 4671 392 4722 Sic
414 4672 555 4721 Lam.
588 4670 741 4722 Ebor.
774 4672 879 4724 ΝΟ.
912 4673 955 4722 1.
988 4674 1145 4723 Oxon.
1176 4674 1198 4724 I
1227 4688 1286 4725 er
1315 4673 1606 4737 patientiae,
1635 4674 1896 4735 magister
1921 4672 2122 4721 domus
2154 4672 2282 4720 vitae
2309 4673 2467 4734 Impr.
2544 4670 2584 4703 η
2614 4671 2700 4719 Sic
2736 4672 2875 4719 Lam.
2902 4671 3053 4720 Ebor.
3074 4675 3179 4725 NG.
3215 4674 3258 4721 1.
3284 4674 3537 4723 Tractan'

190 4741 253 4789 tis
277 4742 398 4806 Imp.
486 4744 525 4774 ³⁵
553 4743 638 4791 Sic
672 4744 808 4793 Lam.
835 4742 989 4792 Ebor.
1022 4746 1128 4797 ΝΟ.
1152 4744 1374 4795 Salvem
1404 4746 1558 4794 Oxon.
1648 4741 1688 4776 ⁸⁸
1720 4743 1966 4792 Exitium
2002 4746 2145 4793 Lam.
2177 4742 2327 4792 Ebor.
2355 4745 2459 4794 ΝΟ.
2497 4743 2539 4791 1.
2629 4740 2665 4772 ’⁷
2686 4740 2964 4804 Supprimi
2995 4745 3154 4793 Oxon.
3245 4743 3284 4776 ¹⁸
3307 4744 3377 4793 Et
3406 4756 3534 4793 san-

190 4812 303 4872 guis
329 4827 463 4863 suus
484 4827 607 4864 esse
638 4816 785 4865 Lam.
819 4813 969 4863 Ebor.
1000 4816 1109 4867 ΝΟ.
1141 4817 1182 4865 1.
1219 4815 1372 4878 Quos
1398 4816 1627 4878 sanguis
1652 4826 1789 4862 suus
1822 4816 2091 4875 martyres
2119 4826 2242 4863 esse
2283 4814 2443 4862 Oxon.
2548 4812 2584 4843 *ο
2608 4811 2931 4861 Latentibus
2956 4813 3175 4876 stipulis
3197 4818 3340 4866 Lam.
3373 4813 3527 4864 Ebor.

192 4885 287 4935 NG.
324 4886 363 4933 l.
431 4883 473 4917 ⁸ο
492 4883 826 4948 Coquuntur
855 4888 1045 4937 astate
1074 4886 1234 4937 Oxon.
1266 4901 1328 4936 ex
1352 4886 1496 4937 codd.
1522 4888 1663 4936 Lam.
1702 4882 1855 4933 Ebor.
1879 4885 1985 4936 ΝΟ.
2016 4885 2059 4933 1.
2139 4882 2180 4916 ²¹
2209 4885 2395 4934 Arista
2427 4883 2617 4933 ﬂoreat
2648 4885 2784 4932 Lam.
2820 4884 2973 4935 Ebor.
3006 4887 3114 4937 ΝΟ.
3147 4886 3191 4934 1.
3261 4888 3302 4917 ﬂ
3362 4886 3533 4936 Rese-

188 4965 297 5003 rare
320 4955 461 5006 Lam.
488 4955 639 5005 Ebor.
670 4956 776 5007 ΝΟ.
811 4956 854 5005 1.

1497 5046 1724 5127 Steph.
1763 5044 2010 5109 Baluzii
2040 5051 2232 5108 notae.

244 5183 336 5246 (10)
364 5180 781 5244 Redampliatur.
818 5183 880 5231 Id
910 5186 991 5232 est
1012 5187 1262 5245 augetur.
1818 5212 1877 5249 n
1963 5183 2060 5243 (l5)
2094 5183 2434 5233 Telon-imam
2481 5180 2664 5232 labem.
2714 5182 2904 5233 Codex
2932 5184 3112 5235 sancti
3157 5184 3431 5249 Arnulphi
3476 5190 3531 5237 et

244 5212 336 5246 μυ)
364 5212 748 5244 "cauri-fluuii"
770 5220 781 5231 ο
818 5212 880 5231 ιιι
910 5212 991 5232 σαι
1012 5212 1262 5245 cubum“.
1818 5212 1877 5283 D
1963 5212 2060 5243 μυ]
2094 5212 2434 5233 aventini-uu-
2481 5212 2664 5232 auuol".
2715 5212 2904 5233 uuuUA
2932 5212 3112 5235 aauuu
3157 5212 3431 5249 ιιιυιιιμυι
3476 5212 3528 5237 Ut

241 5254 416 5315 (ll-12)
459 5252 745 5303 Immobilis
774 5254 960 5304 virtus.
986 5254 1108 5304 Vox
1149 5255 1345 5315 virtus,
1389 5267 1517 5317 quae
1562 5267 1675 5304 non
1719 5256 1800 5303 est
1901 5252 2189 5313 Thuanus,
2215 5253 2572 5303 deterrimam.
2614 5254 2878 5304 Nicolaus
2919 5254 3096 5305 Faber
3131 5257 3316 5319 posuit
3344 5257 3400 5306 in
3427 5270 3528 5308 suo

186 5326 509 5386 necessaria,
541 5323 694 5373 deest
736 5326 790 5374 in
832 5326 1165 5389 quibusdam
1206 5327 1362 5376 libris
1406 5326 1703 5378 veteribus.
1732 5325 1803 5375 Et
1900 5324 2041 5373 libro
2090 5325 2390 5386 deterrima,
2442 5339 2551 5389 quo
2599 5326 2764 5375 etiam
2816 5325 2982 5376 modo
3030 5327 3297 5390 scriptum
3340 5331 3423 5377 est
3472 5330 3528 5377 in

185 5407 406 5455 pronum
452 5398 534 5444 est
579 5395 893 5446 existimare
937 5409 1130 5446 vocem
1172 5396 1455 5447 immobilis
1500 5398 1688 5448 referri
1732 5395 1802 5446 ad
1902 5396 2095 5446 codice
2124 5398 2300 5446 sancti
2327 5396 2584 5459 Dionysii
2618 5397 2927 5447 Remensis.

184 5465 395 5516 molem.
1962 5466 2058 5527 (16)
2117 5468 2304 5517 Messes
2358 5472 2629 5530 Coguntur.
2689 5467 2938 5528 Quatuor
2993 5467 3120 5519 libri
3168 5475 3401 5529 veteres,
3450 5482 3530 5517 co-

241 5537 328 5600 (l3)
368 5539 562 5589 Victum
597 5552 795 5603 zquor.
825 5539 1063 5601 Quidam
1102 5540 1229 5590 libri
1260 5541 1435 5600 ictum,
1458 5553 1606 5589 unus
1642 5552 1800 5589 meus
1901 5542 2154 5599 quatitur.

186 5606 361 5668 ipsum.
1959 5609 2056 5667 (17)
2110 5610 2482 5661 Instrumenta.
2546 5612 2734 5665 Codex
2790 5613 2969 5664 sancti
3024 5611 3333 5676 Arnulphi,
3387 5616 3532 5663 stra-

242 5680 343 5757 (14)⁸
396 5681 661 5732 Inanium.
731 5680 993 5747 Quinque
1073 5681 1199 5733 libri
1277 5687 1491 5735 veteres
1564 5681 1798 5733 alienam
1898 5685 2093 5730 menta.

184 5760 359 5800 animi.
