4032 6180
514 295 615 356 823

1419 293 1472 351 S.
1517 293 1831 351 CYPRIANI
1872 293 2149 352 OPERUM
2188 295 2360 352 PARS
2399 297 2464 352 ΙΙ.
2496 327 2561 339 -—
2603 300 2962 356 OPUSCPLA.

3735 306 3827 364 824

499 427 744 482 alienum
788 441 820 480 a
859 429 1085 479 terrena
1130 424 1469 495 contagione
1505 426 1756 480 versari?
1787 425 1932 489 Quid
1974 426 2126 483 enim
2149 435 2520 508 Aprospera,
2555 449 2714 487 arma
2749 432 2902 489 inter
2934 437 2992 490 et
3028 435 3172 502 tela;
3216 435 3456 508 hincque
3487 440 3541 491 te
3569 439 3828 495 saecularis

502 521 604 575 tibi
643 536 772 576 cum
805 520 912 574 hac
957 518 1099 585 luce,
1150 519 1239 572 cui
1282 519 1377 573 lux
1427 523 1643 573 aeterna
1682 520 1958 590 promissa
2002 521 2129 574 est?

503 615 651 680 Quid
697 630 827 668 cum
877 613 986 668 hoc
1032 613 1161 667 vitae
1199 615 1529 684 natumque
1578 614 1917 668 commercio
1963 631 2132 685 quem

497 709 621 763 cceli
683 707 1002 779 amplitudo
1060 705 1354 776 deposcit?
1409 707 1553 762 Sane
1616 711 1807 762 teneat
1850 708 2131 778 cupiditas

497 806 604 860 ista
660 805 906 871 vivendi,
958 805 1052 859 sed
1107 821 1246 875 quos
1295 805 1620 876 inexpiabili
1683 805 1834 860 malo
1898 805 2131 860 saeviens

503 899 654 969 ignis
699 905 908 952 aeterna
961 899 1234 952 scelerum
1299 899 1515 953 ultione
1564 899 1867 969 torquebit.
1925 900 2131 953 Teneat

502 993 780 1062 cupiditas
809 993 915 1046 ista
955 992 1198 1058 vivendi,
1229 992 1322 1046 sed
1353 992 1555 1063 quibus
1583 997 1640 1047 et
1670 993 1812 1046 mori
1844 1009 2006 1064 paena
2044 999 2130 1048 est

501 1090 560 1140 et
603 1086 806 1140 durare
852 1090 1220 1140 tormentum.
1266 1086 1387 1140 Tibi
1429 1087 1554 1156 jam
1603 1090 1660 1140 et
1711 1087 1956 1141 mundus
2007 1088 2127 1158 ipse

500 1179 815 1233 succumbit
858 1182 916 1232 et
952 1185 1105 1233 terra
1153 1179 1319 1245 cedit,
1357 1180 1454 1250 qui
1498 1180 1873 1234 morientibus
1913 1180 2128 1235 cunctis

498 1274 567 1326 ad
605 1273 708 1327 hoc
748 1277 1065 1326 reservatus
1105 1290 1162 1326 es
1205 1277 1265 1326 ut
1294 1279 1512 1342 martyr
1549 1291 1672 1328 esse
1703 1274 2000 1344 potuisses.
2044 1278 2124 1330 Au

497 1380 614 1418 non
650 1363 982 1434 quotidiana
1029 1362 1316 1416 cernimus
1357 1363 1578 1431 funera,
1615 1363 1904 1417 cernimus
1949 1380 2125 1418 novos

501 1461 686 1515 exitus
715 1459 822 1530 (IS)
863 1460 1114 1528 corporis
1146 1460 1243 1512 diu
1281 1460 1446 1514 tracti
1477 1461 1547 1527 ³³,
1576 1461 1938 1515 saevientibus
1969 1478 2120 1516 mor-

497 1554 584 1607 bis
626 1554 940 1623 inexpertm
977 1553 1270 1622 cujusdam
1310 1553 1487 1607 cladis
1531 1555 1727 1621 exitia,
1762 1571 1823 1608 ac
1871 1560 2122 1624 stragem

498 1647 898 1717 populatarum
947 1647 1172 1699 urbium
1222 1647 1535 1714 intuemur,
1578 1649 1728 1702 unde
1761 1650 1808 1682 ²⁸
1845 1649 2122 1719 possimus

499 1756 809 1809 agnoscere
838 1744 1044 1810 quanta
1075 1739 1332 1810 martyrii
1356 1741 1614 1795 habenda
1647 1741 1719 1794 sit
1745 1741 2014 1812 dignitas,
2052 1742 2121 1796 ad

2232 528 2489 597 ambitio,
2523 530 2657 585 inde
2685 529 2922 585 caelestis
2946 530 3217 586 admonet
3239 531 3590 602 magnitudo.

2304 627 2390 679 XI.
2417 625 2472 680 Si
2499 624 2742 680 salutem
2768 625 2931 680 times
2961 626 3226 695 perdere,
3260 624 3394 681 scito
3421 627 3476 680 te
3500 627 3637 681 mori
3665 643 3828 698 posse.

2231 719 2406 773 Porro
2431 723 2624 773 autem
2656 717 3082 772 contemnenda
3113 717 3216 773 tibi
3248 735 3406 772 mors
3434 722 3534 788 est,
3556 720 3640 775 cui
3659 722 3826 777 Chris-

2231 814 2322 865 tus
2349 813 2562 866 occisus
2600 817 2702 868 est.
2741 815 2886 867 Ante
2942 812 3129 867 oculos
3175 812 3298 878 tibi,
3353 829 3567 883 quaeso,
3618 831 3825 869 concur-

2229 903 2361 955 rant
2399 901 2708 955 Dominica)
2752 902 3026 972 passionis
3056 902 3163 972 (22)
3199 903 3482 973 exempla,
3524 909 3830 959 concurrant

2230 995 2411 1048 oblata
2444 1000 2500 1049 et
2522 995 2757 1066 praemia
2786 999 2843 1050 et
2870 1001 3067 1066 parata
3109 994 3454 1062 discrimina,
3493 1001 3551 1050 et
3584 1001 3829 1068 quantam

2228 1084 2380 1139 inter
2411 1101 2468 1140 se
2505 1084 2757 1139 habeant
2791 1084 3185 1141 difﬁcultatem
3214 1102 3307 1140 res
3334 1089 3598 1157 utrasque
3628 1087 3829 1158 conspi-

2227 1179 2354 1233 cito.
2387 1180 2499 1232 Nec
2529 1179 2683 1233 enim
2727 1179 2938 1250 poteris
2954 1179 3236 1246 confiteri,
3268 1178 3379 1233 nisi
3406 1178 3548 1234 scias
3577 1184 3827 1250 quantum

2227 1288 2432 1326 noceas
2454 1273 2500 1307 ³⁸
2559 1272 2606 1325 si
2661 1272 2979 1344 negaveris.
3043 1273 3193 1328 Ccelo
3249 1278 3532 1344 martyres
3589 1274 3827 1344 gaudent,

2225 1367 2478 1420 veritatis
2539 1365 2800 1420 inimicos
2864 1366 3017 1436 ignis
3083 1367 3360 1422 absumet.
3409 1367 3692 1422 Paradisus
3745 1370 3830 1424 Dei

2225 1460 2455 1514 testibus
2479 1460 2671 1526 ﬂoret,
2695 1463 2993 1530 negatores
3019 1461 3284 1532 gehenna
3309 1461 3597 1532 complexa
3608 1465 3827 1517 aeternus

2224 1553 2374 1624 ignis
2429 1552 2770 1608 inardescet.
2817 1555 2904 1622 Et,
2935 1559 2995 1608 ut
3040 1555 3260 1610 caeteris
3318 1558 3554 1622 taceam,
3599 1557 3698 1610 hoc
3737 1574 3828 1612 nos

2221 1647 2421 1717 utique
2465 1648 2646 1717 magis
2694 1648 2863 1702 debet
2897 1647 3132 1711 hortari,
3177 1648 3334 1720 quod
3389 1649 3655 1705 confessio
3692 1651 3826 1705 vocis

2223 1741 2390 1795 unius
2430 1741 2639 1796 Christi
2679 1745 2959 1812 perpetua
3001 1741 3354 1797 confessione
3395 1747 3661 1806 servetur,
3698 1745 3824 1798 sicut

503 1830 662 1899 cujus
707 1829 947 1899 gloriam
993 1846 1098 1883 nos
1146 1845 1347 1900 cogere
1395 1830 1567 1884 etiam
1601 1831 1722 1886 lues
1767 1831 1936 1902 coepit
1985 1832 2118 1902 (l9).
2142 1801 2198 1873 B
2223 1834 2496 1905 scriptum
2539 1837 2626 1888 est
2660 1850 2673 1888 :
2710 1837 2818 1902 Qui
2842 1851 2923 1890 me
2956 1837 3229 1902 confessus
3271 1838 3448 1903 fuerit
3487 1838 3544 1890 in
3576 1839 3721 1892 terris
3746 1853 3823 1892 ca-

570 1925 656 1977 IX.
704 1922 950 1989 Etenim,
983 1922 1301 1977 charissimi
1337 1923 1556 1990 fratres,
1594 1924 1855 1994 respicite
1883 1925 1955 1978 ad
1989 1925 2120 1992 hoc,

500 2033 694 2087 quaeso
744 2033 860 2083 vos,
903 2016 1148 2086 plenius,
1177 2016 1234 2071 in
1270 2033 1380 2088 quo
1412 2021 1465 2071 et
1493 2019 1643 2072 salus
1684 2018 1924 2073 vertitur
1951 2025 2006 2074 et
2025 2036 2119 2074 su-

494 2111 745 2165 blimitas
783 2112 1168 2180 computatur,
1214 2110 1343 2164 licet
1384 2127 1498 2164 non
1543 2111 1649 2165 sim
1689 2113 1907 2166 nescius
1948 2113 2121 2168 etiam

495 2219 592 2258 vos
637 2203 961 2274 plenissime
1009 2220 1170 2257 nosse
1226 2203 1496 2258 stantium
1551 2205 1661 2275 ('20)
1709 2205 1966 2262 omnium
2016 2223 2121 2262 nos

485 2297 716 2368 judiciis
761 2296 1056 2362 contineri,
1101 2313 1286 2367 neque
1327 2297 1593 2367 ignorare
1622 2298 1768 2352 hanc
1807 2315 1930 2353 esse
1961 2299 2122 2355 nobis

495 2391 762 2445 traditam
798 2389 1174 2461 disciplinam,
1219 2394 1281 2444 ut
1319 2391 1439 2445 sine
1488 2391 1601 2445 ullo
1643 2396 1858 2447 terrore
1904 2393 2120 2448 militiae

495 2486 610 2538 vim
643 2485 781 2538 tanti
803 2484 1049 2538 nominis
1095 2489 1389 2551 tueamur;
1423 2485 1633 2556 quippe
1667 2502 1810 2557 quos
1844 2487 2063 2558 pridem
2089 2503 2122 2541 a

496 2577 771 2632 desiderio
825 2577 964 2631 lucis
1009 2577 1168 2632 istius
1218 2577 1494 2649 cupiditas
1547 2582 1776 2635 aeternae
1829 2580 2122 2636 memoriae

496 2672 826 2738 deduxerit,
898 2687 1040 2742 quos
1106 2672 1430 2727 futurorum
1495 2677 1623 2727 vota
1693 2673 2018 2729 divellerint
2048 2676 2116 2743 ³⁸,

495 2781 747 2837 quosque
783 2765 852 2818 ab
893 2765 1156 2819 omnibus
1197 2765 1345 2819 vitiis
1366 2767 1616 2837 optanda
1646 2767 1851 2822 Christi
1882 2769 2119 2824 societas

495 2860 829 2930 segregarit,
874 2859 980 2912 nisi
1025 2859 1068 2912 si
1121 2859 1296 2914 exitio
1345 2860 1734 2929 succumbere,
1783 2863 1951 2918 morti
1993 2862 2117 2917 ani-

493 2970 653 3008 mam
703 2953 1030 3007 dubitamus
1067 2954 1295 3019 offerre,
1345 2970 1448 3008 nec
1477 2955 1600 3024 jam
1643 2955 1946 3010 retinenda
1987 2959 2120 3010 sunt

491 3047 655 3101 nobis
678 3051 732 3102 et
757 3047 1150 3118 amplectenda
1177 3047 1452 3102 beneficia
1479 3048 1664 3103 divina
1696 3066 1940 3120 quorum
1969 3050 2114 3104 ultra

489 3158 680 3196 rerum
704 3142 1131 3195 ardoremtanta
1159 3141 1230 3194 sit
1258 3157 1477 3194 merces
1494 3147 1772 3213 quantum
1799 3143 1856 3196 in
1878 3144 2114 3198 dicendo
2139 3163 2193 3238 Ο

493 3237 746 3289 humana
791 3235 1155 3289 mediocritas
1197 3235 1282 3288 vix
1323 3236 1497 3305 possit
1536 3237 1794 3307 implere.
1845 3238 2120 3308 Sanguini

492 3335 684 3383 nostro
716 3332 868 3398 patet
893 3329 1120 3387 caelum.
1150 3328 1427 3398 Sanguini
1457 3335 1650 3383 nostro
1681 3331 2123 3401 gehennaecedit

490 3422 896 3488 habitaculum,
938 3426 995 3476 et
1037 3422 1189 3476 inter
1234 3422 1424 3476 omnia
1459 3424 1652 3494 gloriae
1687 3425 1794 3494 (2t)
1835 3425 2123 3494 pulchrior

491 3515 782 3584 sanguinis
807 3516 1003 3569 titulus
1032 3517 1090 3568 et
1117 3514 1395 3586 integrior
1422 3532 1627 3571 corona
1653 3516 1930 3588 signatur.

566 3609 627 3661 X.
669 3609 776 3674 Sic,
834 3608 1056 3677 quoties
1115 3608 1186 3662 de
1239 3609 1397 3663 hoste
1443 3609 1876 3680 triumphalibus
1935 3612 2123 3682 spoliis

493 3708 727 3755 onustus
767 3700 928 3755 miles
971 3702 1308 3771 ingreditur,
1353 3703 1680 3757 vulneribus
1726 3705 1842 3758 suis
1893 3705 2118 3775 gaudet.

493 3795 600 3858 Sic,
641 3794 863 3865 quoties
898 3795 1332 3865 tempestatibus
1369 3795 1467 3848 diu
1512 3799 1686 3850 nauta
1723 3797 1996 3866 fatigatus
2036 3799 2123 3854 lit-

494 3892 624 3942 tora
654 3892 774 3942 tuta
820 3887 1140 3958 contigerit,
1186 3887 1519 3942 felicitatem
1561 3905 1722 3944 suam
1753 3891 1820 3945 de
1859 3907 2122 3962 perpesso

492 3983 746 4053 periculo
770 3982 941 4036 ducit.
977 3983 1070 4035 Est
1101 3981 1254 4035 enim
1294 3981 1568 4052 profecto,
1598 3983 1706 4037 nisi
1732 3983 1913 4051 fallor,
1965 3985 2125 4038 labor

492 4077 656 4130 laetus
698 4093 800 4146 per
847 4074 1038 4147 793
1066 4092 1238 4145 quem
1278 4077 1552 4130 securitas
1594 4077 1898 4132 invenitur.
1945 4080 2124 4149 Igitur

491 4169 792 4224 toleranda
818 4175 948 4224 sunt
975 4169 1183 4235 omnia,
1210 4169 1479 4239 patienda
1508 4173 1709 4224 cuncta
1729 4188 1830 4225 nec
1855 4177 2124 4243 appeten-

493 4263 631 4316 dum
665 4262 955 4333 quomodo
989 4262 1144 4315 brevi
1176 4262 1448 4332 gaudeas,
1478 4265 1735 4334 tempore
1763 4269 1817 4318 et
1845 4270 2121 4336 perpetuo

495 4355 753 4426 puniaris
783 4356 1003 4411 ardore.
1042 4356 1360 4410 Meminisse
1405 4356 1558 4411 enim
1590 4357 1759 4411 debes
1788 4359 1939 4414 velut
1983 4376 2118 4431 qua-

489 4449 619 4502 dam
650 4452 704 4502 te
735 4449 964 4503 foederis
1014 4449 1273 4519 pactione
1329 4451 1719 4517 constrictum,
1765 4467 1835 4505 ex
1869 4465 1981 4522 qna
2020 4459 2119 4508 aut

2220 1944 2338 1982 ram
2383 1929 2699 1990 hominibus,
2746 1934 2797 1983 et
2833 1945 2924 1997 ego
2970 1930 3252 1997 conﬁtebor
3296 1945 3416 1984 eum
3463 1945 3638 1985 coram
3675 1934 3825 1986 Patre

2222 2036 2334 2075 meo
2367 2027 2418 2076 et
2459 2037 2637 2075 coram
2680 2022 2890 2090 angelis
2935 2023 3050 2090 ejus
3104 2022 3276 2092 (Lue.,
3336 2040 3371 2076 x
3415 2039 3476 2089 ιι,
3529 2023 3604 2092 8).
3648 2023 3826 2078 Adhuc

2223 2114 2498 2168 accedunt
2531 2113 2602 2168 ad
2640 2114 2836 2184 gloriae
2866 2115 3160 2169 cumulum
3189 2121 3528 2170 ornamenta
3557 2115 3824 2170 virtutum.

2221 2207 2312 2263 Ait
2361 2207 2514 2262 enim
2573 2227 2584 2262 :
2650 2207 2958 2275 Fulgebunt
2995 2209 3141 2276 justi
3194 2213 3464 2279 tanquam
3504 2210 3742 2264 scintilla:
3778 2211 3827 2262 in

2223 2301 2547 2355 arundineto
2629 2299 3016 2368 discurrentes,
3071 2301 3410 2369 judicabant
3475 2305 3731 2365 nationes,
3784 2308 3826 2356 et

2222 2394 2647 2449 dominabuntur
2658 2394 2880 2464 populis
2909 2393 3082 2465 (Sap.,
3112 2410 3188 2462 ιιι,
3214 2394 3288 2463 7).

2292 2487 2400 2541 XII.
2432 2488 2634 2558 Magna
2677 2491 2761 2542 est
2787 2487 2961 2555 enim,
3005 2487 3204 2542 fratres
3251 2487 3586 2554 charissimi,
3629 2489 3827 2544 claritas

2219 2581 2398 2634 vitam
2455 2581 2649 2635 salutis
2684 2583 2916 2635 aeternae
2966 2581 3261 2637 honestate
3306 2582 3585 2653 passionis
3622 2598 3824 2650 ornare,

2221 2690 2435 2744 magna
2485 2673 2802 2730 sublimitas
2857 2679 2990 2729 ante
3039 2691 3137 2729 ora
3176 2675 3402 2730 Domini
3443 2679 3826 2747 aspectumque

2219 2767 2424 2824 Christi
2478 2767 2770 2838 potestatis
2813 2768 3084 2823 humanae
3134 2773 3423 2824 tormenta
3480 2773 3825 2825 contemnere

2221 2878 2326 2916 nec
2349 2862 2604 2916 horrere.
2636 2861 2725 2916 Sic
2765 2861 2954 2916 Daniel
2991 2862 3172 2918 minas
3214 2862 3368 2932 regis
3400 2867 3458 2918 et
3483 2864 3707 2918 leonum
3730 2864 3823 2918 fre-

2218 2954 2499 3010 mentium
2545 2955 2762 3026 rabiem
2781 2970 2883 3025 per
2903 2955 3280 3010 constantiam
3310 2956 3449 3011 ﬁdei
3477 2957 3523 2992 ’7
3551 2973 3663 3011 sum
3693 2956 3823 3019 vicit,

2220 3049 2357 3103 dum
2410 3048 2763 3104 adorandum
2812 3049 3033 3104 nullum
3086 3049 3260 3104 alium
3309 3066 3432 3104 esse
3465 3067 3633 3120 quam
3671 3053 3825 3105 Deum

2219 3142 2480 3197 credidit.
2511 3142 2597 3198 Sic
2627 3142 2685 3198 in
2712 3141 2937 3196 camino
2963 3142 3155 3214 pueris
3194 3143 3516 3198 constitutis
3542 3143 3601 3198 in
3630 3159 3683 3197 se
3710 3143 3826 3198 arsit

2221 3235 2576 3301 incendium,
2615 3234 2752 3289 dum
2782 3235 2944 3305 ignes
2965 3235 3104 3305 justi
3131 3235 3373 3290 tolerant
3401 3253 3546 3307 quos
3572 3237 3619 3271 ⁸³
3651 3237 3716 3291 de
3742 3252 3823 3306 ge-

2222 3329 2414 3383 henna
2431 3327 2669 3382 Domino
2699 3327 2986 3383 credendo
3017 3329 3371 3384 metuebant.
3408 3331 3568 3385 Unde
3598 3332 3653 3383 et
3687 3332 3822 3384 retu-

2221 3423 2340 3475 lere
2369 3421 2669 3493 condigna,
2703 3421 2903 3475 nonin
2931 3425 3226 3492 posterum
3273 3423 3462 3491 tracti,
3504 3439 3616 3478 non
3655 3422 3826 3476 salutis

2223 3519 2449 3570 aeternae
2476 3516 2712 3586 prtemio
2731 3517 3017 3570 reservati.
3052 3515 3248 3570 Fidem
3266 3516 3496 3571 illorum
3519 3519 3660 3572 Deus
3685 3515 3823 3581 vidit,

2223 3613 2285 3664 ut
2311 3609 2464 3680 quod
2490 3609 2595 3663 sibi
2623 3614 2746 3679 post
2770 3609 2984 3663 exitum
3028 3610 3416 3680 promiserant
3443 3610 3633 3665 videre
3669 3625 3828 3663 mere-

2223 3709 2420 3757 rentur
2449 3703 2507 3756 in
2536 3718 2790 3772 corpore.
2810 3704 2918 3756 Nec
2945 3702 3101 3756 enim
3121 3704 3328 3773 poterit
3342 3704 3618 3759 aestimari
3641 3707 3829 3773 quanta

2223 3797 2279 3850 in
2326 3795 2593 3866 praesenti
2641 3794 3012 3849 tribulatione
3068 3796 3139 3850 sit
3193 3812 3412 3851 merces
3436 3798 3508 3866 ³9,
3557 3797 3605 3850 si
3640 3795 3831 3850 saevitia

2221 3889 2392 3960 fugit,
2439 3889 2486 3942 si
2535 3887 2701 3943 cessit
2747 3888 2983 3942 ﬂamma
3014 3890 3080 3943 ³ο.
3137 3891 3269 3942 Erat
3319 3891 3480 3944 enim
3529 3907 3643 3944 una
3688 3904 3830 3943 mens

2223 3982 2507 4048 omnibus,
2555 3998 2728 4052 quam
2777 3997 2883 4034 nec
2928 3981 3192 4036 violentia
3242 3983 3560 4053 frangeret,
3619 3999 3718 4037 nec
3762 3981 3832 4034 ira

2222 4077 2593 4140 subverteret,
2625 4089 2727 4129 nec
2755 4092 2787 4128 a
2813 4074 3128 4129 devotionis
3156 4075 3347 4147 794
3378 4076 3654 4148 obsequio
3683 4075 3834 4129 timor

2221 4169 2419 4224 mortis
2447 4168 2753 4222 inhiberet.
2782 4168 2941 4221 Unde
2981 4185 3082 4237 per
3109 4172 3355 4238 gratiam
3389 4170 3613 4224 Domini
3640 4169 3830 4223 factum

2224 4268 2307 4317 est
2337 4267 2400 4316 ut
2427 4261 2580 4316 sicin
2611 4262 2720 4316 illis
2749 4277 2842 4314 rex
2892 4261 3082 4331 potius
3121 4262 3411 4316 videretur
3450 4263 3679 4334 punitus
3703 4275 3827 4326 esse,

2224 4357 2363 4410 dum
2389 4355 2638 4410 evadunt
2663 4370 2809 4426 quos
2835 4370 2894 4407 se
2917 4353 3231 4408 crediderat
3257 4356 3517 4411 occidere
3539 4355 3664 4426 (‘23).

2293 4450 2428 4504 XIII.
2460 4449 2616 4502 Nunc
2636 4448 2755 4518 jam
2787 4447 2860 4502 ad
2894 4463 3023 4501 eam
3060 4463 3207 4513 rem,
3248 4448 3454 4502 fratres
3505 4444 3822 4511 charissimi,

495 4542 860 4612 capessendae
906 4544 1100 4596 salutis
1148 4543 1217 4596 sit
1257 4543 1412 4613 justa
1462 4543 1732 4613 conditio,
1787 4548 1885 4598 aut
1937 4563 2116 4617 pmnae
2137 4529 2196 4601 Β
2218 4543 2445 4597 veniam
2477 4559 2547 4596 ex
2572 4557 2683 4612 qua
2711 4540 3012 4595 ostendere
3039 4541 3174 4595 satis
3204 4542 3420 4612 possim
3451 4549 3660 4614 quanta
3691 4554 3825 4594 mar-

491 4635 697 4690 merita
761 4635 1221 4705 formidolositas,
1290 4636 1440 4692 inter
1499 4636 1734 4692 adversa
1786 4639 2000 4709 pariter
2053 4657 2117 4694 ac

2218 4637 2351 4710 tyrii
2398 4635 2574 4691 virtus
2620 4634 2932 4701 habeatur;
2985 4650 3109 4706 quae
3166 4636 3393 4690 tametsi
3453 4635 3713 4691 omnibus
3757 4634 3828 4687 est

1860 4773 2070 4838 Variae
2129 4774 2466 4839 lectiones.

553 4894 591 4922 ³³
619 4891 816 4942 Exitus
840 4894 1084 4956 corporis
1104 4893 1199 4942 diu
1233 4895 1446 4944 tractati
1477 4896 1617 4945 Lam.
1653 4895 1801 4944 Ebor.
1883 4897 1923 4927 '4
1954 4896 2112 4946 Unde
2143 4894 2420 4958 possimus
2452 4893 2588 4942 Lam.
2621 4892 2772 4943 Ebor.
2811 4894 2916 4941 Lin.

3012 4891 3078 4942 Ut
3107 4891 3382 4954 possimus
3411 4893 3570 4942 Oxon.
3663 4894 3702 4923 ⁸⁵
3725 4889 3819 4939 Diu

492 4963 783 5016 fefellerint
818 4965 924 5012 Lz'n.
961 4963 1004 4996 ἐ
1038 4965 1241 5014 Nocent
1270 4966 1409 5013 Lam.
1441 4965 1594 5015 Ebor.
1619 4967 1722 5018 NG.
1757 4969 1801 5016 1.
1835 4966 1877 5000 ’⁷
1904 4967 2005 5017 Per
2029 4966 2394 5016 substantiam
2413 4962 2544 5012 ﬁdei
2566 4965 2707 5012 Lam.
2733 4963 2882 5011 Ebor.
2923 4963 3032 5010 Lin.
3065 4962 3173 5013 ΝΟ.
3205 4962 3248 5010 1.
3287 4961 3500 5024 “Quos
3526 4964 3658 5012 Lam.
3679 4959 3819 5009 Ebor.

489 5033 596 5081 Lm.
636 5037 742 5082 ΝΟ.
772 5036 814 5082 1.

894 5033 935 5066 ²⁰
971 5035 1232 5084 Praesenti
1265 5035 1618 5085 tribulatione
1649 5039 1784 5086 Lam.
1818 5038 1965 5086 Ebor.
2001 5041 2104 5090 NG.
2157 5039 2198 5086 I.

2328 5035 2388 5084 In
2418 5035 2676 5097 praesenti
2704 5033 2903 5082 tributa
2924 5032 2995 5081 sit
3023 5044 3236 5082 merces
3255 5032 3420 5085 Oxon.
3523 5031 3563 5063 ³ο
3585 5027 3822 5082 Consedit

486 5103 626 5152 Lam.
655 5104 813 5154 Ebor.
843 5107 949 5157 ΝΟ.
984 5107 1028 5155 1.
1067 5105 1122 5155 Si
1148 5106 1363 5155 saevitia
1391 5107 1493 5156 fuit
1527 5109 1721 5167 cessit;
1753 5109 1798 5158 si
1824 5109 2046 5158 ﬂamma
2075 5105 2325 5158 constitit
2356 5106 2512 5154 Oxon.

1787 5226 2011 5307 Steph.
2052 5223 2296 5287 Baluzii
2342 5225 2535 5286 nota.

555 5356 645 5417 (l8)
672 5356 840 5406 Novas
872 5358 1065 5408 exitus.
1092 5359 1218 5408 Duo
1262 5358 1393 5408 libri
1436 5361 1647 5409 veteres
1691 5363 1746 5410 et
1785 5360 1955 5412 editio
1994 5360 2110 5411 Mo-

489 5428 628 5483 relli,
653 5426 823 5476 exitus
851 5428 1082 5479 diversos
1107 5429 1258 5492 factis
1287 5435 1332 5480 et
1356 5430 1702 5481 metentibus.

2273 5357 2375 5420 (21)
2420 5359 2562 5406 Inter
2603 5355 2783 5404 omnia
2831 5355 3030 5418 gloriae.
3081 5353 3272 5405 Codex
3323 5355 3498 5405 sancti
3547 5350 3815 5416 Arnulphi’

2211 5419 2349 5478 inter
2373 5428 2552 5478 omnia
2578 5426 2893 5490 gloriarum.
2925 5425 3018 5476 Sic
3043 5427 3212 5476 etiam
3239 5426 3528 5489 Thuanus,
3559 5425 3662 5475 nisi
3684 5419 3814 5488 quod

553 5499 648 5557 (19)
703 5497 829 5547 Lues
881 5500 1048 5563 coepit.
1107 5501 1169 5550 In
1237 5499 1572 5565 quihusdam
1625 5501 1780 5553 libris
1830 5502 2111 5553 veteribus
2213 5499 2380 5549 habet
2408 5500 2660 5549 omnium.

484 5570 753 5630 scriptum
779 5573 859 5618 est
885 5571 1110 5634 coeperit.
1137 5572 1382 5636 Respicit
1407 5578 1590 5623 autem
1611 5578 1807 5624 auctor
1846 5573 1915 5623 ad
1963 5574 2112 5622 luem
2276 5572 2372 5634 (22)
2435 5569 2716 5620 Dominicis
2762 5570 3040 5633 passionis.
3119 5569 3290 5620 Iidem
3344 5569 3561 5620 codices
3608 5567 3810 5630 promis-

483 5646 535 5691 et
573 5643 785 5715 pestem
821 5655 946 5715 quae
980 5646 1109 5694 tunc
1145 5644 1366 5708 depasta
1398 5647 1479 5694 est
1519 5644 1728 5705 orbem,
1762 5647 1921 5707 cujus
1947 5658 2110 5694 occa-
2211 5643 2397 5715 siqnis.
2435 5713 2448 5715 _
2524 5711 2571 5715 Α-
2725 5712 2761 5715 μ
2786 5712 2798 5715 _
3026 5711 3058 5715 Δ.
3391 5711 3434 5715 __
3777 5705 3785 5715 ι

477 5713 640 5761 sione
669 5708 982 5773 Cyprianus
1009 5715 1225 5777 scripsit
1255 5715 1458 5764 librum
1483 5715 1547 5763 de
1575 5715 1928 5766 Mortalitale.
2279 5713 2372 5774 (23)
2419 5711 2671 5762 Occidere.
2722 5712 2896 5763 Iidem
2941 5711 3161 5764 codices
3205 5716 3260 5763 et
3307 5711 3529 5778 quidam
3571 5710 3658 5760 alii
3691 5708 3804 5758 occi-

535 5780 640 5845 (20)
676 5782 960 5833 Stanti'um.
995 5784 1183 5836 Codex
1214 5788 1391 5836 sancti
1432 5786 1706 5851 Arnulphi
1737 5791 1791 5837 et
1840 5786 2109 5837 Thuanus
2215 5783 2368 5832 disse.

461 5855 640 5906 statu.
