4032 6180
226 207 323 266 825
1400 209 1603 291 LIBER
1641 208 1730 268 DE
1773 209 1997 268 LAUDE
2036 210 2381 268 MARTYRII.

3470 208 3571 268 826

225 334 352 385 nota
398 345 609 402 proque
668 328 941 401 ingenitae
997 328 1266 385 claritatis
1312 330 1631 403 insignibus
1679 351 1840 406 expe-
1861 342 1919 416 Α
1942 333 2230 403 apostolus
2261 330 2588 385 exclamavit
2629 335 2683 385 et
2720 329 2865 386 dixit
2884 330 2931 365 3°
2968 346 2979 386 :
3014 330 3150 386 Mihi
3186 345 3359 386 vivere
3390 329 3569 389 Chris-

225 424 412 491 tenda,
444 427 632 479 tamen
666 426 791 496 plus
821 424 1038 480 addidit
1066 426 1373 481 necessitas
1408 428 1677 498 temporis
1707 430 1845 483 desi-

223 518 377 579 derio
395 520 696 573 voluntatis
710 520 1005 574 31.Etenim
1026 525 1109 574 est
1125 521 1181 574 in
1198 521 1525 575 muneribus
1539 522 1757 593 magnis
1773 523 1840 590 ³³,

222 614 263 667 si
310 629 376 667 eo
425 620 682 684 tempore
731 613 856 684 quis
906 618 1211 668 coronetur
1254 630 1365 684 quo
1416 622 1738 670 coronatum
1786 632 1844 670 se

222 709 402 778 putat,
448 708 489 759 si
536 708 683 762 forte
726 708 1021 761 moriatur.
1071 708 1268 777 Igitur,
1314 725 1443 763 cum
1487 710 1557 762 sit
1599 710 1843 764 sublime

225 801 625 871 excelsumque
669 802 1032 872 martyrium,
1068 818 1217 855 nunc
1264 803 1443 872 magis
1483 804 1591 873 (24)
1628 810 1710 857 est
1748 820 1845 858 ne-

221 896 529 949 cessarium
576 896 801 966 quando
850 897 1097 950 mundus
1142 897 1261 968 ipse
1306 896 1675 966 subvertitur,
1722 915 1843 968 par~

218 989 431 1060 timque
458 989 593 1043 orbe
621 1005 891 1043 concusso
921 993 1125 1044 natura
1152 990 1419 1045 deﬁciens
1450 991 1635 1045 ultimi
1665 991 1842 1046 exitus

218 1087 512 1136 momenta
544 1084 803 1137 testatur.
838 1084 979 1137 Nam
1006 1086 1060 1136 et
1086 1099 1215 1137 cum
1244 1084 1382 1138 caelo
1407 1084 1594 1138 imber
1618 1084 1840 1139 incum-

215 1174 314 1242 bit,
344 1175 595 1245 pluviam
624 1175 841 1230 tristem
870 1193 969 1231 aer
987 1177 1289 1247 praetendit
1313 1178 1380 1245 ³³,
1403 1183 1457 1232 et
1483 1178 1697 1248 quoties
1720 1183 1843 1233 atra

219 1272 527 1339 tempestas
545 1270 803 1325 horrenti
830 1270 1090 1324 imminet
1110 1271 1332 1343 pelago,
1356 1288 1459 1342 per
1476 1272 1625 1326 inter
1645 1276 1842 1343 aperta

219 1363 461 1435 nubium
500 1369 665 1419 nocte
704 1364 1129 1418 coruscantium
1172 1364 1411 1418 fulmina
1456 1365 1837 1432 reluccscunt;

220 1457 311 1511 sed
334 1461 390 1511 et
412 1473 542 1512 cum
571 1474 725 1511 mare
749 1457 973 1528 magnis
993 1457 1256 1511 ﬂuctibus
1283 1458 1540 1524 volvitur,
1567 1458 1840 1527 paulatim

218 1551 359 1605 unda
403 1568 464 1604 se
504 1551 671 1617 tollit,
704 1550 1087 1622 paulatimque
1125 1568 1319 1623 aequor
1352 1551 1606 1619 albescit,
1658 1552 1841 1607 donec

210 1661 404 1699 cernas
436 1644 513 1697 ita
539 1645 907 1715 postmodum
935 1661 1102 1700 ruere
1130 1651 1191 1699 ut
1217 1645 1276 1698 in
1307 1644 1419 1698 illis
1441 1645 1486 1679 3‘
1513 1644 1718 1716 quibus
1748 1662 1833 1700 re-

1946 430 2030 481 tus
2061 430 2142 481 est
2167 431 2215 480 et
2244 427 2380 479 mori
2407 426 2613 479 lucrum
2643 424 2925 495 (Philipp,
2959 442 2996 493 ι,
3026 424 3136 493 21).

2013 521 2119 575 XV.
2170 518 2569 586 Quamobrem,
2612 518 2925 572 charissimi
2964 519 3183 584 fratres,
3226 518 3335 572 tide
3376 518 3562 585 ﬁrma,

1944 612 2239 668 devotione
2266 612 2512 679 robusta,
2542 616 2735 666 contra
2763 612 2942 665 minas
2964 611 3011 645 ‘0
3039 612 3227 665 saeculi
3254 615 3467 665 atroces
3507 618 3564 666 et

1945 728 2176 781 asperos
2208 709 2635 781 insequentium
2676 708 2937 764 fremitus
2972 709 3198 762 adversa
3230 709 3435 763 virtute
3476 726 3566 762 re-

1944 804 2260 859 sistendum
2292 808 2376 858 est
2407 820 2511 857 nec
2546 802 2881 869 timendum,
2913 818 3156 871 quorum
3191 818 3317 871 spes
3353 803 3572 857 ueterni~

1949 899 2074 953 tatis
2113 902 2169 952 et
2198 898 2307 951 vita
2339 897 2579 951 cmlestis
2616 902 2715 963 est,
2750 911 3104 967 quorumque
3135 894 3302 949 ardor
3331 895 3386 948 in
3418 895 3568 967 cupi-

1944 992 2134 1046 dinem
2178 991 2316 1045 lucis
2357 991 2703 1056 accenditur,
2749 993 2806 1043 et
2843 990 2991 1042 salus
3029 988 3097 1041 de
3143 988 3421 1058 promissa
3462 988 3566 1042 im-

1943 1085 2295 1139 mortalitate
2326 1086 2567 1138 laetatur.
2603 1086 2712 1137 Hoc
2750 1099 2880 1137 vero
2910 1082 3056 1153 quod
3096 1081 3311 1135 catenis
3348 1084 3565 1135 arctan-

1942 1179 2093 1234 tibus
2123 1195 2329 1233 manus
2354 1178 2562 1232 strictae
2594 1180 2649 1232 et
2674 1177 3000 1231 circumacti
3031 1192 3230 1247 graves
3259 1174 3569 1230 cervicibus

1944 1289 2122 1326 nexus
2148 1272 2331 1326 solido
2358 1271 2687 1341 deprimunt
2716 1270 2985 1340 pondere,
3018 1271 3105 1324 vel
3139 1269 3292 1340 quod
3324 1268 3566 1339 equuleo

1942 1383 2143 1437 corpus
2174 1370 2470 1419 extensum
2509 1364 2777 1418 cadentes
2813 1363 3016 1417 stridet
3043 1363 3113 1417 ad
3153 1361 3417 1431 laminas,
3453 1378 3565 1415 non

1943 1458 2242 1529 expetendi
2279 1457 2575 1528 sanguinis
2608 1457 2702 1511 sed
2732 1456 3061 1511 temtationis
3091 1459 3177 1509 est
3202 1472 3390 1509 causa.
3423 1456 3567 1511 Nam

1944 1556 2000 1607 et
2016 1552 2195 1623 ipsam
2216 1550 2475 1622 martyrii
2499 1550 2841 1621 dignitatem
2860 1552 2903 1584 ‘1
2934 1549 3421 1620 quemadmodum
3442 1564 3569 1619 pos-

1943 1662 2130 1701 semus
2158 1662 2486 1717 agnoscere,
2519 1643 2625 1697 nisi
2654 1644 2815 1698 illam
2847 1644 3023 1697 etiam
3051 1659 3179 1696 cum
3209 1642 3420 1696 damno
3450 1657 3567 1695 cor-

210 1738 469 1792 tunditur
508 1738 653 1792 saxis
691 1755 951 1810 spumam
993 1739 1159 1793 altius
1191 1739 1372 1809 jaciat
1402 1754 1578 1810 quam
1618 1739 1832 1794 undam
1858 1710 1913 1782 B
1940 1739 2090 1810 poris
2116 1738 2293 1793 nostri
2326 1754 2669 1809 cogeremur
2694 1737 2931 1808 Optare?
2958 1736 3116 1791 Sensi
3151 1735 3440 1806 equidem,
3465 1752 3567 1790 nec

211 1832 491 1886 tumidum
542 1834 780 1904 pelagus
824 1831 1148 1903 exspuebat.
1192 1832 1357 1903 Legis
1399 1832 1673 1903 scriptum
1718 1848 1836 1888 esse
1934 1849 2029 1888 me
2057 1832 2259 1887 veritas
2278 1832 2438 1901 fallit,
2468 1848 2598 1885 cum
2622 1831 2842 1885 saevze"
2873 1829 3332 1885 incumbentium
3360 1845 3567 1884 manus

209 1941 377 1995 usque
422 1927 800 1996 quadrantem
824 1926 870 1960 ³⁵
893 1942 996 1980 nos
1037 1926 1303 1980 ultimum
1346 1926 1607 1981 reddere.
1656 1926 1765 1982 Sed
1786 1928 1832 1962 ³⁸

1938 1927 2201 1981 membra
2254 1926 2611 1993 divellerent,
2653 1927 2922 1996 artusque
2964 1923 3202 1978 laniatos
3239 1928 3424 1977 tortor
3468 1939 3568 1979 sae-

209 2019 333 2074 solis
378 2020 505 2073 haec
548 2035 673 2089 pars
715 2022 798 2073 est
836 2019 1027 2074 ablata
1067 2020 1437 2091 martyribus.
1469 2019 1695 2075 Etenim
1737 2020 1836 2091 qui
1933 2020 2091 2075 viens
2118 2024 2395 2087 exararet,
2418 2035 2524 2074 nec
2551 2021 2742 2073 tamen
2765 2018 3044 2087 vinceret,
3073 2016 3567 2072 circumstantium

206 2113 393 2167 salutis
420 2118 649 2167 aeternae
677 2112 1080 2183 cupiditatibus
1108 2112 1237 2168 freti
1268 2113 1394 2168 vitae
1423 2113 1659 2184 hujusce
1689 2114 1832 2170 desi-

207 2206 351 2260 deria
390 2208 669 2273 vicerunt,
719 2207 820 2261 hos
864 2211 1120 2277 expertes
1168 2207 1372 2262 doloris
1421 2207 1668 2263 universi
1724 2210 1827 2263 Do-

208 2300 338 2354 mini
372 2304 655 2370 praecepta
688 2301 791 2371 (25)
822 2300 1166 2355 fecerunt”.
1196 2300 1377 2370 Igitur
1401 2301 1533 2355 hinc
1560 2301 1829 2373 primum,

1932 2114 2120 2169 verbis
2141 2115 2187 2149 ‘3
2210 2115 2506 2185 :Magnum
2533 2111 2683 2166 istud
2710 2114 2812 2179 est,
2834 2112 3091 2183 profecto
3109 2110 3299 2165 nescio
3324 2110 3479 2181 quod
3496 2112 3564 2178 “,

1935 2225 2048 2262 non
2075 2207 2363 2263 doloribus
2389 2206 2597 2277 subigi,
2626 2223 2742 2260 non
2773 2206 2955 2277 poenis
2984 2204 3330 2277 augentibus
3354 2204 3562 2275 frangi.

1934 2302 2042 2358 Sed
2074 2306 2238 2357 erant
2262 2301 2389 2355 alias
2419 2300 2733 2356 dicentium
2756 2316 2916 2355 voces
2940 2315 2953 2354 :
2974 2301 3041 2353 Et
3065 2304 3203 2369 puto
3229 2298 3440 2353 liberos
3466 2298 3566 2353 ha-

206 2392 515 2446 charissimi
545 2393 768 2460 fratres,
800 2393 1124 2464 poterimus
1150 2409 1435 2464 exponere
1460 2394 1592 2469 (25‘)
1622 2398 1833 2466 quanta
1933 2394 2063 2463 bet;
2092 2411 2223 2450 nam
2252 2399 2334 2449 est
2361 2394 2443 2448 illi
2474 2393 2625 2448 socia
2658 2393 2717 2447 in
2747 2392 3050 2464 penatibus
3079 2392 3189 2463 (2'7)
3222 2392 3432 2463 conjux
3461 2408 3474 2446 :
3508 2396 3565 2447 et

207 2486 458 2557 martyrii
484 2486 659 2541 virtus
682 2486 860 2558 possit
884 2487 1145 2557 implere.

272 2581 398 2635 XIV.
438 2584 642 2651 Atque,
678 2583 741 2635 ut
777 2584 1066 2635 transeam
1110 2587 1333 2649 cuncta,
1372 2582 1707 2636 meminisse
1740 2583 1831 2637 de-

1934 2491 2129 2543 tamen
2174 2504 2279 2543 nec
2309 2488 2534 2542 vinculo
2582 2487 2891 2558 pignorum
2933 2485 3100 2553 cedit,
3148 2501 3251 2540 nec
3290 2485 3564 2557 obsequio

1932 2581 2157 2653 pietatis
2196 2581 2469 2636 abductus
2500 2597 2530 2633 a
2568 2580 2859 2651 proposito
2899 2596 2999 2633 suo
3037 2577 3243 2633 deﬁcit.
3275 2578 3565 2633 Noscenda

206 2672 395 2726 bemus
422 2678 641 2745 quanta
665 2672 737 2727 sit
763 2674 942 2745 gloria
974 2673 1044 2727 ad
1078 2675 1363 2729 Christum
1396 2675 1828 2729 immaculatum
1931 2692 2021 2732 res
2060 2679 2145 2731 est
2180 2678 2236 2730 et
2274 2675 2452 2729 virtus
2488 2675 2717 2745 penitus
2754 2673 3057 2728 scrutanda
3096 2671 3419 2726 visceribus.
3451 2673 3563 2727 Nec

207 2767 407 2835 venire,
447 2771 779 2822 consortem
816 2767 1091 2839 passionis
1122 2768 1409 2835 exsistere,
1442 2775 1831 2839 perpetuaque
1932 2771 2090 2825 enim
2135 2770 2271 2824 levis
2317 2774 2399 2823 est
2440 2769 2544 2822 ista
2586 2783 2942 2841 quascunque
2994 2764 3280 2821 confessio
3328 2768 3565 2837 propter

208 2877 327 2914 cum
357 2860 603 2915 Domino
634 2860 947 2915 aeternitate
976 2878 1234 2931 regnare,
1269 2878 1462 2916 carere
1497 2862 1681 2916 exitiis
1713 2862 1825 2915 im-

210 2953 550 3008 minentibus
588 2954 796 3023 saeculi,
829 2971 930 3009 nec
972 2955 1123 3009 inter
1154 2959 1447 3011 cruentam
1493 2956 1827 3011 morborum

1930 2880 2098 2935 quam
2137 2863 2308 2917 homo
2345 2863 2578 2934 patitur,
2607 2867 2664 2917 et
2694 2862 2841 2915 mori
2868 2878 3058 2932 posse.

2000 2959 2132 3013 XVI.
2172 2957 2415 3025 Etenim,
2456 2956 2775 3010 cbarissimi
2804 2956 3026 3022 fratres,
3076 2955 3252 3009 virtus
3291 2958 3377 3008 est
3406 2957 3561 3008 tanta

208 3049 593 3118 populantium
642 3047 747 3118 (26)
794 3052 1040 3119 stragem
1085 3049 1378 3103 communi
1425 3066 1553 3103 cum
1609 3049 1904 3149 casterisC
1931 3050 2207 3122 martyrii,
2244 3057 2301 3104 ut
2339 3067 2441 3121 per
2468 3050 2619 3103 illam
2641 3050 2685 3083 “5
2719 3049 2950 3103 credere
2983 3048 3157 3103 etiam
3201 3048 3293 3101 ille
3324 3052 3558 3118 cogatur

208 3147 346 3197 sorte
380 3143 628 3196 misceri.
675 3145 876 3212 Atque,
923 3148 985 3197 ut
1028 3143 1223 3197 sileam
1267 3144 1338 3197 de
1377 3160 1605 3214 corona,
1636 3146 1680 3198 si
1724 3145 1827 3199 tibi
1860 3141 1904 3149 “
1930 3144 2027 3214 qui
2066 3150 2117 3198 te
2149 3143 2322 3198 voluit
2352 3142 2623 3197 occidere.
2656 3141 2944 3213 Scriptum
2974 3145 3058 3195 est
3088 3147 3144 3195 et
3174 3142 3421 3212 legimus
3450 3156 3463 3194 :
3495 3144 3556 3195 In.

208 3234 260 3288 in
286 3236 370 3288 his
403 3242 621 3289 natura:
657 3235 887 3290 lubricis
928 3236 1089 3288 malis
1129 3236 1311 3306 posito
1353 3236 1482 3290 vitm
1527 3239 1825 3308 promitte-

1930 3239 2111 3293 dolore
2148 3240 2367 3299 sustine,
2409 3244 2459 3290 et
2489 3238 2545 3289 in
2583 3237 2893 3290 humilitate
2922 3240 3017 3289 tua
3048 3236 3181 3290 habe
3214 3237 3558 3305 patientiam,

208 3334 353 3382 retur
388 3344 669 3397 excessus,
718 3344 906 3382 nonne
949 3329 1104 3382 omni
1149 3335 1338 3384 mente
1388 3330 1709 3401 gauderes?
1750 3332 1824 3400 Si,
1928 3333 2183 3401 quoniam
2227 3346 2327 3401 per
2356 3332 2555 3399 ‘igncm
2609 3330 2878 3399 probatur
2925 3344 3121 3383 aurum
3172 3334 3221 3383 et
3274 3332 3563 3397 argentum

206 3420 434 3492 inquam
459 3424 529 3489 ³⁸,
576 3426 627 3476 te
663 3422 722 3476 in
763 3422 931 3491 hujus
961 3422 1159 3476 mundi
1199 3423 1516 3478 turbinibus
1551 3424 1825 3479 ﬂuctuan-

1930 3426 2139 3495 (Eccli.,
2176 3440 2233 3489 ιι,
2264 3422 2341 3493 4).
2382 3423 2662 3486 Quoniam
2704 3438 2842 3493 ergo
2875 3438 2977 3475 nos
3010 3421 3253 3475 terrenis
3293 3420 3560 3475 tentatio-

206 3520 314 3569 tem
358 3517 543 3570 vicina
581 3520 884 3570 arcesseret
926 3516 1171 3587 requies,
1207 3534 1398 3571 nonne
1439 3522 1680 3573 mortem
1722 3534 1825 3588 pro
1928 3518 2093 3571 nibus
2120 3516 2325 3587 probat
2350 3516 2638 3581 Dominus,
2669 3519 2727 3569 et
2753 3515 2840 3569 his
2865 3515 3053 3568 saeculi
3097 3515 3261 3569 malis
3286 3518 3562 3569 scrutator

204 3610 448 3663 remedio
474 3609 1105 3679 computareSYPositus
1134 3610 1282 3664 inter
1310 3627 1473 3665 arma
1494 3611 1825 3665 carniﬁcum
1925 3612 2177 3666 Christus
2227 3609 2520 3681 expendit,
2566 3608 2969 3679 gratulandum
3028 3608 3189 3662 nobis
3256 3614 3339 3662 est
3394 3613 3563 3679 atque

204 3717 260 3754 ac
305 3704 414 3757 tela
468 3703 832 3773 probantium
881 3704 1283 3774 qumstionum,
1332 3709 1414 3758 sta
1462 3705 1716 3759 sublimis
1764 3721 1826 3759 ac
1925 3705 2236 3760 laetandum
2282 3704 2432 3774 quod
2476 3718 2593 3756 non
2640 3702 2748 3755 illis
2791 3719 2892 3756 nos
2933 3702 3279 3773 perennibus
3312 3706 3564 3757 reservet

202 3794 372 3865 fortis,
405 3796 774 3851 considerans
801 3802 1010 3867 quanta
1041 3796 1111 3851 sit
1137 3814 1304 3868 paena
1338 3814 1555 3868 negare
1586 3814 1652 3853 eo
1690 3801 1826 3853 tem-

202 3905 325 3959 pore
353 3908 467 3961 quo
499 3890 610 3944 frui
641 3891 845 3945 saeculo
872 3906 1141 3961 nequeas,
1167 3892 1326 3961 cujus
1351 3907 1515 3945 causa
1539 3909 1780 3962 negares
1809 3909 1820 3947 :

202 3984 461 4052 quoniam
485 3984 717 4054 quidem
735 3984 930 4053 gravia
949 3983 1139 4056 795
1160 3987 1444 4039 tormenta
1462 4002 1526 4039 ac
1547 3986 1820 4056 puniendi

1927 3799 2138 3867 exitiis,
2180 3797 2276 3852 sed
2316 3795 2562 3867 gaudeat
2597 3794 2667 3849 ab
2706 3796 2861 3849 omni
2894 3795 3232 3865 contagione
3264 3800 3556 3866 purgatos.

1926 3893 2211 3946 Caeterum
2259 3889 2329 3944 ab
2370 3888 2457 3942 his
2505 3904 2644 3959 quos
2680 3888 3033 3942 haereditatis
3076 3887 3382 3958 participes
3422 3889 3561 3943 asci-

1926 3986 2093 4040 scit‘6
2129 3986 2186 4038 et
2221 3984 2279 4037 in
2315 3998 2494 4053 regna
2534 3981 2803 4037 ccelorum
2844 3981 3092 4036 libenter
3126 3980 3389 4049 assumit,
3420 3982 3558 4052 quid

201 4077 384 4131 noxias
409 4082 564 4131 artes
592 4077 652 4130 in
686 4077 1002 4147 perniciem
1032 4082 1286 4133 nostram
1308 4080 1583 4133 Dominus
1611 4080 1822 4134 sciebat
1925 4078 2121 4149 utique
2142 4077 2294 4131 aliud
2319 4092 2489 4145 quam
2511 4075 2858 4146 integritatis
2878 4074 3154 4129 ambitum
3179 4075 3424 4146 quaerit?
3444 4076 3557 4131 Sua

200 4171 418 4237 armari,
448 4187 566 4240 quo
604 4171 785 4225 fortes
821 4172 889 4225 ad
920 4188 1153 4225 omnem
1195 4172 1556 4226 tolerantiam
1588 4172 1818 4227 faceret.

201 4264 316 4326 Fili,
352 4264 567 4335 inquit,
596 4265 851 4320 accedens
880 4265 954 4319 ad
986 4268 1293 4320 servitutem
1321 4267 1439 4329 Dei,
1470 4270 1555 4320 sta
1581 4268 1638 4320 in
1655 4266 1820 4333 justi-

206 4357 277 4409 tia
321 4364 368 4411 et
411 4362 621 4420 timore,
667 4363 717 4414 at
751 4371 1013 4429 praepara
1056 4361 1295 4413 animam
1341 4365 1490 4413 tuam
1533 4359 1608 4413 ad
1652 4363 1821 4413 tenta-

1922 4173 2042 4242 ipse
2080 4171 2218 4225 dixit
2258 4170 2537 4238 universa,
2573 4174 2629 4223 et
2660 4185 2788 4240 quas
2814 4169 3137 4239 jacentibus
3169 4186 3224 4223 se
3267 4168 3555 4239 explicant

1924 4264 2157 4335 campis,
2188 4268 2243 4318 et
2272 4279 2401 4333 qua:
2426 4264 2485 4317 in
2514 4263 2775 4333 obliquos
2805 4280 2861 4317 se
2892 4261 3120 4333 erigunt
3148 4262 3339 4331 colles,
3371 4263 3466 4317 sed
3497 4266 3553 4316 et

1922 4358 2077 4430 quod
2122 4358 2241 4412 coeli
2283 4357 2617 4427 magnitudo
2660 4355 2851 4428 796
2895 4356 3287 4425 circumvenit,
3324 4362 3379 4411 et
3406 4356 3560 4427 quod

206 4452 390 4506 tionem
442 4453 655 4523 (E00112,
704 4469 770 4519 ιι,
818 4452 894 4523 1).
938 4452 1050 4507 Sed
1100 4456 1154 4507 et
1204 4451 1562 4508 beatissimus
1615 4440 2122 4524 Paulustelago
2144 4450 2572 4506 circumﬂuente
2594 4450 2877 4504 lubricum
2900 4465 3095 4521 aequor
3114 4449 3374 4504 includit.
3398 4449 3559 4513 Quod

1602 4628 1809 4692 Variae
1853 4628 2189 4692 lectiones.

268 4762 300 4792 ³¹
327 4761 613 4812 Desiderio
647 4761 945 4811 voluntatis
968 4763 1108 4811 Lam.
1144 4761 1296 4811 Ebor.
1325 4765 1431 4815 ΝΟ.
1464 4764 1507 4811 1.
1542 4762 1858 4827 Voluptatis
1890 4764 2046 4812 Oxon.

2179 4763 2216 4794 ³²
2251 4761 2347 4811 Est
2375 4760 2620 4810 muneris
2642 4760 2826 4823 magni
2856 4760 2992 4808 Lam.
3016 4758 3168 4809 Ebor.
3196 4762 3303 4812 NG.
3334 4762 3378 4810 1.
3525 4763 3562 4793 ¹³

211 4831 424 4882 Pluvias
454 4848 550 4883 aer
576 4833 743 4882 tristis
772 4834 1014 4883 ostendit
1041 4835 1193 4882 Oxon.
1224 4833 1523 4883 Praetendit
1553 4835 1694 4883 Lam.
1728 4833 1864 4883 Ebor
1892 4834 2003 4883 Lin.
2031 4836 2137 4886 NG.
2172 4835 2216 4883 1.
2295 4835 2333 4865 ³⁴
2362 4833 2526 4881 Illisis
2554 4832 2709 4880 Oxon.
2744 4846 2805 4880 ex
2829 4831 2974 4880 codd.
3014 4834 3150 4880 Lam.
3187 4830 3341 4880 Ebur.
3369 4834 3478 4882 ΝΟ.
3510 4835 3553 4880 1.

210 4903 329 4966 Imp.
383 4906 444 4952 In
480 4905 606 4952 illis.

212 5118 315 5164 Lm.
403 5119 445 5149 υ
482 5117 681 5166 Verbis
710 5116 819 5166 dici
847 5120 987 5167 Lam.
1012 5116 1161 5164 Ebor.
1192 5119 1299 5168 NG.
1334 5119 1376 5165 1.

711 4905 747 4935 ³⁵
789 4904 976 4967 Usque
1026 4904 1094 4953 ad
1122 4905 1484 4953 novissimum
1517 4904 1875 4967 quadrantem
1926 4904 2069 4952 Lam.
2094 4902 2247 4952 Ebor.
2277 4904 2383 4955 NO.
2421 4904 2464 4951 1.

212 4973 247 5007 ³⁷
278 4976 553 5024 Promissa
582 4976 831 5024 fecerunt
857 4976 995 5023 Lam.
1030 4974 1313 5027 Eber.N0.
1346 4976 1393 5023 1.
1425 4974 1648 5024 Dominl
1672 4975 1989 5039 propitiatio
2025 4978 2253 5024 coronat
2286 4976 2440 5023 Oxon.

213 5042 248 5075 ³⁹
274 5046 563 5096 Exclamat
595 5050 649 5094 et
674 5046 806 5095 dicit
828 5049 968 5096 Lam.
1036 5044 1078 5076 ⁴⁰
1099 5044 1303 5094 Contra
1329 5058 1523 5095 omnes
1560 5048 1699 5095 Lam.
1724 5047 1872 5094 Ebor.
1902 5047 2017 5095 Lz'n.
2044 5046 2155 5096 ΝΟ.
2185 5046 2228 5092 1.

2568 4901 2608 4934 ³⁸
2630 4901 2738 4952 Sed
2764 4906 2841 4951 est
2865 4903 2996 4951 solis
3019 4904 3161 4951 Lam.
3192 4899 3338 4950 Ebor.
3367 4903 3474 4953 NO.
3517 4904 3559 4951 1.

2541 4971 2581 5004 ³⁸
2629 4972 2687 5022 Si
2729 4986 2837 5035 qua
2864 4973 3004 5020 Lam.
3041 4970 3192 5020 Ebor.
3226 4972 3334 5020 Lin.
3368 4972 3478 5022 NG.
3520 4974 3562 5020 1.

2315 5043 2358 5075 ⁴¹
2385 5044 2775 5105 Dignationem
2806 5044 2922 5093 Lin.
2989 5044 3031 5073 ⁴¹
3062 5041 3219 5104 Saepe
3246 5046 3386 5092 Lam.
3407 5041 3561 5090 Ebor.

1475 5119 1518 5149 ⁴⁴
1540 5117 1737 5166 Nescio
1759 5116 1909 5182 quid.
1938 5118 2081 5166 Lam.
2122 5114 2271 5165 Ebor.
2300 5116 2411 5164 Lin.
2436 5116 2541 5166 NC.
2579 5116 2622 5163 1.
2654 5114 2774 5163 Dici
2818 5114 3087 5177 profecto,
3131 5126 3245 5162 non
3279 5112 3563 5163 doloribus

215 5185 360 5235 Oxon.
428 5188 472 5220 ‘5
501 5186 641 5235 Illud
681 5189 820 5237 Lam.
855 5184 1005 5235 Eber.
1037 5186 1146 5238 ΝΟ.
1184 5188 1231 5235 1.
1297 5184 1339 5218 ⁴⁸
1374 5186 1587 5237 Ascivit
1612 5187 1753 5236 Lam.
1790 5188 1830 5235 Ε

1970 5185 2080 5238 NC.
2114 5186 2158 5234 1.

1529 5350 1753 5431 Steph.
1787 5349 2033 5413 Baluzii
2063 5353 2259 5413 notae.

269 5493 362 5555 (ει)
392 5497 539 5544 Nunc
558 5496 747 5559 magis.
770 5495 1008 5547 Codices
1033 5498 1205 5547 sancti
1236 5496 1511 5561 Arnulphi
1551 5500 1600 5545 et
1631 5496 1828 5545 Thua—
1929 5497 2068 5546 dare.

217 5575 335 5623 nus,
366 5578 530 5615 nonne
544 5567 733 5629 magis.

1993 5569 2085 5628 (26)
2154 5565 2543 5629 Populantium.
2604 5564 2744 5615 Male
2809 5564 3186 5627 vapulantium
3251 5563 3308 5612 in
3371 5559 3565 5615 codice

274 5635 364 5697 (25)
436 5637 643 5687 Domini
699 5643 973 5702 praecepta.
1043 5638 1177 5689 Tres
1227 5637 1351 5689 libri
1408 5641 1639 5700 veteres,
1692 5652 1827 5702 pro-
1930 5640 2103 5689 sancti
2128 5638 2420 5701 Arnulphi.

216 5716 390 5841 m'ésa‘gj
442 5779 734 5847 Erponere.
803 5780 992 5834 Codex
1048 5781 1227 5833 sancti
1282 5780 1579 5847 Arnulphi,
1637 5795 1828 5848 expen-

1994 5710 2085 5773 (87)
2126 5709 2280 5761 Socia
2308 5697 2376 5757 in
2415 5707 2708 5774 penatibus.
2752 5704 2938 5757 Editio
2987 5705 3209 5760 Erasmi
3238 5704 3293 5752 et
3340 5697 3578 5770 quidam

1928 5780 2055 5832 libri
2083 5784 2299 5834 veteres
2326 5782 2629 5846 prteferunt
2654 5779 2894 5833 societas.
