4032 6180
453 279 556 342 827

1387 277 1440 339 S.
1485 279 1798 339 CYPRIANI
1835 281 2108 340 OPERUM
2146 280 2317 340 PARS
2354 279 2423 339 ῙΙ.
2451 310 2521 323 -
2549 278 2922 340 OPUSCULA.

3680 287 3768 349 828

455 410 498 464 si
525 409 605 466 illi
627 409 886 480 adjacent
911 407 1122 479 omnia,
1147 424 1251 466 nec
1279 425 1313 466 a
1337 410 1504 465 nobis
1527 409 1781 482 exposcit
1809 409 1915 464 nisi
1943 410 2091 465 facta
2114 429 2172 501 Α
2193 413 2440 466 tentatus
2476 427 2508 465 a
2540 409 2672 476 Deo,
2706 413 2765 465 et
2800 408 2916 465 ﬁlio
2949 425 3050 465 suo
3091 426 3205 466 non
3244 412 3524 484 pepercit;
3555 430 3651 485 pro
3683 433 3781 488 quo

457 503 694 569 sincera,
720 519 878 569 auro,
925 508 984 557 ut
1013 503 1132 574 ipse
1165 503 1327 572 dixit,
1367 503 1577 559 similes
1617 520 1739 559 esse
1781 503 2078 559 debemus.

455 600 672 650 Aurum
710 596 920 667 quippe
953 613 1080 650 cum
1121 597 1506 652 relucentibus
1535 597 1702 652 terris
1737 598 1979 652 tremulo
2009 598 2084 650 vi-

453 688 602 743 deris
633 690 926 758 splendere
968 689 1072 744 sub
1103 690 1320 744 lumine
1342 691 1387 724 ‘7
1431 697 1487 744 et
1514 689 1571 744 in
1604 689 1884 761 liquidum
1923 689 2084 743 flam-

457 781 566 835 mis
595 782 938 836 torrentibus
973 784 1198 850 resolvi,
1233 799 1367 836 nam
1405 789 1461 836 et
1489 783 1717 838 artificis
1759 782 1939 852 gratia
1967 783 2084 836 fere

453 875 533 928 sic
559 879 662 940 est,
697 875 935 929 caminis
967 876 1185 946 quoties
1214 876 1616 930 anhelantibus
1646 882 1891 930 aestuans
1930 876 2084 946 ignis

455 969 751 1034 evomitur,
777 968 933 1022 aditu
961 973 1128 1024 terrm
1147 970 1324 1024 canali
1345 973 1588 1040 angusto
1611 970 1764 1024 dives
1782 970 1828 1004 ⁵⁸
1853 971 2085 1024 flamma

457 1061 699 1125 elicitur,
724 1067 780 1115 et
801 1061 1171 1116 refluentibus
1197 1062 1380 1133 glebis
1404 1079 1580 1116 arena
1607 1062 1902 1117 retinetur.
1928 1062 2086 1116 Unde

456 1170 684 1208 necesse
726 1160 809 1209 est
849 1155 1111 1209 universa
1149 1156 1402 1221 sufferre,
1447 1171 1560 1225 quo
1609 1156 1885 1226 possimus
1929 1156 2086 1210 omni

461 1248 671 1302 scelere
702 1264 910 1313 carere,
943 1249 1085 1300 sicut
1109 1264 1209 1317 per
1235 1249 1577 1318 Pmphetam
1607 1265 1773 1302 suum
1804 1249 1943 1302 dixit
1975 1265 1987 1303 :
2026 1253 2087 1304 Et

456 1345 505 1396 si
533 1357 713 1396 coram
749 1342 1049 1395 hominibus
1091 1347 1354 1396 tormenta
1377 1345 1533 1411 passi
1567 1348 1715 1410 sunt,
1747 1348 1926 1396 tamen
1969 1358 2088 1411 spes

459 1436 680 1489 illorum
715 1436 1126 1489 immortalitate
1156 1436 1322 1504 plena
1353 1441 1450 1503 est,
1482 1441 1532 1489 et
1568 1439 1754 1490 vexati
1780 1438 1839 1490 in
1875 1437 2082 1505 paucis,

457 1530 516 1582 in
559 1528 746 1581 multis
791 1529 919 1582 bene
963 1528 1336 1597 disponentur,
1381 1531 1639 1597 quoniam
1684 1531 1821 1584 Deus
1864 1530 2089 1583 tentavit

458 1621 600 1687 illos,
638 1627 688 1674 et
727 1623 930 1675 invenit
955 1622 1077 1675 illos
1111 1623 1299 1689 dignos
1325 1637 1378 1676 se
1402 1623 1472 1689 ‘9,
1510 1628 1559 1676 et
1597 1625 1757 1692 quasi
1786 1623 2086 1676 holocausti

460 1714 690 1768 hostium
717 1717 924 1783 accepit
950 1715 1076 1770 illos
1107 1715 1284 1785 (Sap.,
1321 1731 1402 1782 Ill,
1430 1716 1503 1785 4).

2191 504 2405 574 ignosci
2435 504 2668 560 forsitan
2701 511 2905 574 posset,
2934 504 2980 558 si
3010 504 3166 558 illum
3199 504 3503 561 dubitasset
3530 509 3782 565 occidere.

2182 599 2430 651 Armavit
2459 614 2660 652 manus
2702 597 2967 668 religiosa
3000 597 3252 664 devotio,
3273 605 3328 653 et
3352 617 3543 654 omnes
3579 601 3780 671 pietatis

2180 691 2413 746 affectus
2450 691 2669 746 Domini
2699 691 2953 760 jubentis
2998 691 3239 763 imperio
3261 693 3306 727 ⁵⁴
3351 693 3522 764 pietas
3563 700 3780 765 paterna

2185 784 2457 854 neglexit.
2499 787 2612 839 Nec
2665 784 2888 838 horruit
2929 786 3080 856 quod
3123 785 3238 840 nati
3280 786 3541 841 funderet
3578 789 3783 859 sangui-

2185 894 2340 943 nem,
2386 895 2489 933 nec
2525 879 2822 932 intremuit
2863 878 2938 932 ad
2985 895 3200 944 vocem,
3255 885 3312 933 et
3363 879 3543 934 adhuc
3592 897 3684 951 pro
3726 899 3785 938 eo

2185 971 2437 1025 Christus
2472 987 2590 1026 non
2616 971 2803 1025 fuerat
2839 973 3071 1026 occisus.
3105 972 3248 1036 Quid
3292 973 3451 1027 enim
3490 974 3705 1028 cbarius
3731 992 3789 1030 eo

2186 1065 2303 1135 qui,
2334 1081 2406 1119 ne
2437 1064 2574 1136 quid
2604 1064 2811 1119 invitus
2847 1065 3014 1120 hodie
3051 1065 3384 1132 sustineres,
3427 1066 3579 1137 prius
3609 1084 3789 1138 passus

2185 1164 2265 1211 est
2303 1157 2460 1228 quod
2508 1157 2782 1212 doceret?
2820 1157 2966 1222 Quid
2999 1174 3066 1213 eo
3105 1159 3325 1213 dulcius
3366 1159 3484 1230 qui,
3524 1175 3644 1214 cum
3684 1160 3790 1231 ipse

2187 1249 2257 1304 sit
2286 1251 2432 1304 Deus
2469 1255 2664 1304 noster
2700 1257 2755 1304 et
2791 1250 3081 1318 Dominus,
3121 1256 3317 1306 tamen
3365 1251 3661 1323 pitientem
3701 1271 3788 1325 pro

2187 1360 2245 1398 se
2295 1343 2586 1398 hominem
2629 1343 2797 1414 regni
2831 1343 3070 1400 ccelestis
3114 1344 3286 1400 efﬁcit
3330 1344 3710 1400 coheredem?
3755 1346 3792 1401 Ο

2187 1436 2400 1507 grande
2458 1437 2644 1490 nescio
2694 1436 2854 1507 quid,
2906 1436 3023 1491 sive
3082 1437 3218 1508 quia
3266 1437 3405 1492 illud
3458 1438 3793 1494 conscientia:

2189 1529 2334 1583 ratio
2372 1529 2457 1583 vix
2497 1530 2738 1583 sustinet
2776 1545 2996 1600 capere,
3038 1531 3296 1601 quamvis
3342 1547 3550 1602 magna
3590 1548 3792 1603 semper

2190 1622 2432 1676 miretur
2462 1621 2535 1676 ad
2565 1637 2824 1688 munera,
2855 1622 2968 1677 sive
2997 1623 3135 1694 quia
3167 1628 3284 1678 tam
3321 1624 3480 1695 larga
3508 1626 3588 1678 est
3616 1625 3793 1695 majes-

2188 1720 2272 1769 tas
2315 1716 2435 1783 Dei,
2471 1721 2536 1770 nt
2576 1715 3002 1787 insperantibus
3039 1717 3255 1771 cunctis
3296 1717 3471 1772 etiam
3511 1733 3575 1771 ea
3617 1717 3800 1772 offerat

531 1807 688 1862 XVII.
724 1808 884 1870 Quod
921 1809 967 1862 si
999 1814 1055 1862 te
1095 1808 1347 1879 dignitas
1393 1807 1696 1862 ambitiosa
1736 1808 2000 1874 deterret,
2035 1792 2166 1864 etB
2191 1825 2316 1879 quae
2353 1808 2518 1863 nobis
2563 1809 3044 1879 contemplatione
3090 1811 3376 1866 factorum
3423 1810 3578 1864 nefas
3623 1810 3794 1866 fuerat

462 1904 728 1970 congesta
748 1901 806 1954 in
833 1902 1122 1956 thesauris
1149 1901 1408 1972 pecunize
1433 1901 1771 1973 magnitudo
1799 1900 2091 1968 admonet,

465 2009 592 2063 quae
621 2009 847 2064 semper
875 1994 1232 2066 prepositum
1260 1995 1308 2029 ⁵ο
1347 1995 1513 2048 bonas
1547 1994 1752 2048 mentis
1783 1993 2006 2060 avertit,
2041 1998 2097 2048 et

464 2087 729 2141 devotam
759 2087 1000 2142 Domino
1030 2104 1132 2143 suo
1171 2088 1424 2142 animam
1457 2088 1646 2142 furiali
1681 2087 1800 2158 agit
1839 2087 2092 2154 horrore,

466 2196 678 2250 quaeso,
712 2187 938 2251 repetas
967 2181 1140 2236 verba
1175 2181 1446 2236 ccelestia.
1479 2183 1618 2236 Nam
1654 2187 1710 2235 et
1736 2181 1856 2252 ipsa
1880 2197 1986 2235 vox
2015 2181 2096 2234 di-

467 2273 645 2327 centis
677 2279 762 2328 est
792 2274 995 2332 Christi
1023 2290 1035 2329 :
1069 2276 1172 2342 Qui
1203 2275 1509 2345 perdiderit
1539 2277 1777 2329 animum
1812 2290 1965 2329 suam
1995 2289 2097 2344 pro

471 2369 684 2421 nomine
718 2383 853 2436 meo,
885 2370 1104 2438 recipiet
1140 2371 1198 2422 in
1237 2370 1331 2423 hoc
1367 2369 1558 2423 saeculo
1595 2368 1924 2437 centuplum,
1959 2373 2010 2422 et
2037 2369 2099 2422 in

462 2463 655 2527 futuro
679 2463 848 2514 vitam
877 2468 1136 2516 aeternam
1163 2461 1462 2531 possidebit
1489 2461 1734 2531 (Matth.,
1763 2477 1814 2527 x,
1847 2461 1958 2531 39),
1985 2476 2100 2531 qua

469 2552 670 2623 utique
709 2553 853 2607 nihil
896 2555 1102 2625 majus,
1143 2554 1287 2609 nihil
1333 2554 1525 2608 utilius
1562 2557 1893 2624 computare
1933 2553 2100 2608 debe-

467 2662 618 2700 mus.
643 2648 805 2712 Nam,
832 2647 965 2702 licet
995 2647 1378 2718 pretiosarum
1401 2647 1637 2701 vestium
1663 2661 1825 2700 more
1851 2662 2102 2716 purpura

469 2739 529 2793 in
572 2739 851 2810 imagines
895 2742 999 2811 (28)
1031 2746 1241 2809 currat,
1282 2747 1338 2796 et
1379 2739 1824 2795 lentescentibus
1865 2739 1973 2792 ﬁlis
2007 2755 2103 2793 au-

468 2849 598 2887 rum
626 2839 774 2888 erret
803 2834 876 2888 ad
905 2834 1172 2905 speciem,
1201 2850 1307 2888 nec
1335 2834 1404 2888 de
1435 2833 1648 2888 effossis
1682 2833 1873 2904 gravia
1897 2832 2104 2903 quibus

467 2926 750 2980 incumbis
799 2927 991 2982 desint
1033 2928 1259 2983 metalla
1313 2927 1619 2996 thesauris,
1666 2942 1839 2980 vacua
1891 2929 2102 2992 tamen,

471 3019 578 3074 nisi
607 3020 788 3090 fallor,
819 3021 923 3075 ista
949 3025 1118 3091 atque
1154 3021 1348 3075 inania
1375 3021 1882 3091 computabuntur,
1913 3019 1958 3072 si
1998 3017 2101 3073 ad-

2191 1906 2407 1974 eptare.
2456 1902 2701 1969 Etenim,
2747 1902 2792 1956 si
2837 1905 3062 1957 tantum
3107 1903 3256 1958 salus
3301 1903 3537 1958 daretur
3578 1907 3795 1968 aeterna,

2179 2012 2294 2066 pro
2316 1995 2437 2066 ipsa
2463 1995 2840 2066 perpetuitate
2859 1995 3080 2051 vivendi
3105 1996 3450 2051 haberemus
3471 1997 3527 2050 in
3551 1998 3717 2067 gratia
3736 1998 3803 2052 ⁸⁵.

2192 2092 2264 2144 At
2286 2104 2457 2156 nunc,
2488 2104 2619 2142 cum
2651 2089 2854 2144 caelum
2885 2093 2946 2144 et
2967 2089 3260 2159 judicandi
3290 2090 3360 2144 de
3402 2091 3620 2145 caeteris
3648 2090 3798 2144 facul-

2193 2185 2372 2236 tatem
2411 2181 2650 2252 perenni
2693 2182 2900 2237 seculo
2948 2183 3244 2254 largiatur,
3289 2182 3432 2254 quid
3478 2186 3560 2237 est
3608 2184 3662 2237 in
3707 2199 3804 2254 quo

2196 2291 2312 2330 non
2351 2291 2411 2331 se
2439 2292 2640 2346 parem
2674 2276 2764 2330 his
2801 2275 3069 2331 omnibus
3098 2276 3280 2347 possit
3315 2276 3570 2330 humana
3607 2275 3800 2330 medio-

2196 2367 2366 2423 critas
2396 2368 2683 2438 experiri?
2729 2368 2790 2424 Si
2836 2368 3058 2438 injuriis
3102 2369 3310 2438 egeris,
3355 2368 3510 2439 prior
3552 2371 3702 2423 actus
3736 2373 3808 2422 est

2196 2460 2312 2516 ille.
2353 2461 2409 2516 Si
2449 2461 2805 2516 contumeliis
2835 2461 3154 2533 premeris,
3179 2461 3275 2516 Dei
3306 2477 3520 2515 munus
3560 2461 3801 2516 imitaris.

2199 2553 2356 2608 Unde
2387 2557 2444 2608 et
2473 2570 2673 2624 parum
2704 2560 2790 2609 est
2825 2553 3106 2625 quidquid
3145 2554 3448 2624 pertuleris
3475 2570 3577 2624 pro
3606 2570 3690 2621 eo,
3720 2554 3803 2624 qui

2197 2646 2343 2701 nihil
2375 2647 2616 2718 amplius
2642 2650 2804 2718 potes
2846 2647 3055 2715 facere,
3100 2645 3205 2700 nisi
3237 2647 3393 2718 quod
3442 2647 3502 2700 in
3534 2647 3640 2702 hoc
3681 2647 3810 2701 salus

2199 2735 2464 2794 universa
2492 2740 2769 2810 consistit,
2804 2739 2937 2811 quia
2968 2740 3243 2811 martyrio
3275 2743 3460 2794 totum
3496 2740 3588 2794 ille
3628 2739 3810 2810 promi-

2202 2833 2294 2888 sit.
2346 2833 2603 2905 Denique
2661 2833 3000 2904 Apostolus,
3056 2833 3146 2887 cui
3199 2833 3357 2888 cordi
3408 2833 3565 2888 fuere
3615 2849 3812 2903 semper

2204 2927 2491 2993 universa,
2525 2942 2654 2980 cum
2691 2925 2868 2981 instar
2894 2942 3201 2980 munerum
3229 2926 3644 2996 promissorum
3677 2925 3812 2996 peni-

2206 3026 2295 3073 tus
2327 3020 2632 3074 miraretur
2662 3036 2675 3073 :
2707 3021 2952 3081 Estimo,
2993 3018 3201 3090 inquit,
3246 3027 3355 3074 non
3391 3034 3503 3074 esse
3547 3019 3814 3088 condignas

459 3114 778 3184 jacentibus
796 3115 840 3148 ⁸¹
872 3114 972 3168 tibi
999 3115 1232 3180 cunctis,
1257 3115 1373 3168 sola
1399 3114 1552 3168 salus
1581 3114 1777 3168 deesse
1807 3112 2095 3178 videatur,
2123 3152 2178 3226 Ο
2203 3115 2477 3182 passiones
2515 3113 2682 3181 hujus
2729 3115 2982 3182 temporis
3024 3113 3098 3166 ad
3131 3118 3585 3182 superventuram
3615 3113 3814 3166 clarita-

927 3208 985 3226 οη
1053 3213 1089 3226 _.
1203 3209 1215 3226 .
1678 3223 1776 3226 ___
1823 3206 1873 3226 _-_
1922 3206 2095 3226 --εημ
2354 3221 2460 3226 ,μμ
2502 3206 2900 3226 Munia-..
3027 3207 3174 3226 μι..-
3606 3208 3679 3226 .m
3739 3205 3788 3226 η.

467 3208 613 3261 sicut
649 3208 887 3278 Spiritus
926 3208 1162 3264 Sanctus
1203 3207 1451 3279 loquitur
1489 3207 1635 3261 nihil
1677 3223 1779 3260 nos
1823 3206 1881 3259 in
1921 3206 2103 3259 vicem
2126 3205 2178 3226 “‘
2206 3213 2308 3261 tem
2344 3221 2462 3276 qua:
2500 3206 2828 3261 revelabitur
2853 3206 2901 3241 ⁸⁸
2937 3208 2997 3260 in
3023 3207 3175 3260 nobis
3215 3207 3416 3275 (Rom,
3455 3221 3563 3274 vni,
3602 3208 3701 3275 {8).
3739 3205 3813 3258 Et-

467 3301 676 3354 animse
705 3307 916 3356 nostra:
954 3317 1112 3372 posse
1142 3301 1294 3356 dare.
1337 3301 1430 3354 Ait
1461 3299 1619 3354 enim
1651 3315 1663 3354 :
1697 3300 1760 3355 Si
1803 3304 1976 3354 totum
2017 3315 2103 3353 or-

472 3393 584 3448 bem
636 3395 985 3462 lucrifcceris,
1027 3401 1079 3448 et
1122 3397 1365 3449 animum
1409 3399 1560 3448 tuam
1605 3393 1927 3462 perdideris,
1969 3392 2106 3462 quid

461 3487 707 3557 proderit
729 3489 848 3553 tibi,
876 3493 973 3542 aut
1011 3504 1177 3557 quam
1215 3489 1367 3542 homo
1395 3486 2034 3544 commutationemdabit
2054 3485 2102 3519 ⁸³

465 3596 568 3650 pro
597 3583 783 3635 anima
819 3583 965 3635 sua?
1004 3579 1245 3649 (Matth.,
1281 3597 1388 3645 XVI,
1422 3580 1534 3650 26).
1568 3581 1762 3634 Vacua
1792 3585 1925 3634 sunt
1950 3578 2106 3634 enim

470 3673 730 3727 universa
765 3690 893 3744 quas
931 3674 1239 3740 cernimus,
1272 3677 1330 3728 et
1370 3689 1499 3744 quae
1529 3673 1772 3727 infirmis
1816 3672 2105 3726 radicibus

468 3766 652 3837 posita
681 3767 982 3823 soliditatis
1007 3784 1122 3822 sum
1151 3767 1265 3822 vim
1295 3769 1590 3838 nequeant
1624 3765 1930 3821 sustinere.
1961 3766 2105 3819 Nam

473 3862 628 3931 quod
676 3862 744 3917 de
789 3863 992 3916 saeculo
1035 3859 1275 3932 capitur,
1317 3863 1592 3916 vetustate
1639 3859 1919 3930 temporis
1960 3859 2107 3913 frus-

463 3959 665 4010 tratur.
704 3956 879 4022 Unde,
908 3971 980 4011 ne
1009 3954 1145 4027 quid
1171 3957 1323 4010 esset
1351 3953 1517 4009 dulce
1541 3954 1630 4007 vel
1664 3953 1906 4008 charum
1937 3951 2101 4023 quod

463 4050 656 4104 salutis
687 4054 915 4104 internae
943 4049 1199 4121 praeferri
1238 4047 1642 4119 cupiditatibus
1679 4046 1874 4118 possit,
1905 4045 2102 4100 Domi-

471 4144 613 4198 uicis
641 4146 934 4213 amputata
972 4141 1284 4214 prmoeptis,
1312 4143 1444 4212 jure
1477 4140 1704 4211 proprio
1733 4156 1796 4194 ac
1831 4140 1962 4211 lege
1991 4138 2106 4211 pri-

473 4242 602 4291 vata
648 4240 800 4302 sunt,
847 4253 919 4290 ne
966 4236 1027 4290 in
1071 4235 1372 4291 tormentis
1413 4235 1628 4289 scilicet
1653 4235 1700 4268 ⁵³
1740 4236 1964 4304 patrem
2007 4249 2106 4304 po-

477 4312 651 4385 situm
688 4331 835 4384 ﬁlius
871 4331 1180 4400 frangeret,
1217 4345 1359 4384 neve
1403 4327 1738 4382 obstrictum
1775 4326 1964 4381 durati
2008 4341 2102 4380 ro-

477 4424 633 4478 boris
665 4429 859 4494 pectus
895 4423 956 4477 in
986 4423 1160 4478 aliam
1198 4422 1543 4477 voluntatem
1570 4419 1802 4474 affectus
1832 4422 2103 4474 mutaret.

2206 3299 2362 3355 enim
2378 3315 2569 3354 secum
2587 3299 2708 3369 ipse
2723 3299 2983 3354 volvebat
2995 3304 3226 3370 quanta:
3248 3299 3528 3354 mercedis
3548 3299 3814 3354 exsisteret

2204 3397 2267 3448 ut
2290 3392 2343 3446 ei
2376 3392 2467 3447 cui
2497 3391 2782 3447 sufﬁceret
2806 3395 2989 3447 morte
3015 3408 3210 3446 carere
3237 3408 3357 3447 non
3385 3395 3615 3448 tantum
3643 3390 3814 3446 salutis

2205 3487 2439 3541 daretur
2467 3485 2796 3556 praemium,
2829 3485 2925 3540 sed
2955 3490 3012 3540 et
3052 3484 3438 3540 conscendere
3479 3486 3696 3553 ccelum,
3721 3500 3810 3538 ca:-

2204 3580 2323 3634 Ium
2373 3579 2527 3649 quod
2572 3595 2678 3632 nec
2723 3578 2926 3648 fugata
2971 3579 3065 3632 lux
3121 3578 3277 3648 cogit
3330 3579 3392 3632 in
3448 3583 3684 3644 noctem,
3725 3592 3815 3630 nec

2204 3672 2436 3727 alternis
2493 3671 2708 3726 vicibus
2761 3671 2886 3725 dies
2939 3672 3127 3742 aperit
3175 3671 3234 3725 in
3283 3671 3500 3738 lucem,
3549 3671 3644 3726 sed
3688 3669 3814 3724 aeris

2147 3837 2154 3842 _
2203 3765 2406 3838 liquidi
2426 3781 2628 3820 serena
2645 3764 2955 3835 temperies
2975 3781 3081 3835 per
3107 3763 3300 3837 798
3324 3765 3535 3820 sudum
3556 3765 3715 3836 igneo
3728 3761 3816 3817 ful-

2205 3875 2343 3931 gore
2375 3859 2711 3914 rutilantem
2736 3873 2940 3928 puram
2967 3858 3208 3929 explicat
3233 3857 3579 3913 claritatem.

2276 3950 2401 4004 XIX.
2441 3951 2565 4004 Jam
2599 3953 2880 4020 superest,
2921 3948 3242 4003 charissimi
3274 3948 3501 4016 fratres,
3543 3951 3606 4002 ut
3640 3946 3813 4002 debea-

2205 4061 2332 4099 mus
2362 4042 2663 4098 ostendere
2693 4042 2784 4096 cui
2809 4043 2892 4096 rei
2938 4041 3277 4112 martyrium
3304 4042 3512 4112 prosit,
3547 4048 3729 4112 atque,
3759 4042 3808 4092 ut

2202 4138 2346 4194 illud
2386 4136 2638 4208 profecto
2673 4135 2985 4190 doceamus
3020 4135 3171 4206 quod
3208 4150 3313 4189 nos
3349 4135 3422 4189 ad
3453 4135 3604 4189 hunc
3630 4131 3803 4205 gloria:

2206 4231 2436 4286 titulum
2482 4233 2671 4284 metus
2726 4229 2936 4284 excitet
2978 4229 3329 4283 futurorum.
3370 4229 3595 4283 Etenim
3630 4225 3810 4298 quibus

2207 4341 2425 4396 magna
2455 4321 2732 4394 promissa
2762 4325 2913 4389 sunt,
2947 4321 3128 4393 magis
3155 4337 3370 4392 magna
3400 4329 3536 4377 sunt
3560 4336 3681 4392 quae
3709 4333 3810 4373 me-

2206 4418 2418 4474 tuenda
2461 4416 2569 4471 illis
2613 4431 2735 4470 esse
2783 4415 3105 4470 videantur.
3145 4415 3286 4468 Nam
3331 4431 3436 4470 nec
3480 4431 3541 4469 se
3579 4414 3634 4467 in
3677 4427 3813 4466 arma

481 4519 666 4572 Solam
704 4518 1000 4573 veritatem
1041 4517 1395 4587 salutemque
1443 4514 1620 4569 solam
1671 4513 1818 4568 inter
1865 4520 2184 4593 magnos!)
2206 4511 2368 4566 miles
2394 4509 2650 4565 accendit
2675 4508 3008 4579 priusquam
3038 4506 3276 4562 inimica
3303 4507 3501 4562 hostes
3535 4508 3646 4561 tela
3673 4519 3808 4560 com-

479 4612 963 4683 complectendam
1012 4626 1134 4666 esse
1189 4609 1468 4664 cruciatus
1520 4625 1620 4662 suo
1672 4606 1926 4662 Christus
1977 4606 2108 4677 jure

480 4705 789 4768 constituit,
814 4704 872 4758 in
901 4721 1011 4775 quo
1037 4703 1241 4774 conjux
1271 4707 1326 4757 et
1349 4701 1513 4756 liberi
1541 4705 1597 4755 et
1625 4702 1882 4769 nepotes,
1914 4697 2102 4771 797

474 4799 533 4853 in
600 4817 698 4870 Ino
756 4797 942 4853 omnis
993 4798 1273 4852 viscerum
1325 4795 1542 4850 soboles
1584 4793 1736 4849 felici
1783 4793 2109 4864 usurpanda

482 4892 716 4947 victoria
745 4898 850 4947 est.

552 4988 732 5042 XVIII.
791 4987 933 5041 Nam
981 4989 1037 5041 et
1092 4984 1372 5040 Abraham
1427 4983 1505 5038 sic
1556 4983 1673 5037 Deo
1728 4979 1971 5053 placuit;
2013 4979 2111 5051 qui

2210 4604 2494 4660 moverint
2543 4619 2556 4658 :
2620 4618 2725 4656 nec
2779 4617 2983 4656 navem
3039 4600 3245 4670 aliquis
3291 4601 3537 4654 statione
3584 4596 3812 4653 subducit

2211 4698 2320 4752 nisi
2357 4697 2620 4752 animum
2651 4693 2836 4766 pelagi
2877 4709 3053 4764 pavor
3083 4693 3376 4747 strinxerit
3411 4709 3424 4747 :
3454 4693 3554 4748 sed
3579 4695 3632 4747 et
3656 4691 3810 4746 inten-

2210 4799 2341 4848 tans
2370 4789 2484 4846 suis
2517 4788 2718 4861 opibus
2755 4791 3036 4842 scrutator
3073 4787 3325 4857 agricola
3364 4802 3486 4842 non
3520 4789 3650 4840 ante
3683 4779 3811 4837 felici

2211 4891 2425 4941 terram
2469 4883 2699 4938 suscitat
2743 4897 2970 4936 vomere
3019 4895 3187 4951 quam
3232 4879 3290 4933 in
3327 4880 3622 4952 pulverem
3657 4875 3812 4932 imbre

2213 4976 2487 5046 concepto
2553 4969 2735 5044 putris
2801 4968 2967 5042 gleba
3029 4969 3296 5024 solvatur.
3360 4969 3446 5024 Ita
3511 4972 3592 5022 est
3650 4961 3810 5020 omnis

1871 5177 2082 5240 Varia:
2124 5173 2463 5238 lectiones.

546 5309 917 5357 "Murmurat
946 5309 1136 5373 genitu
1182 5311 1304 5358 Lam
1379 5305 1527 5355 Ebor.
1566 5308 1676 5358 ΝΟ.
1715 5307 1757 5354 Ι.

487 5380 641 5429 0.34m.
672 5380 863 5428 Pamel.

963 5371 1004 5413 5'
1029 5379 1266 5429 Sceleris
1291 5378 1486 5428 Pamel.
1521 5378 1676 5426 0.5013.
1710 5377 1841 5426 Pars
1865 5375 2062 5426 sceleri
2091 5378 2237 5426 Lam.
2266 5374 2418 5421 Ebur.
2458 5371 2564 5422 ΝΟ.
2590 5373 2636 5420 l.

1861 5305 1902 5338 ⁵⁸
1940 5305 2140 5354 Totum
2160 5303 2217 5351 in
2243 5315 2300 5350 se
2331 5303 2448 5364 ipse
2468 5297 2754 5349 convolvit
2784 5308 2912 5344 cum
2945 5297 3083 5344 Lam.
3123 5289 3278 5364 Ebor.
3311 5288 3656 5364 Turn
3682 5285 3731 5364 in
3761 5293 3808 5364 se

2734 5366 2777 5398 ⁶⁰
2799 5367 2955 5417 Nexu
2985 5367 3124 5416 Lam.
3159 5360 3308 5411 Iibor.
3338 5361 3445 5412 ΝΟ.
3480 5361 3523 5409 1.
3621 5355 3658 5389 ⁸³
3687 5353 3801 5403 Role

483 5450 758 5502 indefessa
787 5454 924 5501 Lam.
992 5451 1035 5482 ⁸³
1057 5451 1143 5500 Sic
1167 5449 1293 5513 Imp.
1323 5447 1616 5511 Quoddam
1639 5447 1693 5496 in
1723 5445 1987 5508 martyrio
2014 5444 2173 5493 Oxon.
2201 5445 2344 5494 Lam.
2369 5440 2518 5490 Ebor.
2555 5439 2664 5492 ΝΟ.
2693 5440 2733 5488 ι.

1787 5615 2013 5698 Steph.
2062 5611 2306 5675 Baluzii
2351 5613 2548 5672 notae.

533 5756 638 5821 (33)
688 5756 937 5816 Purpura
987 5755 1044 5803 in
1093 5754 1366 5818 imagines.
1415 5754 1524 5804 Ista
1566 5752 1848 5818 explicare
1893 5752 2110 5803 videtur
2153 5745 2516 5799 l‘ertullianus
2536 5744 2591 5794 in
2615 5741 2756 5794 libro
2785 5741 2847 5792 de
2873 5739 3152 5798 Pudicitia,
3181 5735 3278 5786 ubi
3319 5732 3428 5797 agit
3447 5729 3528 5791 ,de
3575 5724 3792 5780 vestibus

468 5839 727 5894 purpura
749 5823 1060 5879 oculandis.
