4032 6180
205 206 295 265 829

1365 204 1563 263 LIBER
1602 202 1694 261 DE
1730 202 1949 262 Ι.ΑοοΕ
1989 204 2331 263 MARTYRII.

3436 214 3540 274 830

205 327 456 387 naturalis
498 325 591 383 hic
632 345 783 394 usus,
825 327 1041 383 nescire
1085 327 1224 401 quid
1262 329 1441 400 prosit
1476 329 1583 383 nisi
1625 345 1808 400 agno-
1834 330 2291 413 Arequiescant,
2327 335 2424 385 aut
2472 331 2673 386 iterum
2723 348 2851 387 vere
2893 349 3037 389 novo
3085 334 3247 390 tellus
3296 336 3541 392 fecunda

204 424 331 479 veris
384 422 531 494 quod
579 423 798 477 occidit.
845 422 1005 477 Unde
1055 425 1112 477 et
1159 421 1324 477 datur
1370 422 1580 476 sanctis
1636 422 1813 475 omni-

202 519 293 572 bus
338 517 660 587 praemium,
702 516 840 570 dum
884 516 1224 587 inﬂiguntur
1266 516 1492 586 injustis
1530 521 1813 571 tormenta

200 613 486 667 factorum.
550 611 727 681 Igitur
788 627 917 681 quas
978 610 1093 664 suis
1154 610 1481 681 promiserit
1542 610 1810 664 Dominus

202 706 405 760 nemini
430 704 525 774 qui
553 704 765 759 nesciat
806 704 1062 770 dubium,
1092 704 1189 758 sed
1220 720 1325 757 nec
1364 704 1599 757 dubium
1630 720 1808 775 quan-

198 806 272 854 tos
333 798 583 852 minetur
646 796 808 867 ignes
880 797 1312 869 suppliciorum.
1372 799 1472 864 Et,
1542 797 1811 868 quoniam

199 894 269 948 ita
326 909 384 946 se
443 892 632 946 attulit
696 908 881 947 sermo
944 896 1009 945 ut
1071 892 1142 946 de
1204 890 1463 961 utrisque
1527 891 1812 945 habeatur

198 986 347 1054 ratio,
394 986 604 1058 paucis,
651 988 712 1040 ut
755 986 826 1040 de
863 986 1122 1057 utrisque
1168 984 1303 1052 dixi,
1349 983 1601 1039 breviter
1644 1001 1811 1055 expo-

196 1096 317 1134 nam
330 1120 342 1134 .

258 1173 355 1227 XX.
396 1172 640 1227 Sawiens
678 1173 856 1239 locus,
892 1173 979 1226 cui
1021 1172 1287 1243 gehenna
1322 1188 1531 1226 nomen
1568 1172 1673 1241 (29)
1705 1174 1805 1235 est,

193 1282 392 1337 magno
413 1266 813 1337 plangentium
844 1282 1139 1321 murmure
1168 1272 1222 1321 et
1245 1267 1462 1337 gemitu
1492 1267 1537 1300 ⁵⁷
1568 1269 1626 1319 et
1653 1282 1810 1318 eruc-

195 1360 429 1414 tantibus
450 1360 699 1415 ﬂammis
728 1360 837 1429 {30)
868 1375 970 1430 per
996 1360 1347 1414 horrendam
1392 1360 1584 1430 spissm
1631 1360 1809 1412 noctis

195 1454 485 1525 caliginem
530 1470 673 1508 saeva
713 1470 938 1524 semper
982 1453 1238 1507 incendia
1287 1454 1496 1507 camini
1540 1452 1807 1507 fumantis

196 1546 422 1618 expirat,
465 1547 662 1619 globus
714 1546 937 1618 ignium
984 1550 1230 1601 arctatus
1281 1546 1597 1601 obstruitur
1647 1552 1702 1600 et
1748 1546 1807 1599 in

194 1642 366 1695 varios
402 1657 582 1711 prensa
625 1641 806 1696 exitus
842 1640 1151 1695 relaxatur.
1191 1641 1345 1694 Tunc
1383 1639 1646 1693 saeviendi
1687 1640 1806 1709 plu-

1916 424 2211 493 parturiat.
2242 424 2415 478 Unius
2446 432 2649 479 cuncta
2676 432 2810 481 sunt
2847 428 3138 499 temporis,
3175 429 3338 485 unius
3370 447 3538 501 poma

1913 516 2174 572 feruntur
2211 518 2459 583 aestatis;
2509 520 2718 590 quippe
2764 536 2893 574 cum
2936 539 3040 576 nec
3090 524 3383 579 mensibus
3426 526 3539 579 suis

1913 616 2047 664 tunc
2081 612 2214 665 luna
2243 611 2537 678 deserviat,
2563 628 2667 666 nec
2698 628 2800 681 per
2826 613 3097 670 horarum
3128 620 3211 671 sol
3245 625 3537 673 momenta

1911 704 2196 771 decurrat,
2225 708 2323 757 aut
2356 705 2413 758 in
2460 708 2687 759 noctem
2734 708 2826 759 lux
2871 708 3063 776 fugata
3102 712 3398 765 concedat.
3438 713 3539 765 Ha-

1909 796 2011 851 bet
2059 798 2301 869 populos
2350 799 2509 869 quies
2558 798 2709 867 laeta,
2755 801 2917 855 sedes
2968 806 3123 857 tenet
3168 805 3407 874 placida,
3447 806 3541 859 ubi

1911 890 2038 943 fons
2093 892 2406 944 scaturiens
2458 893 2677 946 medius
2736 893 2866 947 sinu
2918 894 3062 948 alvei
3116 899 3541 967 prorumpentis

1912 986 2174 1054 emergit,
2222 990 2278 1038 et
2322 1002 2489 1039 rauco
2531 1001 2632 1056 per
2672 986 2971 1042 intervalla
3014 989 3254 1043 circuitu
3299 990 3540 1045 sinuosis

1909 1077 2150 1131 ﬂexibus
2183 1078 2414 1146 labitur,
2458 1082 2516 1132 ut
2564 1080 2619 1133 in
2664 1097 2760 1134 ora
2798 1083 3157 1137 nascentium
3206 1082 3310 1137 sibi
3358 1084 3540 1139 ﬂumi-

1910 1187 2048 1225 num
2088 1171 2393 1226 dividatur.
2427 1173 2568 1227 Hinc
2610 1189 2745 1245 ergo
2784 1191 2993 1246 magna
3037 1177 3159 1230 laus
3198 1182 3538 1247 martyrum,

1909 1264 2043 1319 hinc
2090 1266 2294 1319 nobilis
2338 1283 2545 1320 corona
2589 1268 2889 1335 victorum,
2935 1268 3139 1339 quibus
3185 1270 3406 1341 majora
3454 1271 3542 1324 his

1909 1359 2247 1429 repromissa
2295 1366 2453 1425 sunt,
2507 1360 2713 1431 quibus
2770 1362 3023 1415 auctiora
3085 1369 3217 1418 sunt
3274 1364 3537 1435 prmmia.

1906 1452 2067 1516 Quod
2098 1468 2227 1507 vero
2267 1454 2349 1507 vel
2383 1453 2520 1507 feris
2550 1470 2752 1524 corpus
2795 1455 3081 1528 objicitur,
3112 1458 3195 1510 vel
3228 1456 3539 1511 imminens

1909 1545 2127 1616 gladius
2174 1562 2288 1601 non
2329 1547 2584 1614 timetur,
2627 1547 2975 1618 dignationis
3021 1550 3338 1603 ostenditur
3367 1550 3534 1613 ratio,

1910 1638 2314 1693 manifestatur
2343 1640 2564 1694 electio.
2595 1642 2818 1695 Etenim
2848 1641 3235 1712 incongruens
3262 1643 3450 1697 fuerat
3481 1648 3543 1697 ut

194 1734 328 1788 rima
354 1751 589 1804 genera,
616 1736 753 1789 dum
792 1735 850 1789 in
886 1752 944 1789 se
982 1735 1103 1805 ipse
1131 1733 1412 1788 convolvit
1439 1734 1487 1766 ⁵³
1528 1721 1885 1804 quidquidB
1912 1747 2084 1801 quem
2126 1749 2357 1803 (equum
2396 1733 2531 1787 tanti
2574 1734 2833 1789 muneris
2861 1735 3198 1805 judicasset,
3238 1735 3385 1791 inter
3427 1741 3537 1791 ter-

195 1828 397 1881 ardoris
442 1829 632 1882 emissi
675 1828 820 1883 edax
865 1828 1096 1883 ﬂamma
1140 1825 1421 1881 cruciarit.
1462 1827 1570 1880 Hos
1600 1826 1806 1897 quibus

194 1929 431 1975 recusata
487 1938 590 1976 vox
638 1922 863 1977 Domini
906 1926 964 1976 et
1001 1922 1241 1992 imperia
1279 1922 1435 1975 fuere
1478 1923 1807 1989 contempta

195 2016 498 2085 disparibus
550 2019 768 2070 coercet
817 2015 1036 2083 exitiis;
1087 2030 1308 2087 proque
1364 2014 1568 2068 merito
1617 2013 1808 2067 salutis

196 2115 385 2163 exactae
452 2109 595 2163 vires
639 2122 767 2163 suas
817 2108 1104 2179 suggerit,
1163 2109 1301 2163 dum
1352 2124 1480 2179 pars
1534 2106 1730 2161 sceleri
1758 2107 1804 2141 ⁶⁹

196 2203 489 2257 discrimen
548 2203 809 2273 imponit.
870 2204 937 2257 Et
990 2202 1131 2256 alios
1182 2202 1411 2273 quidem
1465 2202 1572 2271 (31)
1630 2202 1809 2256 moles

196 2296 555 2350 intolerabilis
585 2303 805 2363 curvat,
833 2296 970 2350 alios
1013 2313 1114 2366 per
1139 2296 1449 2366 abruptum
1478 2294 1668 2348 clivosi
1708 2298 1811 2347 tra-

1907 1841 2046 1878 rena
2077 1825 2209 1879 vitia
2237 1826 2549 1898 sordesque
2576 1827 2871 1882 retineret.

1978 1919 2130 1974 XXII.
2160 1921 2354 1974 Merito
2402 1920 2555 1975 enim
2593 1922 2735 1976 nihil
2770 1921 2945 1989 vobis,
2975 1938 3007 1976 ο
3046 1922 3179 1976 boni
3221 1928 3521 1993 martyres,

1908 2013 2263 2083 denegatum
2297 2014 2405 2084 (32)
2435 2030 2574 2084 quos
2616 2032 2741 2085 spes
2780 2015 3114 2070 aeternitatis
3152 2016 3249 2069 alit
3290 2019 3347 2070 et
3376 2017 3541 2085 lucis,

1908 2123 2271 2177 quorumque
2313 2108 2537 2161 devotio
2577 2110 2842 2163 universa
2892 2114 2950 2164 et
2982 2126 3147 2164 mens
3187 2110 3396 2164 caelesti
3444 2110 3540 2165 de-

1912 2200 2027 2254 dita
2084 2202 2336 2255 cernitur
2391 2202 2665 2256 servituti.
2722 2203 2950 2269 Merito,
3004 2203 3272 2274 inquam,
3331 2204 3541 2258 merito

1910 2293 2055 2348 nihil
2097 2293 2255 2348 vobis
2294 2294 2433 2348 velle
2477 2312 2592 2349 non
2638 2295 2875 2361 licitum,
2924 2311 3169 2367 quorum
3207 2296 3402 2351 animo
3444 2296 3540 2351 de-

198 2389 333 2443 mitis
379 2390 578 2444 collem
623 2389 704 2442 vis
752 2406 897 2443 sasva
954 2388 1310 2459 praecipitat,
1365 2392 1420 2442 et
1472 2394 1810 2442 catenarum
1910 2390 2134 2457 spectus
2160 2386 2251 2440 hic
2286 2387 2536 2441 mundus
2562 2393 2617 2442 et
2656 2388 2903 2443 alienata
2945 2389 3137 2444 saeculi
3181 2388 3349 2443 facies
3389 2390 3544 2443 velut

198 2483 544 2537 stridentium
573 2499 784 2538 nexum
815 2484 863 2517 ⁶⁰
891 2499 1064 2553 grave
1106 2482 1328 2551 pondus
1370 2481 1623 2535 inclinat.
1665 2480 1812 2535 Sunt
1911 2480 2147 2533 confusa
2180 2479 2549 2535 tenebrarum
2581 2481 2867 2537 inhorruit
2895 2482 3133 2551 caecitas,
3168 2482 3256 2537 cui
3283 2486 3366 2537 est
3398 2499 3545 2536 sem-

196 2580 245 2629 et
268 2594 405 2647 quos
441 2594 619 2648 agens
657 2576 893 2631 strictim
938 2576 1128 2631 rota“
1170 2580 1225 2630 et
1252 2575 1540 2628 indefessa
1567 2575 1808 2645 vertigo,
1910 2589 2015 2643 per
2041 2573 2132 2626 hic
2168 2573 2415 2627 mundus
2438 2574 2559 2628 loco
2587 2575 2849 2642 carceris,
2879 2580 3027 2629 tecta
3058 2592 3159 2646 pro
3182 2575 3460 2642 claustris,
3485 2576 3543 2628 in

198 2674 249 2723 et
273 2688 406 2741 quos
435 2670 618 2725 tenaci
654 2670 805 2725 inter
838 2686 896 2725 se
934 2670 1213 2724 densitate
1243 2667 1434 2740 799
1477 2668 1811 2722 constrictos
1912 2665 2024 2719 vita
2051 2682 2278 2737 semper
2309 2667 2508 2721 habita
2547 2675 2917 2723 commeatus.
2955 2669 3044 2723 Sic
3083 2670 3294 2739 quippe
3336 2668 3539 2722 trium-

196 2764 485 2818 adhasrens
529 2763 750 2834 corpori
790 2780 995 2834 corpus
1045 2762 1303 2828 includit,
1340 2767 1400 2815 ut
1448 2764 1507 2815 et
1552 2761 1813 2815 absumat
1912 2759 2127 2830 phante
2178 2759 2412 2813 victoria
2466 2761 2535 2815 de
2593 2761 2682 2814 his
2732 2761 2896 2815 malis
2942 2762 3159 2833 rapitur
3203 2778 3375 2832 quem
3428 2778 3541 2815 non

197 2858 540 2925 incendium,
580 2864 635 2912 et
677 2864 872 2928 gravet
913 2858 1152 2923 ferrum,
1186 2860 1243 2910 et
1284 2873 1343 2909 se
1389 2855 1602 2909 cruciet
1649 2854 1812 2909 turba
1910 2852 2237 2924 pompatico
2266 2870 2458 2923 gressu
2498 2870 2637 2907 vana
2675 2853 2917 2924 subjecit
2943 2854 3198 2917 ambitio,
3228 2858 3327 2909 aut
3356 2871 3539 2925 popu-

199 2951 517 3005 multorum.
1912 2946 2046 2999 laris
2089 2946 2291 3000 extulit
2327 2946 2687 3017 magnitudo,
2722 2948 2825 3002 sed
2858 2964 3031 3018 quem
3075 2948 3281 3002 caelesti
3323 2947 3537 3019 cupidi-

261 3045 380 3099 XXI.
420 3044 637 3109 Quibus
672 3048 869 3099 autem
908 3042 1207 3113 inquisitus
1242 3058 1469 3112 semper
1512 3042 1618 3097 fuit
1665 3045 1812 3097 Deus
1836 3086 1885 3113 η
1914 3045 2029 3094 tate
2058 3040 2403 3110 ﬂagrantem
2425 3056 2525 3093 suo
2557 3040 2809 3096 Christus
2835 3040 3051 3095 addidit
3082 3058 3284 3113 regno.

424 3086 637 3109 νυνι...
672 3086 866 3099 ..........
909 3086 1206 3113 ....,...-......
1242 3086 1458 3112 -...-.,.-.
1668 3086 1811 3097 ..ην
1918 3086 2028 3094 --η
2058 3086 2403 3110 ..-οη-ην---
2426 3086 2522 3093 ην
2560 3086 2808 3096 ..η-η-..-
2836 3086 3051 3095 _....._.-
3082 3086 3284 3113 ηομ-.

199 3142 286 3191 aut
310 3142 498 3205 notus,
531 3154 821 3209 nunquam
848 3137 1055 3191 excidit
1082 3136 1290 3192 Christi
1319 3137 1504 3202 locus;
1539 3135 1637 3189 ubi
1658 3136 1815 3206 jacet
1834 3086 1889 3159 Ο
1982 3136 2158 3189 XXIII.
2203 3134 2348 3187 Nihil
2374 3134 2564 3204 itaque
2592 3137 2708 3187 tam
2747 3150 3023 3204 magnum
3052 3140 3221 3205 atque
3262 3151 3545 3189 veneran-

201 3232 411 3300 gratia,
481 3232 576 3286 ubi
640 3231 955 3286 virentibus
1022 3229 1235 3300 campis
1300 3238 1452 3283 terra
1518 3229 1815 3283 luxurians
1916 3227 2055 3281 dum
2090 3243 2264 3298 quam
2292 3227 2440 3298 quod
2469 3227 2671 3282 liberat
2700 3244 2733 3281 a
2772 3231 2957 3281 morte
2998 3234 3053 3281 et
3088 3228 3227 3282 facit
3266 3229 3454 3283 vivere
3487 3231 3546 3281 et

198 3325 419 3380 alumno
474 3342 533 3379 se
574 3325 759 3380 induit
803 3325 1084 3394 gramine,
1125 3327 1184 3377 et
1229 3322 1527 3377 redolente
1568 3323 1817 3392 pascitur
1915 3321 2009 3374 dat
2049 3324 2325 3391 perpetuo
2361 3336 2625 3391 regnare.
2656 3320 2869 3375 Sanctis
2897 3321 2995 3375 Dei
3034 3321 3142 3375 hoc
3185 3326 3407 3391 aptum,
3438 3322 3545 3375 mi-

198 3420 367 3487 tiore;
400 3418 498 3473 ubi
536 3419 714 3472 altum
756 3433 997 3472 nemora
1036 3416 1314 3471 tolluntur
1348 3416 1410 3469 in
1446 3416 1731 3481 verticem,
1762 3421 1817 3470 et
1917 3413 2056 3467 seris
2096 3413 2506 3480 necessarium,
2535 3414 2803 3468 omnibus
2843 3420 3089 3484 gratum,
3118 3431 3231 3486 quo
3276 3416 3546 3469 lretantur

199 3513 284 3566 ubi
309 3514 538 3567 densior
572 3512 835 3566 arborem
878 3527 1041 3565 coma
1078 3510 1242 3564 vestit
1281 3509 1559 3580 quidquid
1585 3525 1818 3562 curvan-
1917 3507 2071 3572 boni,
2106 3506 2434 3560 releventur
2460 3506 2686 3576 abjecti,
2720 3512 3064 3561 coronantur
3094 3508 3277 3563 electi.
3316 3506 3543 3564 Etenim

199 3606 337 3660 tibus
371 3606 551 3660 ramis
579 3622 747 3659 scena
774 3604 1046 3675 dejiciens
1076 3603 1440 3657 inumbrarit.
1470 3602 1673 3656 Omnia
1703 3602 1817 3655 illic
1917 3602 2062 3654 Deus
2107 3600 2369 3653 omnium
2425 3600 2609 3652 cultor
2662 3600 2818 3653 velut
2869 3601 3155 3671 quoddam
3203 3600 3474 3671 martyrio
3495 3601 3541 3635 ⁶²

199 3716 302 3756 non
325 3698 577 3773 frigoris,
608 3714 709 3754 nec
741 3697 984 3766 ardoris,
1024 3714 1125 3752 nec
1162 3701 1227 3751 ut
1272 3696 1331 3750 in
1370 3700 1643 3750 autumno
1683 3711 1817 3749 arva
1919 3692 2243 3747 remedium
2264 3692 2391 3746 vita;
2420 3692 2580 3747 dedit
2613 3694 2841 3765 quando
2874 3693 2999 3748 aliis
3029 3693 3169 3747 illud
3205 3710 3307 3765 pro
3333 3694 3541 3749 merito

1566 3844 1777 3909 Variae
1840 3844 2177 3907 lectiones.

250 3990 288 4021 ⁴⁷
322 3988 559 4039 Lumine
585 3988 807 4053 prodest
828 3992 970 4040 Lam.
1001 3990 1151 4038 Ebor.
1190 3988 1296 4040 Nc.
1341 3985 1384 4032 1.
1405 4051 1417 4053 _
1479 3981 1528 4053 _"
1547 3980 1715 4053 Dives
1741 3994 1814 4031 on

1919 4011 1922 4025 .
2120 3976 2273 4053 Ebor.
2301 3977 2483 4053 NC_._I.

199 4056 237 4093 ⁸⁸
263 4060 399 4121 Quas
431 4044 953 4123 stepdpropositum
982 4061 1119 4109 Lam.
1150 4054 1301 4105 Ebor.
1334 4051 1441 4104 ΝΟ.
1470 4051 1516 4097 1.
1604 4055 1639 4088 5t
1680 4052 1737 4101 Si
1768 4047 2154 4123 adjacentibus
2360 4044 2515 4123 liber,
2544 4049 2797 4123 Linaltfc.
2828 4049 2873 4098 1.
2906 4120 2914 4123 Α
2966 4047 3008 4123 ξ’
3028 4048 3171 4098 Dare
3198 4051 3375 4123 potest
3399 4051 3542 4099 Lam.

202 4118 339 4180 Fiber.
442 4135 485 4164 5'
512 4118 731 4180 Patrem
759 4130 997 4191 positum
1028 4132 1168 4179 Lam.
1194 4125 1345 4175 Ebor.
1375 4123 1481 4177 NP.
1514 4129 1559 4177 1.
1660 4128 1700 4156 ⁵1
1732 4124 1810 4173 Im

1919 4121 1981 4169 iis
2014 4124 2159 4171 Lam.
2188 4120 2338 4168 Ebor.
2359 4122 2464 4172 ΝΟ.
2500 4120 2543 4169 1.
2644 4121 2684 4153 ⁵⁵
2715 4120 2918 4184 Ingrati
2952 4121 3109 4170 Oxon.
3144 4135 3206 4170 ex
3228 4118 3375 4169 codd.
3401 4123 3543 4171 Lam-

199 4202 343 4252 Ebor.
377 4205 487 4257 ΝΟ.
514 4203 558 4251 1.
626 4200 668 4233 ⁸⁸
696 4198 995 4249 Revelatur
1023 4200 1176 4248 Oxon.
1206 4197 1555 4248 Revelabitur
1585 4200 1723 4248 Lam.
1761 4194 1915 4245 Ebor.
1946 4194 2051 4245 ΝΟ
2088 4193 2134 4241 1.

2582 3978 2625 4013 ⁴⁹
2650 3977 2739 4027 Sic
2758 3981 2899 4028 Lam.
2928 3976 3089 4026 Ebor.
3120 3980 3229 4032 ΝΟ.
3262 3976 3359 4028 Sui
3383 3978 3540 4027 Oxon.

1481 4337 1705 4419 Steph.
1754 4333 2002 4397 Baluzii
2045 4337 2243 4395 notas.

253 4478 343 4536 (29)
376 4477 475 4527 Cui
512 4476 753 4541 gehenna
776 4487 980 4525 nomen.
1009 4473 1292 4525 Gebennm
1319 4472 1612 4537 descriptio
1638 4474 1815 4523 exstat
1834 4456 1891 4527 D
1916 4467 2222 4541 opiniones
2252 4467 2544 4541 gentilium
2584 4467 2670 4541 de,
2694 4471 2915 4541 tartaro.
2944 4466 3032 4541 Ad
3063 4468 3232 4541 istam
3276 4466 3545 4530 objectio-

199 4550 249 4598 in
278 4550 415 4601 libro
442 4552 516 4600 ad
544 4548 949 4597 Demetriuuum.

256 4622 346 4683 (30)
395 4618 783 4671 Eructantibus
824 4618 1066 4680 ﬂammis.
1108 4616 1305 4679 Supra,
1345 4616 1499 4678 epist.
1536 4615 1636 4663 15:
1682 4631 1707 4656 α
1758 4612 1817 4660 In

199 4692 412 4742 Domini
452 4703 581 4741 area
622 4690 927 4749 constituti,
956 4689 1116 4739 exuri
1151 4688 1336 4751 paleas
1377 4683 1818 4747 inexstinguibili

198 4767 317 4828 igne
364 4762 770 4825 conspicitis.»
816 4760 986 4823 Epist.
1019 4772 1091 4810 Lv
1126 4772 1137 4805 :
1171 4776 1198 4805 α
1242 4757 1383 4808 Cum
1429 4758 1485 4805 in
1534 4755 1821 4828 tormentis

200 4827 609 4885 cruciabundus
656 4832 892 4881 ﬂamma:
943 4829 1240 4879 cremantia
1284 4828 1571 4878 ardoribus
1621 4827 1819 4875 adure-

199 4910 298 4955 tur.
324 4922 353 4951 »
382 4905 557 4967 Epist.
589 4903 651 4952 56
677 4916 688 4951 :
731 4920 759 4949 «
803 4902 1187 4951 Perseoutores
1222 4900 1390 4948 nostri
1422 4898 1653 4947 ﬂamma:
1697 4908 1822 4959 p03-

199 4977 335 5025 nalis
379 4979 651 5040 perpetuo
704 4973 896 5023 ardore
951 4971 1251 5019 ﬂammare.
1299 4986 1326 5011 »
1374 4968 1459 5018 Ad
1512 4970 1819 5018 Demetria-

200 5060 328 5097 num
359 5063 370 5097 :
406 5064 434 5091 ‹‹
465 5045 747 5096 Cremabit
776 5042 1021 5092 addictos
1065 5041 1265 5091 ardens
1307 5052 1523 5102 semper
1564 5040 1819 5103 gehenna

201 5124 249 5167 et
274 5118 565 5168 vivacibus
598 5115 836 5166 ﬂammis
865 5127 1034 5163 vorax
1062 5125 1239 5176 pmna.
1268 5128 1297 5158 ›
1326 5110 1468 5161 Vide
1492 5111 1819 5171 Arnobium,

200 5189 287 5237 lib.
318 5203 373 5251 ιι,
396 5193 453 5240 et
483 5188 850 5246 Lactantium,
880 5184 973 5235 lib.
1007 5197 1105 5245 vn,
1133 5197 1251 5247 cap.
1286 5182 1365 5232 26.

260 5262 354 5322 (3t)
407 5261 475 5309 Et
526 5257 663 5307 alios
699 5256 926 5320 quidem.
972 5256 1103 5306 Istic
1159 5254 1396 5304 instituit
1446 5252 1821 5302 enumeratio-

200 5344 325 5380 nem
389 5332 793 5379 tormentorum
848 5327 1057 5391 quibus
1118 5326 1173 5374 in
1235 5328 1437 5373 tartaro
1505 5324 1822 5371 cruciantur

202 5401 480 5458 damnati;
512 5401 679 5464 idque
724 5400 855 5447 facit
901 5411 967 5447 eo
1009 5398 1179 5447 ferme
1221 5395 1386 5444 modo
1430 5407 1540 5457 quo
1588 5392 1822 5455 gentiles

204 5488 392 5536 poenas
448 5473 533 5521 sui
597 5471 785 5521 tartari
838 5467 1237 5532 exprimebant.
1289 5468 1426 5516 Nam
1475 5470 1528 5514 et
1593 5466 1648 5512 in
1700 5464 1823 5536 epi-

205 5534 338 5592 stola
392 5546 476 5603 3i,
530 5547 796 5593 tartarum
848 5540 987 5589 dixit
1034 5552 1133 5602 pro
1192 5538 1424 5587 inferno.
1484 5536 1659 5585 Erunt
1715 5534 1822 5583 for-

206 5616 363 5662 tassis
416 5616 508 5677 qui
565 5628 631 5663 ex
694 5625 759 5662 ea
807 5610 1173 5673 descriptione
1234 5607 1423 5657 tartari
1474 5619 1641 5670 quam
1698 5606 1824 5656 istic

208 5685 446 5733 instituit
494 5692 687 5735 auctor
729 5685 886 5732 istius
928 5682 1055 5732 libri
1102 5678 1363 5742 colligent
1406 5678 1512 5728 ista
1551 5690 1663 5726 non
1705 5689 1825 5727 esse

209 5754 489 5820 Cypriani,
547 5753 698 5821 quod
747 5753 842 5804 illa
894 5753 1060 5803 nimis
1116 5748 1379 5803 accedere
1442 5747 1692 5800 videatur
1756 5746 1827 5797 ad

1920 4552 2046 4587 nem
2088 4535 2227 4585 nihil
2269 4536 2459 4598 reponi
2499 4540 2697 4598 potest,
2726 4538 2832 4586 nisi
2868 4537 3017 4601 quod
3054 4536 3387 4600 Cyprianus,
3414 4549 3544 4586 cum

1920 4608 2086 4657 vellet
2131 4606 2409 4655 inculcare
2450 4606 2779 4657 Christianis
2816 4607 3121 4657 horrendas
3160 4619 3350 4670 poenas
3394 4604 3545 4652 dam-

1920 4684 2194 4737 natorum,
2237 4681 2295 4726 ut
2347 4680 2511 4726 etiam
2560 4691 2624 4726 ea
2678 4680 3093 4727 enumeratione
3149 4678 3545 4726 tormentorum

1920 4752 1999 4801 eis
2051 4749 2405 4813 persuaderet
2456 4749 2609 4797 omni
2662 4762 2764 4812 cpe
2820 4750 3112 4799 nitendum
3161 4762 3285 4799 esse
3339 4751 3399 4795 ut
3456 4744 3545 4807 pie

1920 4822 2168 4870 viverent
2195 4824 2248 4869 et
2283 4819 2593 4870 secundum
2627 4820 2850 4882 regulas
2879 4819 3188 4884 Evangelii,
3220 4831 3291 4867 ne
3326 4818 3381 4866 in
3420 4816 3545 4865 illas

1921 4905 2113 4955 pmnas
2173 4891 2501 4952 inciderent,
2555 4894 2866 4942 excurrisse
2922 4906 3075 4943 more
3125 4892 3407 4941 rhetorum
3452 4900 3548 4949 per

1921 4977 1985 5013 ea
2041 4975 2331 5025 pasnarum
2386 4976 2590 5026 genera
2647 4976 2775 5026 quae
2822 4963 3059 5027 gentiles
3108 4961 3377 5025 putabant
3423 4970 3546 5008 esse

1922 5034 2068 5097 apud
2123 5034 2344 5092 inferos,
2407 5035 2555 5097 quia,
2613 5039 2675 5083 ut
2729 5036 2803 5083 ait
2856 5035 3051 5085 Cicero
3108 5035 3164 5082 in
3220 5032 3362 5081 libro
3408 5042 3441 5078 ιι
3485 5028 3547 5077 de

1921 5104 2153 5170 Legibus,
2208 5104 2414 5153 multos
2469 5104 2644 5154 divini
2696 5104 2965 5168 Supplicii
3021 5109 3203 5155 metus
3259 5118 3289 5152 a
3338 5100 3550 5152 scelere

1922 5179 2164 5226 revocat.
2217 5172 2357 5223 Vide
2404 5175 2749 5239 Prosperum,
2781 5176 2875 5225 lib.
2922 5189 2998 5236 lli,
3039 5189 3157 5238 cap.
3194 5174 3270 5235 12,
3311 5174 3385 5222 De
3430 5173 3547 5220 Vita

1921 5246 2348 5310 contemplativa,
2380 5250 2435 5296 et
2468 5250 2722 5296 sanctum
2760 5246 3105 5310 Gregorium,
3135 5246 3229 5295 lib.
3266 5256 3328 5294 Ix
3358 5246 3549 5293 Mora-

1924 5318 2051 5367 lium
2109 5319 2164 5365 in
2210 5316 2327 5377 Job,
2371 5330 2488 5380 cap.
2536 5318 2616 5379 37,
2662 5319 2778 5367 sive
2826 5318 3150 5381 penultimo.
3193 5315 3335 5365 Vide
3383 5314 3547 5363 etiam

1922 5393 2083 5436 notas
2108 5391 2322 5436 nostras
2354 5387 2421 5437 ad
2448 5388 2606 5437 illum
2634 5390 2819 5439 locum
2848 5389 2974 5439 libri
3002 5400 3057 5437 ill
3081 5386 3346 5445 Salviani,
3370 5385 3549 5435 sterni

1926 5459 2059 5522 ignis
2084 5463 2354 5507 tormenta.
3072 5473 3087 5489 ·

1986 5528 2085 5589 (32)
2113 5528 2255 5577 Nihil
2278 5529 2423 5579 robis
2448 5530 2781 5595 denegatum.
2813 5529 3010 5595 Supra,
3039 5530 3198 5594 epist.
3236 5529 3295 5578 15
3320 5539 3383 5574 ε(
3413 5522 3559 5585 Quid

1925 5601 2075 5650 enim
2115 5600 2258 5662 petis
2288 5599 2353 5648 de
2384 5599 2728 5667 indulgentia
2770 5601 2996 5652 Domini
3026 5599 3178 5668 quod
3220 5610 3331 5649 non
3385 5599 3564 5659 impe-

1926 5676 2069 5723 trare
2104 5673 2443 5723 mereamini.
2470 5692 2497 5722 »
