4032 6180
517 275 614 338 831

1412 275 1467 334 s.
1510 275 1825 335 creamur
1863 272 2136 332 opsaou
2177 271 2350 328 PARS
2388 272 2456 328 ιι.
2496 302 2567 315 -
2605 273 2974 333 opuscom.
3724 283 3814 339 33.2

519 425 716 466 eorum
760 407 973 476 tribuit,
1011 406 1134 462 aliis
1165 423 1268 480 pro
1311 408 1696 464 misericordia
1737 423 1835 462 sua
1881 405 2136 462 tradidit.
2163 412 2222 487 Α
2313 403 2492 458 XXVI.
2542 403 2903 460 Considerate
2958 403 3095 477 quid
3139 405 3229 472 sit,
3279 405 3582 462 charissimi
3622 406 3832 473 fratres,

524 503 773 557 Vidimus
817 502 1027 573 quippe
1077 502 1151 557 ad
1201 502 1353 558 hunc
1398 503 1653 558 nominis
1676 503 1723 537 ⁸³
1773 503 1996 558 titulum
2042 502 2154 556 fide

522 596 735 649 nobiles
765 595 982 650 venisse
1022 597 1321 668 plerosque
1359 600 1420 650 ut
1455 596 1775 651 devotionis
1819 596 2154 667 obsequium

524 705 676 742 mors
704 689 1056 745 honestaret.
1081 690 1188 746 Sed
1217 696 1273 744 et
1304 690 1446 744 alios
1475 691 1808 760 frequenter
1832 691 2154 760 aspeximus

517 781 812 837 interritos
841 784 1080 851 stetisse,
1117 787 1177 838 ut
1217 783 1463 838 admissa
1504 788 1734 855 peccata
1773 784 2153 851 redimentes,

515 891 711 930 cruore
738 893 839 930 suo
878 876 979 931 loti
1014 877 1362 932 haberentur
1401 878 1458 930 in
1499 877 1798 947 sanguine,
1833 880 1890 931 et
1918 878 2145 930 revivis-

519 974 712 1024 cerent
740 968 935 1042 800
965 970 1295 1041 interempti
1324 971 1421 1042 qui
1449 971 1696 1026 viventes
1723 971 2138 1041 computaban-

518 1067 613 1117 tur
660 1063 851 1118 occisi.
901 1065 1046 1119 Mors
1090 1065 1301 1136 quippe
1344 1066 1717 1136 integriorem
1763 1065 1897 1120 facit
1937 1065 2140 1134 vitam,

518 1172 672 1211 mors
696 1156 962 1212 amissam
997 1157 1213 1212 invenit
1247 1158 1506 1229 gloriam.
1546 1159 1685 1212 Nam
1716 1159 1822 1214 hoc
1853 1175 1984 1229 spes
2020 1159 2149 1228 jam

521 1250 730 1304 amissa
773 1251 1104 1321 percipitur,
1137 1252 1243 1305 hoc
1279 1253 1430 1305 salus
1470 1255 1674 1306 cuncta
1711 1257 2030 1322 reparatur.
2063 1251 2153 1306 Sic

521 1359 652 1397 cum
708 1343 1000 1398 arentibus
1057 1344 1269 1415 eampis
1292 1347 1337 1380 σε
1389 1351 1646 1400 sementa
1697 1345 2040 1410 defecerint,
2093 1350 2153 1398 et

521 1435 710 1492 herbis
738 1440 892 1490 terra
921 1437 1296 1492 morientibus
1321 1440 1590 1507 aestuarit,
1615 1439 1828 1510 supinis
1855 1455 1885 1493 e
1907 1437 2155 1493 collibus

515 1529 749 1585 ﬂuvium
791 1531 939 1600 juvit
991 1532 1188 1586 elicere
1231 1535 1288 1586 et
1329 1532 1766 1586 scaturientibus
1811 1532 1944 1586 rivis
2011 1550 2150 1588 arva

516 1623 768 1678 sitientia
793 1629 1136 1696 temperare,
1165 1642 1276 1696 quo
1307 1642 1365 1679 se
1411 1627 1469 1679 in
1513 1625 1712 1679 uberes
1743 1626 1959 1681 culmos
1994 1627 2152 1682 victa

517 1718 642 1789 agri
684 1718 958 1789 jejunitas
1000 1718 1288 1785 funderet,
1319 1724 1373 1774 et
1416 1719 1646 1790 pluviali
1687 1719 1870 1776 imbre
1909 1720 2152 1776 mentito

521 1827 686 1882 seges
713 1812 946 1866 densior
969 1813 1314 1868 inhorreret.

584 1905 760 1960 XXIV.
821 1905 971 1970 Quid
1018 1905 1215 1977 igitur,
1271 1906 1473 1960 fratres
1530 1905 1872 1975 charissimi,
1929 1906 2150 1978 potissi-

527 2013 688 2054 mum
717 1998 984 2068 referam,
1021 1999 1227 2070 quidve
1261 1999 1488 2055 dicam?
1515 1999 1608 2056 Sic
1643 2000 1700 2053 in
1735 2016 1912 2055 unum
1943 2017 2151 2056 conve-

519 2091 806 2147 nientibus
835 2092 1011 2147 titulis
1032 2092 1348 2164 dignitatis,
1380 2093 1643 2148 turbatur
1676 2093 1928 2161 animus,
1973 2093 2154 2150 dedu-

519 2185 664 2240 citur
717 2201 935 2256 sensus,
983 2191 1040 2241 et
1093 2187 1152 2240 in
1203 2185 1327 2258 ipso
1383 2189 1593 2241 conatu
1647 2186 1881 2242 nitentis
1936 2188 2152 2259 eloquii

517 2283 704 2349 impar
747 2295 934 2334 sermo
979 2279 1248 2336 vanescit.
1294 2279 1445 2344 Quid
1495 2279 1652 2335 enim
1711 2282 1797 2334 est
1841 2280 1952 2335 dici
2001 2282 2154 2352 quod

517 2371 655 2428 satis
682 2388 802 2428 esse
826 2372 1021 2444 possit,
1051 2389 1181 2428 cum
1213 2373 1260 2428 si
1291 2373 1408 2429 vim
1444 2378 1672 2429 aeternas
1703 2373 1896 2429 salutis
1921 2391 2148 2446 expres-

517 2465 675 2533 seris,
709 2469 970 2522 occurrat
1010 2467 1268 2535 ambitio,
1311 2467 1357 2522 si
1399 2466 1682 2522 ambitum
1725 2467 1954 2538 dixeris,
1994 2486 2147 2540 prae-

514 2559 707 2616 veniat
738 2561 1118 2632 magnitudo?
1147 2561 1254 2615 Res
1283 2560 1573 2632 simulque
1605 2567 1931 2633 congruunt
1957 2562 2150 2618 simul-

515 2670 627 2725 que
649 2657 1022 2723 concurrunt;
1048 2670 1153 2709 nec
1181 2659 1267 2709 est
1293 2654 1443 2725 quod
1471 2654 1714 2725 dignum
1735 2655 2146 2726 proferendum

517 2763 638 2801 esse
670 2746 950 2802 videatur.
983 2749 1067 2802 Ita
1108 2747 1358 2820 impetus
1387 2747 1666 2803 orationis
1707 2749 1968 2804 audentis
1994 2750 2148 2804 velut

516 2839 821 2911 implicitos
853 2840 1214 2911 irretitosque
1245 2840 1466 2896 obviam
1509 2857 1577 2896 ex
1618 2842 1855 2896 adverso
1884 2843 2148 2914 martyrii

518 2934 779 3005 exempla
809 2937 1134 2989 tenuerunt.
1159 2933 1295 2997 Quae
1318 2951 1443 3002 vox,
1469 2951 1596 3005 quae
1627 2936 1824 3003 latera,
1847 2953 1973 3007 qua:
2004 2937 2149 2992 vires

515 3027 696 3082 instar
726 3027 979 3082 muneris
1012 3028 1155 3082 tanti
1185 3027 1414 3099 capiant
1443 3028 1758 3083 sustinere?
1783 3030 2147 3086 Confessione

2257 512 2490 552 omnem
2521 498 2777 568 martyrii
2804 498 3137 554 firmitatem
3162 499 3414 555 sensibus
3433 500 3621 556 vestris
3639 503 3836 558 animis-

2255 607 2364 661 que
2415 593 2736 662 proponite.
2786 595 2924 649 Ecce
2973 595 3128 648 enim
3171 595 3231 648 in
3279 595 3532 665 passione
3574 596 3836 666 cujuslibet

2255 685 2434 738 vocati
2465 685 2718 756 gaudent
2733 686 3081 758 jampridem
3110 688 3274 742 acciti
3303 690 3544 744 esaaculo
3575 696 3834 762 martyres,

2256 779 2507 848 gaudent
2533 779 2815 834 bonorum
2841 781 3099 836 omnium
3142 783 3348 850 nuntii,
3381 784 3628 854 gaudent
3653 787 3836 855 pariter

2256 871 2438 926 electi.
2475 871 2555 926 Ibi
2581 873 2805 927 laetatur
2830 875 3007 928 milite
3034 891 3136 929 suo
3165 875 3452 941 Dominus,
3482 877 3693 932 laetatur
3718 885 3836 936 testo

2257 962 2437 1037 801
2479 966 2729 1020 nominis
2759 967 2844 1022 sui
2891 968 3162 1023 Christus.
3196 971 3400 1025 Parum
3437 974 3520 1024 est
3546 972 3686 1042 quod
3711 974 3837 1041 dico,

2255 1058 2458 1113 fratres
2486 1060 2824 1128 charissimi,
2857 1079 3059 1132 parum
3087 1068 3190 1118 est.
3223 1065 3305 1118 Ita
3329 1079 3538 1135 magna
3564 1065 3694 1120 mihi
3718 1068 3839 1122 ratio

2257 1150 2313 1204 in
2347 1151 2455 1206 hoc
2486 1169 2695 1223 genere
2723 1154 2950 1210 dicendi
2975 1171 3038 1210 ac
3059 1156 3241 1211 moles
3269 1156 3601 1212 admiranda
3620 1167 3840 1230 suscepta

2255 1249 2342 1298 est
2355 1262 2370 1312 ;
2405 1245 2500 1300 sed
2533 1247 2776 1313 arbitrii,
2810 1264 3006 1318 quaeso
3033 1266 3150 1314 vos,
3185 1251 3434 1318 gravitas
3461 1250 3529 1304 ab
3558 1251 3839 1308 intentione

2253 1339 2484 1409 propria
2511 1356 2625 1394 non
2659 1340 2828 1408 desit,
2861 1342 3045 1396 sciens
3076 1347 3301 1398 tantum
3329 1344 3401 1399 de
3435 1344 3691 1416 martyrio
3707 1363 3843 1416 posse

2254 1431 2365 1485 dici
2397 1435 2674 1503 quantum
2707 1435 2960 1504 potuerit
2996 1436 3289 1491 aestimari.
3321 1437 3482 1492 Unde
3520 1441 3575 1492 et
3603 1438 3714 1493 hinc
3741 1440 3842 1495 sola

2257 1526 2631 1596 exsequendas
2670 1526 2854 1582 laudis
2890 1528 3000 1582 fuit
3041 1545 3230 1598 causa,
3258 1547 3376 1585 non
3419 1547 3530 1602 quo
3562 1547 3740 1602 parem
3763 1549 3842 1588 me

2257 1618 2456 1689 glorise
2504 1619 2625 1690 ejus
2667 1625 2837 1692 atque
2885 1621 3155 1678 idoneum
3191 1623 3531 1694 judicarem,
3582 1626 3672 1680 sed
3714 1627 3842 1697 quod

2259 1717 2475 1767 tantam
2517 1713 2574 1767 in
2617 1714 2713 1768 illo
2763 1731 3062 1770 cernerem
3110 1733 3230 1772 esse
3285 1718 3583 1787 virtutem,
3634 1725 3710 1781 ut,
3757 1720 3843 1774 etsi

2255 1822 2458 1876 parum
2489 1807 2556 1862 de
2585 1824 2651 1862 eo
2679 1808 2949 1876 dicerem,
2979 1810 3296 1881 plurimum
3335 1828 3433 1867 me
3463 1812 3663 1867 dixisse
3699 1815 3844 1884 profl-

2254 1904 2426 1954 terer.
2481 1901 2625 1956 Nam
2669 1901 3009 1973 prmferatur
3054 1904 3186 1959 licet
3233 1905 3389 1960 bono
3447 1905 3579 1961 fidei
3629 1909 3846 1962 custodia

2247 1992 2506 2063 justitiaz,
2538 1995 2949 2068 melioremque
2979 2014 3036 2052 se
3063 1997 3216 2053 inter
3241 2000 3506 2054 omnium
3545 2000 3722 2055 laudes
3751 2003 3841 2054 vir-

2256 2086 2462 2157 ginitas
2487 2088 2844 2144 immaculata
2875 2097 3196 2161 cognoscat,
3236 2092 3405 2147 cedat
3438 2097 3623 2149 tamen
3651 2110 3843 2150 necesse

2254 2183 2340 2234 est
2378 2182 2646 2253 sanguini
2668 2183 2716 2218 ⁶⁶
2759 2183 3263 2258 summittaturque
3305 2187 3518 2244 cruori.
3565 2187 3643 2243 Illi
3685 2187 3842 2258 elege-

2252 2278 2388 2330 runt
2407 2274 2648 2339 bonum.
2678 2275 2738 2332 hi
2768 2277 2978 2332 imitati
3008 2283 3140 2334 sunt
3165 2279 3474 2336 Christum.

2324 2368 2522 2425 XXVII.
2573 2371 2734 2425 Nunc
2780 2387 2938 2438 vero,
2985 2373 3300 2428 charissimi
3350 2375 3574 2443 fratres,
3628 2391 3694 2431 ne
3741 2376 3842 2447 quis

2252 2476 2348 2518 me
2377 2462 2686 2518 arbitretur
2711 2480 2944 2520 omnem
2973 2466 3216 2522 salutem
3245 2485 3363 2524 non
3395 2470 3507 2525 alio
3533 2473 3671 2524 statu
3699 2487 3840 2542 quam

2251 2555 2310 2610 in
2354 2557 2624 2628 martyrio
2662 2557 2984 2626 collocasse,
3022 2560 3128 2615 hoc
3168 2561 3357 2634 primo
3403 2563 3653 2634 profecto
3687 2564 3839 2635 respi-

2250 2648 2378 2716 ciat,
2411 2666 2598 2720 neque
2627 2667 2720 2706 me
2747 2656 2972 2708 tantum
3000 2669 3121 2709 esse
3148 2655 3248 2725 qui
3267 2655 3423 2727 loqui
3451 2656 3664 2724 videor,
3684 2673 3839 2729 neque

2250 2741 2330 2796 ita
2379 2759 2438 2796 se
2491 2743 2700 2798 habere
2753 2744 3016 2801 ordinem
3072 2763 3285 2811 rerum,
3332 2754 3396 2804 ut
3440 2749 3842 2804 immortalitatis

2249 2851 2377 2905 spes
2420 2837 2766 2906 repromissa
2803 2839 2973 2892 unius
3015 2841 3192 2910 partis
3238 2842 3418 2898 latere
3463 2843 3690 2898 nitatur.
3731 2843 3836 2909 Sed,

2247 2930 2520 2999 quoniam
2548 2931 2821 2985 Dominus
2859 2949 2959 2987 suo
2992 2950 3089 2988 ore
3135 2939 3371 2989 testatus
3419 2943 3524 3004 est,
3556 2953 3669 2990 esse
3711 2937 3840 2991 habi-

2247 3023 2426 3077 tacula
2455 3039 2626 3093 penes
2653 3027 2876 3079 Patrem
2911 3027 3109 3093 multa,
3140 3027 3281 3082 nihil
3321 3029 3508 3100 majus
3550 3028 3749 3083 credidi
3790 3045 3839 3082 ea

513 3121 665 3175 vocis
710 3121 876 3175 unius
912 3121 1145 3176 adversa
1190 3121 1586 3184 succumbunt,
1617 3123 1742 3177 133m
1784 3124 2144 3194 proveniunt,
2169 3145 2222 3218 Ο
2251 3115 2432 3185 gloria
2453 3133 2566 3186 qua
2584 3117 2894 3187 probantur
2910 3119 2969 3173 hi
2989 3119 3256 3174 homines
3273 3122 3369 3192 qui
3387 3121 3838 3191 saeculariiudigni

515 3218 716 3284 patent
753 3231 951 3283 regna,
992 3217 1268 3284 parantur
1307 3215 1571 3284 imperia,
1604 3215 1918 3270 devincitur
1955 3232 2145 3287 poena,

517 3324 670 3360 mors
714 3307 1032 3377 subjicitur,
1076 3308 1189 3361 vita
1232 3307 1541 3377 profertur,
1590 3313 1646 3362 et
1684 3308 2004 3363 infestantis
2048 3310 2150 3364 iui-

518 3399 650 3453 mici
689 3400 1071 3470 repugnantia
1117 3416 1282 3455 arma
1327 3401 1624 3455 solvuntur
1645 3402 1713 3454 ⁸⁸.
1765 3401 1822 3456 Si
1870 3401 2147 3456 delictum

517 3497 618 3556 est,
650 3493 888 3559 occidit;
926 3493 973 3548 si
1017 3493 1256 3560 crimen,
1301 3493 1542 3548 absistit.
1585 3495 1764 3561 Unde,
1808 3511 1997 3565 quaeso
2027 3512 2144 3564 vos,

515 3587 714 3642 vestris
766 3587 876 3641 hoc
929 3587 1221 3642 mentibus
1273 3587 1614 3658 ponderate,
1671 3593 2013 3660 tantumque
2073 3590 2146 3643 de

514 3683 709 3735 nostra
737 3680 995 3736 oratione
1024 3680 1300 3752 percipite
1325 3683 1606 3751 quantum
1644 3681 1829 3737 sciatis
1854 3698 1950 3737 vos
1979 3699 2142 3753 posse

516 3773 749 3829 sentire.

586 3869 734 3922 XXV.
780 3867 978 3922 Veniat
1019 3870 1150 3922 ante
1180 3867 1372 3923 oculos
1403 3871 1615 3924 vestros
1656 3869 1754 3941 qui
1792 3869 1912 3924 dies
1939 3869 2033 3925 ille
2071 3871 2143 3928 sit

515 3979 645 4016 cum
693 3964 982 4034 spectante
1025 3962 1262 4034 populo,
1305 3968 1474 4034 atque
1508 3963 1862 4018 intuentibus
1904 3965 2137 4034 cunctis,

515 4060 713 4110 contra
741 4060 993 4110 terrenas
1033 4071 1226 4110 cruces
1264 4061 1323 4111 et
1361 4055 1550 4110 minas
1591 4057 1780 4111 seculi
1810 4057 2141 4113 inconcussa

516 4149 741 4204 devotio
781 4150 1110 4219 reluctatur,
1145 4166 1324 4221 quam
1365 4150 1620 4222 suspensi
1666 4151 1840 4206 animi
1889 4155 2136 4207 mentes-

516 4261 626 4315 que
654 4244 901 4298 sollicite
930 4243 999 4298 de
1030 4243 1267 4314 ancipiti
1297 4243 1700 4314 trepidatione,
1726 4245 2138 4316 gratulantium

515 4337 840 4392 formidinis
888 4336 1107 4408 pavidae
1152 4335 1484 4408 quatiantur
1529 4337 1796 4406 horrore,
1842 4355 1972 4410 quae
2023 4339 2138 4396 illic

515 4430 794 4498 anxietas,
822 4447 950 4502 quin
983 4431 1271 4501 exoptatio
1308 4446 1565 4502 precum,
1597 4447 1725 4502 qua:
1761 4435 1887 4487 vota
1916 4449 2132 4490 memo-

2253 3214 2384 3263 sunt
2412 3209 2526 3264 vita
2549 3211 2616 3263 5".
2645 3210 2843 3280 Igitur,
2891 3212 3209 3267 charissimi
3250 3214 3482 3284 fratres,
3509 3215 3705 3270 aemula
3737 3215 3840 3268 reli-

2252 3301 2419 3370 gione
2457 3307 2759 3373 certantes,
2795 3305 2944 3358 velut
2990 3305 3270 3361 incentivo
3309 3309 3559 3379 quodam
3601 3307 3838 3362 mercedis

2249 3395 2444 3466 agitati
2473 3397 2520 3430 ⁶⁸
2546 3413 2780 3452 omnem
2801 3398 3006 3453 virium
3034 3400 3259 3470 copiam
3287 3401 3745 3474 tolerantiamque
3770 3417 3839 3454 su-

2246 3487 2502 3545 beamus.
2535 3492 2658 3544 Non
2689 3491 2846 3546 enim
2877 3509 3106 3548 movere
3133 3511 3235 3548 nos
3257 3494 3472 3550 debent
3496 3496 3717 3561 caduca,
3736 3511 3839 3566 qua:

2247 3598 2476 3654 semper
2497 3583 2554 3637 in
2573 3585 2930 3640 eversionem
2960 3603 3146 3657 suam,
3177 3604 3293 3643 non
3322 3589 3497 3644 modo
3523 3590 3644 3660 lege
3669 3604 3839 3660 propoo

2245 3675 2373 3744 sita,
2394 3677 2489 3731 sed
2512 3677 2684 3732 etiam
2707 3678 2826 3750 ipso
2847 3679 2962 3736 fine
2984 3681 3259 3752 temporis
3278 3686 3574 3753 urgentur.
3594 3683 3838 3738 Exclamat

2243 3770 2490 3826 Joannes
2521 3775 2579 3826 et
2602 3771 2738 3827 dicit
2771 3789 2783 3827 :
2806 3775 2929 3828 Jam
2955 3777 3156 3830 securis
3183 3777 3256 3830 ad
3272 3777 3516 3832 radicem
3542 3778 3737 3832 arboris
3756 3789 3834 3845 po-

2241 3867 2347 3918 sita
2363 3865 2655 3934 est(Joan.,
2675 3882 2770 3936 xu,
2787 3867 2899 3936 33),
2919 3874 3242 3923 monstrans
3263 3869 3479 3925 scilicet
3500 3875 3557 3924 et
3575 3869 3836 3925 ostendens

2241 3957 2503 4014 ultimam
2525 3975 2648 4014 esse
2670 3976 2859 4015 rerum
2879 3961 3140 4017 omnium
3164 3970 3543 4019 senectutem.
3558 3964 3661 4020 Sed
3679 3962 3834 4033 etipse

2241 4051 2516 4106 Dominus
2549 4069 2562 4108 :
2592 4054 2902 4122 Ambulate,
2934 4055 3137 4127 inquit,
3176 4057 3308 4111 dum
3349 4059 3521 4114 lucem
3551 4059 3758 4121 habetis,
3785 4071 3835 4107 ne

2237 4161 2330 4200 vos
2359 4147 2584 4202 tenebrz
2609 4148 3064 4218 comprehendant
3096 4151 3340 4220 (1t!atth.,
3375 4167 3453 4221 ur,
3499 4152 3602 4221 10).
3635 4148 3778 4215 Quod
3799 4147 3834 4199 si

2238 4238 2331 4294 illo
2358 4242 2619 4312 tempore
2647 4241 3055 4298 ambulandum
3087 4243 3250 4298 nobis
3278 4260 3398 4300 esse
3444 4245 3714 4317 praedixit,
3746 4241 3832 4296 uti-

2237 4350 2347 4405 que
2376 4338 2438 4389 ut
2465 4350 2567 4390 nos
2594 4335 2777 4408 magis
2801 4337 2848 4372 “
2868 4337 3296 4392 ambularemus
3323 4339 3594 4395 ostendit.

2309 4429 2534 4485 XXVIII.
2579 4431 2765 4500 Atque
2809 4435 2866 4486 ut
2911 4431 2982 4485 ad
3031 4431 3264 4487 laudem
3311 4434 3574 4506 martyrii
3613 4432 3829 4491 redeam,

513 4529 732 4593 rentur,
767 4541 893 4579 cum
919 4525 1104 4579 adhuc
1127 4527 1366 4579 nutante
1400 4524 1656 4592 victoria,
1678 4530 1848 4598 atque
1871 4526 1928 4582 in
1959 4505 2216 4582 incer—D
2238 4537 2346 4576 vox
2377 4527 2460 4576 est
2483 4521 2795 4578 beatissimi
2834 4523 2997 4579 Pauli
3036 4524 3276 4581 dicentis
3311 4542 3324 4580 :
3354 4528 3584 4583 Nescitis
3614 4526 3831 4596 quoniam

511 4620 600 4675 tos
644 4618 822 4673 exitus
867 4634 997 4673 casu
1051 4617 1252 4673 victrix
1302 4618 1474 4690 capiti
1529 4635 1738 4674 corona
1788 4619 2136 4691 dependeat,

513 4729 758 4785 cumque
791 4713 888 4768 illa
909 4712 1182 4785 pestilens
1207 4729 1270 4767 ac
1300 4712 1608 4766 furibunda
1635 4711 1910 4766 confessio
1936 4729 2136 4768 accen-

513 4807 681 4862 datur
728 4807 852 4873 ira,
907 4807 1290 4860 inflammatur
1354 4805 1610 4874 insania,
1675 4806 1832 4861 omni
1891 4807 2137 4879 denique

510 4901 756 4970 pectoris
805 4899 961 4953 rabie
1025 4915 1091 4952 ac
1144 4898 1313 4952 minis
1376 4899 1774 4954 frendentibus
1834 4905 2134 4955 torreatur.

511 4995 731 5048 Etenim
761 4997 1042 5064 quantum
1081 4992 1187 5046 hoc
1222 4993 1292 5046 sit
1320 4993 1445 5064 quis
1476 4993 1724 5064 ignorat,
1754 4997 1815 5046 ut
1840 5010 1952 5047 non
1980 4994 2134 5048 dolo-

510 5088 668 5142 ribus
724 5088 1024 5142 vulnerum
1082 5103 1197 5140 non
1255 5087 1457 5142 ictibus
1514 5089 1929 5159 quaestionum,
1987 5089 2139 5145 velut

511 5182 771 5251 despecta
801 5187 998 5235 nostra
1042 5180 1324 5252 fragilitas
1363 5184 1421 5234 et
1463 5181 1730 5236 humana:
1755 5183 1980 5238 virtutis
2010 5184 2132 5238 iuo-

509 5273 705 5343 pinata
739 5273 900 5326 cedat
927 5273 1187 5341 audacia,
1222 5280 1372 5328 stare
1411 5275 1709 5328 hominem
1753 5293 1857 5330 nec
1899 5277 2131 5346 moveri,

513 5367 765 5436 torqueri
816 5383 919 5420 nec
971 5371 1165 5421 tamen
1213 5367 1381 5434 vinci,
1425 5368 1518 5421 sed
1573 5385 1740 5439 poena
1788 5370 1909 5440 ipsa
1947 5371 2136 5441 potius

509 5475 619 5532 qua
645 5458 928 5513 cruciatur
955 5459 1184 5514 armari.

2238 4619 2334 4687 qui
2377 4619 2438 4671 in
2485 4631 2656 4685 agone
2709 4624 2956 4685 currunt,
3012 4619 3177 4673 multi
3226 4625 3458 4688 certant,
3504 4635 3644 4675 unus
3685 4623 3830 4672 autem

2237 4712 2435 4782 accipit
2478 4711 2770 4781 palmam?
2831 4713 2935 4767 Vos
2986 4717 3167 4767 autem
3212 4716 3288 4768 sic
3341 4716 3540 4768 cum'te
3589 4718 3646 4767 ut
3689 4722 3832 4766 omnes

2237 4804 2700 4875 comprehcndatis
2745 4805 2786 4876 (I
2831 4803 2975 4868 Cor.,
3019 4821 3093 4872 rx,
3132 4805 3244 4877 24).
3287 4807 3395 4862 Sed
3434 4812 3490 4862 et
3528 4806 3676 4874 alibi,
3705 4799 3828 4875 quod

2235 4898 2305 4952 ad
2335 4898 2670 4969 martyrium
2699 4897 2878 4970 possit
2902 4898 3137 4968 hortari,
3177 4901 3508 4956 cohzeredes
3533 4917 3630 4955 nos
3657 4893 3826 4955 Christi

2235 4992 2476 5046 vocavit.
2525 4991 2672 5056 Quin
2723 4992 2916 5060 etiam,
2967 5009 3039 5048 ne
3085 4994 3220 5064 quid
3274 4994 3584 5060 omitteret,
3636 4995 3692 5050 Si
3730 5003 3828 5044 cum

2237 5088 2481 5150 Christo,
2536 5085 2757 5158 inquit,
2809 5090 3126 5141 commortui
3189 5085 3352 5151 estis,
3403 5089 3544 5158 quid
3606 5094 3825 5155 tanquam

2235 5184 2472 5235 virentes
2512 5183 2571 5235 in
2617 5181 2710 5235 hoc
2754 5181 2946 5236 sarculo
2991 5181 3278 5237 decernitis
3333 5181 3576 5252 (Coloss.,
3621 5198 3676 5248 ιι,
3719 5173 3825 5242 20)?

2237 5275 2498 5343 Etenim,
2563 5273 2884 5328 charissimi
2956 5276 3197 5339 fratres,
3270 5275 3367 5345 qui
3441 5267 3825 5330 resurrectionis

2237 5368 2475 5439 praemia
2527 5367 2890 5434 sustinemus,
2947 5368 3046 5438 qui
3083 5368 3285 5438 judicii
3333 5367 3486 5423 diem
3535 5365 3823 5438 quaerimus,

2237 5462 2334 5532 qui
2397 5461 2646 5532 denique
2709 5463 3048 5532 regnaturos
3103 5478 3206 5516 nos
3262 5479 3385 5518 esse
3447 5477 3575 5517 cum
3630 5455 3822 5516 Christo

1886 5592 2094 5657 Variae
2149 5593 2484 5656 lectiones.

566 5697 607 5730 ⁸³
645 5698 915 5750 Homines
939 5703 1078 5751 Lam.
1107 5700 1260 5750 Ebor.
1281 5703 1388 5754 ΝΟ.
1420 5703 1465 5752 1.

501 5774 693 5820 tamen
717 5771 976 5833 sanguini
1013 5771 1168 5821 Oxon.
1198 5773 1435 5824 Necesse
1469 5777 1552 5822 est
1573 5777 1714 5825 Lam.
1755 5775 1911 5824 Ebor.
1944 5777 2048 5826 ΝΟ.
2078 5777 2125 5826 1.

493 5839 821 5906 Agitatione
851 5845 992 5897 Lam.
1021 5842 1176 5896 Ebor.
1207 5845 1313 5898 ΝΟ.
1344 5845 1390 5896 1.

1561 5702 1604 5736 ⁸⁸
1635 5703 1827 5776 Glebis
1858 5707 2006 5754 Lam.
2045 5703 2144 5754 Eho

2389 5704 2432 5750 1.
2531 5702 2572 5734 ⁸⁵
2595 5702 2977 5776 Resolvuntur
3001 5706 3144 5776 Lam.
3178 5702 3334 5776 liber.
3362 5705 3477 5776 ΝΟ.
3497 5702 3561 5776 1.-
3603 5767 3611 5776 .

2215 5773 2256 5807 ⁸⁷
2288 5773 2371 5823 Sic
2407 5776 2544 5823 Lam.
2585 5771 2737 5820 Ebor.
2767 5775 2875 5825 ΝΟ.
2910 5774 3068 5836 lmpr.
3109 5771 3325 5837 lndigni
3357 5774 3505 5824 sunt.
3541 5769 3712 5830 Igitur.

1475 5843 1516 5878 ⁸³
1545 5846 1632 5896 Sic
1675 5846 1837 5912 Impr.
1867 5846 2112 5900 Utnunc
2146 5846 2302 5898 Oxon.
2334 5849 2476 5900 Lam.
2508 5845 2666 5896 Ebor.
2697 5849 2805 5900 NG.
2833 5847 2876 5896 1.

3624 5696 3662 5730 ⁸ο
3681 5690 3818 5744 Cedat

2531 5699 2977 5789 “393°11’31"?”
3001 5706 3163 5789 ιαηξι
3178 5702 3334 5789 ΞίῖὟζ·
3360 5705 3482 5789 :‘E'.
3497 5699 3820 5789 ¹·.,.ἷῖ⁵θ⁰ἲξ
