4032 6180
216 228 305 290 833
1401 226 1599 286 LIBER
1643 220 1732 284 DE
1762 220 1988 285 LAUDE
2031 218 2374 282 MARTYRII.

3438 219 3541 283 834

213 358 548 425 conﬁdimus,
578 358 781 412 saeculo
814 356 1019 411 mortui
1058 373 1179 411 esse
1211 356 1503 411 debemus.
1535 358 1669 410 Nam
1713 371 1813 409 nec
1837 367 1894 438 Α
1916 370 2070 406 mam
2104 357 2262 405 tuam
2305 367 2482 421 ponas
2515 366 2615 403 nec
2652 345 2893 404 fundere
2932 345 3275 421 sanguinem
3314 353 3540 404 metuas

210 453 407 524 poteris
429 456 624 522 optare
655 439 989 522 martyrium
1012 451 1119 504 nisi
1149 455 1279 503 ante
1309 450 1492 504 oderis
1522 450 1811 515 saeculum,

206 562 300 599 nec
320 546 614 617 pervenire
637 546 706 599 ad
729 545 826 599 Dei
851 543 1176 615 praemium,
1202 544 1310 598 nisi
1331 542 1608 597 amaveris
1628 542 1813 598 Chris-

204 644 335 694 tum.
356 639 457 703 Qui
486 642 678 694 autem
698 644 852 693 amat
873 639 1179 705 Christum,
1204 654 1319 691 non
1342 640 1497 691 amat
1517 636 1807 691 saeculum.

203 733 443 787 Christus
489 732 643 786 enim
688 733 939 803 abjectus
979 735 1063 787 est
1107 731 1309 785 saculo
1349 731 1491 784 sicut
1529 728 1725 802 802
1758 734 1813 783 et

201 826 459 881 saeculum
503 826 746 893 Christo,
795 831 860 879 ut
899 826 1172 895 scriptum
1216 829 1300 879 est
1347 842 1359 878 :
1401 824 1638 878 Mundus
1678 823 1813 876 mihi

198 922 471 988 cruciﬁxus
500 926 596 987 est,
631 927 680 974 et
715 936 807 987 ego
844 920 1046 973 mundo
1078 919 1309 989 (Galat,
1340 934 1411 984 v1,
1450 918 1558 984 14).
1588 916 1809 971 Nemini

197 1012 441 1066 amabilis
471 1013 581 1066 fuit
620 1013 871 1067 mundus
912 1029 1087 1084 quem
1128 1028 1244 1066 non
1283 1014 1414 1065 ante
1459 1009 1810 1064 damnaverit

194 1106 471 1173 Dominus,
500 1122 602 1161 nec
645 1108 825 1160 salute
866 1107 1052 1177 potuit
1089 1106 1201 1160 frui
1230 1111 1446 1160 aeterna
1473 1104 1567 1175 qui
1606 1102 1808 1157 mundi

197 1198 455 1269 gloriatus
487 1205 570 1252 est
602 1199 731 1253 vita.
766 1200 883 1254 Vox
914 1202 1000 1253 est
1027 1200 1130 1254 ista
1158 1198 1364 1254 Christi
1392 1196 1631 1252 dicentis
1664 1220 1673 1249 :
1707 1196 1809 1261 Qui

192 1296 244 1345 in
288 1294 379 1345 hoc
422 1294 612 1346 sarculo
672 1296 935 1348 amaverit
998 1295 1238 1347 animam
1286 1308 1471 1351 suam,
1517 1294 1574 1345 in
1615 1292 1807 1357 futuro

187 1386 361 1455 perdet
388 1386 574 1449 illam;
613 1388 706 1454 qui
748 1391 926 1441 autem
964 1389 1024 1440 in
1054 1387 1148 1440 hoc
1188 1387 1381 1440 saeculo
1419 1386 1589 1439 oderit
1629 1385 1803 1453 illam,

190 1481 243 1531 in
283 1481 476 1545 futuro
522 1481 753 1534 inveniet
790 1495 907 1535 eam
936 1481 1170 1549 (Matth.,
1204 1497 1255 1545 x,
1290 1478 1398 1548 39).
1432 1478 1541 1533 Sed
1576 1484 1631 1532 et
1662 1495 1803 1549 apo-

190 1574 353 1627 stolus
398 1574 605 1628 Paulus
642 1590 655 1627 :
693 1576 1013 1640 Imitatores,
1054 1572 1260 1644 inquit,
1291 1575 1395 1627 mei
1441 1577 1619 1641 estote,
1669 1574 1807 1626 sicut

188 1671 231 1719 et
264 1682 352 1733 ego
393 1666 596 1723 Christi
633 1668 673 1737 (l
704 1668 846 1728 Cor.,
890 1683 963 1733 v1,
1006 1666 1077 1734 l).
1120 1668 1188 1721 Et
1230 1665 1433 1719 alibi70
1472 1664 1632 1735 ipse:
1677 1666 1806 1720 Volo

189 1775 272 1814 cos
311 1775 507 1827 omnes,
544 1761 654 1828 ait,
702 1762 749 1814 si
785 1762 903 1829 ﬁeri
943 1765 1139 1830 potest,
1185 1762 1482 1814 imitatores
1518 1774 1658 1813 meos
1701 1731 1882 1813 esseB

192 1855 227 1923 (Ι
257 1852 395 1915 Cor.,
426 1869 524 1920 vn,
559 1853 633 1923 7).

252 1948 423 2001 XXIX.
467 1946 619 2001 Dixit
668 1946 773 2001 hoc
819 1946 915 2000 ille
960 1947 1059 2018 qui
1110 1963 1306 2018 passus
1350 1949 1434 1999 est
1478 1948 1535 1999 et
1586 1945 1680 2015 qui
1738 1946 1807 2000 ad

189 2041 285 2094 hoc
318 2057 515 2111 passus
550 2045 632 2094 est
671 2045 735 2093 ut
779 2040 1108 2094 imitaretur
1149 2040 1471 2105 Dominum,
1515 2039 1710 2109 utique
1752 2043 1809 2092 et

191 2150 281 2187 nos
322 2134 392 2187 ad
436 2134 547 2188 hoc
587 2133 766 2187 voluit
810 2133 924 2203 pati
962 2138 1027 2187 ut
1069 2150 1170 2203 per
1213 2134 1401 2203 ipsum
1450 2132 1809 2187 imitaremur

190 2227 487 2283 Christum.
533 2227 588 2281 Si
621 2227 808 2296 justus
849 2243 909 2279 es
952 2230 1010 2279 et
1044 2227 1159 2279 Deo
1204 2226 1406 2293 credis,
1439 2225 1577 2296 quid
1608 2242 1710 2295 pro
1743 2243 1807 2280 eo

192 2320 521 2389 sanguinem
549 2319 791 2373 fundere
826 2319 1033 2373 metuis
1061 2336 1231 2390 quem
1274 2335 1374 2389 pro
1403 2323 1458 2372 te
1492 2319 1655 2374 toties
1688 2336 1807 2389 pas-

192 2430 304 2466 sum
335 2430 455 2467 esse
500 2412 841 2484 cognoscis?
876 2414 937 2465 In
978 2412 1117 2467 Isaia
1148 2418 1350 2481 sectus,
1394 2414 1453 2468 in
1490 2414 1625 2467 Abel
1661 2413 1804 2467 occi-

192 2523 294 2572 sus,
329 2507 387 2560 in
421 2508 579 2560 Isaac
610 2505 961 2573 immolatus,
997 2506 1053 2559 in
1084 2507 1290 2576 Ioseph
1326 2507 1705 2570 venundatus,
1748 2507 1806 2560 in

192 2600 415 2654 homine
457 2599 758 2653 cruciﬁxus
800 2605 899 2654 est.
943 2602 1031 2665 Et,
1074 2599 1143 2653 de
1183 2600 1404 2654 caeteris
1444 2599 1676 2671 quidem
1722 2604 1803 2654 ta-

193 2710 300 2761 ceo,
329 2710 456 2764 quae
486 2710 593 2746 nec
630 2694 808 2747 oratio
850 2695 1037 2763 potest
1067 2692 1257 2747 dicere
1294 2709 1397 2747 nec
1430 2693 1653 2747 animus
1682 2710 1804 2747 sus-

193 2788 383 2841 tinere.
434 2786 692 2840 Vincitur
740 2786 1083 2841 conscientia
1128 2786 1462 2840 humilitatis
1507 2787 1803 2857 exemplo;

194 2886 243 2935 et
262 2880 486 2950 quando
517 2879 835 2934 considerat
857 2896 984 2950 quas
1005 2879 1142 2933 dum
1166 2882 1459 2951 pateretur
1478 2880 1804 2948 acciderint,

193 2974 418 3028 miratur
449 2989 679 3044 passum
717 2976 955 3043 propter
994 2989 1166 3044 quem
1206 2977 1408 3027 cuneta
1443 2973 1804 3044 trepidarint.

193 3068 308 3122 Dies
342 3068 495 3139 fugit
535 3068 595 3121 in
636 3070 889 3135 noctem,
925 3066 982 3121 in
1016 3067 1280 3121 tenebras
1310 3068 1404 3120 lux
1435 3070 1639 3121 cuncta
1670 3083 1804 3122 con-
1828 3094 1881 3167 Ο

192 3161 361 3228 cessit,
400 3165 579 3231 atque
620 3159 888 3215 inclinato
930 3177 1035 3231 per
1065 3162 1307 3215 alternas
1343 3161 1490 3214 vices
1530 3160 1803 3231 pondere,

192 3256 362 3309 omnis
422 3261 581 3310 terra
641 3260 926 3309 commota
973 3254 1246 3321 dissiluit,
1308 3253 1521 3308 turbati
1586 3270 1804 3323 manes,

194 3352 563 3403 monumenta
601 3349 815 3403 nudata
862 3354 1012 3415 sunt,
1062 3351 1119 3401 et
1159 3347 1433 3417 sepulcris
1479 3348 1538 3401 in
1581 3348 1807 3402 hiatum

194 3442 607 3497 dehiscentibus
644 3444 834 3509 terrm,
881 3440 1103 3496 reddita
1144 3440 1257 3495 luci
1302 3458 1538 3512 corpora
1584 3441 1806 3496 restite-

193 3542 315 3590 runt
339 3538 406 3605 τι,
453 3536 610 3591 ﬂuxu
658 3535 955 3607 sanguinis
992 3534 1242 3589 mundus
1281 3534 1596 3601 intremuit,
1641 3535 1811 3591 scissa

195 3644 310 3698 quae
337 3630 559 3685 foribus
587 3629 988 3700 dependebant
1008 3627 1151 3692 vela,
1180 3627 1461 3698 templum
1492 3644 1664 3683 omne
1692 3646 1813 3682 mu-

195 3722 307 3792 giit.
337 3723 502 3778 Unde
526 3739 796 3792 magnum
828 3727 911 3776 est
936 3721 1148 3775 imitari
1170 3738 1300 3775 eum
1328 3721 1427 3792 qui
1450 3722 1742 3776 moriendo
1762 3723 1808 3757 ⁷³

193 3816 370 3886 arguit
387 3816 682 3871 saeculum.
703 3816 900 3885 igitur,
918 3832 1045 3869 cum
1064 3814 1134 3868 ad
1158 3815 1484 3884 exemplum
1505 3814 1811 3870 Dominicaa

194 3910 456 3980 passionis
496 3915 667 3980 atque
706 3909 777 3964 ad
818 3925 989 3964 omne
1020 3908 1413 3964 testimonium
1448 3909 1655 3966 Christi
1687 3910 1807 3964 ani-

1916 446 2189 516 martyrio
2228 448 2419 497 totum
2448 460 2673 497 necesse
2716 449 2798 497 est
2827 445 3005 499 cedat.
3042 445 3289 515 Martyrii
3324 443 3534 498 incesti-

1913 538 2136 593 mabilis
2165 537 2371 608 gloria,
2401 536 2626 590 inﬁnita
2658 552 2942 605 mensura,
2976 537 3341 591 immaculata
3367 537 3538 591 victo-

1912 633 2017 700 ria,
2074 630 2489 686 inaastimabilis
2543 630 2761 695 titulus,
2811 630 3135 700 triumphus
3188 631 3531 698 immensus;

1912 727 2123 797 quippe
2157 726 2255 796 qui
2283 730 2337 779 et
2362 724 2586 794 propria
2617 722 2940 777 confitentis
2963 723 3129 777 laude
3150 721 3191 754 ⁷³
3216 724 3532 794 praefertur,

1911 821 2062 874 velut
2088 820 2235 873 socio
2266 818 2473 874 Christi
2501 833 2699 871 cruore
2729 817 3039 870 decoratur.

1982 914 2124 967 XXX.
2168 914 2387 983 Itaque,
2431 910 2748 964 charissimi
2790 910 3014 976 fratres,
3048 909 3183 963 licet
3220 909 3289 963 sit
3322 909 3429 963 hoc
3460 914 3537 964 to-

1911 1011 2035 1059 tum
2085 1006 2390 1060 Dominica:
2436 1004 2821 1075 promissionis
2866 1006 2921 1056 et
2971 1002 3244 1069 muneris,
3295 1003 3535 1073 licetque

1912 1100 2192 1154 tribuatur
2231 1117 2295 1154 ex
2339 1099 2472 1165 alto,
2517 1113 2623 1151 nec
2666 1096 2920 1167 capiatur
2958 1096 3066 1149 nisi
3108 1097 3231 1166 ejus
3269 1097 3535 1166 imperio,

1909 1194 2008 1248 sed
2052 1209 2155 1247 nec
2192 1196 2289 1246 aut
2327 1197 2519 1245 mente
2555 1190 2775 1261 concipi
2808 1196 2903 1244 aut
2935 1190 3174 1259 exprimi
3206 1189 3407 1258 verbis,
3441 1193 3538 1243 aut

1911 1286 2171 1341 oratione
2192 1285 2449 1357 percurri
2475 1287 2573 1338 aut
2597 1284 2946 1354 quibuslibet
2968 1284 3307 1353 eloquentia
3328 1282 3539 1337 viribus

1907 1379 2083 1450 possit
2110 1378 2360 1450 impleri,
2384 1383 2581 1432 tamen
2609 1378 2715 1431 erit
2749 1377 2853 1430 hoc
2878 1376 3287 1430 benevolentiae
3308 1382 3533 1443 vestrze,

1910 1478 2017 1531 erit
2061 1475 2348 1531 cbaritatis
2396 1477 2454 1529 et
2496 1475 2728 1541 amoris,
2769 1475 2816 1528 si
2860 1474 3149 1528 volueritis
3191 1474 3369 1527 nostri
3410 1490 3531 1527 me-

1911 1587 2097 1624 mores
2138 1560 2259 1625 esse
2296 1586 2428 1624 cum
2469 1569 2525 1622 in
2556 1568 2713 1622 vobis
2746 1568 3011 1621 Dominus
3049 1566 3385 1638 martyrium
3423 1583 3532 1622 caa-

1908 1664 2053 1735 perit
2093 1664 2396 1718 honorare.
2442 1665 2544 1717 Vos
2579 1664 2726 1716 intra
2761 1678 2819 1715 se
2865 1667 3125 1715 sanctum
3161 1661 3296 1714 illud
3336 1662 3530 1728 altare,

1906 1774 2002 1811 vos
2043 1758 2191 1811 intra
2231 1773 2289 1812 se
2331 1773 2538 1827 magna
2576 1756 2668 1810 illa
2712 1755 3018 1809 venerandi
3064 1754 3309 1807 nominis
3349 1754 3529 1820 sedes,

1906 1851 2077 1905 veluti
2123 1851 2249 1904 sinu
2297 1850 2540 1921 quodam
2590 1848 2798 1919 gremii
2846 1847 3245 1917 amplectentis
3276 1846 3531 1913 includit,

1906 1962 2006 1998 vos
2050 1944 2291 2015 imperia
2334 1943 2598 2014 perennis
2644 1941 2918 2012 temporis
2964 1940 3265 2007 sustinent,
3300 1945 3353 1993 et
3396 1940 3531 1993 illud

1907 2054 2019 2109 quo
2058 2037 2353 2108 regnaturi
2398 2052 2629 2107 semper
2669 2034 2803 2089 estis
2845 2050 3185 2104 semperque
3230 2033 3448 2087 victuri.
3491 2033 3533 2087 Ο

1907 2132 2060 2187 beati
2112 2136 2168 2185 et
2221 2131 2427 2201 quibus
2482 2146 2606 2183 vere
2664 2128 2900 2183 dimissa
2959 2130 3092 2181 sunt
3158 2132 3424 2198 peccata,
3490 2127 3534 2181 si

1906 2231 2100 2279 tamen
2146 2224 2242 2295 qui
2286 2223 2493 2279 Christi
2535 2238 2830 2292 compares
2872 2221 3026 2287 estis,
3064 2220 3371 2291 aliquando
3407 2237 3535 2290 pec-

1908 2318 2097 2373 castis.
2154 2319 2197 2372 0
2252 2317 2403 2371 beati
2454 2332 2598 2387 quos
2649 2332 2681 2368 a
2728 2314 3040 2385 primordio
3091 2313 3283 2386 803
3335 2313 3535 2369 mundi

1907 2411 2127 2466 Domini
2175 2410 2411 2481 sanguis
2461 2409 2674 2474 infecit,
2720 2413 2775 2461 et
2826 2424 2967 2477 quos
3018 2408 3219 2461 merito
3264 2407 3536 2477 splendor

1908 2506 2012 2559 iste
2059 2504 2212 2558 nivei
2255 2504 2496 2558 amictus
2540 2501 2812 2569 induerit,
2860 2503 2916 2555 et
2958 2502 3166 2555 candor
3215 2502 3371 2554 stolae
3420 2517 3536 2554 am-

1906 2597 2115 2652 bientis
2173 2596 2404 2651 ornarit.
2464 2595 2667 2650 Videor
2722 2594 2971 2663 denique
3026 2594 3146 2664 ipse
3214 2594 3355 2647 mihi
3415 2593 3536 2663 jam

1907 2707 2135 2746 cernere
2170 2707 2387 2762 proque
2432 2688 2665 2744 arbitrio
2704 2686 2909 2742 mentis
2944 2688 3213 2741 humanae
3239 2692 3369 2741 ante
3398 2704 3533 2741 ocu-

1907 2787 1988 2839 los
2043 2790 2099 2838 et
2158 2787 2449 2854 aspectum
2501 2782 2759 2836 divinum
2809 2781 2949 2835 illud
3002 2780 3143 2834 mihi
3201 2785 3257 2833 et
3311 2780 3536 2850 insigne

1908 2878 2223 2943 concurrit;
2256 2877 2468 2943 videor,
2496 2876 2754 2947 inquam,
2783 2874 2923 2928 mihi
2941 2874 3061 2944 jam
3090 2890 3324 2928 cernere
3352 2878 3415 2927 ut
3442 2874 3534 2928 ille

1907 2988 2036 3026 vere
2080 2970 2292 3025 nobilis
2333 2986 2607 3024 numerus
2644 2968 2849 3024 Christi
2894 2967 2982 3021 sui
3028 2968 3267 3038 gloriam
3311 2967 3534 3038 iterque

1909 3066 2234 3121 comitetur.
2286 3064 2391 3118 Ibit
2438 3069 2573 3117 ante
2616 3080 2711 3116 ora
2749 3062 2872 3132 ejus
2919 3061 3055 3115 felix
3102 3064 3323 3115 caterva
3370 3062 3538 3115 victo—

1908 3176 2037 3213 rum
2060 3160 2128 3225 7‘,
2162 3164 2218 3213 et
2246 3174 2303 3212 se
2330 3157 2699 3212 densantibus
2734 3153 2929 3227 804
2967 3154 3189 3224 turmis,
3220 3156 3374 3209 velut
3403 3154 3536 3209 solis

1909 3259 2111 3307 exortu
2153 3256 2334 3307 totum
2378 3251 2760 3305 illuminatum
2795 3264 3006 3319 agmen
3048 3249 3260 3302 inferet
3298 3250 3536 3318 potesta-

1908 3351 2045 3401 tem.
2092 3347 2156 3399 Et
2188 3345 2406 3399 utinam
2437 3360 2540 3415 per
2571 3343 2793 3414 abiecto
2826 3341 2965 3396 mihi
2996 3341 3143 3396 istud
3184 3342 3377 3395 videre
3406 3358 3537 3395 con-

1909 3439 2127 3510 tingatl
2182 3439 2293 3494 Sed
2347 3438 2457 3492 hoc
2508 3437 2778 3492 Dominus
2832 3436 3043 3506 poterit
3098 3435 3326 3489 efficere
3381 3435 3532 3505 quod

1908 3533 2066 3589 vobis
2096 3532 2418 3603 petentibus
2444 3531 2695 3586 creditur
2726 3546 2840 3584 non
2870 3545 3101 3600 negare.

1981 3630 2077 3683 His
2105 3629 2172 3681 D.
2204 3626 2472 3695 Cypriani
2508 3626 2754 3694 operibus
2783 3623 2961 3677 dubiis
3000 3624 3060 3675 in
3100 3623 3330 3678 editione
3369 3624 3534 3679 Batu-

1909 3723 2069 3774 ziana
2105 3720 2367 3789 subjectus
2405 3720 2690 3787 cujusdam
2734 3719 2993 3785 anonymi
3029 3718 3094 3770 de
3136 3717 3539 3786 Rebaptismate

1912 3815 2141 3877 libellus,
2172 3829 2327 3883 quem
2364 3813 2743 3883 opportuniori
2787 3812 2894 3865 loco
2932 3812 2990 3863 in
3040 3816 3176 3864 tome
3216 3811 3539 3878 praecedenti

1910 3910 2262 3964 inseruimus.

1553 4034 1762 4101 Variae
1818 4034 2156 4099 lectiones.

246 4158 289 4194 το
311 4161 395 4211 Sic
430 4163 576 4212 Lam.
602 4157 753 4209 Ebor.
782 4162 892 4212 Lin.
924 4162 1029 4213 ΝΟ.
1069 4162 1113 4209 ί.

1211 4156 1249 4192 ⁷³
1269 4161 1652 4212 Constiterunt
1675 4162 1830 4211 Oxon.
1880 4174 1957 4210 ex.
1994 4158 2140 4209 codd.
2166 4160 2306 4211 Lam.
2342 4157 2489 4208 Ebor.
2521 4159 2626 4212 NC.
2658 4159 2702 4207 1.
2735 4157 2891 4220 Impr.
2919 4152 3291 4205 restituerunt.

3392 4150 3432 4186 ⁷⁸
3455 4153 3538 4202 Sic

196 4234 328 4282 Lam.
357 4232 511 4281 Ebor.
549 4234 654 4284 NC.
687 4233 729 4281 1.
754 4233 912 4296 Impr.
946 4231 1128 4282 Scissa
1157 4245 1281 4295 quin
1318 4231 1528 4282 foribus
1559 4230 1944 4296 dependebant
1964 4231 2104 4292 vela,
2152 4229 2419 4294 templum
2463 4242 2629 4281 omne
2676 4228 2873 4293 mugiit
2907 4244 2917 4277 :
2948 4229 3049 4294 qui
3097 4224 3400 4278 moriendo.
3496 4222 3537 4259 ⁷³

198 4301 561 4353 Consistentis
589 4305 729 4353 Lam.
760 4302 909 4351 Ebor.
931 4304 1043 4353 Lin.
1072 4304 1179 4355 ΝΟ.
1208 4304 1251 4353 1.
1318 4302 1359 4336 ⁷⁴
1383 4303 1466 4352 Sic
1490 4305 1637 4354 Lam.
1668 4302 1827 4368 Impr.
1858 4301 2142 4353 Vivorum.
