4032 6180
516 303 616 366 833

1624 293 1714 358 AD
1757 297 1981 359 orans
2027 304 2082 359 s.
2136 290 2446 359 CYPRIANI
2483 295 2795 359 GENUINA.
3731 303 3825 366 836

1130 621 1361 750 AD
1463 620 2051 749 OPERA
2151 623 2308 748 D.
2427 620 3258 751 CYPRIANI

1937 881 2446 976 GENUINA

1684 1081 2702 1224 APPENDICES.

1576 1533 1983 1654 GOTH.
2135 1534 2792 1653 LUMPERI

804 1752 930 1818 DE
969 1752 1292 1820 SANCTI
1334 1750 1753 1820 CYPRIANI
1800 1751 2247 1816 OPERIBUS
2287 1753 2610 1830 DUBIIS,
2666 1751 3228 1830 DEPERDITIS,
3282 1749 3582 1829 ATQUE

1729 1859 1794 1925 E
1799 1859 2026 1925 IDEM
2073 1859 2127 1924 S
2138 1859 2462 1925 UPPOSI
2467 1860 2604 1925 TIS

1102 2223 1474 2279 ARTICULUS
1513 2224 1558 2278 Ι.

938 2315 1004 2368 D.
1041 2313 1306 2383 Cypriani
1333 2329 1496 2383 opera
1523 2313 1708 2368 dubia.

575 2408 996 2485 803-804
1025 2412 1234 2464 Praeter
1264 2427 1455 2480 Opera,
1482 2427 1610 2482 quas
1639 2409 1920 2482 genuinos
1947 2410 2004 2464 S.
2032 2409 2134 2480 Cy-

507 2507 694 2578 priani
715 2506 882 2558 fastus
904 2521 1047 2572 esse,
1066 2504 1214 2574 apud
1239 2520 1444 2558 omnes
1459 2507 1701 2571 constat,
1725 2504 2000 2557 nonnulla
2023 2503 2134 2556 alia

507 2600 655 2654 illius
695 2597 923 2652 nomine
956 2597 1011 2650 in
1055 2614 1184 2651 mss.
1228 2597 1510 2668 editisque
1540 2597 1696 2651 libris
1725 2597 2134 2652 circumferun-

508 2699 620 2758 tur;
643 2707 886 2763 quorum
915 2691 1106 2762 aliqua
1126 2691 1298 2745 dubia
1321 2694 1472 2759 sunt,
1495 2690 1606 2744 alia
1627 2690 1732 2761 ipsi
1754 2695 1906 2744 certe
1926 2690 2130 2757 afficta,

507 2787 578 2841 de
608 2785 813 2856 quibus
837 2784 929 2838 hic
957 2784 1149 2855 paucis
1169 2800 1359 2854 agam,
1387 2789 1612 2838 secutus
1635 2783 1918 2852 ordinem,
1943 2799 2056 2854 quo
2078 2785 2134 2836 et

506 2879 565 2933 in
600 2877 892 2932 Baluziana
919 2877 1172 2932 editione
1200 2879 1416 2931 Veneta
1442 2881 1826 2931 recensentur.

576 2973 618 3027 Ι.
662 2972 723 3026 ln
763 2969 964 3042 primis
1001 2969 1246 3024 occurrit
1288 2970 1354 3024 de
1389 2971 1720 3040 Spectaculis
1763 2969 1908 3024 liber
1952 2969 2126 3038 insig-

507 3065 596 3119 nis
642 3065 736 3135 (l),
793 3080 898 3117 nec
944 3063 1225 3134 Cypriane
1276 3063 1577 3134 indignus,
1631 3063 1719 3116 cui
1774 3080 1904 3117 eum
1960 3063 2129 3116 etiam

507 3158 668 3212 multi
733 3157 1137 3226 ascripserunt,
1203 3155 1474 3209 nimirum
1533 3156 1828 3221 Baronius,
1891 3155 2130 3209 Jacobus

505 3249 809 3314 Pamelius,
843 3250 1040 3302 Petrus
1079 3247 1276 3314 Faber,
1319 3247 1706 3316 Sanjorianus,
1745 3248 1983 3301 Jacobus
2011 3247 2125 3302 Sir-

503 3343 772 3410 mondus,
814 3341 1137 3396 Desiderius
1179 3341 1472 3409 Heraldus,
1525 3339 1914 3393 Bellarmiuus.
1962 3341 2131 3394 Favet

501 3435 589 3491 his
630 3439 750 3490 tum
798 3435 918 3505 ipsa
965 3434 1092 3487 libri
1135 3433 1426 3504 inscriptio
1473 3449 1486 3487 :
1533 3433 1842 3503 Cyprianus
1883 3433 2034 3502 plebi
2069 3435 2127 3487 in

500 3530 795 3597 Evangelio
833 3530 1003 3582 stanti
1042 3529 1305 3592 salutem;
1354 3529 1475 3580 tum
1521 3543 1762 3598 persona
1809 3526 2122 3593 scribentis,

2157 2235 2364 2308 Arum
2396 2224 2455 2278 in
2495 2225 2731 2280 modum
2771 2223 3068 2280 excellunt.
3108 2222 3291 2290 Adde,
3332 2219 3488 2293 quod
3527 2222 3723 2291 praeter
3746 2219 3830 2288 Cy-

2237 2318 2419 2388 priani
2459 2335 2668 2373 nomen
2715 2318 2856 2373 nihil
2899 2319 2958 2372 iu
2998 2335 3066 2372 eo
3109 2315 3380 2388 opusculo
3419 2315 3658 2385 legatur,
3701 2311 3830 2382 quod

2235 2412 2342 2464 hoc
2373 2411 2444 2464 ad
2473 2411 2947 2483 Carthaginienses
2976 2410 3162 2482 potius
3187 2425 3362 2482 quam
3393 2407 3466 2462 ad
3492 2406 3714 2460 alterius
3738 2405 3826 2459 Ec-

2233 2503 2415 2557 clesia;
2474 2505 2670 2559 ﬁdeles
2735 2504 3118 2574 conscriptum
3181 2503 3355 2556 fuisse
3419 2499 3668 2554 suadeat.
3729 2499 3828 2552 lmo

2233 2614 2386 2664 vero,
2413 2614 2543 2650 cum
2581 2603 2781 2651 auctor
2816 2598 2884 2651 de
2915 2597 3185 2652 ludorum
3221 2595 3280 2649 in
3321 2594 3464 2648 urbe
3500 2594 3697 2659 Roma,
3729 2607 3827 2644 non

2232 2690 2384 2756 alibi,
2423 2691 2641 2760 origine
2681 2690 3036 2759 meminerit,
3079 2694 3134 2745 et
3173 2693 3298 2761 post
3326 2689 3512 2742 multa
3541 2687 3640 2741 sub
3673 2687 3828 2738 linem

2234 2783 2423 2854 operis
2462 2799 2698 2853 gregem
2737 2801 2902 2839 suum
2948 2784 3019 2838 ad
3056 2783 3297 2854 dignum
3334 2779 3665 2836 Christianis
3692 2795 3828 2850 spec-

2230 2877 2505 2944 taculum,
2547 2877 2746 2931 mundi
2789 2877 2999 2931 scilicet
3039 2876 3332 2943 fabricam,
3375 2889 3672 2944 sacrasque
3706 2873 3829 2925 litte-

2232 2985 2339 3038 ras,
2386 2985 2714 3040 provocans,
2759 2969 2914 3024 dicat
2947 2986 2959 3024 :
2990 2972 3101 3024 Hoc
3150 2976 3228 3024 est
3273 2968 3660 3039 spectaculum,
3705 2965 3830 3034 quod

2231 3079 2336 3116 non
2366 3063 2575 3117 exhibet
2598 3068 2802 3132 prator
2825 3070 2922 3118 aut
2953 3064 3162 3126 consul,
3197 3062 3289 3117 sed
3328 3063 3427 3132 qui
3454 3065 3532 3116 est
3561 3059 3698 3116 solus
3725 3062 3829 3112 (inte

2230 3158 2432 3218 omnia,
2479 3161 2527 3211 et
2572 3173 2732 3227 super
2773 3158 2977 3219 omnia,
3021 3158 3128 3210 imo
3173 3172 3240 3211 ea:
3283 3171 3388 3225 quo
3445 3156 3648 3215 omnia,
3691 3155 3829 3208 Pater

2229 3251 2449 3304 Domini
2472 3253 2642 3304 nostri
2675 3251 2801 3304 Iesu
2831 3250 3050 3317 Christi,
3081 3253 3215 3318 etc.;
3253 3265 3409 3316 cum,
3447 3249 3696 3318 inquam,
3726 3247 3826 3299 haec

2227 3343 2306 3396 ibi
2358 3342 2524 3411 dicat,
2583 3342 2824 3413 suspicio
2875 3359 2992 3397 esse
3041 3347 3244 3413 posset,
3301 3342 3460 3396 hunc
3515 3340 3718 3394 librum
3767 3337 3825 3390 ad

2229 3436 2510 3490 Romanos
2544 3436 2729 3507 potius
2753 3453 2927 3507 quam
2961 3435 3036 3490 ad
3065 3435 3548 3506 Carthaginienses
3577 3432 3825 3503 scriptum

2228 3529 2433 3596 fuisse;
2489 3546 2620 3584 cum
2664 3530 2721 3582 hi
2773 3546 2888 3584 non
2939 3530 3246 3598 consulem,
3299 3528 3401 3583 sed
3447 3526 3822 3600 proconsulem

504 3623 603 3694 qui
642 3639 764 3676 sese
794 3621 947 3676 velut
985 3620 1232 3692 aliquem
1276 3620 1580 3692 praesulem
1627 3620 1696 3674 ab
1745 3619 1988 3674 Ecclesia
2024 3595 2202 3674 suaB
2227 3621 2522 3692 haberent,
2549 3623 2791 3694 ideoque
2831 3623 2940 3692 hic,
2976 3640 3092 3678 non
3123 3623 3236 3690 ille,
3269 3621 3652 3677 nominandus
3677 3620 3821 3674 fuisse

503 3716 798 3771 absentem
829 3713 1079 3780 exhibet,
1109 3719 1166 3768 et
1189 3713 1279 3767 cui
1301 3729 1452 3785 aegre
1479 3718 1582 3779 est,
1607 3713 1758 3784 quod
1783 3729 1885 3767 nec
1913 3729 2126 3779 coram,

505 3825 609 3864 nec
638 3808 1089 3880 quotiescunque
1131 3806 1308 3875 lubet,
1346 3823 1450 3878 per
1487 3805 1705 3860 litteras
1745 3822 1874 3860 suas
1917 3805 2127 3876 alloqui

502 3903 681 3974 possit
721 3918 734 3956 :
779 3901 928 3974 quod
975 3903 1032 3955 in
1075 3907 1330 3955 sanctum
1371 3899 1701 3972 episc0pum
1741 3903 1998 3954 nostrum
2037 3901 2127 3954 vel

503 4012 727 4050 secessu
760 3996 1054 4061 latentem,
1086 3994 1172 4047 vel
1203 3994 1555 4048 exsulantem
1583 3993 1793 4049 Curubi
1821 3996 1968 4047 recte
1997 4009 2130 4048 con-

500 4091 672 4144 venit.
719 4090 924 4142 Favent
968 4087 1170 4142 deinde
1213 4087 1483 4158 temporis
1528 4093 1679 4140 nota:
1717 4103 1730 4140 :
1771 4103 1906 4141 nam
1953 4090 2010 4142 et
2054 4087 2129 4141 vi-

504 4187 673 4254 gente
721 4182 1057 4254 paganismo
1103 4181 1340 4251 scriptus
1384 4184 1486 4247 est,
1532 4183 1588 4234 et
1630 4181 1701 4234 de
1739 4181 1944 4235 usitato
1992 4183 2128 4235 tunc

504 4291 660 4331 more
701 4275 1070 4330 sanctissima!
1117 4274 1482 4329 Eucharistiae
1523 4291 1554 4328 a
1597 4273 1855 4328 fidelibus
1895 4275 2127 4329 domum

504 4386 667 4424 suam
725 4387 793 4424 ex
855 4368 1094 4424 ecclesia
1140 4367 1496 4435 deferendae,
1561 4368 1745 4439 deque
1809 4368 2127 4424 exorcismis

504 4465 624 4517 tum
657 4463 1052 4534 frequentibus
1079 4462 1367 4530 meminit;
1399 4477 1526 4532 quae
1557 4461 1756 4516 eadem
1784 4461 1933 4515 illius
1963 4467 2126 4517 aetate

501 4557 840 4629 Carthagine
875 4557 1120 4628 viguisse
1165 4559 1404 4610 constat.
1455 4556 1619 4610 Favet
1663 4554 1928 4626 denique,
1971 4555 2122 4626 quod

505 4651 674 4722 hujus
726 4651 978 4722 opusculi
1015 4654 1210 4705 auctor
1242 4649 1568 4704 Tertulliani
1602 4648 1774 4703 libros
1803 4650 1868 4704 de
1903 4651 2124 4719 Specta-

507 4746 642 4800 culis
675 4744 805 4799 hinc
847 4750 904 4800 et
940 4744 1074 4799 inde
1111 4743 1366 4798 imitatus
1406 4743 1496 4812 sit,
1536 4759 1677 4814 quos
1714 4748 1902 4798 sancto
1933 4747 2126 4798 nostro

502 4835 811 4893 familiares
839 4837 1009 4892 fuisse
1041 4852 1214 4892 nemo
1242 4835 1486 4907 ignorat.

2227 3716 2500 3772 videatur.
2539 3717 2702 3780 Quod
2749 3733 2881 3772 vero
2925 3718 2993 3772 ad
3037 3717 3305 3788 Cypriani
3357 3733 3570 3771 nomen
3618 3713 3820 3774 attinet,

2227 3812 2411 3882 potuit
2438 3811 2544 3865 hoc
2573 3827 2606 3864 a
2636 3811 2880 3878 librario,
2911 3812 3009 3882 qui
3047 3811 3257 3864 librum
3288 3809 3471 3880 ipsius
3501 3825 3621 3863 esse
3653 3806 3823 3878 opina-

2226 3904 2414 3972 batur,
2454 3904 2674 3959 ascribi.
2722 3906 2917 3976 Itaque
2958 3904 3290 3976 opusculum
3339 3905 3448 3958 hoc
3492 3903 3640 3957 inter
3675 3899 3822 3954 dubia

2228 3999 2280 4054 8.
2322 3999 2583 4069 Cypriani
2626 3999 3069 4071 relinquendum
3117 3997 3535 4066 existimamus,
3581 3995 3749 4051 donec
3774 3992 3821 4044 in

2227 4093 2554 4146 alterutram
2579 4097 2796 4163 partem
2825 4092 3040 4164 aliquid
3061 4093 3269 4146 certius
3294 4091 3634 4162 productum
3654 4085 3818 4142 fuerit.

2293 4186 2355 4240 ll.
2387 4187 2720 4240 Prasclarum
2750 4186 2962 4256 pariter
2986 4201 3127 4256 Opus
3149 4189 3234 4239 est
3254 4177 3484 4239 liber'de
3502 4183 3682 4238 Laude
3697 4181 3817 4234 Mar-

2227 4277 2582 4352 tyrii,805
2601 4279 2742 4350 stylo
2759 4279 3017 4346 oratorio,
3039 4277 3331 4350 magisque
3350 4278 3655 4342 elaborato,
3671 4287 3817 4345 quam

2227 4372 2544 4427 indubitata
2585 4375 2640 4428 S.
2688 4372 2949 4444 Cypriani
2995 4373 3286 4444 opuscula,
3335 4371 3380 4424 si
3427 4369 3726 4442 Epistolam
3763 4363 3821 4417 ad

2225 4468 2501 4522 Donatum
2545 4466 2810 4538 excipias,
2861 4467 3230 4536 conscriptus.
3279 4465 3567 4530 Erasmus,
3621 4469 3673 4517 et
3715 4463 3820 4531 post

2225 4559 2377 4614 hunc
2427 4561 2674 4614 Joannes
2717 4557 2940 4628 Fellus,
2985 4564 3038 4613 et
3091 4559 3234 4614 Elias
3284 4557 3473 4629 Dupin
3529 4558 3630 4628 (2),
3684 4554 3818 4608 illum

2223 4657 2526 4726 propterea
2567 4653 2623 4709 S.
2671 4652 2954 4725 Cypriane
3003 4652 3420 4722 abjudicaruut,
3459 4655 3519 4706 et
3555 4647 3817 4720 cujusdam

2224 4746 2388 4802 otiosi
2419 4747 2658 4802 oratoris
2701 4748 2898 4801 foetum
2939 4763 3060 4801 esse
3097 4749 3465 4801 censuerunt.
3505 4746 3701 4801 Contra
3738 4738 3816 4794 Ba-

2225 4840 2421 4896 ronius
2467 4840 2544 4912 (3)
2592 4843 2890 4896 Erasmum
2941 4840 3013 4894 ob
3059 4841 3236 4894 solam
3289 4839 3418 4910 styli
3469 4834 3815 4892 differentiam

575 4931 684 4986 Sed
715 4936 771 4985 et
799 4931 973 5001 stylus
999 4929 1127 4984 libri
1157 4929 1229 4983 ad
1258 4929 1635 5000 Cypriaueum
1668 4945 1779 4984 non
1811 4947 2010 5002 parum
2041 4946 2202 5036 ac-C
2227 4934 2304 4988 sic
2370 4937 2768 4988 censurantem
2845 4933 3097 5005 graviter
3171 4933 3544 5005 reprehendit
3566 4974 3580 4998 ,
3644 4933 3697 4982 et
3763 4940 3814 4978 cx

502 5025 654 5080 cedit
696 5029 756 5077 ut
796 5023 1085 5077 nonnullis
1131 5022 1369 5076 eruditis
1411 5039 1525 5076 non
1566 5023 1672 5076 nisi
1715 5039 2017 5094 perparum
2057 5023 2126 5077 ab
2153 5021 2202 5036 ’⁸
2227 5029 2280 5083 8.
2327 5028 2642 5100 Augustino
2677 5029 2750 5099 (4)
2790 5028 2993 5099 probat
3028 5028 3084 5082 S.
3123 5027 3466 5099 Cyprianum
3499 5041 3613 5080 non
3640 5021 3814 5078 eodem

501 5113 601 5172 illo
633 5116 953 5188 discrepare
983 5115 1261 5170 videatur.
1288 5114 1607 5169 Fatendum
1634 5122 1822 5171 tamen
1859 5120 1946 5171 est
1978 5117 2126 5172 hanc

502 5213 631 5286 styli
663 5213 1040 5268 differentiam
1070 5213 1308 5267 minime
1339 5212 1574 5267 dubiam
1604 5231 1744 5284 esse,
1777 5216 2125 5286 Cyprianum

505 5304 694 5378 legere
727 5312 973 5362 assueto.
1017 5307 1212 5378 Neque
1253 5305 1424 5361 etiam
1465 5307 1715 5378 reperire
1752 5308 1846 5362 hic
1883 5313 1966 5364 est
1996 5325 2123 5363 eam

504 5397 730 5455 dicendi
769 5399 883 5453 vim
933 5401 992 5453 et
1037 5399 1346 5454 efficaciam
1386 5398 1492 5471 ipsi
1531 5405 1646 5455 tam
1682 5401 1976 5474 prapriam
2022 5418 2126 5457 nec

499 5506 790 5554 sacrorum
815 5495 1076 5548 textuum
1106 5507 1292 5561 usum,
1324 5509 1437 5564 quo
1470 5491 1530 5548 in
1565 5495 1834 5565 operibus
1869 5496 1982 5550 suis
2020 5496 2126 5550 mi-

2227 5139 2459 5193 semper
2497 5121 2778 5177 scribendi
2823 5137 3034 5192 genere
3073 5137 3237 5175 usum
3285 5121 3488 5184 fuisse,
3536 5117 3628 5174 sed
3667 5111 3812 5169 modo

2224 5217 2506 5284 submisso,
2552 5220 2613 5270 ut
2659 5215 2718 5269 in
2770 5215 2936 5283 libro,
2979 5231 3077 5270 seu
3126 5215 3368 5285 Epistola
3425 5217 3511 5280 63,
3562 5212 3629 5266 de
3672 5208 3813 5263 calice

2227 5309 2452 5365 Domini
2494 5310 2571 5364 ad
2612 5309 2978 5371 Caecilianum,
3023 5309 3192 5364 modo
3236 5313 3546 5379 temperato,
3577 5309 3638 5360 ut
3673 5302 3728 5356 iu
3765 5298 3812 5352 li-

2224 5404 2330 5459 bro
2373 5404 2438 5458 de
2475 5404 2777 5473 Disciplina
2813 5409 2863 5458 et
2910 5403 3099 5457 habitu
3134 5404 3428 5470 virginum,
3465 5398 3631 5455 modo
3667 5394 3813 5450 etiam

2226 5497 2443 5568 grandi,
2475 5501 2539 5551 ut
2571 5497 2626 5550 iu
2662 5497 2766 5551 hoc
2807 5496 3005 5551 eodem
3050 5495 3214 5563 libro,
3244 5494 3381 5549 dum
3418 5509 3508 5548 res
3539 5493 3613 5548 ita
3647 5499 3812 5561 posce-

565 5643 634 5708 (1)
672 5641 799 5694 ’Ῑδίθ
851 5643 908 5692 et
956 5651 1196 5706 sequens
1245 5639 1384 5691 liber
1437 5639 1508 5691 ad
1564 5618 1816 5692 normam
1867 5641 2126 5694 editionis

2232 5659 2348 5710 pag.
2381 5645 2487 5696 154.

497 5713 814 5775 Βαιωιωω
843 5712 1169 5764 Parisiensis
1195 5725 1359 5776 supra
1384 5715 1574 5763 excusi
1598 5714 1768 5764 fuere.
1793 5714 1936 5764 Enn.

561 5786 628 5849 (Ξ)
673 5785 878 5848 Dupin,
914 5781 1156 5834 Biblioth.
1207 5787 1244 5832 t.
1278 5783 1318 5843 Ι,
1365 5797 1488 5848 pag.
1537 5785 1630 5834 277
1680 5788 1736 5836 et
1771 5785 1905 5846 278;
1955 5785 2124 5837 Tille-

495 5861 695 5924 pacat,
730 5859 860 5908 tom.
893 5854 986 5918 IV,
1015 5858 1130 5908 not.
1162 5854 1240 5917 14,
1269 5856 1326 5903 in
1364 5855 1521 5921 Cypr.
1541 5870 1560 5918 ;
1595 5856 1836 5921 Ceillier,
1868 5860 1998 5908 tom.
2029 5857 2122 5922 III,

2288 5717 2356 5779 (3)
2382 5717 2580 5767 Baron.
2613 5716 2684 5767 ad
2718 5728 2846 5767 ann.
2877 5716 2989 5779 255,
3019 5729 3174 5767 num.
3203 5715 3265 5767 37
3289 5719 3342 5767 et
3367 5723 3518 5779 seqq.

2287 5787 2356 5852 (4)
2407 5788 2705 5854 Augustin.
2756 5787 2851 5840 llb.
2913 5801 2972 5842 ιν
3027 5787 3090 5840 ds
3133 5787 3384 5839 Doctrina
3423 5782 3729 5842 Christiana,
3765 5784 3806 5826 co

2220 5858 2299 5913 21.
