4032 6180
247 184 348 251 837

1364 182 1797 249 APPENDICES.
1840 219 1908 231 —
1936 178 2461 249 PROLEGOMENA.

3497 194 3598 256 838

245 324 353 381 ret,
387 318 455 371 ab
484 334 547 371 eo
595 317 807 371 factum
849 332 992 381 esse,
1028 316 1084 371 S.
1115 316 1467 386 Augustinus
1514 316 1724 370 ibidem
1770 314 1868 367 ob-
1896 325 1951 397 Α
1976 314 2238 369 occurrit.
2278 316 2337 369 In
2382 317 2581 387 primis
2621 316 2689 371 de
2734 311 2954 373 Christo
2987 308 3141 390 apud
3169 321 3394 375 Patrem
3430 339 3591 377 suum

245 414 449 465 servat.
485 412 641 464 Idem
688 410 871 465 Fellus
904 409 1240 479 opusculum
1283 409 1386 463 hoc
1426 409 1555 463 inde
1602 414 1875 479 praeterea

244 510 564 575 oppugnat,
611 504 762 574 quod
806 502 875 555 de
918 502 1011 555 lue
1055 508 1175 555 tum
1224 505 1515 572 grassante
1563 502 1619 555 in
1664 518 1729 555 eo
1778 501 1878 554 fiat

244 597 486 664 mentio,
536 600 594 650 et
646 600 843 650 tamen
892 594 1085 665 Moysi,
1135 597 1191 647 et
1234 594 1498 663 Maximo,
1552 599 1609 649 et
1656 595 1876 648 caeteris

243 689 661 744 confessoribus
707 687 1043 758 inscriptum
1090 686 1163 741 sit
1209 704 1223 741 :
1270 704 1406 741 nam
1451 704 1579 741 cum
1620 688 1676 741 8.
1723 689 1873 758 Moy-

246 798 369 836 sem
423 781 527 836 sub
574 781 765 848 Decio,
821 796 972 833 anno
1027 783 1150 849 25t,
1206 781 1481 851 martyrio
1540 785 1873 835 coronatum

243 878 491 941 constet,
527 877 749 944 pestem
792 889 926 927 vero
972 873 1176 939 Fetlus,
1211 872 1528 944 imperante
1569 873 1722 927 Gallo
1768 873 1875 945 pri-

245 985 411 1022 mum
463 970 723 1022 exortam
773 982 917 1033 esse,
967 968 1213 1032 statuat;
1260 966 1394 1020 hinc
1446 965 1619 1020 infert
1662 966 1873 1020 librum

243 1062 408 1115 illum
442 1077 561 1115 esse
592 1059 881 1129 scriptoris
912 1058 981 1113 de
1011 1058 1181 1113 rebus
1208 1058 1277 1112 ab
1310 1061 1475 1113 astate
1508 1075 1609 1113 sua
1640 1060 1875 1113 remotis

243 1169 451 1224 parum
480 1152 757 1206 instructi.
788 1151 875 1205 Ad
913 1151 1035 1205 haec
1062 1151 1262 1221 reponi
1308 1154 1511 1222 potest,
1541 1168 1669 1205 cum
1701 1152 1871 1206 Tille-

245 1246 490 1313 montio,
521 1262 631 1299 non
681 1244 912 1315 probari
957 1248 1174 1314 pestem
1217 1245 1373 1298 illam
1418 1244 1521 1299 sub
1568 1244 1720 1299 Gallo
1764 1245 1874 1315 pri-

244 1356 408 1393 mum
443 1339 739 1400 exarsisse,
769 1339 901 1391 licet
933 1344 1059 1391 tum
1089 1338 1343 1391 acerbius
1373 1340 1629 1408 grassata
1664 1338 1870 1407 fuerit;

246 1438 417 1503 atque
448 1432 589 1486 adeo
617 1448 685 1485 ex
728 1432 833 1485 hoc
879 1430 1059 1502 capite
1098 1430 1394 1485 laudatum
1434 1432 1647 1486 librum
1677 1434 1731 1487 S.
1765 1433 1871 1502 Cy-

248 1526 454 1596 priano
496 1523 808 1594 abjudicari
836 1541 953 1579 non
995 1540 1179 1594 posse.
1210 1524 1467 1578 Baluzius
1494 1524 1550 1578 in
1582 1525 1873 1579 Adnotatis

248 1619 365 1673 alio
396 1633 666 1689 responso
700 1618 897 1686 utitur,
929 1617 1188 1687 negando
1222 1617 1435 1671 scilicet
1461 1618 1588 1672 libri
1629 1618 1869 1689 inscrip-

246 1712 469 1765 tionem
521 1709 689 1781 Moysi
747 1716 804 1765 et
855 1710 1100 1765 Maximo
1151 1711 1210 1763 in
1269 1711 1533 1781 plurimis
1591 1684 1951 1766 codicibusB

247 1803 481 1875 optimis
520 1806 577 1856 et
624 1802 1036 1873 vetustissimis,
1084 1819 1228 1874 quos
1280 1803 1565 1869 habuerit,
1615 1806 1874 1875 reperiri,

246 1897 562 1968 asseritque
590 1896 648 1950 in
683 1896 771 1950 his
799 1900 1019 1951 tantum
1058 1896 1394 1967 simpliciter
1437 1899 1703 1968 praemitti
1736 1917 1747 1952 :
1778 1901 1874 1952 In-

247 1994 384 2061 cipit
415 1991 477 2045 de
506 1991 669 2044 laude
691 1991 974 2058 Martyrii,
1002 1990 1088 2044 vel
1119 1990 1333 2060 aliquid
1359 1991 1564 2045 simile.
1596 1992 1731 2046 Hinc
1758 1992 1878 2063 ipse

248 2084 307 2137 in
340 2083 592 2138 editione
624 2100 723 2137 sua
754 2083 1006 2154 priorem
1049 2084 1202 2136 illam
1244 2083 1695 2154 inscriptionem,
1729 2086 1881 2140 velut

248 2180 323 2233 ab
377 2178 485 2231 alio
532 2177 803 2243 additam,
856 2176 1239 2247 praetermisit.
1293 2177 1568 2232 Eamdem
1621 2195 1651 2231 a
1702 2178 1880 2233 tribus

249 2270 543 2326 codicibus
594 2270 845 2341 antiquis
899 2269 1111 2340 pariter
1166 2270 1361 2323 abesse
1415 2272 1659 2325 Joannes
1701 2272 1879 2326 Fettus

254 2367 520 2419 testatur.
568 2365 635 2418 At
671 2378 898 2417 necesse
944 2379 1085 2417 non.
1110 2366 1195 2416 est
1232 2363 1341 2417 huc
1392 2379 1708 2428 recurrere,
1749 2382 1876 2419 cum

253 2459 309 2513 8.
385 2458 625 2528 loysis,
688 2456 958 2523 Maximi,
1020 2456 1362 2520 Nicostrati,
1427 2461 1881 2530 cmterorumque

253 2552 644 2606 confessorum
696 2552 1088 2605 Romanorum
1136 2549 1410 2619 Epistola,
1463 2566 1588 2621 quas
1634 2568 1757 2605 xxvi
1798 2555 1883 2607 est

256 2646 405 2698 inter
434 2643 809 2715 Cyprianicas,
841 2642 1077 2697 minime
1102 2643 1271 2697 inane
1300 2647 1707 2713 argumentum
1740 2662 1881 2716 prse-

256 2739 391 2792 beat
418 2753 521 2807 pro
552 2736 749 2791 eodem
778 2736 920 2789 libro
948 2737 1000 2791 S.
1032 2736 1316 2807 Cypriano
1346 2736 1701 2806 vindicando,
1732 2741 1880 2809 quod

257 2830 747 2885 eminentissimus
789 2828 1161 2882 Bellarminus
1204 2829 1353 2884 libro
1410 2830 1475 2884 de
1519 2833 1881 2901 Scriptoribus

255 2925 626 2979 ecclesiasticis
652 2922 711 2975 in
740 2923 794 2976 S.
837 2922 1117 2994 Cypriane
1157 2923 1308 2976 haud
1347 2922 1518 2977 dubie
1555 2924 1879 2992 insinuavit,

256 3017 397 3071 dum
429 3017 527 3084 ait,
559 3020 906 3069 memoratos
943 3015 1311 3071 Confessores
1355 3016 1411 3071 in
1454 3017 1723 3087 praedicta
1761 3020 1959 3124 epi-c

257 3111 401 3164 stola
444 3110 512 3164 de
540 3126 602 3163 ea
630 3108 982 3163 mentionem
1009 3110 1213 3163 facere.
1243 3111 1381 3164 Rem
1414 3109 1591 3179 ipsam
1634 3128 1877 3182 expono.

255 3203 618 3259 Confessores
643 3202 722 3255 illi
762 3202 908 3255 inter
943 3208 1143 3255 caetera
1181 3202 1303 3256 haec
1350 3203 1645 3258 scribunt:
1679 3227 1703 3253 α
1752 3208 1879 3259 Per-

255 3297 517 3367 cepimus
563 3296 759 3365 igitur,
804 3296 1011 3348 iterum
1060 3295 1319 3364 dicimus,
1358 3296 1535 3350 frater
1577 3298 1881 3369 Cypriane,

257 3406 471 3460 magna
519 3388 746 3459 gaudia,
802 3405 1017 3459 magna
1070 3388 1295 3458 solatia,
1337 3406 1552 3461 magna
1604 3392 1879 3460 fomenta,

257 3484 508 3538 maxime
553 3482 703 3553 quod
750 3487 807 3536 et
858 3482 1129 3552 gloriosas
1170 3489 1503 3554 martyrum,
1538 3501 1653 3539 non
1694 3487 1882 3540 dicam

256 3585 493 3645 mortes,
539 3576 634 3629 sed
678 3576 1134 3630 immortalitates
1182 3576 1442 3646 gloriosis
1484 3583 1541 3631 et
1583 3578 1884 3650 condignis

254 3670 518 3725 laudibus
563 3672 895 3739 prosecutus
936 3685 1015 3722 es.
1048 3670 1201 3724 Tales
1249 3670 1405 3724 enim
1450 3687 1708 3726 excessus
1756 3673 1881 3727 tali-

258 3766 365 3818 bus
401 3761 625 3816 vocibus
679 3762 1057 3833 prosequendi
1104 3763 1355 3830 fuerunt,
1384 3770 1465 3833 ut,
1499 3780 1628 3835 qua:
1672 3767 1880 3821 refere-

258 3860 489 3924 bantur,
526 3857 601 3909 sic
650 3856 994 3925 dicerentur,
1025 3857 1272 3927 qualiter
1297 3856 1446 3911 facta
1484 3862 1635 3913 sunt.
1668 3861 1743 3915 Ex
1773 3861 1885 3915 tuis

259 3968 399 4022 ergo
461 3950 664 4004 litteris
731 3950 975 4004 vidimus
1038 3950 1310 4020 gloriosos
1371 3951 1500 4005 illos
1565 3960 1882 4025 martyrum

261 4045 607 4115 triumphos,
652 4050 708 4098 et
737 4044 912 4098 oculis
950 4044 1154 4097 nostris
1196 4044 1442 4115 quodam
1474 4046 1647 4101 modo
1677 4050 1884 4105 calum

259 4141 389 4195 illos
420 4141 682 4209 petentes
718 4137 1002 4208 prosecuti
1030 4154 1244 4204 sumus,
1278 4141 1336 4192 et
1364 4139 1515 4194 inter
1547 4143 1791 4212 Angelos
1820 4160 1885 4198 ac

260 4235 590 4292 Potestates,
644 4231 1184 4301 Dominationesque
1242 4233 1491 4287 caelestes
1544 4236 1881 4291 constitutos

260 4325 633 4396 contemplati
659 4341 887 4393 sumus;
931 4325 1031 4378 sed
1071 4332 1128 4379 et
1170 4327 1474 4381 Dominum
1512 4326 1699 4401 157
1733 4330 1885 4401 apud

1977 411 2217 463 testante
2262 409 2385 463 ait:
2422 432 2448 457 ‹‹
2493 412 2558 464 Et
2612 415 2666 463 ut
2710 411 2780 463 de
2825 414 3041 465 caeteris
3089 419 3330 478 taceam,
3362 415 3471 468 hoc
3502 433 3601 469 nos

1978 502 2175 571 utique
2221 501 2401 571 magis
2454 502 2627 556 debet
2674 503 2911 571 hortari,
2945 505 3094 574 quod
3140 508 3416 562 confessio
3450 510 3601 563 vocis

1976 594 2145 647 unius
2186 594 2394 649 Christi
2444 598 2723 665 perpetua
2770 596 3115 652 confessione
3155 607 3428 669 servetur,
3458 603 3601 656 sicut

1977 687 2250 757 scriptum
2300 692 2421 742 est:
2468 689 2571 751 Qui
2627 705 2716 742 me
2767 690 3058 744 confessus
3112 692 3282 747 fuerit
3329 695 3384 747 in
3436 696 3600 749 terris

1977 796 2170 834 coram
2224 780 2553 835 hominibus
2602 786 2659 835 et
2702 797 2809 851 ego
2861 782 3177 838 confitebor
3223 802 3355 839 eum
3400 804 3594 842 coram

1976 875 2140 926 Patre
2181 889 2335 939 meo,
2364 878 2421 928 et
2446 889 2642 927 coram
2688 874 2908 944 angelis
2940 874 3080 944 ejus.
3110 897 3138 924 »
3182 878 3257 931 De
3286 885 3603 949 martyrum

1977 979 2207 1033 quoque
2238 963 2421 1032 gloria
2452 964 2667 1018 ibidem
2703 964 2896 1017 multis
2925 964 3171 1032 disserit,
3204 971 3260 1020 et
3294 968 3396 1021 sub
3427 969 3600 1023 tinem

1975 1056 2221 1126 denique
2243 1057 2363 1111 ait:
2402 1078 2429 1105 «
2478 1056 2520 1111 Ο
2566 1057 2739 1120 beati,
2770 1073 2909 1127 quos
2952 1074 2985 1111 a
3036 1058 3347 1127 primordio
3400 1061 3598 1116 mundi

1976 1149 2204 1203 Domini
2250 1150 2485 1221 sanguis
2531 1149 2749 1217 infecit,
2795 1153 2855 1203 et
2902 1166 3042 1221 quos
3089 1153 3297 1207 merito
3339 1155 3605 1223 splendor

1974 1242 2079 1296 iste
2120 1242 2267 1297 nivei
2309 1243 2552 1296 amictus
2596 1242 2862 1310 induerit,
2916 1248 2971 1297 et
3026 1245 3240 1299 candor
3282 1247 3435 1301 stolas
3486 1264 3603 1301 am—

1974 1335 2183 1389 bientis
2226 1336 2549 1389 ornaverit!
2582 1336 2784 1389 Videor
2827 1336 3073 1407 denique
3123 1338 3242 1407 ipse
3294 1341 3435 1392 mihi
3477 1341 3602 1411 jam

1977 1445 2233 1497 cernere,
2260 1445 2481 1499 proque
2512 1429 2749 1483 arbitrio
2784 1430 2992 1483 mentis
3030 1430 3297 1485 humanm
3324 1439 3453 1488 ante
3480 1452 3607 1489 ocu-

1975 1524 2059 1577 los
2117 1526 2173 1577 et
2218 1528 2508 1593 aspectum
2567 1522 2822 1576 divinum
2877 1522 3015 1577 illud
3070 1525 3208 1577 mihi
3268 1530 3325 1579 et
3383 1526 3604 1597 insigne

1978 1616 2302 1681 concurrit;
2343 1615 2563 1679 videor,
2596 1614 2857 1685 inquam,
2895 1616 3036 1668 mihi
3074 1617 3193 1685 jam
3241 1634 3495 1685 cernere,
3542 1627 3604 1674 ut

1977 1710 2068 1763 ille
2096 1725 2228 1762 vere
2259 1708 2465 1763 nobilis
2490 1724 2767 1763 numerus
2810 1708 3016 1763 Christi
3056 1710 3141 1763 sui
3182 1711 3443 1780 gloriam,
3472 1712 3602 1767 iter-

1979 1818 2092 1874 que
2122 1802 2445 1857 comitetur.
2480 1800 2584 1855 Ibit
2621 1803 2754 1855 ante
2798 1817 2898 1855 ora
2938 1802 3056 1871 ejus
3082 1803 3208 1857 felix
3252 1810 3477 1859 caterva
3502 1807 3609 1860 vic-

1977 1899 2190 1962 torum,
2220 1898 2277 1949 et
2295 1912 2354 1948 se
2390 1893 2759 1949 densantibus
2800 1895 3029 1965 turmis,
3060 1896 3211 1950 velut
3251 1898 3379 1950 solis
3406 1905 3604 1953 exortu

1976 1992 2165 2044 totum
2193 1986 2577 2042 illuminatum
2618 2003 2826 2058 agmen
2866 1988 3079 2043 inferet
3124 1995 3461 2059 potestatem
3497 2011 3511 2046 :
3552 1999 3607 2047 et

1978 2084 2201 2136 utinam
2229 2081 2559 2152 perabjecto
2593 2081 2734 2135 mihi
2781 2081 2934 2136 istud
2976 2082 3167 2136 videre
3210 2085 3541 2155 contingat!
3576 2107 3601 2134 ››

1980 2178 2130 2244 Haec,
2185 2176 2432 2246 aliaque,
2477 2191 2603 2245 qua;
2652 2174 2931 2228 studiosus
2983 2176 3165 2230 lector
3222 2178 3607 2234 confessorum

1981 2269 2284 2340 epistolam
2320 2284 2450 2321 cum
2483 2268 2710 2322 laudato
2739 2268 2886 2322 libro
2915 2270 3258 2325 conferendo
3296 2272 3608 2341 deprehen-

1980 2364 2095 2431 det,
2146 2378 2417 2432 magnam
2463 2362 2847 2431 suspicionem
2892 2369 3141 2431 movent,
3195 2364 3343 2418 hunc
3389 2366 3456 2419 ab
3501 2366 3607 2421 illis

1981 2458 2190 2511 lectum
2237 2455 2431 2508 fuisse.
2480 2454 2617 2507 Hinc
2662 2454 2923 2508 laudatus
2972 2456 3271 2510 cardinalis
3318 2459 3606 2514 Bellarmi-

1979 2566 2085 2604 nus
2115 2548 2277 2603 illum
2303 2548 2455 2601 inter
2482 2547 2656 2601 dubia
2684 2547 2739 2602 S.
2784 2548 3048 2619 Cypriani
3089 2567 3263 2620 opera
3302 2553 3605 2619 recensuit,

1982 2660 2098 2698 non
2130 2642 2281 2714 quod
2308 2640 2468 2694 illum
2496 2640 2665 2695 talem
2688 2641 2991 2711 judicaret,
3027 2642 3126 2696 sed
3157 2644 3304 2713 quod
3347 2647 3608 2700 Erasmus

1982 2738 2053 2792 de
2103 2753 2170 2790 eo
2213 2735 2544 2790 dubitasset.
2578 2734 2690 2789 Sed
2738 2751 2841 2788 nec
2875 2735 3081 2805 stylum
3124 2754 3155 2788 a
3198 2738 3415 2791 caateris
3459 2738 3606 2793 illius

1984 2828 2269 2901 opusculis
2313 2827 2583 2905 dissidere
2636 2827 2937 2881 arbitratus
2985 2833 3088 2897 est,
3136 2828 3263 2897 nisi,
3293 2830 3445 2901 quod
3485 2847 3606 2885 ma-

1985 2924 2070 2994 gis
2100 2921 2419 2977 etaboratus
2449 2921 2540 2989 sit,
2569 2937 2740 2991 quam
2774 2921 2919 2989 alia,
2934 2921 3031 2975 sed
3053 2938 3168 2975 non
3198 2923 3401 2993 magis,
3433 2940 3605 2995 quam

1984 3015 2198 3084 omnia,
2246 3032 2375 3069 cum
2426 3015 2678 3085 Epistola
2733 3015 2806 3069 ad
2854 3016 3130 3069 Donatum
3186 3015 3316 3070 huic
3368 3017 3604 3072 minime

1983 3111 2165 3165 cedat.
2198 3111 2305 3162 Pro
2341 3108 2537 3162 eodem
2582 3111 2775 3161 sancto
2812 3108 3033 3179 Martyri
3080 3109 3385 3163 asserendo
3429 3110 3605 3165 etiam

1983 3204 2244 3259 observat
2298 3201 2556 3255 Baluzius
2612 3201 2669 3254 in
2722 3201 3028 3268 annotatis,
3076 3202 3235 3256 illum
3282 3203 3493 3275 ubique
3547 3204 3609 3258 in

1984 3296 2251 3352 omnibus
2315 3294 2600 3349 codicibus
2665 3293 2914 3364 antiquis
2986 3294 3158 3363 (inter
3223 3312 3364 3367 quos
3430 3314 3606 3351 unum

1982 3389 2427 3461 Seguieriarum,
2458 3387 2662 3441 litteris
2705 3387 3032 3457 majusculis
3063 3394 3195 3442 ante
3238 3390 3390 3443 mille
3429 3406 3606 3445 annos

1984 3484 2277 3554 scriptum,
2318 3480 2601 3549 numerat)
2638 3500 2665 3527 «
2715 3480 2953 3550 reperiri
2996 3485 3325 3535 constanter
3362 3484 3510 3537 inter
3540 3500 3608 3537 ea

1984 3593 2159 3648 opera
2203 3576 2257 3630 S.
2296 3574 2579 3646 Cypriani,
2612 3590 2739 3645 qua:
2784 3574 2999 3628 nullam
3046 3575 3260 3629 habent
3300 3575 3601 3631 difﬁculta-

1984 3674 2119 3737 tem,
2174 3670 2311 3741 quin
2366 3669 2478 3722 sint
2534 3668 2591 3722 S.
2644 3668 2927 3738 Cypriani.
2990 3689 3018 3717 »
3078 3670 3360 3724 Praeterea
3410 3670 3610 3725 laudat

1985 3765 2131 3820 Flori
2160 3761 2553 3833 Lugdunensis
2572 3767 2835 3831 excerpta
2868 3778 2937 3815 ex
2966 3761 3233 3831 operibus
3262 3764 3315 3817 S.
3347 3764 3603 3834 Cypriani

1984 3860 2042 3914 in
2084 3857 2289 3930 quibus
2336 3854 2518 3907 varios
2557 3854 2709 3907 locos
2760 3872 2824 3907 ex
2872 3855 3071 3908 eodem
3121 3854 3265 3908 libro
3317 3872 3612 3911 occurrere

1985 3955 2082 4020 ait,
2114 3967 2243 4006 cum
2284 3954 2477 4003 tamen
2509 3953 2715 4001 caetera
2746 3947 2939 4001 omnia
2984 3953 3138 4001 certe
3170 3949 3438 4019 Cypriani
3475 3949 3606 4004 sint.

1985 4044 2220 4103 Difﬁteri
2248 4048 2441 4097 tamen
2469 4058 2581 4094 non
2607 4057 2932 4113 possumus,
2967 4041 3105 4112 quin
3136 4047 3344 4112 prater
3372 4042 3606 4097 diversi-

1985 4143 2162 4194 tatem
2203 4134 2333 4207 styli
2376 4135 2507 4189 hinc
2554 4138 2613 4189 et
2654 4134 2787 4188 inde
2827 4134 3000 4188 etiam
3044 4135 3337 4189 nonnulla:
3377 4136 3611 4207 phrases

1987 4231 2342 4290 obscuriores
2383 4229 2442 4283 in
2482 4245 2547 4283 eo
2592 4229 2878 4299 legantur,
2908 4244 3045 4299 quas
3094 4228 3150 4283 in
3194 4230 3383 4285 Sancti
3430 4232 3611 4301 operi-

1985 4328 2089 4384 bus
2136 4322 2472 4380 indubitatis
2516 4338 2630 4377 non
2668 4321 2832 4376 facile
2879 4320 3133 4393 reperire
3178 4328 3281 4377 est.
3312 4323 3420 4378 Sed
3461 4328 3515 4379 et
3554 4325 3613 4379 in

261 4422 491 4475 Patrem
539 4418 927 4473 testimonium
970 4436 1132 4473 suum
1164 4419 1274 4474 illis
1323 4421 1660 4492 promissum
1695 4424 1884 4494 perhi-
1904 4417 1964 4491 D
1987 4422 2299 4477 inferorum
2330 4413 2509 4487 poenis
2535 4416 3049 4470 commemorandis
3071 4432 3290 4471 morem
3315 4417 3613 4487 gentilium

258 4515 497 4569 bentem
525 4512 755 4566 auribus
796 4512 1005 4567 nostris
1034 4513 1281 4584 quodam
1326 4515 1493 4569 modo
1524 4517 1825 4574 sensimus.
1858 4540 1885 4569 n

260 4609 494 4662 Certum
550 4605 725 4677 igitur
773 4610 875 4673 est,
928 4606 988 4662 S.
1054 4607 1400 4678 Cyprianum
1460 4614 1772 4682 martyrum
1830 4612 1887 4667 in

262 4701 420 4755 ccelis
460 4700 720 4770 gloriam,
749 4700 1069 4771 Christique
1109 4700 1259 4772 apud
1290 4704 1468 4757 Deum
1516 4705 1743 4759 Patrem
1772 4709 1887 4761 tes-

263 4794 573 4848 timonium
623 4794 774 4848 inter
807 4792 920 4848 alia
964 4793 1099 4865 ipsis
1148 4796 1531 4867 proposuisse,
1566 4802 1628 4852 ut
1658 4799 1888 4854 eosdem

264 4887 339 4942 ad
394 4886 735 4959 martyrium
791 4887 1189 4943 vehementius
1249 4890 1535 4945 excitaret.
1576 4893 1698 4947 Jam
1758 4910 1891 4949 vero

268 4981 564 5052 geminam
594 4980 827 5052 quidem
863 4983 1043 5037 sancti
1084 4984 1351 5055 martyris
1378 4984 1639 5056 Cypriani
1671 4985 1742 5042 ad
1769 5003 1889 5043 eos-

278 5073 413 5129 dem
444 5074 736 5147 epistolam
776 5076 1073 5146 habemus,
1100 5094 1343 5148 quarum
1384 5081 1558 5135 altera
1593 5082 1682 5145 15,
1716 5084 1892 5137 altera

266 5171 341 5222 25
394 5174 477 5222 est
528 5168 587 5223 in
639 5169 887 5224 editione
942 5170 1152 5225 Baluzii
1195 5173 1426 5240 Veneta,
1480 5190 1593 5245 qua
1644 5174 1891 5243 utimur;

270 5260 372 5315 sed
406 5262 663 5333 quamvis
690 5266 935 5333 utraque
963 5264 1223 5335 quedam
1254 5265 1326 5319 sit
1352 5267 1422 5321 ad
1454 5266 1724 5322 eumdem
1756 5285 1891 5340 ago-

273 5370 412 5409 nem
463 5354 801 5423 exbortatio,
842 5356 902 5410 in
946 5361 1151 5412 neutra
1198 5364 1391 5414 tamen
1437 5362 1673 5416 caelestis
1717 5362 1898 5433 gloria

274 5450 615 5519 martyrum,
663 5455 759 5505 aut
814 5450 1020 5506 Christi
1071 5453 1464 5508 testimonium
1519 5459 1895 5523 memoratur,

273 5541 519 5613 ideoque
545 5542 698 5599 aliud
728 5543 1018 5615 quoddam
1050 5546 1307 5616 ejusdem
1337 5548 1528 5603 Sancti
1562 5550 1898 5620 opusculum

285 5634 474 5690 verbis
511 5636 818 5708 precitatis
847 5654 940 5693 eos
978 5639 1322 5712 designasse,
1349 5658 1574 5697 necesse
1604 5647 1704 5699 est.
1734 5643 1901 5713 Atqui

272 5734 580 5810 utramque
609 5730 759 5789 istud
788 5731 847 5789 in
886 5733 1112 5793 laudato
1144 5734 1286 5791 libro
1312 5736 1378 5791 de
1408 5737 1593 5793 Laude
1632 5736 1894 5809 Martyrii'

1988 4513 2251 4571 nonnihil
2305 4510 2586 4581 sequitur,
2643 4508 2798 4580 quod
2854 4508 3007 4563 haud
3053 4510 3191 4577 scio,
3240 4526 3313 4564 an
3356 4514 3614 4565 sanctum

1989 4608 2337 4681 Cyprianum
2370 4604 2506 4658 satis
2532 4603 2733 4673 sapiat.
2765 4603 2979 4673 Itaque,
3017 4602 3147 4657 licet
3193 4604 3439 4658 multum
3486 4620 3617 4675 pro-

1990 4702 2293 4776 pendeam,
2347 4704 2408 4753 ut
2454 4694 2643 4769 807
2694 4695 2987 4750 laudatum
3033 4696 3242 4751 librum
3286 4696 3395 4769 ipsi
3442 4697 3613 4753 ascrio

1989 4798 2143 4863 bam,
2173 4795 2229 4849 id
2256 4798 2453 4848 tamen
2484 4796 2636 4845 certo
2660 4789 2845 4846 facere
2873 4806 2985 4844 non
3016 4790 3224 4845 ausim.
3259 4790 3617 4846 Censuerunt

1993 4890 2223 4963 quidem
2250 4886 2501 4959 primum
2530 4882 2904 4940 Lovanienses
2930 4902 2992 4938 ac
3018 4884 3230 4939 deinde
3258 4884 3429 4939 etiam
3459 4884 3614 4939 Paria

1993 4985 2203 5040 sienses
2256 4994 2495 5053 operum
2550 4980 2603 5034 S.
2662 4979 2966 5049 Augustini
3029 4978 3290 5045 editores,
3347 4978 3618 5035 eumdem

1993 5080 2201 5134 librum
2230 5092 2262 5131 a
2290 5078 2481 5129 sancto
2523 5074 2760 5128 Doctore
2790 5071 2849 5125 in
2896 5072 3040 5127 libro
3077 5088 3114 5137 ι,
3143 5089 3269 5143 cap.
3304 5075 3392 5139 30,
3422 5076 3617 5129 contra

1993 5170 2368 5228 Gaudentium
2402 5166 2603 5236 citari;
2649 5166 2743 5219 sed
2791 5180 2919 5237 qua:
2968 5166 3089 5237 ipse
3136 5183 3205 5220 ex
3252 5170 3304 5221 S.
3337 5166 3616 5238 Cypriane

1996 5266 2075 5321 ibi
2109 5267 2410 5330 memorat,
2434 5260 2666 5331 proprie
2698 5276 2761 5313 ac
2806 5260 2986 5314 multo
3028 5258 3277 5330 pressius
3326 5259 3614 5317 habentur

1997 5359 2056 5414 in
2084 5357 2332 5430 Epistola
2361 5356 2435 5409 ad
2462 5357 2752 5408 Donatum.

2066 5454 2155 5505 Ill.
2184 5450 2413 5504 Librum
2445 5449 2509 5503 de
2538 5448 2843 5516 Disciplina
2884 5452 2935 5500 et
2982 5448 3112 5502 bono
3145 5448 3430 5519 pudicitia:
3460 5446 3621 5503 Balu-

1999 5546 2116 5601 zius
2167 5544 2316 5599 inter
2377 5542 2644 5614 opuscula
2700 5541 2757 5596 8.
2804 5540 3086 5611 Cyptiano
3148 5542 3317 5612 vulgo
3378 5540 3621 5611 ascripta

2000 5639 2189 5712 primo
2253 5637 2373 5692 loco
2430 5636 2735 5702 recensuit,
2794 5634 3167 5691 Bellarminus
3232 5638 3289 5689 et
3347 5632 3631 5693 Pamelins

2011 5730 2331 5809 genuinum
2386 5731 2641 5806 ejusdem
2694 5730 2893 5788 fatum
2946 5745 3066 5786 esse
3125 5738 3394 5789 censuere
3446 5726 3642 5789 contra
