4032 6180
505 261 608 319 839

1585 254 1674 313 AD
1714 255 1940 312 OPERA
1984 255 2038 309 S.
2080 250 2394 309 CYPRMNI
2429 244 2748 309 GENUINA.
3369 285 3376 291 -
3717 257 3804 315 8&0

504 388 802 440 Erasmum
844 381 1101 454 aliosque
1131 382 1230 454 (5),
1262 382 1358 453 qui
1387 381 1546 435 illum
1581 383 1814 452 propter
1846 379 1975 449 styli
2014 378 2126 432 dis-
2153 389 2208 461 Α
2233 377 2401 431 deant
2439 377 2853 449 perversissimi
2903 377 3216 445 Novatiani,
3243 377 3329 432 vel
3372 394 3515 433 nunc
3561 380 3811 439 Insanus-

504 477 936 534 similitudinem
976 477 1159 530 eidem
1201 475 1625 546 abjudicaruut.
1655 475 1952 530 Auctorem
1981 479 2134 528 certe

503 571 707 626 habuit
749 569 1072 642 episcopum
1122 587 1154 624 a
1197 585 1373 640 grege
1420 585 1519 622 suo
1558 568 1873 636 absentem,
1927 568 2135 639 quique

505 681 636 719 eum
678 662 962 718 continuis
1006 661 1501 717 exhortationibus
1544 662 1613 715 ad
1641 661 1918 715 virtutum
1951 660 2137 715 studia

505 757 756 813 excitare
786 756 1019 824 solebat,
1047 760 1219 827 prout
1237 772 1303 810 ex
1337 755 1457 825 ipso
1482 754 1611 809 libri
1643 754 1879 809 exordio
1910 756 2136 812 indubi-

505 855 689 905 tatum
714 854 816 904 est.
841 849 1128 920 Scriptum
1153 865 1274 903 esse
1295 849 1758 919 persecutionum
1779 853 2135 922 temporibus

507 943 775 1013 colligere
824 941 994 995 etiam
1033 942 1183 1010 licet,
1214 942 1351 996 dum
1385 941 1442 994 in
1491 958 1559 994 eo
1590 941 1837 996 dicitur:
1877 965 1903 992 «
1948 945 2136 1000 Perse-

506 1037 799 1091 cutionem
826 1051 944 1089 non
980 1040 1166 1106 potest
1203 1036 1406 1088 timere
1449 1033 1782 1104 (virginitas)
1811 1037 1948 1090 dum
1981 1037 2136 1093 illam

506 1130 577 1183 de
624 1128 922 1184 securitate
975 1131 1162 1199 potest
1207 1143 1541 1199 provocare.
1589 1149 1616 1177 »
1666 1129 1805 1183 Hinc
1849 1131 2136 1186 Pamelius

510 1222 778 1293 Opinatus
827 1227 931 1290 est,
975 1222 1037 1275 in
1082 1237 1305 1276 secessu
1347 1220 1448 1274 sub
1497 1221 1666 1276 Decio
1712 1222 1927 1278 editum
1970 1241 2131 1281 esse:

506 1331 706 1370 verum
758 1316 863 1370 hoc
927 1331 1132 1385 parum
1193 1314 1502 1369 verisimile
1557 1321 1660 1386 est,
1718 1332 1847 1370 cum
1902 1319 2137 1373 Pontius

506 1409 656 1463 illius
705 1424 819 1462 non
863 1407 1212 1473 meminerit,
1263 1407 1360 1478 qui
1411 1425 1474 1462 ex
1529 1409 1791 1479 operibus
1840 1428 1872 1465 a
1930 1412 2135 1468 Sancto

509 1501 676 1556 editis
729 1501 1031 1555 utilitatem
1097 1517 1343 1555 secessus
1404 1501 1662 1572 ejusdem
1717 1506 1835 1558 tam
1890 1506 2136 1562 studiose

509 1594 946 1658 commendavit,
979 1593 1223 1665 ideoque
1256 1595 1376 1649 sine
1407 1595 1578 1649 dubio
1606 1597 1858 1653 maxime
1884 1615 2136 1654 comme-

508 1691 782 1743 morasset
847 1688 1058 1742 librum
1122 1688 1180 1742 in
1253 1688 1374 1758 ipso
1448 1705 1668 1744 secessu
1733 1693 2133 1764 conscriptum.

507 1783 726 1836 Prester
769 1781 897 1852 styli
939 1753 1375 1851 discrepanti-am
1420 1783 1812 1839 Tillemontius
1853 1785 1922 1856 (6)
1954 1753 2028 1840 ⁸ἱῐι
2073 1753 2214 1842 eoB

507 1879 789 1944 preterea
831 1873 1278 1944 deprehendisse
1320 1873 1424 1928 sibi
1466 1876 1616 1930 visus
1657 1882 1740 1932 est
1784 1879 2034 1949 aliquem
2069 1881 2138 1935 de

510 1966 703 2038 divina
734 1967 920 2036 gratia
945 1968 1155 2035 locum,
1185 1984 1250 2023 ex
1296 1984 1409 2039 quo
1457 1970 1697 2041 scriptor
1735 1971 1793 2026 8.
1821 1973 2138 2043 Augustino

507 2061 791 2132 posterior
847 2060 1095 2129 judicari
1158 2068 1379 2132 posset,
1441 2063 1550 2117 nisi
1609 2064 1676 2119 de
1745 2067 2140 2136 persecutione

510 2154 724 2209 ibidem
755 2154 918 2208 ﬁeret
957 2154 1194 2221 mentio,
1228 2173 1402 2226 quam
1429 2162 1622 2212 tamen
1661 2158 1844 2229 ipsam
1884 2161 1952 2213 ad
1995 2163 2137 2215 Van-

514 2247 698 2315 dalos,
727 2247 980 2317 aliosque
1014 2248 1307 2303 haereticos
1339 2250 1528 2304 forsan
1568 2254 1859 2322 pertinere
1891 2255 2136 2326 suspica-

511 2346 602 2396 tus
633 2345 736 2395 est.
765 2343 980 2395 Verum
1023 2341 1095 2395 ad
1140 2343 1263 2396 hac
1306 2349 1456 2398 recte
1494 2346 1745 2416 reposuit
1774 2347 2034 2402 Maranus
2064 2349 2139 2418 (7)

513 2435 707 2488 minus
733 2434 1084 2504 probabilem
1115 2451 1233 2490 esse
1277 2436 1424 2490 hanc
1467 2438 1875 2508 conjecturam,
1906 2457 2034 2495 cum
2081 2441 2138 2496 in

513 2527 848 2582 indubitatis
876 2528 929 2582 S.
977 2528 1240 2599 Cypriani
1274 2530 1538 2600 operibus
1565 2533 1744 2586 multo
1787 2534 1950 2604 plura
1991 2536 2139 2605 ejus-

513 2624 688 2690 modi,
711 2640 775 2678 ac
818 2625 964 2679 forte
1013 2627 1363 2696 expressiora
1397 2628 1467 2683 de
1517 2629 1703 2684 divina
1756 2633 1936 2703 gratia
1981 2633 2137 2688 testi-

512 2719 706 2772 monia
743 2723 1062 2774 occurrant.
1095 2722 1374 2775 Craterum
1415 2726 1576 2776 notat
1618 2725 1900 2779 Pamelius
1931 2727 2140 2780 librum

514 2812 667 2866 hunc
711 2817 834 2866 tum
887 2812 943 2867 in
994 2813 1204 2883 insigni
1236 2817 1292 2868 et
1338 2818 1559 2870 vetusto
1598 2816 1790 2872 codice
1836 2820 2141 2874 Carthasim

513 2904 878 2976 Coloniensis,
912 2910 1051 2961 teste
1099 2906 1317 2973 Gravio,
1359 2913 1480 2963 tum
1522 2909 1580 2964 in
1626 2910 1911 2966 codicibus
1954 2913 2139 2968 Ludo-

514 2998 624 3052 vici
673 2999 976 3068 Carrionis,
1024 3005 1080 3055 et
1135 3003 1188 3056 S.
1240 3003 1599 3057 Pautaleonis
1648 3005 1892 3060 Colonia:
1944 3009 1998 3062 S.
2044 3010 2143 3080 Cy-

2237 485 2345 526 snn
2372 471 2536 541 pauci
2559 471 2586 525 ‘?
2615 493 2642 521 »
2676 472 2732 527 S.
2762 472 3008 529 Cornelii
3036 489 3178 544 opus
3206 489 3320 526 non
3347 488 3482 540 esse,
3504 479 3565 528 ut
3581 475 3812 530 Erasmus

2236 564 2552 635 suspicatus
2579 570 2678 634 est,
2709 566 2948 620 suadent
2989 567 3092 621 ista
3138 566 3395 637 ejusdem
3440 567 3599 622 verba
3627 585 3639 622 :
3669 588 3693 619 (ι
3723 571 3809 624 Sa-

2236 663 2598 714 crameutum
2648 660 3020 730 baptismatis,
3051 660 3204 730 quod
3253 660 3311 714 in
3353 660 3578 715 salutem
3624 663 3816 731 generis

2235 753 2470 807 humani
2497 753 2809 824 provisum,
2849 757 2906 808 et
2944 753 3050 807 soli
3087 753 3347 808 Ecclesia
3390 755 3592 808 ccelesti
3631 755 3815 810 ratione

2236 847 2523 901 celebrare
2567 846 2864 917 (Christus)
2913 863 3015 918 per
3057 864 3118 901 os
3173 863 3338 901 suum
3386 848 3745 918 prazostendit.
3793 874 3814 900 ι»

2236 941 2364 994 Haec
2395 941 2447 996 8.
2481 941 2750 1012 Cypriani
2777 957 3031 995 errorem
3059 941 3128 995 de
3155 941 3546 995 haereticorum
3576 942 3817 1011 baptismo

2237 1035 2411 1102 olent,
2465 1050 2496 1087 a
2552 1050 2664 1105 quo
2719 1034 2777 1088 8.
2830 1035 3119 1090 Cornelius
3172 1035 3584 1090 remotissimus
3629 1052 3821 1107 semper

2237 1127 2363 1182 fuit.
3126 1187 3135 1197 ,

2308 1225 2375 1276 At
2404 1237 2536 1276 vero
2562 1221 2818 1276 Maranus
2860 1225 3068 1292 praeter
3095 1221 3225 1293 styli
3265 1221 3662 1277 dissonantiam
3693 1224 3821 1278 aliud

2236 1314 2529 1387 quidpiam
2581 1316 2638 1369 in
2695 1315 2896 1369 eodem
2949 1315 3255 1370 advertisse
3313 1319 3527 1384 censet,
3584 1317 3649 1371 ob
3696 1319 3822 1388 quod

2238 1413 2432 1464 sancto
2464 1409 2704 1480 martyri
2733 1408 2906 1462 tribui
2935 1425 3052 1462 non
3085 1408 3278 1480 possit.
3305 1408 3533 1462 Librum
3561 1415 3736 1464 auctor
3759 1412 3824 1465 sic

2237 1519 2465 1558 exorsus
2518 1508 2602 1557 est
2645 1519 2658 1556 :
2712 1521 2739 1550 ‹‹
2785 1501 3073 1573 Cogitanti
3121 1501 3286 1569 mihi,
3336 1507 3392 1556 et
3436 1501 3826 1556 intolerabiliter

2236 1598 2427 1652 animo
2455 1596 2736 1662 aestuanti,
2767 1595 3043 1666 quidnam
3071 1611 3245 1666 agere
3285 1594 3552 1650 deberem
3579 1595 3644 1649 de
3683 1596 3828 1649 mise-

2238 1692 2431 1745 randis
2458 1690 2746 1756 fratribus,
2781 1689 2879 1759 qui
2919 1689 3208 1743 vulnerati
3248 1706 3362 1744 non
3412 1690 3635 1760 propria
3660 1690 3831 1743 volun-

2240 1788 2379 1853 tate,
2411 1784 2508 1838 sed
2531 1782 2740 1838 diaboli
2768 1781 3048 1838 saevientis
3073 1783 3418 1854 irruptione,
3447 1783 3625 1836 adhuc
3661 1799 3833 1853 usque,

2241 1881 2352 1936 hoc
2403 1884 2507 1948 est,
2547 1895 2652 1948 per
2704 1878 2934 1948 longam
2985 1880 3310 1948 temporum
3353 1877 3561 1931 seriem
3612 1883 3835 1946 agentes,

2240 1989 2472 2046 poenam
2502 1972 2731 2039 darent,
2760 1986 2888 2025 ecce
2926 1986 2989 2025 ex
3035 1970 3271 2024 adverso
3322 1970 3555 2025 obortus
3599 1974 3680 2023 est
3717 1971 3838 2022 alius

2240 2068 2439 2137 hostis,
2495 2070 2552 2122 et
2612 2066 2790 2137 ipsius
2843 2071 3103 2137 paternas
3153 2064 3442 2134 pietatatis
3497 2064 3836 2127 adversarius,

2242 2161 2544 2216 hmreticus
2588 2160 2950 2226 Novatiauus,
2991 2164 3095 2212 etc.
3140 2178 3166 2207 n
3215 2160 3282 2213 Et
3326 2174 3522 2212 rursus
3566 2163 3837 2228 postquam

2242 2255 2494 2321 dixisset,
2523 2254 2736 2308 multos
2764 2269 2832 2307 ex
2862 2252 2949 2320 iis,
2981 2252 3078 2323 qui
3105 2252 3163 2305 in
3195 2273 3221 2301 ‹‹
3250 2251 3444 2324 prima
3471 2250 3589 2306 acie
3615 2271 3641 2303 ι)
3673 2251 3723 2304 id
3750 2258 3838 2317 est,

2240 2349 2478 2403 Deciana
2509 2346 2922 2419 persecutione,
2952 2344 3236 2400 vulnerati
3264 2345 3499 2399 fuerant
3529 2365 3556 2393 ‹‹
3590 2351 3836 2415 ...postca,

2239 2443 2296 2496 id
2338 2447 2420 2498 est
2461 2441 2706 2496 secundo
2753 2424 3064 2511 praelia“...
3112 2438 3337 2493 fortiter
3385 2455 3778 2509 perseverasse,
3816 2461 3838 2486 η

2241 2536 2571 2606 subjunxit:
2613 2557 2641 2584 ‹‹
2686 2536 2824 2590 Ecce
2869 2549 3038 2604 quam
3082 2531 3374 2603 gloriosos,
3405 2548 3580 2604 quam
3629 2531 3838 2586 Domino

2241 2631 2458 2696 charos,
2483 2627 2825 2682 schismatici
2846 2626 2937 2681 isti
2953 2626 3129 2697 ligna,
3150 2626 3367 2692 fenum,
3389 2625 3654 2696 stipulam
3675 2625 3842 2696 appel-

2243 2724 2357 2777 lare
2388 2739 2500 2777 non
2527 2722 2804 2788 dubitant,
2822 2736 3069 2792 quorum
3095 2736 3279 2790 pares,
3311 2719 3420 2773 hoc
3452 2721 3555 2786 est,
3577 2719 3634 2772 in
3665 2718 3841 2772 eodem

2243 2816 2481 2870 crimine
2511 2816 2700 2886 lapsus
2724 2813 2810 2868 sui
2850 2814 3034 2868 adhuc
3064 2828 3239 2884 usque
3278 2812 3638 2879 constitutos,
3665 2828 3759 2865 nec
3786 2811 3841 2864 ad

2243 2907 2634 2980 paenitentiam
2678 2907 3064 2961 admittendos
3114 2922 3237 2960 esse
3281 2908 3659 2976 praesumunt.
3707 2927 3732 2954 ››
3777 2905 3844 2957 Ex

2245 3003 2394 3057 hisce
2421 3019 2553 3056 vero
2583 3002 2840 3055 Maranus
2865 3000 2978 3054 duo
3009 2999 3187 3054 infert
3214 3015 3226 3053 :
3270 2998 3550 3069 primum,
3580 3004 3843 3054 auctorem

513 3091 718 3164 priano
747 3092 976 3147 inscribi
1003 3110 1020 3162 ;
1067 3097 1355 3150 auctorem
1394 3113 1524 3150 vero
1561 3098 1806 3152 multum
1848 3100 2209 3189 imitatumc
2235 3096 2362 3154 libri
2392 3097 2722 3167 episcopum
2766 3094 2958 3161 fuisse,
2988 3093 3086 3164 qui
3135 3093 3374 3146 moleste
3420 3092 3657 3159 ferebat,
3687 3092 3842 3146 Nova-

514 3202 633 3241 esse
676 3186 1086 3240 Tertullianum
1130 3188 1188 3241 in
1234 3188 1379 3243 libro
1428 3190 1493 3244 de
1533 3192 1831 3255 Pudicitia,
1860 3200 1914 3249 et
1965 3212 2032 3250 ex
2073 3215 2140 3255 eo
2172 3185 2208 3189 ⁷
2244 3196 2460 3250 tianum
2487 3190 2590 3245 sibi
2623 3188 2878 3259 inlapsis
2918 3185 3326 3258 paenitentibus
3367 3186 3694 3240 humaniter
3719 3189 3842 3240 trac-

513 3279 763 3350 plurima
802 3280 1315 3350 traussumpsisse:
1368 3282 1519 3352 quod
1566 3283 1639 3337 ad
1689 3287 1896 3357 stylum
1949 3295 2142 3348 autem

511 3374 741 3442 spectat,
773 3371 1050 3442 ejusmodi
1075 3374 1274 3428 breves
1302 3375 1610 3431 sententias
1632 3381 1689 3432 et
1715 3382 2144 3454 enthymemata

515 3466 687 3520 etiam
737 3466 795 3520 in
845 3466 990 3520 libro
1044 3467 1110 3521 de
1157 3470 1457 3539 Disciplina
1510 3476 1560 3525 et
1608 3473 1800 3528 habitu
1855 3479 2142 3546 Virginum

511 3559 769 3630 reperiri,
816 3564 870 3614 et
921 3559 1240 3632 ubicunque
1291 3569 1512 3618 sanctus
1559 3566 1790 3622 antistes
1845 3571 2139 3628 Tertullia-

513 3667 652 3707 num
694 3651 947 3708 imitatus
995 3657 1096 3708 est.
1145 3655 1284 3710 Illud
1330 3662 1552 3712 certum
1600 3666 1704 3727 est,
1764 3667 1970 3732 praeter
2011 3667 2142 3738 styli

514 3745 1061 3816 dissimilitudinem,
1091 3764 1202 3819 quo
1248 3765 1362 3804 non
1411 3767 1637 3823 semper
1683 3756 1888 3811 eodem
1939 3759 1990 3814 S.
2043 3763 2142 3832 Cy-

2244 3287 2428 3343 tandis
2471 3284 2647 3356 impie
2697 3281 3017 3350 adversari;
3064 3281 3325 3348 alterum,
3369 3281 3637 3335 eumdem
3675 3285 3841 3334 aucto-

2242 3398 2388 3448 rem,
2435 3379 2574 3434 dum
2633 3376 2922 3443 scriberet,
2971 3375 3228 3428 nondum
3275 3390 3481 3445 pacem
3531 3373 3842 3429 concessisse

2243 3474 2311 3530 iis
2339 3473 2436 3547 qui
2483 3472 2586 3526 sub
2629 3469 2795 3525 Decio
2834 3468 2979 3540 lapsi
3018 3467 3281 3535 fuerant;
3326 3473 3501 3540 atque
3531 3469 3670 3523 adeo
3716 3468 3844 3520 hunc

2243 3571 2296 3625 S.
2326 3567 2670 3640 Cyprianum
2703 3579 2817 3617 non
2859 3577 3005 3630 esse,
3038 3577 3211 3632 quem
3249 3565 3494 3630 constat,
3528 3561 3842 3616 imminente

2241 3661 2383 3718 Galli
2412 3657 2822 3732 persecutione,
2853 3657 2910 3710 in
2941 3655 3188 3712 Concilio
3213 3655 3648 3727 Carthaginensi
3674 3669 3842 3725 pacem

2243 3755 2438 3827 lapsis,
2492 3753 2666 3808 etiam
2716 3753 2848 3805 ante
2899 3749 3183 3820 expletam
3229 3753 3407 3803 totam
3460 3747 3842 3820 paenitentiam,

2243 3847 2495 3904 dandam
2537 3862 2659 3900 esse
2705 3843 3036 3911 decrevisse,
3069 3859 3141 3896 ne
3186 3843 3574 3913 persecutioni
3619 3857 3845 3896 succum-

2239 3941 2463 3998 berent.
2519 3941 2633 3995 Nec
2689 3937 2876 3993 inanis
2929 3937 3052 3991 haec
3112 3936 3325 3990 Marani
3387 3935 3840 4008 argumentatio:

515 3840 746 3911 prianus
797 3857 929 3895 usus
987 3845 1087 3910 est,
1139 3842 1280 3897 nihil
1335 3844 1576 3915 obstare,
1629 3864 1740 3919 quo
1790 3852 1981 3908 minus
2035 3854 2141 3927 ipsi

515 3933 847 3990 ascribatur.

580 4028 664 4082 IV.
713 4027 964 4098 Librum,
1023 4028 1119 4099 qui
1159 4030 1231 4085 ad
1273 4031 1650 4089 Novatianum
1695 4038 2036 4095 llmreticum
2075 4043 2141 4098 de
2241 4024 2358 4091 non
2403 4039 2521 4090 tam
2573 4039 2728 4089 certa
2779 4037 2989 4099 tamen,
3043 4046 3218 4102 quam
3263 4030 3370 4101 ipsi
3421 4031 3539 4085 visa
3584 4037 3682 4085 est.
3723 4030 3841 4083 Nam

511 4121 614 4192 Spe
640 4123 809 4176 venia
833 4137 940 4176 non
982 4124 1235 4191 neganda
1281 4123 1588 4197 inscriptus
1630 4134 1734 4198 est,
1764 4131 1836 4185 ob
1888 4133 2138 4190 similem
2238 4133 2425 4206 primo
2464 4127 2717 4204 quidem,
2742 4128 2897 4212 quod.
2921 4127 3095 4199 priori
3125 4127 3252 4182 loco
3278 4127 3347 4181 de
3369 4127 3702 4198 poenitentia
3717 4148 3741 4175 ‹‹
3758 4140 3844 4196 per

517 4214 779 4269 dictionis
833 4214 1215 4270 differentiam
1273 4217 1555 4286 Erasmus,
1599 4221 1995 4281 Tillemoutius
2041 4228 2136 4300 (8),
2240 4227 2473 4299 longam
2521 4231 2846 4295 temporum
2891 4222 3098 4278 seriem
3150 4243 3178 4271 »
3221 4220 3496 4292 producta
3539 4220 3761 4292 legitur,
3785 4217 3842 4272 ad

517 4308 761 4378 aliique,
819 4307 982 4364 alteri
1043 4309 1260 4364 auctori
1326 4312 1724 4371 ascribendum
1785 4318 2138 4392 jndicarunt,
2241 4321 2493 4377 litteram
2541 4318 2717 4389 accipi
2763 4333 2881 4372 non
2916 4317 3121 4388 potest,
3156 4314 3265 4369 nisi
3304 4314 3432 4386 quis
3462 4315 3653 4370 dicere
3680 4313 3844 4368 volue-

518 4403 726 4457 caatera
775 4417 881 4457 nec
921 4404 974 4458 8.
1022 4403 1304 4475 Cypriano
1354 4405 1679 4478 indignum,
1722 4428 1827 4466 nec
1872 4414 1941 4467 ab
1988 4415 2140 4472 illius
2187 4483 2195 4485 _
2239 4415 2342 4485 rit,
2370 4418 2372 4420 ’
2405 4412 2778 4469 Novatiauum
2848 4409 3109 4464 haeresim
3173 4425 3334 4463 suam
3399 4409 3508 4464 sub
3577 4406 3840 4463 Valeriano

517 4498 686 4552 astate
713 4500 996 4552 remotum
1037 4513 1156 4552 esse
1201 4498 1460 4555 confessi.
1491 4501 1654 4558 Certe
1689 4509 1904 4575 auctor,
1935 4509 2032 4580 qui
2079 4510 2138 4566 in
2157 4483 2219 4560 D
2240 4509 2496 4582 primum
2523 4520 2793 4580 spargere
2823 4504 3075 4576 coepisse,
3105 4505 3205 4557 aut
3251 4507 3400 4558 certe
3436 4503 3611 4575 hujus
3650 4500 3730 4557 rei
3755 4515 3839 4554 no-

515 4588 640 4664 ipso
670 4590 799 4646 libri
821 4591 1048 4647 exordio
1077 4607 1199 4647 sese
1242 4593 1572 4666 episcopum
1619 4613 1739 4652 esse
1775 4601 1987 4672 prodit,
2023 4621 2139 4661 non
2239 4603 2426 4660 titiam
2456 4604 2579 4657 tum
2610 4605 2836 4656 tantum
2879 4598 2944 4652 ad
2993 4605 3286 4653 auctorem
3331 4597 3463 4652 libri
3514 4596 3837 4668 pervenisse;

517 4685 628 4742 nisi
658 4702 832 4740 unam
863 4688 989 4757 post
1013 4703 1161 4756 eam,
1190 4704 1360 4758 quam
1391 4687 1584 4763 808
1613 4693 1811 4749 Decius
1841 4697 2138 4755 suscitave-
2239 4713 2482 4770 quorum
2527 4698 2796 4751 neutrum
2845 4692 2953 4747 dici
3002 4696 3205 4763 potest.
3249 4690 3370 4747 Non
3419 4692 3692 4762 primum,
3730 4685 3842 4759 quia

517 4780 625 4845 rat,
681 4779 1130 4851 persecutionem
1182 4786 1485 4844 memorat,
1542 4784 1599 4839 in
1648 4803 1759 4859 qua
1821 4791 2138 4861 posteriore
2240 4808 2305 4846 ex
2333 4788 2747 4846 commentario
2789 4786 3000 4858 praevio
3045 4790 3287 4854 constat,
3321 4785 3488 4839 illum
3533 4784 3634 4839 sub
3674 4779 3837 4847 Decio,

516 4873 744 4940 multos,
774 4872 870 4944 qui
917 4874 974 4927 in
1019 4874 1207 4945 prima
1251 4876 1594 4946 ceciderant,
1639 4879 1874 4937 invictos
1922 4885 2138 4942 stetisse
2241 4901 2357 4940 una
2398 4898 2530 4939 cum
2567 4883 2870 4937 schismate
2905 4881 3168 4936 haeresim
3209 4896 3372 4934 suam
3416 4879 3710 4936 excitasse.
3737 4877 3837 4932 Non

517 4972 815 5022 asseverat.
877 4969 1258 5032 Quamobrem
1322 4970 1576 5028 Maranus
1643 4973 1742 5046 (9),
1812 4992 1946 5033 eum
2013 4985 2141 5051 post
2241 4979 2415 5035 etiam
2443 4976 2778 5044 secundum,
2811 4974 2944 5047 quia
2979 4974 3137 5030 nulla
3176 4973 3501 5029 verisimilis
3545 4973 3685 5030 ratio
3725 4989 3835 5047 pro-

516 5059 979 5134 perseculionem
1020 5061 1159 5118 Galli
1200 5061 1260 5117 in
1310 5065 1556 5135 paciﬁcis
1590 5068 1867 5126 Valeriani
1910 5072 2137 5146 imperii
2239 5073 2368 5129 duci
2397 5076 2604 5145 potest,
2634 5070 2705 5126 ob
2745 5085 2920 5142 quam
2967 5069 3262 5140 episcopus
3296 5067 3453 5139 Afer,
3483 5069 3706 5142 qualem
3741 5067 3836 5123 Ma-

515 5154 849 5228 primordiis
894 5153 1178 5226 scripsisse
1229 5156 1433 5213 merito
1483 5163 2138 5225 autumavitJEumdem
2239 5183 2416 5223 ranus
2471 5171 2766 5222 auctorem
2822 5164 2954 5219 libri
3006 5159 3178 5218 fuisse
3230 5162 3504 5232 admittit,
3565 5159 3837 5219 Novatiani

516 5246 717 5304 Afrum
766 5249 958 5317 fuisse,
999 5250 1211 5321 passim
1257 5251 1532 5325 colligunt
1581 5258 1810 5324 eruditi,
1865 5262 2018 5334 quod
2064 5263 2138 5319 ad
2238 5261 2530 5330 haeresim,
2564 5260 2622 5316 in
2651 5259 2837 5315 Africa
2874 5257 3066 5332 809
3104 5259 3480 5326 notissimam,
3508 5263 3566 5314 et
3590 5259 3648 5313 in
3671 5255 3835 5314 conci-

516 5337 846 5398 Felicissimi
883 5343 1128 5398 schisma
1178 5345 1238 5399 in
1293 5347 1475 5403 Africa
1525 5350 1645 5406 fere
1689 5353 1858 5410 unice
1912 5359 2134 5432 notum,
2238 5355 2313 5411 lio
2344 5355 2774 5427 Carthaginensi
2805 5355 3158 5421 damnatam,
3194 5351 3394 5409 tandiu
3441 5354 3708 5425 ignorare
3746 5365 3834 5422 p0“

515 5434 767 5492 alludere
795 5436 1072 5508 videatur,
1103 5439 1239 5496 dum
1266 5441 1346 5496 ait
1380 5459 1392 5499 :
1426 5463 1454 5493 «
1481 5443 1630 5509 Quid
1657 5447 1727 5503 ad
1757 5448 1869 5506 ista
1897 5467 2136 5526 respon-
2237 5449 2432 5506 tuerit.
2463 5448 2700 5504 Videtur
2742 5445 2931 5522 itaque
2974 5448 3210 5520 scriptor
3255 5448 3324 5504 de
3362 5451 3623 5522 tempore
3668 5445 3835 5503 minus

572 5642 635 5721 (5)
671 5642 892 5721 _Dupin.
916 5642 1407 5721 B_i_blioth.,___tom.
1441 5643 1483 5709 Ι,
1535 5662 1659 5715 pag.
1716 5649 1808 5703 267
1830 5667 1848 5717 ;
1895 5648 2133 5721 Ceillier,

507 5712 760 5771 Histoire,
785 5717 918 5764 tom.
950 5715 1018 5772 II,
1049 5730 1171 5782 pag.
1203 5717 1310 5768 153.

578 5786 644 5854 (6)
674 5783 988 5848 Tillemont,
1015 5790 1147 5838 tom.
1177 5787 1268 5852 IV,
1299 5794 1398 5841 art.
1432 5791 1510 5852 28,
1538 5807 1662 5860 pag.
1697 5795 1760 5846 46
1788 5798 1843 5846 et
1866 5797 1943 5847 81.

2302 5653 2365 5722 (7)
2393 5655 2598 5709 Maren.
2635 5657 2693 5709 in
2719 5656 2864 5723 Vita,
2896 5658 2930 5726 θ
2950 5654 3030 5722 35,
3058 5672 3180 5725 pag.
3212 5659 3320 5711 118.
3505 5723 3508 5726 ,

2301 5732 2370 5792 (8)
2395 5729 2713 5794 Tillemont,
2739 5725 3034 5796 MJmoir-es,
3065 5737 3196 5786 tom.
3229 5727 3323 5798 IV,
3353 5737 3453 5786 art.
3485 5733 3567 5798 41,
3591 5742 3644 5799 p.
3667 5725 3741 5780 58.

2305 5801 2373 5866 (9)
2401 5801 2628 5868 Marem,
2658 5802 2765 5856 loc.
2802 5803 2894 5856 cit.
