4032 6180
181 155 267 210 841
1316 162 1749 225 APPENDICES.
1792 196 1859 207 —
1895 165 2405 223 PROLEGOMENA.

3426 170 3527 225 842

178 281 368 381 exacte
400 280 651 349 locutus;
681 286 737 337 et
774 288 860 339 sta
903 301 915 338 :
959 287 1151 342 Adhuc
1200 304 1387 359 usque,
1432 292 1526 346 hoc
1569 299 1665 360 est,
1703 308 1801 364 per
1820 291 2099 381 Abeatur
2143 291 2487 362 disputandi,
2539 291 2961 364 Scripturaeque
3009 292 3337 348 testimonia
3387 297 3522 351 alle-

176 374 385 444 longam
433 381 723 446 temporum
755 380 964 447 seriem,
1008 396 1124 436 non
1161 382 1234 437 ad
1274 384 1574 454 Valeriani,
1606 386 1703 441 sed
1729 385 1798 440 ad

175 467 303 526 Galli
341 468 573 541 imperii
614 470 925 542 primordia
964 475 1261 533 referenda
1294 494 1437 534 esse.
1466 478 1578 535 Sed
1608 496 1798 551 neque

175 578 234 615 ex
272 563 522 618 secundo
568 566 719 621 textu
761 571 915 622 certo
956 568 1155 624 inferri
1205 576 1410 643 potest,
1461 574 1617 645 quod
1666 573 1799 628 inde

173 655 355 712 intulit
392 656 684 729 Maranus;
726 665 1015 717 auctorem
1064 663 1298 733 scilicet,
1333 666 1472 721 dum
1503 666 1797 735 scriberet,

173 749 420 805 nondum
465 769 661 823 pacem
708 756 1045 813 concessisse
1086 758 1259 829 lapsis
1307 760 1410 814 sub
1457 760 1645 816 Decio.
1674 762 1798 816 Non

174 843 315 898 enim
370 845 523 901 hanc
568 846 704 918 ipsis
745 866 779 903 a
818 866 878 904 se
927 850 1116 907 datam
1165 851 1470 917 inficiatur,
1523 856 1621 910 sed
1673 871 1795 910 eam

170 937 494 1008 hujusmodi
528 941 930 1012 paenitentibus
967 945 1034 999 ad
1078 945 1133 1000 id
1165 962 1345 1018 usque
1377 950 1602 1021 tempus
1628 966 1661 1004 a
1687 950 1796 1004 No-

173 1032 384 1087 vatiano
414 1035 649 1107 ejusque
688 1037 913 1092 asseclis
952 1041 1068 1094 tam
1109 1038 1328 1095 duriter
1362 1047 1634 1113 negatam
1677 1059 1798 1099 esse

173 1124 432 1196 afﬁrmat,
476 1133 555 1198 ut,
598 1129 644 1183 si
689 1130 895 1185 borum
934 1132 1155 1203 judicio
1200 1134 1467 1190 standum
1510 1142 1677 1207 esset,
1724 1153 1796 1192 ne

172 1218 235 1272 ad
262 1219 661 1289 paenitentiam
699 1224 931 1295 quidem
966 1226 1139 1282 etiam
1166 1231 1299 1283 tunc
1327 1228 1473 1301 lapsi
1512 1230 1793 1303 paeniten-

173 1315 248 1366 tes
274 1313 615 1370 admittendi
647 1321 856 1373 essent.
890 1318 1010 1374 Non
1051 1321 1185 1376 satis
1226 1337 1455 1394 quoque
1492 1323 1795 1380 verisimile

171 1410 265 1473 est,
296 1408 566 1463 eumdem
606 1417 922 1482 auctorem,
953 1413 1076 1484 jam
1116 1413 1442 1487 imperante
1476 1416 1791 1486 Valeriano,

170 1500 329 1555 etiam
359 1503 641 1572 cogitasse
677 1505 814 1576 quid
853 1506 1021 1579 lapsis
1055 1509 1466 1580 paenitentibus
1500 1512 1791 1583 agendum

175 1597 329 1662 esset,
369 1611 501 1651 cum
539 1599 661 1668 jam
708 1599 842 1655 inde
892 1601 996 1656 sub
1046 1603 1213 1658 Decio
1256 1604 1316 1657 in
1360 1605 1793 1677 Carthaginensi

1900 384 2073 455 gandi
2109 384 2283 450 ratio;
2330 385 2513 451 tertio,
2546 384 2701 455 quod
2731 384 3029 456 disciplina
3072 385 3162 440 hic
3207 387 3527 443 stabiliatur

1898 495 2057 549 qum,
2115 477 2379 549 Cypriani
2438 483 2692 549 tempore
2741 478 3109 548 impugnata,
3164 480 3258 534 tali
3311 482 3527 537 vindice

1899 571 2091 645 810
2128 572 2479 643 indiguerat;
2508 572 2790 625 indicatur
2819 572 2976 625 enim
3004 573 3084 625 ibi
3116 589 3231 628 non
3260 575 3521 644 obscure,

1897 665 2257 737 recipiendos
2299 665 2359 720 in
2404 665 2707 719 Ecclesium
2759 664 2962 735 lapsos,
3013 670 3068 719 et
3110 682 3142 720 a
3191 684 3289 738 spe
3344 669 3523 722 veniae

1897 759 2133 815 minime
2163 759 2436 814 arcendos
2468 758 2794 830 quorumvis
2832 758 3137 813 criminum
3178 777 3322 828 reos,
3355 762 3521 817 dum-

1896 853 2069 909 modo
2112 853 2396 908 canonicm
2440 852 2788 925 paenitentia:
2831 868 2946 908 sese
2982 852 3362 924 subjecerunt.
3415 857 3525 911 Nec

1898 950 2049 1003 tacet
2068 964 2197 1019 quae
2218 947 2275 1002 in
2296 947 2643 1003 contrarium
2668 947 2854 1002 adsint
2874 950 3243 1019 argumenta;
3267 947 3526 1021 infringit

1896 1048 2091 1097 tamen
2129 1041 2226 1096 illa
2265 1058 2276 1096 :
2317 1041 2572 1112 primum
2609 1047 2709 1111 est,
2758 1041 3296 1112 interpretationem
3341 1042 3523 1112 Scrip-

1896 1139 2041 1192 turae
2067 1135 2159 1190 hic
2191 1135 2427 1207 allegari
2456 1135 2611 1190 valde
2654 1135 2934 1189 diversam
2978 1135 3047 1189 ab
3087 1151 3156 1189 ea
3196 1152 3309 1208 qua
3346 1136 3525 1191 utitur

1894 1229 2205 1302 Cyprianus
2260 1247 2272 1284 :
2335 1229 2469 1284 huic
2534 1229 2911 1283 Trombellius
2979 1230 3244 1300 replicat,
3301 1233 3524 1285 vetcrcs

1895 1323 2065 1379 modo
2094 1340 2289 1391 unam,
2336 1323 2509 1378 modo
2546 1323 2712 1377 aliam
2755 1323 3055 1394 Scripturae
3097 1324 3525 1395 interpretatio-

1896 1434 2032 1473 nem
2063 1418 2243 1490 sequi,
2281 1418 2564 1489 hujusque
2606 1418 2687 1473 rei
2728 1418 2866 1473 adeo
2913 1418 3110 1484 multa,
3141 1411 3280 1472 adeo
3311 1420 3525 1489 perspi-

1894 1528 1997 1567 cua
2023 1513 2366 1567 documenta
2394 1511 2615 1579 haberi,
2642 1514 2708 1565 ut
2730 1511 2798 1565 de
2828 1528 2897 1565 ea
2917 1510 3040 1581 jam
3073 1526 3240 1565 nemo
3267 1510 3520 1567 dubitet:

1894 1604 2172 1678 affertque
2226 1622 2442 1674 unum,
2497 1605 2595 1660 sed
2647 1604 3016 1659 manifestum
3082 1606 3410 1675 exemplum
3466 1606 3523 1659 in

172 1704 322 1759 asque
356 1706 420 1744 ac
452 1692 711 1748 Romano
751 1695 989 1751 concilio
1032 1696 1560 1769 decretumfuisset,
1605 1684 2237 1770 lapsosBAugustino,
2290 1700 2385 1770 qui
2438 1699 2779 1753 versiculum
2836 1701 2902 1751 22
2952 1714 3079 1769 cap.
3130 1713 3260 1753 xvm
3309 1700 3523 1761 Excch.,

172 1785 233 1839 ad
276 1787 663 1858 paenitentiam
692 1793 939 1862 plenam,
967 1798 1025 1849 et
1065 1794 1174 1850 hac
1213 1796 1431 1867 expleta
1467 1797 1535 1852 ad
1567 1814 1790 1869 pacem,

174 1880 546 1938 admittendos
598 1901 749 1955 esse;
806 1903 871 1942 ac
915 1886 1118 1944 deinde
1174 1895 1453 1960 praeterea
1504 1891 1560 1946 in
1616 1892 1791 1947 altera

173 1974 599 2047 Carthaginensi
640 1979 880 2051 synodo,
911 1979 1249 2052 imperatore
1280 1983 1457 2055 Gallo,
1489 1988 1791 2056 statutum,

173 2071 245 2136 ut,
278 2074 516 2141 propter
545 2071 853 2129 instantem
892 2075 1373 2145 persecutionem,
1403 2077 1547 2150 lapsi
1574 2096 1791 2150 omnes,

171 2163 312 2232 quia
339 2164 531 2234 primo
571 2165 665 2220 die
704 2166 894 2238 lapsus
933 2169 1019 2223 sui
1048 2169 1447 2240 paenitentiam
1488 2188 1659 2243 agere
1690 2189 1795 2227 coe-

170 2260 383 2326 perant,
430 2274 539 2314 nec
584 2259 654 2313 ab
699 2260 943 2316 Ecclesia
990 2268 1356 2335 recesserant,
1407 2265 1610 2320 eadem
1652 2283 1792 2338 pace

172 2364 287 2404 mox
330 2351 789 2423 impertirentur.
839 2355 1227 2420 Quamobrem
1267 2359 1312 2413 si
1362 2358 1664 2431 episcopus
1700 2360 1795 2415 ille

170 2444 294 2498 Afer
330 2448 452 2500 tum
499 2447 677 2503 etiam
718 2448 904 2520 reipsa
945 2450 1275 2523 cogitaverit
1313 2453 1451 2525 quid
1501 2454 1573 2508 de
1626 2453 1796 2526 lapsis

170 2537 344 2594 facere
373 2540 636 2612 deberet,
664 2542 935 2599 dicendus
964 2549 1050 2599 est
1078 2545 1149 2600 de
1179 2545 1245 2601 iis
1266 2546 1439 2619 loqui,
1468 2547 1566 2619 qui
1602 2550 1793 2619 poste-

171 2632 294 2687 riori
330 2634 559 2690 decreto
602 2653 721 2692 non
764 2639 1401 2710 comprehenderentur
1433 2658 1446 2697 :
1480 2644 1538 2697 et
1567 2641 1674 2696 hac
1705 2659 1791 2697 ra-

171 2727 316 2783 tione
374 2732 498 2784 tota
551 2730 850 2787 difﬁcultas
900 2734 1212 2804 evanescit,
1272 2752 1400 2790 cum
1463 2736 1797 2807 hujusmodi

175 2820 501 2880 deliberatio
544 2841 705 2898 aeque
747 2826 808 2882 in
861 2827 920 2883 S.
975 2828 1347 2900 Cyprianum,
1398 2846 1570 2902 quam
1620 2831 1795 2885 alium

174 2931 568 2991 quemcunque
608 2920 807 2977 cadere
844 2923 1109 2994 potuerit.
1140 2924 1354 2979 Marani
1384 2924 1561 2995 igitur
1599 2924 1793 2980 obser-

1894 1795 2095 1863 quater
2133 1792 2386 1858 adducit,
2432 1794 2487 1847 et
2530 1792 2748 1846 diverso
2788 1808 3015 1862 semper
3057 1791 3262 1860 modo;
3301 1792 3525 1846 incusat

1893 1892 2171 1958 praeterea
2215 1903 2621 1955 amanuenses,
2661 1885 2812 1956 quod
2852 1884 3141 1939 licentiam
3181 1901 3295 1940 non
3339 1885 3526 1940 levem

1893 1979 1999 2033 sibi
2026 1979 2356 2051 arrogarint
2385 1978 2761 2034 substituendi
2793 1995 2907 2033 non
2937 1995 3067 2032 raro
3098 1979 3523 2050 interpretatio-

1895 2089 2028 2128 nem
2081 2073 2186 2127 sibi
2243 2073 2627 2145 prezdilectam
2680 2072 3178 2145 interpretationi,
3230 2089 3341 2145 qua
3394 2090 3527 2128 usus

1892 2168 2081 2222 fuerat
2101 2170 2296 2222 auctor
2329 2168 2422 2223 ille
2451 2184 2624 2239 quem
2652 2166 3069 2223 exscribebant.

1965 2263 2219 2317 Alterum
2256 2265 2360 2333 est,
2403 2262 2554 2332 quod
2588 2268 2844 2317 veterum
2886 2278 3053 2317 nemo
3088 2263 3240 2318 hunc
3272 2262 3527 2318 libellum

1894 2355 2124 2427 alleget,
2156 2361 2253 2410 aut
2279 2356 2559 2427 Cypriano
2584 2355 2856 2410 attribuat
2880 2373 2893 2409 :
2917 2356 3007 2410 cui
3032 2356 3089 2411 id
3118 2357 3523 2428 opponendum

1894 2453 2054 2521 putat
2084 2448 2474 2516 Trombellius,
2512 2465 2616 2503 nec
2642 2449 2719 2508 ita
2739 2452 2956 2505 temere
2979 2449 3408 2518 afﬁrmandum,
3439 2468 3529 2505 ve-

1894 2548 2045 2599 teres
2088 2542 2222 2597 alios
2269 2544 2422 2597 hunc
2466 2543 2721 2597 libellum
2768 2560 2883 2598 non
2925 2544 3224 2616 allegasse,
3267 2560 3397 2598 cum
3443 2548 3526 2599 tot

1894 2638 2189 2693 doctorum
2222 2653 2397 2708 opera
2443 2636 2631 2691 adhuc
2676 2636 3089 2706 desideramus,
3129 2653 3234 2692 nec
3278 2638 3521 2692 multum

1896 2731 2210 2787 curandum
2237 2747 2356 2787 esse
2382 2731 2708 2804 negativum
2730 2736 3156 2803 argumentum,
3180 2749 3246 2786 ex
3267 2736 3524 2787 veterum

1895 2826 2118 2883 silentio
2165 2827 2531 2897 desumptum
2575 2842 2587 2879 :
2631 2826 2751 2880 dari
2796 2828 2986 2881 autem
3040 2842 3203 2897 posse
3248 2825 3527 2881 rationem

1896 2917 2031 2971 satis
2089 2916 2467 2988 probabilem,
2510 2933 2610 2971 cur
2647 2933 2713 2971 ex
2757 2917 3067 2984 veteribus,
3110 2933 3251 2987 quos
3298 2918 3531 2989 quidem

173 3011 309 3066 vatio
362 3012 554 3085 magis
604 3014 834 3086 quidem
896 3016 1131 3071 dubium
1186 3017 1348 3085 facit,
1406 3035 1476 3072 an
1537 3018 1796 3073 laudatus
1822 3057 1872 3086 η
1900 3010 2204 3078 habemus,
2228 3027 2398 3065 nemo
2422 3010 2676 3064 libellum
2704 3010 2856 3065 hunc
2875 3010 3103 3082 alleget,
3125 3011 3280 3082 quod
3303 3012 3533 3066 desierit

184 3058 305 3066 τ---
364 3058 553 3085 ..ηοω
604 3058 834 3086 ,νη-ν...
896 3058 1131 3071 κωκυ...
1186 3058 1348 3085 ...υ..,
1406 3058 1476 3072 υ..
1537 3058 1796 3073 “mm...”
1851 3058 2676 3083 η-----------,--‹-------ν-----
2707 3058 2855 3065 -κ--ν
2876 3058 3280 3082 κυεην-νη
3304 3058 3530 3066 μνη-η-

175 3102 309 3158 liber
358 3123 487 3162 non
527 3106 716 3178 potius
750 3109 916 3165 alteri
958 3127 1133 3182 quam
1179 3111 1233 3166 s,
1278 3113 1559 3184 Cypriano
1600 3058 1875 3167 adscri-(‘
1899 3103 2052 3158 haud
2085 3104 2265 3158 multo
2305 3106 2432 3174 post
2466 3104 2734 3175 Cypriani
2770 3109 3033 3177 tempora
3075 3121 3235 3159 error
3276 3105 3320 3159 is
3359 3121 3530 3176 quem

174 3196 376 3255 bendus
403 3201 501 3270 sit,
533 3202 633 3257 sed
662 3203 793 3259 huic
823 3207 976 3260 certo
1014 3205 1459 3277 adjudicandum
1500 3223 1638 3275 esse,
1681 3223 1798 3263 non

177 3291 386 3348 evincit.

240 3388 295 3442 V.
314 3390 637 3446 Exhortatio
668 3391 741 3446 ad
759 3395 1143 3449 Pcrnitentiam
1174 3393 1291 3448 Divi
1312 3395 1577 3467 Cypriani
1605 3395 1799 3451 medio

175 3479 272 3536 hoc
295 3484 503 3540 saeculo
529 3484 591 3539 in
617 3485 803 3541 lucem
843 3490 1130 3558 protracta
1165 3492 1270 3558 est,
1302 3489 1662 3562 primamque
1706 3491 1796 3545 lu-

176 3591 289 3630 cem
329 3578 467 3633 vidit
502 3579 776 3635 Bononia:
818 3597 970 3636 anno
1020 3585 1176 3652 1751,
1219 3599 1284 3637 ex
1328 3584 1705 3656 typographia
1739 3587 1795 3641 S.

176 3669 393 3725 Thomas
437 3673 759 3744 Aquinatis,
805 3676 953 3747 apud
1001 3677 1412 3748 Hieronymum
1461 3678 1797 3749 Corciolani,

178 3764 434 3836 vulgante
474 3782 606 3822 eam
654 3785 719 3823 ex
758 3784 867 3825 ms.
912 3769 1106 3826 codice
1150 3771 1506 3827 Bibliotheca:
1552 3772 1794 3827 Canoni-

177 3874 358 3914 corum
410 3861 785 3932 Regularium
842 3865 1302 3936 congregationis
1356 3868 1412 3921 S.
1474 3865 1794 3938 Salvatoris,

177 3968 291 4022 quae
339 3955 602 4010 Bononiae
631 3960 737 4027 est,
780 3957 899 4012 viro
940 3958 1322 4014 eruditissimo
1357 3965 1412 4015 et
1446 3960 1797 4016 reverendis-

176 4045 326 4116 sime,
356 4048 596 4104 domino
623 4050 792 4121 hujus
817 4051 991 4122 ipsius
1022 4053 1477 4125 congregationis
1506 4055 1796 4126 quondam

176 4139 363 4197 abbate
406 4144 688 4215 generali,
732 4146 949 4200 Joanne
992 4146 1393 4217 Chrysostomo
1434 4147 1793 4203 Trombellio.

178 4234 433 4292 Ediderat
455 4238 581 4309 jam
613 4237 732 4307 ille,
756 4240 1232 4312 adstipulantibus
1258 4240 1382 4296 aliis
1411 4258 1525 4297 suae
1552 4258 1792 4313 congre-

178 4328 430 4400 gationis,
456 4348 587 4404 quae
616 4333 1013 4389 eruditissimis
1040 4334 1173 4390 viris
1194 4335 1464 4404 abundat,
1486 4336 1791 4405 canonicis,

1899 3198 2124 3253 libellus
2154 3198 2256 3252 iste
2285 3198 2562 3267 confutet,
2596 3197 2839 3269 ideoque
2867 3197 3094 3253 desierit
3115 3199 3283 3253 etiam
3314 3200 3529 3254 occasio

1901 3292 1971 3347 ob
2011 3309 2184 3363 quam
2219 3292 2582 3363 allegaretur.
2618 3292 2816 3363 Jungit
2845 3292 3013 3346 etiam
3058 3293 3204 3347 hanc
3245 3293 3312 3348 de
3353 3292 3531 3347 libelli

1898 3392 2128 3442 auctore
2171 3385 2470 3440 dubitandi
2517 3385 2813 3453 rationem,
2870 3385 3021 3457 quod
3068 3385 3386 3441 exstiterint
3409 3387 3531 3457 jam

1898 3480 2120 3552 pridem
2169 3480 2460 3548 nonnulli,
2495 3480 2667 3535 etiam
2699 3484 2849 3535 inter
2886 3480 3126 3547 Latinos,
3170 3481 3265 3552 qui
3306 3481 3533 3552 Cypria—

1898 3586 2045 3629 num
2070 3575 2178 3629 hoc
2213 3575 2273 3629 in
2309 3574 2591 3630 scribendi
2622 3590 2832 3646 genere
2877 3573 3266 3645 imitabantur,
3301 3575 3357 3629 in
3387 3591 3527 3647 quo-

1896 3686 2026 3725 rum
2080 3685 2321 3724 numero
2377 3668 2635 3740 Pelagius
2693 3668 3013 3723 eminuerit.
3074 3669 3216 3723 Cum
3275 3670 3528 3749 expensis

1896 3763 2050 3818 hisce
2093 3763 2357 3818 omnibus
2397 3763 2650 3817 maxime
2690 3769 2883 3816 tamen
2924 3777 3056 3816 vero
3105 3761 3291 3816 simile
3336 3762 3407 3815 sit
3452 3762 3526 3817 ad

1895 3852 2238 3925 Cyprianum
2272 3851 2559 3923 pertinere
2601 3851 2751 3904 hunc
2789 3849 3067 3916 libellum,
3097 3849 3183 3903 vel
3214 3850 3414 3904 saltem
3454 3851 3524 3904 ad

1894 3951 2201 4013 vetustum,
2246 3945 2407 4000 valde
2451 3944 2823 4016 probabilem,
2852 3948 2908 3999 et
2946 3958 3201 3997 comvum
3239 3943 3523 4015 Cypriano

1896 4040 2253 4111 scriptorem,
2288 4042 2344 4093 et
2371 4038 2528 4093 libris
2563 4039 3004 4095 Testimoniorum
3038 4040 3181 4092 adeo
3218 4036 3519 4109 aequalem,

1898 4139 1960 4189 ut
2003 4134 2161 4205 quasi
2207 4149 2385 4187 unum
2428 4149 2556 4187 cum
2605 4132 2713 4187 illis
2759 4148 2989 4203 corpus,
3034 4130 3079 4185 si
3122 4132 3522 4202 conjungatur,

1895 4227 2069 4282 videri
2100 4226 2334 4293 debeat;
2374 4243 2474 4282 nec
2516 4226 2758 4293 modica,
2790 4230 2857 4280 ut
2887 4225 3259 4281 Trombellius
3284 4225 3520 4297 judicat,

1898 4322 2018 4392 ejus
2047 4321 2118 4375 sit
2144 4320 2371 4390 utilitas,
2402 4343 2429 4371 ‹‹
2450 4338 2582 4375 eum
2609 4337 2735 4391 ego,
2770 4319 2957 4392 inquit
2976 4321 3053 4373 Cl.
3078 4319 3363 4376 Oberthur
3386 4320 3522 4392 (t0),

178 4421 436 4480 similium
488 4427 871 4483 aneodotorum
922 4430 1147 4484 Patrum
1200 4431 1516 4485 Latinorum
1564 4447 1789 4502 opuscu-

1900 4415 2087 4471 censui
2118 4431 2223 4469 nec
2254 4414 2531 4485 praeteriri
2561 4431 2745 4485 posse,
2778 4430 2880 4468 nec
2908 4430 2940 4467 a
2972 4412 3129 4468 libris
3153 4414 3522 4470 Testimonio-

180 4518 341 4573 lorum
390 4521 655 4575 volumen
708 4538 910 4576 unum.
964 4524 1030 4577 Et
1080 4523 1137 4577 in
1192 4524 1490 4579 voluminis
1530 4526 1569 4580 ll
1615 4526 1799 4596 prima

179 4619 327 4681 parte
370 4613 450 4668 ita
496 4615 764 4687 inscripta
812 4633 825 4670 :
875 4617 1166 4687 Cypriani,
1215 4619 1418 4674 Hilarii
1465 4620 1801 4691 aliorumque

179 4713 398 4763 veterum
458 4711 689 4764 Patrum
748 4713 1067 4767 Latinorum
1122 4714 1383 4783 opuscula
1429 4730 1464 4768 a
1520 4716 1800 4773 Canonicis

178 4801 522 4870 Regularibus
552 4802 609 4858 S.
654 4804 956 4861 Saluatoris
989 4821 1132 4861 nunc
1166 4810 1400 4878 primum
1442 4809 1609 4871 edita,
1644 4824 1797 4862 rom-

180 4896 424 4951 municat
453 4913 586 4952 cum
617 4898 851 4953 eruditis
874 4899 1027 4955 hunc
1046 4900 1315 4971 Cypriani
1331 4902 1606 4957 libellum.
1627 4903 1799 4973 Saga-

179 4986 426 5045 cissimus
456 4990 665 5060 editor,
696 4991 828 5048 licet
855 5009 968 5048 non
1010 4994 1170 5049 omni
1209 4995 1548 5051 certitudine
1582 4998 1802 5050 asserat

178 5084 464 5155 proprium
517 5102 636 5142 esse
691 5087 843 5143 hunc
891 5088 1148 5144 libellum
1201 5090 1262 5142 D.
1309 5090 1575 5161 Cypriani
1624 5106 1799 5161 opus,

178 5191 380 5246 pronus
412 5185 601 5237 tamen
638 5182 875 5237 omnino
912 5188 995 5239 est
1026 5183 1157 5238 huic
1193 5188 1245 5240 S.
1290 5185 1516 5240 Ductori
1561 5201 1692 5239 eum
1740 5188 1804 5238 ut

179 5269 445 5340 vindicet;
489 5274 693 5345 primo,
728 5275 880 5347 quod
909 5276 1174 5348 Cypriani
1209 5294 1416 5333 nomen
1445 5277 1556 5332 illic
1587 5293 1804 5350 praepo-

180 5359 339 5420 situm
381 5367 560 5423 codex
598 5370 834 5438 referat;
866 5368 1132 5438 secundo,
1167 5373 1313 5442 quod
1351 5372 1567 5441 eadem,
1604 5387 1713 5441 qua
1743 5372 1802 5425 in

181 5454 327 5514 libris
373 5464 810 5520 Tcstimonimwm
852 5466 1167 5540 Cyprianus
1208 5467 1408 5538 utitur,
1432 5469 1489 5522 et
1512 5466 1603 5521 hic
1649 5464 1805 5520 adhi-

1900 4527 2025 4565 rum
2060 4510 2303 4581 separari
2326 4508 2540 4563 deberi.
2574 4531 2601 4559 ››

1972 4606 2048 4659 lle
2089 4605 2211 4675 ipsa
2254 4607 2445 4658 autem
2489 4602 2662 4656 libelli
2704 4602 2871 4672 hujus
2908 4601 3151 4656 utilitate
3199 4603 3279 4656 ita
3328 4602 3527 4658 doctis-

1900 4699 2076 4753 simus
2124 4698 2311 4753 editor
2360 4696 2627 4752 disserit:
2664 4716 2691 4745 ‹‹
2726 4699 2811 4749 Au
2866 4712 2979 4749 non
3023 4695 3183 4751 valde
3234 4696 3393 4751 utilis
3446 4702 3532 4752 est

1899 4793 2143 4862 libellus,
2171 4791 2228 4847 in
2254 4808 2364 4863 quo
2394 4788 2791 4845 usitatissimus
2816 4788 3072 4844 Ecclesiae
3095 4805 3217 4845 mos
3239 4791 3472 4857 eminet,
3498 4813 3526 4840 ››

1902 4893 1963 4941 ut
1992 4887 2202 4942 scilicet
2229 4889 2454 4942 exortus
2483 4900 2642 4938 error
2678 4882 2943 4939 adductis
2983 4884 3244 4955 pluribus
3283 4884 3536 4956 Scriptuc

1900 4996 2099 5036 rarum
2144 4978 2486 5035 testimoniis
2535 4978 2730 5033 statim
2785 4978 3161 5050 reprimatur;
3210 4981 3270 5034 et
3311 4980 3371 5034 in
3422 4995 3536 5051 quo

1904 5079 2056 5130 tanta
2095 5072 2486 5130 vetustissima:
2524 5072 2801 5128 versionis
2833 5072 3023 5145 portio
3065 5073 3252 5129 inestl
3297 5073 3455 5138 Quod
3488 5074 3534 5127 si

1905 5186 1971 5225 eo
2001 5168 2219 5236 ordine,
2249 5184 2364 5240 quo
2392 5166 2613 5223 codices
2641 5184 2839 5224 eorum
2869 5171 3198 5239 temporum
3230 5167 3535 5239 conscripti

1904 5270 2087 5330 erant,
2144 5279 2328 5317 sacros
2381 5263 2573 5318 Libros
2630 5262 2722 5317 hic
2778 5262 3014 5334 allegari
3063 5277 3275 5331 censes,
3314 5262 3539 5317 emolu-

1906 5363 2162 5413 mentum
2195 5357 2348 5411 aliud
2381 5357 2651 5412 continuo
2683 5356 2739 5411 in
2778 5374 2844 5412 eo
2875 5356 3072 5423 habes,
3114 5355 3272 5428 quod
3307 5355 3540 5427 quidem

1905 5453 1999 5508 hic
2026 5452 2225 5507 multis
2251 5451 2654 5507 commendare
2690 5451 2925 5507 minime
2964 5453 3049 5506 est
3077 5467 3240 5524 opus,
3284 5450 3378 5505 sed
3409 5464 3545 5521 pro-

244 5685 337 5777 K(ff!)
362 5687 665 5777 QbOrthgr.‘
687 5694 858 5777 Opera
883 5699 1184 5777 omniaASS.
1209 5694 1331 5763 PP.,
1356 5699 1464 5751 vol.
1492 5693 1587 5763 III;
1616 5697 1789 5766 Opera
1819 5695 1870 5747 S.
1901 5690 2182 5761 Cypriani,
2213 5690 2344 5741 tom.
2385 5682 2426 5753 Ι,
2461 5680 2815 5750 Wirceburgi
2851 5678 2990 5737 t782.
3024 5677 3344 5777 InIEpistola
3375 5672 3445 5731 ad
3473 5665 3556 5725 Ct'

184 5754 342 5811 Mich.
374 5760 544 5826 Ignat.
577 5754 853 5829 Schmidt,
880 5782 1002 5835 pag.
1030 5769 1108 5820 20.

509 5852 786 5925 Parnm.
839 5857 945 5927 1V.

3100 5847 3173 5908 ‘27
