4032 6180
330 254 339 265 “
447 250 547 308 843

1563 241 1653 299 AD
1692 238 1915 299 OPERA
1951 242 2005 297 8.
2047 240 2355 299 CYPRIANI
2393 236 2709 299 GENUINA.
3683 232 3775 298 844

454 378 602 431 fecto
648 390 763 429 non
804 373 922 426 leve
966 374 1069 425 est.
1116 369 1298 424 Habet
1326 368 1499 423 etiam
1528 367 1635 422 hoc
1665 366 1977 435 commodi,
2021 370 2084 420 ut
2106 379 2157 451 Α
2256 368 2345 422 lIl.
2395 367 2562 423 Liber
2610 367 2676 420 de
2718 364 2998 420 duodecim
3043 364 3403 419 Abusionibus
3452 366 3644 427 seculi,
3690 372 3775 438 qui

462 485 648 524 sacras
681 464 995 536 Scripturas
1032 463 1303 533 allegans,
1347 462 1714 518 Ecclesiastici
1753 459 1957 514 librum
1987 460 2085 513 adn
2185 461 2357 515 etiam
2403 460 2720 532 Augustino
2757 457 3117 525 adscribitur,
3153 474 3344 529 neque
3375 458 3522 513 hunc
3558 460 3778 531 Patrem,

453 564 642 629 ducat,
694 557 952 628 exemplo
1003 572 1106 611 suo
1151 555 1489 621 ostendens,
1531 560 1747 625 quanto
1803 553 1861 608 in
1905 553 2085 624 pretio
2187 571 2375 625 neque
2403 552 2993 628 Cyprianum,812
3013 552 3209 623 judice
3230 553 3467 619 Murano,
3491 552 3649 606 habet
3673 571 3786 608 auc-

452 654 734 727 prioribus
757 651 896 722 ipsis
921 649 1174 705 Ecclesiae
1196 648 1413 703 smculis
1440 648 1669 702 habitus
1698 648 1771 701 sit
1797 648 1943 702 liber
1967 646 2082 714 ille,
2186 654 2397 717 torem;
2437 666 2568 705 nam
2627 654 3033 722 praeterquam,
3084 646 3269 718 inquit
3312 646 3599 716 Dupinius,
3651 648 3781 717 quod

452 764 621 821 quem
652 762 804 801 nunc
830 746 1213 799 Protestantes
1242 741 1465 796 minimi
1498 742 1730 796 faciunt.

914 836 1097 909 811
1150 836 1526 892 ARTICULUS
1568 836 1631 890 ιι.

773 935 902 989 Diuo
942 931 1218 1001 Cypriane
1255 931 1538 1000 supposita
1576 945 1758 998 opera.

526 1032 566 1085 Ι.
616 1027 781 1082 Varia
810 1026 1042 1096 insuper
1084 1022 1235 1095 apud
1276 1022 1559 1076 Baluzium
1602 1022 1883 1076 habentur
1924 1036 2090 1091 opus-

455 1125 600 1191 cula,
624 1122 675 1177 8.
708 1121 990 1191 Cypriano
1020 1118 1155 1173 olim
1184 1116 1399 1188 pariter
1427 1115 1729 1187 adscripta,
1760 1133 1887 1187 quae
1914 1116 2090 1187 ipsius

454 1233 573 1272 non
622 1231 766 1281 esse,
813 1212 1023 1268 eruditi
1068 1210 1250 1265 critici
1298 1209 1431 1263 satis
1470 1209 1855 1263 consentiunt.
1889 1210 1969 1264 Ex
2002 1209 2089 1264 his

454 1310 599 1366 liber
627 1310 693 1363 de
734 1306 1111 1371 Aleatoribus,
1155 1302 1447 1374 cujusdam
1488 1302 1735 1357 Romani
1772 1303 2087 1370 Pontificis,

448 1403 639 1477 judice
673 1400 1032 1466 Bellarmino,
1065 1397 1254 1469 potius
1293 1413 1408 1451 esse
1452 1396 1697 1463 videtur,
1729 1413 1858 1451 cum
1894 1402 2091 1451 auctor

455 1497 618 1552 initio
656 1494 907 1549 scribat:
942 1512 971 1542 α
1011 1491 1291 1555 Quoniam
1335 1490 1498 1545 nobis
1544 1490 1733 1544 divina
1766 1496 1824 1545 et
1853 1494 2090 1562 paterna

455 1591 632 1663 pietas
705 1586 1055 1658 apostolatus
1131 1585 1399 1639 ducatum
1476 1584 1748 1652 contulit,
1816 1588 1872 1639 et
1938 1585 2088 1638 vica—

454 1686 597 1739 riam
646 1680 872 1736 Domini
916 1679 1111 1735 sedem
1157 1679 1365 1733 ccelesti
1412 1678 1744 1749 dignatione
1778 1678 2082 1744 ordinavit,

2184 743 2378 814 stylus,
2408 760 2474 799 ac
2499 744 2784 800 scribendi
2811 742 3023 799 modus
3040 741 3214 812 plane
3236 744 3321 796 est
3340 740 3607 807 diversus,
3628 741 3786 812 Scrip-

2188 840 2316 891 tura
2361 854 2517 893 sacra
2549 855 2779 910 semper
2820 838 2878 891 in
2926 853 2993 893 eo
3036 835 3248 891 citatur
3285 835 3447 906 juxta
3483 834 3785 905 Hieronymi

2188 931 2524 988 versionem.
2571 933 2855 987 Pamelius
2909 948 3041 987 eum
3086 929 3345 985 attribuit
3395 931 3545 983 certo
3587 930 3782 983 cuidam

2188 1026 2435 1096 Errado,
2491 1027 2649 1097 cujus
2702 1042 2909 1081 nomen
2967 1025 3038 1079 ad
3088 1023 3415 1095 marginem
3465 1023 3627 1093 hujus
3673 1022 3785 1076 libri

2190 1120 2533 1191 adscriptum
2577 1121 2634 1174 in
2684 1119 3072 1190 manuscripto
3120 1116 3422 1188 Augustini
3454 1116 3677 1188 reperit;
3705 1116 3786 1169 alii

2188 1214 2449 1269 tribuunt
2498 1215 2754 1282 Patricio,
2798 1212 3097 1285 Hybernite
3146 1212 3442 1282 episcOpo,
3483 1210 3658 1264 creteri
3694 1210 3786 1263 Cli-

2191 1325 2371 1363 maco.
2401 1310 2498 1362 Hic
2526 1313 2800 1363 tractatus
2831 1308 2984 1361 inter
3009 1321 3182 1378 opera
3204 1306 3266 1359 D.
3302 1303 3598 1375 Augustini
3630 1303 3787 1358 editus

2190 1407 2308 1469 est;
2340 1406 2579 1457 testatur
2608 1403 2839 1473 insuper
2865 1400 3052 1457 Fellus
3078 1400 3213 1454 olim
3242 1399 3302 1453 in
3331 1398 3585 1469 linguam
3612 1399 3790 1467 Anglo-

2192 1514 2316 1552 rum
2344 1497 2678 1551 translatum
2710 1496 2902 1563 fuisse,
2936 1501 2993 1550 et
3021 1495 3080 1549 in
3111 1493 3404 1548 volumine
3436 1491 3788 1561 manuscripto

2190 1591 2561 1647 llomiliarum
2600 1590 3012 1645 Saxonicarum
3056 1587 3300 1659 reperiri
3336 1584 3441 1640 sub
3479 1586 3578 1639 hoc
3604 1585 3749 1639 titulo
3778 1600 3789 1637 :

2190 1689 2263 1739 De
2313 1686 2595 1739 duodecim
2634 1685 2892 1739 Abusivis
2946 1683 3235 1738 secundum
3285 1682 3697 1750 disputationem
3742 1680 3790 1734 S.

455 1782 511 1833 et
557 1776 839 1847 originem
896 1772 1210 1828 authentici
1266 1774 1651 1843 apostolatus,
1698 1789 1869 1843 super
1915 1789 2087 1843 quem

2204 1781 2472 1849 Sypriani,
2503 1780 2739 1849 episcOpi
2766 1783 2814 1831 ct
2840 1779 3122 1846 martyris.

454 1871 708 1926 Christus
762 1867 1021 1922 fundavit
1077 1866 1423 1934 Ecclesium,
1481 1864 1539 1918 in
1597 1866 1890 1936 superiore
1949 1882 2083 1920 nos—

2256 1874 2341 1927 IV.
2376 1874 2468 1927 His
2502 1871 2855 1926 Tractatibus
2885 1870 3210 1941 adjicienda
3240 1873 3327 1924 est
3365 1871 3553 1926 Oratio
3595 1870 3648 1921 in
3691 1868 3797 1921 lau-

454 1972 542 2019 tro
606 1967 900 2034 portamus
922 2003 936 2028 ,
988 1966 1215 2031 accepta
1269 1959 1437 2013 simul
1495 1962 1773 2029 potestate
1832 1959 2088 2014 solvendi
2187 1968 2305 2022 dem
2331 1969 2608 2035 martyrii,
2639 1970 2695 2020 et
2721 1966 2900 2019 altera
2932 1966 2997 2019 de
3020 1965 3241 2034 Duplici
3267 1965 3556 2031 Μανιννίο,
3588 1962 3658 2015 αα
3680 1964 3792 2015 Ροτ-

457 2065 513 2112 et
540 2056 779 2128 ligandi,
809 2061 866 2109 et
889 2054 1180 2109 curatione
1214 2059 1436 2124 peccata
1463 2052 1810 2108 dimittendi.
1842 2073 1868 2104 »
1890 2053 2086 2108 Judice

460 2151 705 2222 Dupinio
742 2150 847 2220 (11)
889 2148 1133 2219 scriptus
1179 2148 1414 2218 quidem
1448 2152 1527 2200 est
1557 2147 1626 2201 ab
1656 2148 1920 2219 episcopo
1976 2164 1989 2200 :
2034 2152 2092 2201 at

459 2262 573 2299 non
616 2242 1068 2297 concludendum
1114 2246 1297 2296 estex
1327 2240 1566 2295 laudatis
1607 2242 1790 2295 verbis
1831 2258 1950 2295 esse
1995 2244 2090 2296 Pa—

458 2355 593 2410 pam
622 2340 974 2403 Romanum,
1015 2351 1082 2389 eo
1124 2334 1271 2406 quod
1318 2351 1375 2388 se
1419 2335 1624 2388 Christi
1666 2335 1940 2390 vicarium
1988 2353 2085 2405 ap-

456 2433 653 2504 pellet,
686 2432 789 2485 hoc
816 2429 973 2483 enim
999 2444 1209 2482 nomen
1241 2428 1392 2499 apud
1430 2431 1650 2483 veteres
1677 2429 1943 2483 omnibus
1971 2428 2087 2499 epi-

461 2525 642 2597 scOpis
686 2524 870 2579 datur.
916 2524 1091 2593 Hujus
1138 2526 1403 2576 tractatus
1444 2523 1623 2593 stylus
1666 2523 1858 2576 minus
1906 2522 2093 2577 adhuc

461 2620 662 2674 similis
704 2620 789 2673 est
829 2618 974 2688 stylo
1017 2615 1305 2687 Cypriani,
1351 2632 1479 2670 cum
1528 2616 1602 2669 sit
1640 2616 1943 2684 involutus,
1987 2616 2090 2671 ob-

460 2729 687 2781 scurus,
746 2712 1063 2783 plenusque
1108 2710 1293 2764 verbis
1344 2710 1586 2765 minime
1640 2710 1870 2765 Latinis.
1923 2712 1979 2764 ln
2027 2727 2094 2764 co

460 2808 746 2878 Scriptura
796 2821 957 2860 sacra
1000 2804 1169 2859 aliter
1216 2805 1502 2874 reperitur
1552 2804 1715 2858 citata
1766 2821 1828 2858 ac
1880 2804 1937 2858 in
1987 2806 2090 2874 Cy-

466 2901 647 2974 priani
673 2900 850 2969 libris,
880 2898 1137 2969 illiusque
1177 2901 1376 2953 auctor
1416 2898 1771 2953 mentionem
1804 2898 1939 2952 facit
1968 2897 2096 2952 libri

460 2994 718 3066 inscripti
743 2996 1023 3061 Doctrina,
1055 2992 1171 3047 sive
1211 2994 1476 3048 Doctrina
1503 2993 1886 3063 apostolorum,
1922 3008 2095 3064 quem

461 3094 592 3161 post
615 3088 674 3144 8.
702 3088 1048 3160 Cyprianum
1074 3086 1451 3158 compositum
1484 3103 1604 3141 esse
1642 3086 1877 3141 omnino
1902 3086 2096 3141 verisi-

459 3184 596 3239 mile
627 3186 731 3238 est.

536 3280 600 3332 ll.
629 3276 796 3333 Liber
828 3276 894 3330 de
923 3275 1322 3344 Singularitate
1351 3274 1674 3329 Clericorum
1710 3291 1850 3345 opus
1878 3278 1961 3328 est
1985 3274 2091 3328 uti-

462 3371 762 3439 lissimum,
792 3368 850 3422 in
878 3384 991 3440 quo
1022 3368 1296 3439 probatur
1320 3368 1564 3424 Clericos
1594 3385 1722 3422 cum
1759 3368 2097 3422 mulieribus

466 3480 584 3520 non
647 3462 856 3518 debere
922 3460 1194 3516 habitare.
1250 3461 1513 3515 Nonnulli
1567 3461 1839 3533 Origeni,
1892 3460 1988 3515 alii
2035 3461 2093 3515 S.

464 3558 776 3630 Augustino
806 3556 947 3611 falso
978 3554 1377 3625 adjudicarunt
1393 3572 1409 3624 ;
1442 3555 1715 3609 Baronius
1745 3555 1853 3626 (l2)
1882 3553 2096 3609 nemini

470 3653 690 3723 aequius
735 3666 911 3722 quam
965 3649 1018 3703 S.
1073 3648 1359 3721 Cypriano
1403 3651 1600 3703 nostro
1654 3648 1887 3703 attribui
1932 3664 2098 3719 posse

469 3745 683 3813 statuit,
725 3744 824 3799 sed
859 3743 928 3798 ab
970 3742 1078 3797 hac
1117 3742 1381 3813 opinione
1419 3741 1762 3797 dissentiunt
1804 3741 2096 3797 Bellarmi-

469 3857 597 3910 nus,
626 3837 925 3901 Pamelius,
959 3835 1265 3907 ceterique
1293 3835 1583 3903 neoterici,
1619 3836 1718 3908 qui
1752 3836 1854 3891 etsi
1890 3835 2097 3890 librum

469 3934 630 3989 illum
669 3933 957 4003 insignem
989 3947 1053 3985 ac
1093 3930 1315 3999 utilem,
1348 3936 1517 4001 atque
1556 3929 1774 4001 antiqui
1814 3930 2099 4001 scriptoris

472 4043 592 4085 esse
630 4026 841 4098 passim
880 4028 1213 4097 agnoscant,
1244 4025 1453 4095 stylum
1492 4027 1691 4079 tamen
1731 4023 2007 4095 ejusdem,
2044 4027 2102 4078 et

469 4122 744 4178 barbaras
770 4136 931 4175 voces
950 4119 1084 4190 (t3),
1110 4135 1238 4189 quas
1268 4118 1402 4173 hinc
1432 4118 1562 4173 inde
1592 4118 1648 4172 in
1677 4134 1745 4172 eo
1778 4124 2098 4186 occurrunt,

475 4217 533 4271 S.
586 4214 865 4286 Cypriane
914 4212 1218 4284 indignum
1276 4228 1398 4266 esse
1451 4212 1652 4267 merito
1703 4212 2099 4283 pronuntiant.

475 4310 634 4364 Hunc
654 4309 959 4362 tractatum
987 4306 1080 4360 alii
1108 4307 1275 4361 etiam
1304 4307 1663 4377 Hieronymo,
1702 4306 1932 4377 quidam
1961 4306 2103 4360 Gau—

475 4402 671 4457 dentio
710 4400 985 4455 Brixiensi
1014 4400 1356 4455 tribuerunt.
1390 4400 1497 4454 Sed
1529 4416 1713 4471 neque
1754 4398 2102 4470 Hieronymi,

2115 3131 2169 3206 C

2192 2067 2469 2123 tunatum,
2502 2076 2629 2130 quas
2663 2059 2733 2113 ab
2776 2059 2964 2130 aliquo
3008 2056 3330 2113 recentiore
3374 2059 3601 2110 auctore
3644 2053 3799 2108 animi

2190 2154 2370 2225 gratia
2412 2154 2740 2225 compositae
2782 2158 2931 2206 sunt.
2967 2152 3127 2206 Prior
3169 2151 3315 2221 stylo
3364 2155 3565 2205 ornato
3605 2152 3658 2202 et
3692 2148 3801 2217 plus

2189 2264 2353 2318 azquo
2389 2248 2648 2302 atl‘ectato
2694 2246 2898 2317 scripta
2937 2247 3023 2300 est
3059 2262 3071 2299 :
3102 2249 3159 2299 et
3186 2249 3342 2315 patet
3383 2243 3503 2314 ejus
3536 2245 3801 2296 auctorem

2190 2342 2245 2396 id
2288 2342 2607 2408 intendere,
2642 2343 2707 2395 ut
2743 2339 3057 2394 orationem
3098 2354 3165 2392 ex
3202 2337 3447 2392 formula
3493 2335 3799 2391 conscribat.

2192 2435 2434 2490 Exordio
2462 2434 2659 2505 incipit
2686 2434 2924 2505 perinde
2950 2450 3015 2488 ac
3048 2433 3092 2486 si
3120 2432 3189 2486 ad
3222 2431 3503 2503 populum
3530 2430 3801 2484 concione-

2193 2535 2380 2597 retur;
2436 2529 2559 2600 ejus
2607 2528 2829 2598 periodi
2878 2530 3011 2581 sunt
3055 2526 3401 2593 elaborata,
3456 2524 3804 2595 cogitationes

2194 2624 2372 2678 nimia
2410 2624 2692 2693 religione
2736 2625 3065 2689 attenuatae,
3099 2636 3164 2675 ac
3202 2620 3344 2674 ordo
3389 2618 3553 2672 valde
3582 2622 3801 2671 coactus.

2195 2716 2385 2771 Oratio
2423 2717 2488 2770 de
2516 2717 2736 2785 Duplici
2774 2716 3044 2784 Martyrio
3083 2713 3273 2767 minus
3318 2716 3578 2767 accurate
3620 2710 3805 2779 scripta

2196 2814 2282 2865 ost
2335 2810 2406 2863 ab
2457 2809 2647 2881 aliquo
2694 2812 2927 2862 auctore
2985 2807 3347 2874 recentiore,
3407 2806 3502 2877 qui
3558 2801 3801 2875 Cypriani

2195 2906 2402 2975 stylum
2427 2904 2645 2958 volebat
2669 2903 2901 2958 imitari.
2934 2902 3013 2957 Ab
3046 2902 3283 2955 Henrico
3313 2900 3515 2954 Gravia
3551 2904 3608 2953 et
3629 2899 3804 2951 Pame-

2198 2999 2271 3053 lie
2300 2998 2549 3052 creditus
2585 3000 2671 3053 est
2711 2998 2981 3051 Erasmus
3024 2995 3193 3066 hujus
3221 2993 3443 3049 fraudis
3479 2998 3691 3057 auctor;
3721 2987 3806 3043 sed

2197 3093 2410 3163 absque
2438 3091 2613 3146 solido
2646 3090 3016 3145 fundamento
3046 3088 3263 3143 Erasmi
3292 3086 3522 3143 nomini
3558 3102 3666 3141 non
3700 3084 3806 3137 leve

2195 3187 2303 3241 hoc
2356 3186 2596 3241 dedecus
2641 3185 3003 3252 inusserunt;
3053 3188 3111 3237 et
3159 3187 3315 3237 certe
3358 3182 3444 3235 vir
3499 3180 3592 3234 ille
3635 3178 3809 3233 doctus

2196 3297 2322 3335 eam
2372 3279 2576 3333 melius
2626 3279 2960 3332 occultasset
3007 3277 3303 3344 fraudem;
3364 3274 3619 3347 quamvis
3671 3270 3807 3325 enim

2197 3379 2391 3430 auctor
2425 3374 2605 3443 tingat
2650 3388 2708 3426 se
2757 3371 3005 3426 scribere
3053 3370 3160 3425 240
3200 3369 3390 3436 annis,
3440 3374 3536 3422 aut
3585 3364 3807 3428 circiter,

2196 3473 2318 3541 post
2361 3467 2669 3534 Christum,
2703 3466 2783 3520 ait
2811 3469 3010 3519 tamen
3039 3464 3378 3535 religionem
3425 3461 3614 3530 latius,
3654 3472 3806 3529 quam

2196 3562 2505 3634 imperium
2536 3559 2796 3615 diffundi.
2823 3557 3075 3614 Meminit
3120 3557 3580 3629 persecutionum
3623 3550 3810 3606 Diocle-

2197 3656 2361 3724 tiani,
2417 3658 2475 3710 et
2519 3653 2770 3721 Maximi,
2819 3653 2933 3707 sive
2985 3651 3340 3716 Maximiani,
3392 3649 3522 3705 belli
3570 3647 3811 3702 adversus

2197 3752 2434 3820 Turcas;
2475 3749 2722 3819 facitque
2762 3746 3115 3801 mentionem
3160 3745 3575 3800 monachorum
3611 3753 3810 3797 eorum-

2200 3860 2310 3916 que
2342 3843 2572 3898 artium.

2272 3939 2332 3992 V.
2363 3939 2651 3992 Tractatus
2673 3937 2739 3992 de
2766 3936 3028 4006 Operibus
3059 3934 3263 3990 Christi
3290 3932 3679 3995 cardinalibus,
3706 3927 3807 3981 sive

2201 4031 2644 4104 principalibus,
2696 4030 2977 4101 Cypriano
3028 4028 3309 4095 tributus,
3354 4028 3488 4081 licet
3540 4025 3703 4095 stylus
3748 4020 3810 4073 sit

2203 4127 2368 4197 plane
2421 4125 2597 4192 alius,
2657 4124 2768 4178 tide
2830 4124 3144 4177 multorum
3211 4137 3348 4176 mss.
3410 4120 3690 4174 restitutus
3739 4119 3810 4167 est

2203 4219 2448 4274 Arnaldo
2473 4236 2504 4272 a
2535 4218 2892 4286 Bonnevallo,
2916 4217 2974 4270 in
3002 4215 3232 4270 dioecesi
3260 4213 3599 4270 Carnutensi
3618 4208 3807 4270 abbati,

2208 4312 2481 4368 Bernardi
2506 4312 2710 4378 amico,
2733 4311 2829 4383 qui
2856 4310 3003 4364 circa
3030 4310 3285 4364 medium
3313 4308 3508 4364 seaculi
3528 4323 3601 4362 xu
3620 4301 3807 4365 ﬂoruit,

2206 4424 2451 4479 eumque
2474 4423 2639 4478 papae
2663 4404 2911 4460 Adriano
2942 4404 3003 4458 ιν
3035 4403 3420 4474 inscripserat,
3454 4402 3659 4473 quique
3687 4396 3813 4451 alios

477 4511 663 4567 neque
708 4495 970 4566 Origenis
1024 4494 1165 4565 stylo
1215 4494 1455 4564 scriptus
1504 4498 1587 4547 est
1623 4494 1753 4563 (14),
1805 4493 2476 4576 magisqueDtractatus
2527 4500 2867 4556 Bibliotheca
2915 4498 3012 4555 ss.
3068 4500 3297 4553 Patrum
3337 4497 3588 4550 insertas
3629 4490 3808 4546 eodem

477 4590 773 4645 accederet
796 4590 865 4643 ad
905 4589 1110 4659 stylum
1143 4587 1458 4654 Gaudentii,
1492 4587 1742 4659 episcopi
1782 4587 2104 4653 Brixiensis,

476 4684 583 4739 nisi
623 4683 909 4738 obstarent
954 4681 1371 4753 manuscripts,
1418 4687 1475 4736 et
1513 4698 1578 4735 ea
1616 4698 1744 4752 quas
1782 4682 1932 4753 typis
1977 4685 2110 4735 sunt

478 4794 697 4845 excusa,
730 4793 972 4848 quorum
1016 4777 1235 4830 nullum
1284 4792 1416 4829 eum
1459 4776 1538 4829 illi
1572 4775 1786 4830 tribuit.
1828 4775 2107 4831 Editionis

475 4873 727 4943 Anglicte
775 4878 970 4926 auctor
1019 4869 1319 4925 contendit
1373 4870 1525 4924 hunc
1579 4873 1882 4924 tractatum
1938 4870 2107 4924 fuisse

480 4966 856 5039 compositum
906 4964 1262 5035 temporibus
1315 4964 1662 5019 Venerabilis
1721 4963 1918 5033 Bedes,
1978 4981 2105 5018 cum

480 5060 717 5133 quaestio
759 5060 829 5115 de
867 5058 1132 5115 coalibatu
1175 5057 1233 5113 in
1280 5057 1584 5114 Occidente
1629 5059 1838 5131 agitata
1880 5063 1966 5114 est
2003 5076 2015 5113 :
2049 5064 2109 5113 at

477 5155 602 5211 haec
630 5155 951 5226 conjectura
977 5151 1137 5208 nulla
1166 5151 1345 5207 solida
1370 5151 1571 5207 nititur
1599 5153 1817 5209 ratione
1849 5152 1982 5227 (15).

502 5380 509 5385 τ
540 5318 637 5378 (ll)
662 5318 865 5381 Dupin.
894 5315 1140 5367 Biblioth.
1177 5316 1417 5376 Auctor.,
1452 5318 1584 5366 tom.
1612 5330 1736 5381 pag.
1768 5317 1880 5380 278,
1906 5318 1965 5367 in
1990 5321 2104 5368 not.

478 5402 531 5444 ο,
560 5389 689 5439 edit.
719 5388 813 5439 lat.
852 5387 1069 5450 Colon.,
1099 5390 1153 5438 et
1177 5401 1299 5451 pag.
1328 5387 1441 5437 267.

540 5458 635 5522 (12)
666 5460 935 5510 Baronlus
968 5458 1037 5508 ad
1061 5471 1271 5508 annum
1301 5457 1414 5520 253,
1443 5471 1595 5507 num.
1622 5460 1700 5509 4t.

541 5530 640 5595 (l3)
691 5531 843 5582 Talia
889 5529 1054 5581 verba
1109 5529 1341 5580 barbara
1395 5533 1566 5579 sunt:
1618 5548 1645 5575 «
1695 5530 2103 5595 Repulsarium,

476 5602 983 5655 constitutionarios
1036 5601 1399 5667 vulgaritatis,
1462 5600 1828 5665 ﬂumirorum,
1876 5603 2104 5667 probro-

477 5676 675 5737 sitatis,
734 5674 1042 5740 participia,
1109 5672 1363 5734 adunari,
1427 5673 1716 5737 vaniﬁcat,
1775 5679 2102 5741 egestosam,

474 5748 847 5809 procurativa,
877 5745 1194 5808 absentarii,
1230 5749 1357 5807 etc.,
1390 5747 1767 5811 conjugaliter.
1794 5766 1824 5796 ››

541 5819 640 5890 (li)
672 5817 800 5872 Vid.
830 5817 959 5875 Hist.
1000 5816 1237 5886 Theolog.
1264 5816 1465 5881 Critia,
1498 5822 1627 5871 tom.
1652 5819 1749 5885 IX,
1780 5819 1843 5872 de
1883 5820 2108 5887 Scriptis

2209 4597 2350 4667 stylo
2394 4594 2723 4665 conscripsit
2775 4594 2839 4649 de
2898 4592 3084 4649 Verbis
3136 4591 3356 4655 Christi,
3404 4591 3470 4645 de
3519 4592 3691 4647 Cruce,
3733 4597 3810 4638 se:

2209 4690 2414 4744 dierum
2470 4689 2752 4759 Oporibus,
2800 4690 2857 4742 et
2899 4689 3092 4743 Mariae
3123 4687 3365 4755 Virginis
3418 4682 3710 4745 Laudibus;
3755 4690 3808 4728 ac

2210 4783 2452 4853 denique
2482 4783 2691 4837 librum
2718 4782 3154 4843 Meditationum,
3188 4779 3307 4851 qui,
3342 4778 3597 4833 nondum
3630 4773 3807 4834 editus,

2208 4877 2474 4949 operibus
2522 4876 2809 4948 Cypriani,
2856 4875 2914 4929 in
2964 4874 3184 4946 Anglia,
3228 4874 3378 4946 typis
3428 4864 3809 4929 Oxoniensibus

2210 4970 2507 5026 novissime
2537 4969 2706 5024 editis
2734 4970 2988 5041 adjectus
3016 4972 3102 5022 est
3135 4967 3264 5039 (16).

2284 5065 2368 5121 Vl.
2420 5064 2571 5119 Nihil
2625 5064 2810 5119 dicam
2871 5063 2942 5118 de
3012 5064 3355 5133 Expositione
3422 5064 3480 5116 in
3533 5052 3811 5127 Symbolum

2207 5160 2611 5232 Apostolorum,
2640 5158 2788 5230 quod
2818 5158 3091 5213 eximium
3111 5173 3253 5229 opus
3291 5157 3632 5226 Hieronymo
3655 5146 3806 5203 etiam

2209 5327 2467 5390 Origents,
2492 5339 2615 5390 pag.
2648 5323 2742 5374 260
2771 5337 2892 5389 sqq.

2268 5376 2364 5462 (is)
2413 5376 2538 5446 vici.
2565 5376 2787 5446 Maron.
2816 5376 2878 5445 ixi
2926 5395 3037 5445 Vita
3077 5394 3362 5459 Cypriani,
3404 5393 3433 5456 ξ,
3474 5390 3550 5449 36,
3582 5398 3695 5451 pse-
3728 5376 3804 5431 ίὶθ

2207 5482 2312 5533 sq.,
2342 5467 2473 5517 edit.
2504 5468 2699 5518 Venet.
2734 5466 2873 5517 1728.
3787 5519 3796 5529 .

2268 5526 2367 5602 (t6)
2421 5539 2575 5600 Haec,
2612 5542 2672 5589 ut
2718 5551 2853 5589 sane
2896 5536 3144 5599 decebat,
3185 5536 3254 5587 ad
3301 5548 3458 5586 suam
3506 5526 3665 5581 medii
3708 5526 3800 5602 invi

2205 5592 2443 5672 atatem,
2475 5592 2810 5662 remittenda
2842 5615 3009 5674 atque
3039 5592 3143 5659 suo
3181 5608 3396 5659 auctori
3434 5603 3671 5674 legitimo
3712 5592 3803 5643 ad-

2205 5681 2500 5733 scribenda
2534 5682 2802 5748 cpuscula
2826 5682 2883 5731 in
2919 5672 3153 5747 hujusce
3183 5678 3535 5732 Bibliotheca;
3564 5672 3796 5727 decursu:

2204 5754 2323 5807 Deo
2347 5754 2585 5820 favente,
2615 5753 2959 5806 curabimus.
2988 5751 3134 5809 EDD.
