4032 6180
214 192 308 251 845
1314 189 1750 247 APPENDICES.
1793 219 1861 232 —
1903 189 2419 249 PROLEGOMENA.

3461 204 3560 257 846

215 316 571 387 adscriptum,
605 331 756 369 nunc
797 314 1053 369 omnium
1091 314 1306 383 judicio
1348 316 1668 369 restituitur
1696 316 1831 386 legi-
1854 327 1911 399 Α
1934 332 2091 386 gum,
2122 333 2152 370 e
2178 316 2368 370 Graeco
2398 318 2593 372 Latine
2630 336 2661 373 a
2703 337 2759 373 se
2798 320 3103 390 redditum,
3135 323 3348 395 legenti
3378 331 3560 382 mani-

214 412 344 466 timo
388 409 604 481 parenti
636 408 861 463 Ruft‘mo
900 408 1142 475 Torane,
1171 408 1545 479 Aquileiensis
1582 409 1831 463 ecclesias

213 505 563 577 presbytero;
594 504 663 556 de
698 504 803 556 hac
832 502 1199 572 Expositione
1233 503 1553 557 Gennadius
1582 504 1637 556 in
1668 505 1828 557 Cata-

214 600 319 669 logo
352 601 604 654 Virorum
640 598 941 651 illustrium
980 596 1267 662 meminit,
1308 598 1444 651 dum
1478 597 1558 651 ait
1589 614 1601 650 :
1633 618 1659 645 ‹‹
1692 598 1826 650 Pro-

211 694 325 765 prie
357 696 550 746 autem
578 691 791 758 labere,
816 690 995 745 immo
1025 691 1220 761 gratite
1245 690 1340 745 Dei
1371 691 1543 759 done,
1570 689 1833 761 exposuit

216 787 355 842 idem
386 787 645 840 Ruffinus
679 785 1033 854 Symbolum,
1064 789 1125 839 ut
1155 786 1207 839 in
1252 786 1373 855 ejus
1405 784 1828 855 comparatione

210 881 292 935 alii
321 896 434 934 non
463 878 655 951 813
683 879 1009 949 exposuisse
1038 879 1369 933 credantur.
1402 902 1429 928 ››
1459 880 1610 933 Inter
1642 878 1830 932 Hiero-

210 977 358 1045 nymi
386 990 560 1044 opera
594 973 955 1043 supposititia
988 972 1154 1027 etiam
1190 989 1341 1026 nunc
1372 976 1557 1027 exstat
1583 972 1719 1043 (l7).

273 1070 379 1122 V'Il.
413 1069 699 1122 Tractatus
726 1068 791 1121 de
823 1069 1205 1122 Hzereticorum
1237 1069 1529 1136 Baptismo,
1559 1065 1829 1119 adversus

207 1163 255 1217 S.
298 1162 563 1233 Cypriani
610 1161 947 1215 sententiam
995 1178 1027 1213 a
1066 1160 1395 1215 doctissimo
1446 1160 1683 1230 Rigaltio
1719 1160 1829 1229 pri-

207 1273 358 1310 mum
390 1256 449 1309 in
481 1256 668 1309 lucem
699 1255 901 1323 editus,
936 1254 1140 1308 veteris
1170 1256 1257 1307 est
1283 1255 1541 1317 auctoris,
1579 1254 1673 1324 qui
1695 1257 1826 1307 ante

210 1349 505 1421 Augustini
545 1356 823 1419 tempora,
869 1352 923 1403 et
948 1348 1217 1418 Cypriani
1250 1348 1440 1402 forsan
1472 1352 1634 1402 astate
1672 1347 1824 1401 vixit;

213 1445 357 1497 Hunc
398 1443 645 1496 libellum
692 1443 757 1495 de
799 1442 1195 1511 Rebaptismate
1238 1441 1515 1505 Baluzius,
1554 1445 1827 1495 monente

212 1538 449 1609 primum
476 1536 615 1589 Phili
623 1554 731 1606 ppo
752 1536 994 1601 Labbee,
1017 1536 1287 1606 scriptum
1312 1535 1483 1589 fuisse
1503 1537 1693 1589 censet
1715 1533 1825 1605 (l8)

209 1632 271 1685 ab
298 1631 521 1697 Ursino,
556 1630 833 1683 monacho
859 1630 1010 1695 Afro,
1042 1645 1215 1700 quem
1253 1629 1570 1683 Gennadius
1598 1629 1652 1681 in
1684 1628 1827 1681 libro

1932 409 2137 463 festum
2172 419 2275 465 est.
2316 414 2442 466 llaec
2472 412 2727 482 praefatio
2762 415 2892 469 ideo
2920 416 3068 471 inter
3096 433 3267 488 opera
3297 422 3560 491 Cypriani

1932 503 2124 558 forsan
2168 506 2467 575 adoptata,
2520 507 2649 560 licet
2698 510 2975 579 praecipiti
3032 513 3275 566 nimium
3320 516 3559 583 judicio,

1935 598 2240 668 aliquando
2273 600 2398 667 fuit,
2431 601 2577 670 quod
2608 601 2667 654 in
2697 603 2887 655 codice
2918 605 3241 661 Celbcrtino
3274 610 3406 662 1453
3443 611 3556 679 sig-

1932 698 2081 759 nate,
2132 693 2234 746 hoc
2278 694 2399 764 ejus
2432 694 2661 749 initium
2700 695 2770 749 sit
2807 714 2818 749 :
2862 698 3169 767 Cyprianus
3197 704 3396 770 Vigilio
3435 705 3558 769 fra-

1932 790 2004 840 tri
2043 787 2306 841 salutem!
2358 790 2531 843 Porro
2576 794 2739 844 vetus
2786 791 2830 843 is
2878 791 3145 862 Dialogus
3189 795 3411 849 Canens
3457 803 3557 863 est,

1931 896 2060 933 cum
2083 880 2357 951 Origenes
2387 882 2483 936 lib.
2518 899 2573 937 iv
2610 892 2799 939 contra
2840 886 3044 942 Celsum
3073 887 3332 955 ejusdem
3362 893 3557 945 memi-

1930 974 2079 1027 nerit
2113 976 2242 1045 (2t).
2287 976 2419 1038 Quis
2449 977 2743 1048 qualisque
2787 979 2957 1033 fuerit
2994 980 3087 1033 ille
3127 982 3335 1050 Celsus,
3370 984 3463 1053 qui
3498 1002 3562 1037 ea

1929 1067 1986 1120 in
2041 1068 2302 1122 Latinum
2360 1086 2686 1125 sermonem
2738 1089 2913 1141 versa,
2972 1074 3310 1143 prastatione
3366 1075 3558 1147 814

1928 1160 2074 1215 bene
2119 1162 2309 1233 longa,
2341 1163 2544 1234 Vigilie
2578 1165 2839 1236 episcopo
2869 1168 2979 1235 (22)
3014 1172 3344 1239 nuncupata
3385 1173 3559 1237 auxit,

1931 1271 2043 1309 non
2072 1260 2315 1324 constat;
2347 1257 2403 1309 id
2434 1258 2615 1311 solum
2656 1259 2837 1329 liquet
2883 1276 2949 1313 ex
2994 1262 3254 1330 plurimis
3284 1264 3563 1333 prmfatie-

1928 1348 2015 1402 nis
2069 1349 2244 1417 locis,
2300 1366 2427 1404 eum
2475 1352 2798 1422 vigentibus
2854 1354 3038 1407 adhuc
3096 1357 3560 1424 persecutionum

1928 1442 2295 1513 temporibus,
2343 1447 2400 1497 et
2454 1452 2585 1499 ante
2637 1452 2958 1517 susceptam
3006 1448 3074 1501 ab
3124 1448 3561 1519 imperatoribus

1928 1534 2103 1589 ﬁdem
2128 1536 2507 1591 Christianam
2540 1539 2845 1610 scripsisse.

2004 1630 2085 1683 IX.
2127 1630 2377 1684 Tertium
2422 1632 2668 1703 denique
2701 1635 2961 1689 adversus
2998 1637 3213 1691 Judazos
3253 1641 3557 1693 tractatum

209 1726 265 1780 de
307 1726 670 1794 Scriptoribus
720 1725 1103 1779 Ecclesiasticis
1158 1724 1309 1777 inter
1361 1724 1659 1793 scriptores
1724 1722 1825 1776 sevi
1849 1705 1905 1776 Β
1930 1723 1998 1777 ob
2030 1724 2275 1778 nimiam
2305 1727 2431 1795 styli
2474 1726 2887 1783 dissenantiam
2921 1730 3202 1800 Cypriane
3236 1731 3406 1785 trihui
3438 1748 3555 1787 non

207 1819 379 1890 quarti
413 1818 538 1889 jam
583 1817 891 1872 desinentis
928 1818 1205 1886 nominat,
1244 1822 1297 1871 et
1342 1817 1622 1887 scripsisse
1652 1815 1827 1869 tradit

209 1914 464 1967 adversus
522 1930 616 1966 eos
662 1912 759 1983 qui
806 1912 1235 1983 rebaptizandes
1288 1911 1583 1966 haereticos
1635 1910 1826 1964 decer-

208 2010 359 2075 nunt,
409 2013 583 2078 atque
628 2005 881 2060 docuisse
934 2005 1365 2075 rebaptizandes
1410 2022 1520 2058 non
1562 2020 1681 2058 esse
1728 2020 1825 2058 eos

207 2101 292 2171 qui
319 2101 402 2155 vel
436 2101 494 2154 in
525 2100 753 2153 nomine
783 2099 1115 2169 simpliciter
1134 2098 1362 2165 Christi,
1390 2099 1475 2153 vel
1503 2099 1559 2152 in
1589 2098 1824 2152 nomine

207 2195 391 2261 Patris,
434 2196 495 2247 et
544 2193 688 2263 Filii,
728 2202 784 2247 et
827 2193 1074 2264 Spiritus
1116 2193 1314 2259 sancti,
1354 2192 1609 2264 quamvis
1647 2208 1824 2263 pravo

207 2306 385 2356 sensu,
415 2288 802 2360 baptizantur,
833 2288 898 2341 iis
924 2293 1115 2341 autem
1145 2294 1271 2358 post
1302 2288 1619 2357 simplicem
1650 2286 1827 2339 Trini-

207 2384 325 2437 tatis
364 2383 786 2437 confessionem
831 2383 1089 2437 sufticere
1134 2382 1203 2436 ad
1251 2382 1487 2436 salutem
1547 2396 1825 2435 manuum

207 2477 623 2547 impositionem
652 2476 783 2548 (19).

268 2572 675 2626 Persuaserunt
711 2571 1074 2642 potissimum
1109 2569 1357 2637 Baluzie,
1389 2573 1449 2622 ut
1488 2570 1822 2639 opusculum

206 2666 299 2719 hoc
346 2665 554 2720 Ursino
599 2664 891 2731 tribueret,
938 2664 1070 2718 licet
1117 2664 1448 2717 Guillelmus
1494 2664 1638 2716 Cave
1688 2662 1823 2716 illud

203 2760 343 2830 quod
370 2759 753 2813 invalescente
800 2757 1199 2829 persecutione
1240 2757 1509 2827 scriptum
1542 2756 1821 2823 videatur,

206 2871 314 2909 aevo
341 2853 609 2924 Cypriani
641 2858 870 2918 asserat,
899 2852 991 2905 illa
1018 2851 1189 2904 verba
1225 2869 1235 2904 :
1270 2872 1296 2899 «
1330 2857 1455 2921 post
1483 2855 1567 2905 tot
1591 2851 1821 2904 saeculo-

206 2965 320 3002 rum
343 2951 571 3002 tantam
603 2947 807 3001 seriem
838 2967 864 2995 ››
900 2961 1028 3017 quas
1061 2946 1246 3015 ipsum
1286 2946 1436 2999 inter
1461 2951 1514 2999 et
1537 2944 1825 3015 apostolos

205 3043 613 3108 intercesserit;
681 3042 997 3111 elisamque
1063 3044 1228 3111 putat
1293 3038 1457 3095 Cavei
1523 3054 1899 3152 censuramC

203 3137 386 3192 exinde
416 3136 597 3208 quod,
624 3138 689 3189 ut
711 3135 829 3206 ipse
856 3135 989 3188 alias
1017 3134 1084 3189 de
1110 3138 1365 3204 tempore
1391 3133 1609 3187 concilii
1643 3132 1823 3185 Elibe-

205 3232 361 3285 ritani
393 3230 756 3294 ostendisset,
795 3230 1011 3284 mentio
1053 3228 1462 3300 persecutionis
1506 3228 1649 3280 facta
1674 3226 1820 3279 anti-

201 3326 377 3397 quitus
416 3326 597 3380 fuerit
628 3324 697 3378 ab
738 3323 804 3377 iis
848 3324 1018 3378 etiam
1061 3323 1158 3394 qui
1194 3322 1289 3377 diu
1322 3325 1451 3392 post
1488 3320 1822 3375 exstinctam

198 3420 645 3490 persecutionem
699 3418 904 3472 vixere.
971 3417 1244 3489 Rigaltius
1302 3419 1567 3482 econtra,
1635 3415 1825 3469 editor

200 3515 550 3580 Oxeniensis,
589 3512 999 3581 Tillementius,
1031 3512 1263 3579 Caveus,
1295 3512 1550 3565 Maranus
1592 3516 1647 3562 et
1694 3509 1819 3562 Gal-

198 3610 411 3664 landius
446 3604 808 3663 arbitrantur
831 3622 973 3677 opus
1013 3622 1134 3660 esse
1174 3604 1418 3658 auctoris
1459 3603 1528 3658 ab
1567 3620 1686 3657 aevo
1724 3605 1824 3673 Cy-

198 3704 372 3774 priani
401 3719 609 3775 parum
642 3700 901 3756 distantis
929 3700 1055 3768 (20).

262 3800 393 3854 Vlll.
442 3799 567 3853 Non
615 3795 800 3867 magis
846 3796 903 3850 S.
943 3793 1208 3865 Cypriani
1252 3793 1520 3864 operibus
1563 3790 1823 3863 genuinis

200 3893 475 3946 accenseri
530 3894 765 3961 possunt
820 3891 1110 3944 Tractatus
1161 3889 1225 3941 de
1274 3889 1540 3942 Montibus
1585 3889 1718 3942 Sina
1774 3891 1823 3941 et

199 3986 340 4050 Sion,
386 3987 647 4040 adversus
688 3985 942 4048 Judaaos;
993 3983 1136 4037 liber
1185 3982 1254 4035 ad
1297 3981 1559 4052 Vigilium
1607 3982 1818 4051 episco-

200 4097 325 4149 pum
377 4080 443 4134 de
488 4079 719 4133 Iudaica
764 4078 1172 4146 Incredulitate,
1212 4080 1267 4130 et
1302 4077 1590 4129 Tractatus
1626 4075 1818 4129 adver-

198 4190 279 4227 sus
322 4175 542 4229 Iudaeos
590 4174 684 4244 qui
735 4172 971 4226 insecuti
1021 4175 1155 4225 sunt
1209 4170 1512 4225 Dominum
1564 4176 1819 4223 nostrum

196 4269 375 4322 Jesum
418 4268 731 4323 Christum.
778 4267 914 4319 Nam
962 4264 1214 4336 primum
1256 4281 1288 4318 a
1324 4265 1445 4318 viro
1477 4262 1821 4333 compositus

198 4366 309 4429 est,
387 4364 487 4434 qui
554 4361 942 4416 Rabbinerum
1009 4366 1065 4413 et
1125 4358 1534 4413 Cabalistarum
1609 4356 1820 4411 deliriis

1928 1834 2087 1888 posse
2121 1818 2299 1872 critici
2343 1820 2557 1889 pariter
2598 1823 2996 1890 consentiunt;
3032 1823 3294 1879 observat
3324 1824 3558 1896 insuper

1925 1912 2002 1967 Cl.
2054 1912 2333 1983 Dupinius
2379 1912 2604 1968 duobus
2644 1915 2732 1969 his
2777 1916 2834 1969 in
2880 1917 3178 1987 operibus.
3222 1920 3554 1989 praefatione

1926 2006 2204 2060 nimirum
2232 2007 2438 2077 Vigilie
2468 2008 2754 2079 inscripta,
2790 2016 2845 2064 et
2892 2014 3134 2066 tractatu
3174 2013 3433 2068 adversus
3467 2016 3556 2068 Ju-

1926 2100 2085 2163 ἄκος,
2117 2100 2256 2154 nihil
2292 2118 2618 2172 congruens
2647 2106 2706 2157 et
2732 2104 2974 2159 solidum
3006 2106 3245 2176 reperiri
3278 2107 3408 2177 (‘23).

1997 2194 2056 2247 X.
2089 2194 2353 2250 Carmina
2395 2196 2607 2251 Genesis
2648 2202 2695 2250 et
2740 2199 2967 2253 Sodoma
3006 2199 3275 2270 inscripta
3321 2201 3550 2271 Cypria-

1928 2304 2067 2341 num
2111 2293 2399 2343 auctorem
2448 2290 2656 2346 habere
2694 2292 2973 2346 Pamelius
3018 2293 3325 2348 arbitratus
3353 2298 3455 2361 est,
3489 2311 3554 2349 eo

1926 2383 2078 2453 quod
2133 2399 2165 2435 a
2220 2382 2466 2454 Georgio
2524 2384 2779 2439 Fabricio
2834 2403 2897 2440 ac
2945 2386 3190 2441 Morellio
3239 2394 3295 2441 et
3347 2388 3403 2441 in
3456 2406 3551 2443 ce-

1928 2474 2051 2529 dice
2085 2492 2191 2529 ms.
2225 2475 2587 2531 Bibliothecae
2628 2478 2928 2533 Victorinae
2970 2480 3117 2550 apud
3160 2482 3406 2537 Parisios
3448 2483 3552 2552 ipsi

1927 2569 2278 2638 tribuantur;
2336 2571 2601 2642 quodque
2646 2572 2863 2643 aliquot
2911 2573 3143 2643 phrases
3195 2575 3553 2646 Cyprianicas

1928 2662 1982 2716 in
2012 2663 2211 2717 iisdem
2254 2664 2702 2734 deprehendisse
2744 2667 2847 2721 sibi
2889 2667 3197 2723 videretur.
3228 2670 3434 2723 Verum
3463 2668 3551 2724 ha:

1928 2756 2180 2810 rationes
2229 2758 2419 2827 exigui
2468 2761 2743 2815 momenti
2784 2764 2946 2830 sunt,
2998 2777 3183 2833 neque
3238 2767 3553 2817 memorata

1928 2851 2180 2904 carmina
2225 2855 2415 2906 sancto
2457 2854 2692 2924 Martyre
2738 2858 2825 2909 sat
2866 2855 3036 2926 digna
3076 2860 3225 2925 sunt,
3270 2860 3327 2910 et
3372 2858 3553 2927 ignoti

1926 2944 2224 3015 cujusdam
2285 2948 2531 3001 auctoris
2578 2964 2699 3003 esse
2752 2948 2958 3003 rectius
3017 2950 3345 3005 creduntur.
3404 2950 3553 3006 Nihil

1928 3039 2142 3109 pariter
2167 3040 2385 3107 suadet,
2415 3042 2661 3095 alterum
2705 3042 2843 3097 item
2875 3059 3105 3097 carmen
3147 3044 3219 3098 ad
3246 3044 3555 3099 Senatorem

1925 3149 1993 3187 ex
2021 3133 2341 3188 Christiana
2368 3135 2641 3207 religione
2671 3136 2741 3189 ad
2774 3136 2923 3191 idola
2953 3154 3313 3205 conversum,
3353 3142 3553 3194 Sancte

1925 3231 2120 3281 nostro
2154 3228 2463 3296 vindicare,
2495 3230 2578 3283 uti
2614 3246 2713 3285 nec
2752 3234 3020 3299 Hymnum
3057 3233 3121 3285 de
3154 3232 3317 3286 Cruce
3346 3234 3559 3287 Domini

1924 3322 2011 3374 vel
2058 3322 2125 3376 de
2172 3324 2379 3377 Pascha
2430 3326 2664 3391 Domini,
2714 3325 2792 3378 uti
2839 3325 3143 3395 Pamelius,
3187 3327 3273 3379 vel
3324 3327 3553 3396 Lignum

1924 3419 2067 3477 vita,
2114 3414 2197 3468 uti
2246 3417 2533 3472 Fabricius
2572 3418 2859 3488 legerunt,
2910 3436 3105 3489 quem,
3154 3421 3351 3473 eodem
3410 3423 3553 3475 teste

1925 3510 2199 3580 Pamelio,
2259 3511 2437 3565 codex
2488 3513 2761 3567 Dunensis
2811 3513 3096 3567 Victorino
3155 3514 3449 3581 adscribit,
3498 3519 3554 3568 et

1924 3609 2055 3674 post
2110 3605 2268 3675 cujus
2321 3606 2494 3660 linem
2550 3607 2692 3661 alter
2752 3606 2931 3662 codex
3000 3608 3249 3662 Cornelii
3305 3608 3555 3663 Gualteri

1925 3698 2101 3752 habet
2135 3715 2145 3751 :
2180 3698 2333 3753 Cozlii
2372 3700 2639 3771 Cypriani
2665 3704 2896 3771 episcopi
2939 3707 2986 3755 et
3028 3705 3286 3771 martyris
3312 3705 3559 3770 Hymnus

1924 3792 1987 3846 de
2014 3794 2221 3847 Pascha
2260 3796 2473 3847 Domini
2499 3798 2567 3850 N.
2612 3798 2660 3847 J.
2699 3794 2922 3857 Christi,
2953 3801 3050 3849 aut
3077 3798 3365 3849 secundum
3394 3812 3553 3865 quos-

1923 3887 2050 3941 dam
2115 3890 2382 3941 Victorini
2438 3889 2863 3943 Pictabronensis
2908 3889 2985 3958 (id
3046 3893 3131 3942 est
3181 3890 3554 3943 Petabonensis

1923 3979 2007 4033 vel
2046 3982 2470 4049 Petavionensis)
2501 3984 2756 4051 episcopi,
2804 3983 2960 4052 cujus
3004 3982 3239 4036 nomine
3281 3984 3453 4036 etiam
3492 3984 3551 4037 in

1922 4074 2043 4127 aliis
2072 4090 2206 4129 mss.
2240 4074 2530 4129 codicibus
2568 4080 2782 4130 exstare
2823 4077 3048 4131 dicitur.
3087 4080 3147 4131 In
3191 4077 3395 4131 Baluzii
3437 4077 3553 4131 edi-

1924 4169 2076 4222 tione
2120 4170 2325 4223 Veneta
2358 4171 2665 4224 Victorium
2696 4171 3101 4226 Pictaviensem
3130 4172 3381 4242 prmfert.

1993 4263 2079 4316 ΧΙ.
2113 4262 2218 4315 Alii
2250 4266 2521 4318 tractatus
2547 4267 2828 4336 Cypriane
2866 4265 3121 4336 inscripti
3169 4282 3283 4319 non
3324 4268 3550 4321 tantum

1923 4362 2054 4411 sunt
2080 4357 2423 4427 supposititii
2455 4359 2553 4411 sed
2583 4361 2756 4413 etiam
2785 4377 2967 4430 nugas
3006 4365 3059 4412 et
3087 4359 3382 4413 mendacia
3420 4376 3549 4415 con-

198 4456 357 4511 tidem
388 4455 724 4523 adhibebat,
760 4470 1056 4526 nugasque
1084 4453 1351 4524 Cypriani
1394 4452 1630 4523 ingenio
1659 4452 2126 4526 pror—Dtinent.
2185 4452 2269 4506 Sic
2324 4469 2465 4523 opus
2519 4454 2583 4507 de
2633 4454 2793 4507 Ca'na
2850 4453 3153 4506 ridiculum
3208 4469 3271 4505 ac
3324 4453 3548 4524 ineptiis

196 4568 282 4603 sus
324 4550 589 4621 indignas
630 4548 1042 4621 complectitur.
1085 4550 1335 4604 Alterum
1380 4548 1712 4617 epusceluiu
1758 4548 1821 4599 de

196 4645 585 4700 Incredulitate
626 4645 883 4707 Iudaica,
928 4660 1040 4697 non
1094 4643 1199 4697 nisi
1255 4642 1650 4713 praefationem
1698 4657 1818 4694 esse

196 4740 484 4809 cujusdam
515 4738 821 4795 Christiani
860 4737 1029 4805 senis,
1061 4737 1159 4809 qui
1200 4753 1319 4791 sese
1361 4737 1582 4790 Celsum
1636 4734 1814 4787 nemi-

196 4839 311 4903 nat,
338 4834 394 4888 in
436 4834 659 4889 Iasonis
700 4832 1028 4899 Christiani,
1073 4837 1128 4886 et
1168 4830 1378 4902 Papisci
1420 4830 1598 4885 Judaai
1643 4828 1820 4883 diale-

250 5041 347 5102 (17)
401 5038 667 5091 Similiter
709 5037 862 5088 hunc
903 5036 1105 5088 librum
1148 5050 1276 5088 cum
1321 5034 1527 5087 Rufﬂni
1559 5035 1819 5099 eperibus

194 5110 464 5161 dabimus.
498 5110 643 5160 Enn.

252 5185 347 5243 (18)
382 5182 592 5232 Baluzii
632 5186 745 5231 not.
780 5195 833 5239 η,
874 5180 929 5230 in
962 5180 1239 5243 Anonymi
1275 5179 1476 5229 librum
1522 5178 1585 5227 de
1620 5177 1817 5241 Rebap-

195 5253 411 5311 tismate,
447 5266 569 5315 pag.
598 5252 693 5301 735
722 5252 852 5301 edit.
882 5249 1076 5301 Venet.
1117 5253 1254 5300 1748.

251 5325 345 5385 (l0)
380 5322 522 5373 Vide
553 5329 681 5371 tom.
714 5322 952 5386 praeced.

251 5394 349 5455 (ΞΟ)
395 5393 605 5443 Morari.
652 5394 706 5441 in
768 5394 879 5441 Vita
923 5394 975 5442 S.
1020 5390 1293 5455 Cypriani,
1333 5391 1365 5455 ἓ
1397 5390 1477 5448 35,
1514 5404 1632 5453 pag.
1687 5390 1814 5449 H7;

194 5466 424 5518 Galand.
470 5467 710 5517 Bibliolli.
754 5468 845 5517 SS.
890 5467 1123 5525 Patrum,
1170 5472 1301 5516 tem.
1346 5468 1437 5528 ΙΙΙ,
1487 5466 1815 5531 Prolegom..

196 5554 313 5602 pag.
341 5540 424 5602 23,
462 5546 516 5590 et
540 5539 759 5589 \Valch.
790 5541 981 5589 Hister.
1014 5540 1109 5588 der
1136 5541 1364 5598 Ket:er.,
1398 5544 1432 5588 t.
1471 5540 1537 5599 II,
1566 5552 1687 5603 pag.
1725 5539 1820 5587 368

194 5625 345 5677 seqq.

258 5684 511 5745 (21)Vid.
542 5685 669 5737 Hist.
707 5683 938 5749 Theolog.
974 5685 1163 5746 critic,
1196 5690 1326 5736 tom.
1368 5685 1408 5749 Ι,
1450 5684 1517 5737 de
1562 5684 1817 5737 Aristone

198 5756 416 5821 Pellaeo,
449 5758 598 5811 artic.
630 5771 685 5824 ιι,
712 5772 834 5825 pag.
861 5758 973 5821 386,
998 5758 1107 5810 392.

1924 4547 2195 4600 refertum
2251 4553 2365 4612 est,
2423 4565 2535 4601 non
2594 4548 2759 4601 modo
2821 4547 3012 4617 itaque
3065 4552 3254 4599 sancte
3308 4547 3546 4617 Martyre

1923 4645 2137 4707 nostro,
2190 4642 2286 4695 sed
2337 4658 2437 4695 nec
2482 4642 2800 4696 Christiane
2853 4640 3083 4695 homine
3137 4640 3378 4711 dignum
3428 4643 3542 4708 est;

1922 4736 2087 4789 fretus
2137 4735 2348 4790 scilicet
2401 4735 2690 4805 cujusdam
2751 4736 3079 4805 nugatoris,
3130 4751 3305 4789 sacrm
3361 4734 3545 4805 Scrip-

1922 4836 2063 4884 turzc
2095 4829 2341 4885 historiis
2370 4829 2441 4884 ad
2474 4831 2696 4899 ineptas
2726 4829 2945 4883 fabulas
2978 4845 3102 4883 suas
3134 4828 3314 4890 abusi,
3344 4833 3407 4883 ut
3446 4829 3547 4882 mi.

1985 5035 2085 5097 (ἒξ)
2114 5034 2280 5085 Hunc
2308 5034 2570 5098 Vigilium
2597 5034 2876 5083 Pamelius
2903 5034 3289 5084 Tridentinum
3320 5035 3544 5097 episce—

1920 5121 2053 5172 pum
2093 5108 2266 5157 fuisse
2311 5108 2571 5171 conjicit;
2616 5107 2733 5169 sed,
2765 5106 2912 5171 quod
2956 5106 3149 5156 Celsus
3194 5106 3397 5169 Vigilie
3445 5120 3547 5157 suo

1921 5180 1987 5230 de
2014 5180 2200 5228 futuro
2230 5180 2493 5243 martyrio
2536 5178 2855 5243 gratulatur,
2887 5190 3127 5239 eumque
3155 5178 3229 5226 ait
3272 5178 3370 5228 Dei
3405 5180 3549 5241 judi-

1921 5252 2006 5301 cio
2038 5255 2331 5311 martyrem
2365 5250 2701 5300 destinatum
2730 5250 2917 5309 fuisse,
2950 5262 3079 5299 cum
3116 5248 3355 5297 mirabili
3382 5250 3546 5299 modo

1920 5322 2214 5385 episcopus
2272 5322 2608 5372 constitutus
2666 5324 2785 5381 est;
2844 5320 2901 5369 id
2953 5319 3155 5383 Vigilio
3226 5318 3547 5371 Tridentino

1920 5394 2089 5456 aptari
2113 5407 2223 5441 non
2252 5397 2431 5457 potest
2458 5406 2655 5458 ;quem
2682 5390 2888 5442 sarculo
2916 5406 2972 5443 Iv
2990 5396 3226 5442 exeunte
3249 5394 3300 5440 in
3325 5405 3543 5441 summa

1920 5464 2186 5515 Ecclesia:
2220 5478 2354 5527 pace
2396 5466 2672 5515 viventem
2717 5476 2882 5513 nemo
2925 5477 3020 5527 spe
3050 5468 3104 5514 et
3130 5464 3541 5528 eXSpectatione

1919 5541 2217 5599 martyrem
2254 5536 2439 5587 dicere
2471 5538 2666 5601 potuit.

1983 5608 2079 5671 (23)
2106 5608 2306 5674 Dupin.
2345 5608 2475 5660 Bibl.
2504 5610 2744 5669 Auctor,
2783 5610 2913 5657 tom.
2943 5607 2983 5669 Ι,
3012 5621 3143 5678 pag.
3170 5607 3263 5657 269
3294 5603 3418 5655 edit.
3454 5606 3545 5654 lat.

1919 5678 2111 5733 Colon.
