4032 6180
456 270 556 330 847

1551 268 1637 323 AD
1677 267 1897 323 OPERA
1941 267 1998 321 S.
2042 265 2357 322 CYPRIANI
2390 263 2702 321 GENUINA.

3693 259 3780 318 848

457 420 582 458 rum
617 402 706 470 sit,
736 401 894 454 illum
937 402 990 453 S.
1024 398 1307 470 Cypriane
1336 402 1528 451 nostro
1559 413 1806 466 unquam
1843 394 2085 448 adscribi
2109 409 2166 481 Α
2187 393 2383 447 Gelasii
2413 395 2819 458 recensentur;
2845 391 2941 444 sed
2985 406 3052 444 ea
3084 389 3433 460 cognominis
3460 389 3648 453 sancti,
3679 391 3778 443 An-

455 497 724 568 potuisse.
772 493 1163 546 Tillemontius
1215 493 1341 558 (24),
1397 491 1468 544 ob
1521 489 1912 560 ineptissimos
1971 504 2085 541 non

455 605 518 642 ex
560 589 727 642 rebus
769 587 1044 658 profanis,
1086 585 1185 639 sed
1234 601 1302 638 ex
1354 582 1658 654 Scripturis
1701 582 1878 636 sacris
1918 581 2088 635 etiam

458 699 562 752 per
591 683 671 734 fas
704 687 758 735 et
788 680 943 734 nefas
970 679 1239 733 deductos
1260 679 1416 748 jocos
1455 677 1591 730 illud
1623 677 1802 729 Turca
1842 675 2089 744 dignius,

458 791 626 846 quam
679 774 1005 829 Christiano
1047 773 1180 842 jure
1222 772 1427 825 merito
1481 769 1789 824 existimat.
1833 770 2094 822 Testatur

460 868 765 924 Salmasius
792 869 849 921 in
878 867 1034 921 Notis
1069 865 1141 919 ad
1171 865 1420 920 Flavium
1458 863 1778 934 Vopiscum,
1807 878 1936 932 pag.
1967 865 2090 929 396,

460 978 520 1016 se
547 960 824 1016 beneﬁcio
853 960 1164 1014 doctissimi
1199 957 1592 1029 jurisconsnlti
1621 955 1797 1009 Jureti
1827 955 2091 1009 habuisse

459 1056 612 1110 hunc
639 1054 914 1108 Libellum
945 1053 1394 1122 manuscriptum
1439 1051 1508 1104 ab
1542 1050 1772 1104 Alezino
1813 1048 2093 1102 monacho

462 1148 730 1203 Remensi
804 1147 1056 1202 versibus
1122 1145 1408 1200 redditum
1477 1160 1606 1196 cum
1676 1143 1783 1196 hoc
1847 1142 2010 1196 titulo
2077 1158 2089 1193 :

462 1243 620 1296 Cwna
686 1242 934 1304 Azelini,
1000 1242 1270 1296 Bernensis
1337 1236 1526 1308 815
1590 1238 1870 1304 monachi,
1931 1253 2093 1304 quam

463 1335 708 1391 condidit
743 1335 814 1388 ad
837 1336 1126 1388 Henricum
1162 1335 1560 1400 imperatorem,
1590 1332 1835 1383 imitatus
1864 1329 2091 1398 Cypria-

464 1446 596 1483 num
650 1429 1144 1495 Carthaginensem.
1199 1427 1277 1478 De
1337 1425 1535 1479 eodem
1595 1423 1742 1478 libro
1797 1423 2095 1494 sequentia

465 1523 637 1576 refert
681 1520 989 1578 Casimirus
1035 1519 1294 1574 Oudinus
1334 1518 1441 1589 (25)
1493 1535 1504 1571 :
1554 1539 1580 1566 «
1632 1518 1820 1570 Unum
1869 1533 2096 1588 quoque

464 1632 555 1669 me
603 1614 908 1668 admonuit
950 1613 1098 1666 circa
1149 1612 1484 1682 opusculum
1535 1611 1693 1666 Carna
1739 1611 2004 1681 Cypriani
2039 1611 2096 1664 in

465 1708 733 1780 Operibus
780 1707 901 1777 ejus
945 1706 1308 1776 inscriptum,
1351 1705 1436 1758 vir
1488 1704 1806 1759 eruditione
1865 1703 2097 1758 clarissi-

2193 487 2443 542 tiocheni
2470 504 2566 540 seu
2597 485 3043 540 Nicomediensis
3072 483 3357 554 martyris,
3388 499 3506 536 esse
3536 483 3784 550 creditur,

2193 586 2289 652 qui
2321 598 2433 634 una
2475 598 2604 634 cum
2636 580 2692 635 S.
2721 580 2942 634 Justina
2978 578 3200 648 virgine
3242 582 3506 646 martyre,
3548 576 3614 630 ad
3655 577 3789 631 diem

2193 692 2339 728 xxvu
2382 674 2732 745 Septembris
2779 675 3034 728 Romano
3076 669 3477 742 Martyrologio
3521 669 3792 741 inscriptus

2194 775 2297 823 est.
2329 770 2479 822 Hanc
2519 769 2920 834 Confessionem
2954 766 3071 820 sive
3111 767 3491 820 Paenitentiam
3537 763 3668 833 ejus,
3695 781 3792 834 qua

2193 863 2402 934 prioris
2429 863 2555 915 vita:
2597 861 2809 932 ﬂagitia
2847 861 3143 914 uberrime
3174 858 3368 925 deﬂet,
3403 857 3614 929 primus
3637 857 3792 910 edidit

2195 956 2659 1028 Cyprianicorum
2702 971 2941 1025 operum
2981 953 3326 1008 Oxoniensis
3357 951 3559 1017 editor,
3600 956 3650 1004 et
3689 954 3796 1020 post

2196 1067 2330 1104 eum
2379 1049 2630 1102 Baluzius
2675 1066 2686 1101 :
2732 1049 2828 1119 qui
2872 1054 3067 1102 tamen
3116 1052 3170 1101 et
3216 1046 3400 1117 ipsam
3441 1044 3590 1098 illam
3627 1045 3792 1097 Grazce

2195 1161 2420 1215 quoque
2453 1143 2692 1214 protulit
2721 1160 2782 1196 ex
2815 1142 3163 1195 Bibliotheca
3187 1138 3536 1204 Colbertina,
3559 1143 3712 1208 atque
3732 1137 3791 1190 ad

2195 1239 2345 1292 latus
2381 1237 2594 1292 Latina:
2639 1235 2915 1290 versionis
2956 1235 3162 1305 posuit,
3205 1233 3360 1305 quod
3403 1231 3656 1303 plurimis
3693 1231 3795 1284 hac

2197 1336 2408 1386 scateat
2434 1331 2626 1399 mavis,
2657 1347 2722 1384 ex
2753 1330 2942 1384 Graeco
2975 1330 3165 1383 forsan
3190 1327 3416 1382 facilius
3452 1325 3795 1394 corrigendis.

2197 1425 2500 1480 Prassulcm
2552 1424 2973 1478 Antiochenum
3030 1424 3182 1477 hunc
3236 1422 3409 1476 fuisse
3463 1419 3655 1473 dicunt
3696 1418 3798 1485 alii,

2196 1535 2545 1591 passamque
2578 1518 2918 1572 Nicomedia:
2958 1518 3062 1573 sub
3106 1515 3456 1572 Diocletiano
3492 1515 3801 1583 martyrium

2198 1631 2309 1669 una
2349 1631 2476 1668 cum
2515 1613 2736 1666 Justina
2777 1612 3015 1682 virgine,
3063 1627 3234 1682 quam
3276 1610 3480 1663 insane
3518 1606 3802 1678 deperibat.

2200 1708 2602 1769 bazianzenus,
2653 1705 3020 1772 Prudentius,
3071 1704 3502 1775 Melaphrastes,
3547 1702 3653 1768 alii,
3697 1717 3808 1754 cum

466 1818 593 1856 mus
648 1799 984 1855 Codefridus
1042 1799 1374 1854 Guilielmus
1435 1797 1788 1858 Leibnitius,
1857 1781 2636 1872 epistolaBCartliaginensi
2681 1798 2874 1872 816
2929 1799 3214 1870 Cypriane
3264 1796 3632 1852 confundunt.
3677 1795 3807 1847 Oxo-

467 1896 775 1949 Hanoveraa
821 1893 1048 1963 scripta,
1101 1909 1251 1946 anno
1306 1895 1461 1960 l707,
1510 1892 1604 1945 die
1648 1895 1714 1944 29
1759 1891 2096 1957 decembris,

469 1989 673 2043 haberi
708 1989 858 2059 apud
899 2003 958 2042 se
1000 1986 1316 2040 editionem
1356 1985 1524 2055 hujus
1563 1986 1760 2056 opellte
1796 1985 2001 2038 factam
2042 1986 2100 2038 in

473 2081 784 2136 Germania
811 2098 961 2134 anno
991 2082 1144 2146 1681,
1169 2080 1225 2132 in
1259 2096 1426 2149 parva
1454 2080 1656 2146 forma,
1686 2095 1812 2133 cum
1845 2079 2102 2133 versione

471 2175 624 2229 illius
670 2175 921 2228 versibus
963 2172 1332 2239 Germanicis,
1375 2177 1546 2244 atque
1595 2173 1650 2227 in
1693 2174 1795 2227 ista
1833 2173 2101 2237 editione,

474 2285 600 2340 quae
650 2268 823 2322 dubio
865 2267 1060 2337 procul
1107 2284 1173 2319 ex
1218 2266 1328 2320 fide
1374 2283 1478 2320 ms.
1535 2267 1744 2321 codicis
1788 2266 2006 2336 antiqui
2052 2273 2106 2320 et

475 2361 683 2417 sinceri
709 2363 859 2416 facta
888 2361 1012 2428 fuit,
1042 2361 1380 2431 opusculum
1417 2366 1676 2414 constare
1706 2378 1773 2414 xx
1807 2360 2102 2430 capitibus,

476 2473 540 2509 ac
564 2457 813 2510 Maurum
844 2455 1148 2525 quemdam
1180 2453 1261 2524 (ut
1290 2454 1514 2524 opinor,
1546 2455 1792 2523 Gallum)
1818 2455 2104 2508 dedicasse

476 2549 612 2602 illud
658 2549 923 2604 Lothario
970 2548 1088 2617 regi
1145 2549 1508 2614 Francorum,
1555 2548 1667 2601 ﬁlio
1715 2549 1974 2602 Ludovici
2017 2549 2104 2614 IV,

475 2642 864 2696 Transmarini
920 2641 1082 2708 dicti,
1140 2641 1235 2712 qui
1300 2658 1539 2712 regnum
1591 2659 1742 2696 anno
1809 2644 1948 2710 954,
2003 2659 2108 2712 per

476 2752 656 2790 annos
710 2751 858 2789 xxxn
910 2736 1116 2804 tenuit,
1164 2735 1231 2788 ad
1278 2753 1492 2789 annum
1543 2753 1717 2806 usque
1769 2738 1892 2790 985.
1948 2736 2108 2789 Unde

477 2834 652 2900 patet,
704 2830 1040 2900 opusculum
1094 2828 1241 2882 istud
1296 2829 1508 2882 nullius
1561 2830 1780 2898 meriti,
1841 2846 1905 2884 ac
1957 2829 2109 2900 quod

481 2923 605 2993 regi
649 2925 987 2977 Francorum
1044 2922 1402 2976 dedicaretur
1460 2921 1940 2993 indignissimum,
1990 2940 2110 2977 esse

477 3017 672 3071 foetum
708 3016 956 3070 hominis
987 3016 1220 3083 indocti,
1259 3033 1322 3070 ac
1365 3016 1552 3070 saeculi
1595 3017 1802 3070 decimi
1838 3017 2110 3072 obscuris-

482 3111 628 3175 simi,
663 3129 694 3164 a
725 3110 1078 3181 temporibus
1120 3110 1470 3180 Cyprianicis
1498 3110 1882 3164 remotissimi.
1915 3111 2049 3174 Quae
2080 3128 2112 3164 a

483 3205 790 3258 clarissimo
818 3204 1096 3258 Leibnitio
1137 3221 1366 3258 mecum
1404 3204 1822 3258 communicata
1857 3208 2115 3276 posteros

484 3299 667 3352 celare
698 3298 874 3352 nolui.
907 3320 932 3346 ››

556 3393 670 3447 ΧΙΙ.
703 3391 964 3461 Ejusdem
1013 3391 1212 3445 farinae
1257 3395 1388 3446 sunt
1433 3393 1545 3447 duo
1585 3394 1891 3460 Tractatus,
1923 3396 2115 3464 utpote

489 3485 888 3556 superstitione
939 3491 1110 3556 atque
1171 3485 1461 3556 impietate
1513 3487 1704 3541 referti
1766 3487 1910 3557 (26),
1973 3505 2117 3558 quos

488 3579 704 3649 reperit
729 3579 912 3633 editor
944 3579 1281 3633 Oxoniensis
1315 3579 1418 3634 sub
1449 3579 1682 3634 nomine
1712 3581 2002 3651 Cypriani,
2033 3582 2115 3634 al-

488 3677 679 3728 terum
707 3673 923 3741 Latine,
954 3673 1198 3726 alterum
1231 3672 1421 3728 Graece
1445 3674 1741 3744 scriptum.
1771 3675 1940 3730 Primi
1977 3675 2115 3730 titu-

488 3768 596 3834 lus,
645 3769 858 3824 Sccreta
909 3765 1174 3838 Cypriani
1233 3782 1327 3821 seu
1374 3783 1616 3835 arcana;
1656 3769 1908 3832 alterius,
1963 3777 2120 3840 Εὐχαὶ

491 3865 786 3933 Κυπριανοῦ,
811 3861 994 3914 Preces
1023 3862 1304 3929 Cypriani.
1338 3862 1673 3933 Utrumque,
1708 3866 1904 3934 utpote
1935 3863 2122 3918 foedis-

492 3953 650 4009 simae
679 3953 1094 4025 superstitionis
1125 3954 1378 4024 plenum,
1407 3955 1528 4010 luce
1556 3973 1783 4026 prorsus
1811 3957 2122 4028 indignum

489 4048 780 4120 judicavit.
817 4049 942 4101 Haec
975 4052 1191 4114 autem,
1214 4048 1408 4118 judice
1435 4049 1657 4104 Marano
1677 4050 1810 4120 (‘27),
1831 4052 2123 4122 supposita

495 4142 765 4196 videntur
783 4141 958 4195 fuisse
985 4141 1270 4211 Cypriane
1301 4143 1675 4199 Antiocheuo.

569 4236 707 4289 XIII.
740 4235 830 4289 Sic
862 4235 1033 4289 etiam
1063 4237 1333 4290 Reuelatio
1365 4239 1573 4306 Cupitis
1610 4241 1666 4294 S.
1713 4241 1937 4295 Joannis
1982 4243 2122 4311 Bap-

499 4331 658 4390 tistae,
705 4327 856 4399 quod
898 4327 1215 4383 fabulosum
1263 4331 1598 4400 opusculum
1638 4332 1695 4385 in
1736 4333 2127 4404 antiquissima

501 4421 776 4476 Vindelici
820 4420 1101 4491 Spirensis
1146 4423 1391 4478 editione
1433 4425 1714 4494 reperitur
1745 4425 1849 4479 sub
1898 4428 2128 4482 nomine

2201 1895 2418 1950 niensis
2448 1911 2688 1966 operum
2717 1893 3190 1964 Cyprianicorum
3229 1891 3416 1946 editor
3447 1907 3557 1944 non
3592 1893 3812 1943 contem-

2201 1989 2407 2044 nendis
2438 1989 2612 2042 fultus
2640 1987 2984 2058 coujecturis
3015 1987 3229 2041 diserte
3259 1985 3512 2040 afﬁrmat
3552 1984 3705 2036 talem
3729 1984 3813 2050 Cy-

2201 2083 2466 2154 prianum
2523 2082 2950 2136 Antiochenum
2997 2095 3292 2151 nusquam
3349 2077 3650 2144 exstitisse,
3693 2076 3812 2147 quin

2202 2179 2415 2243 totam,
2457 2192 2586 2246 qua:
2627 2175 3027 2229 circumfertur
3070 2175 3138 2228 de
3188 2190 3256 2228 eo
3299 2172 3695 2235 narrationem,
3722 2170 3812 2223 mi-

2205 2287 2329 2323 ram
2373 2286 2526 2337 sane,
2572 2269 3017 2323 vetustissimam
3055 2272 3246 2322 tamen
3289 2266 3570 2328 fabulam,
3615 2270 3669 2318 et
3705 2267 3817 2316 ante

2206 2363 2538 2417 Nazianzeni
2587 2369 2840 2433 tempora
2887 2363 3006 2431 jam
3053 2368 3269 2428 natam,
3307 2377 3486 2431 quam
3529 2366 3584 2412 et
3619 2357 3818 2411 heroico

2207 2458 2458 2512 carmine
2525 2457 2705 2510 tribus
2761 2457 2918 2510 libris
2975 2455 3223 2510 Eudocia
3269 2458 3531 2524 Augusta
3579 2453 3704 2506 olim
3743 2451 3820 2505 dc-

2207 2551 2414 2623 pinxit,
2466 2550 2605 2604 nihil
2649 2550 2804 2603 aliud
2855 2566 2999 2615 esse,
3043 2565 3211 2619 quam
3260 2547 3534 2619 Cypriani
3563 2545 3822 2613 Carthagi-

2207 2645 2399 2699 nensis
2441 2643 2734 2698 historiam
2778 2644 2848 2697 ab
2893 2643 3087 2713 aliquo
3120 2659 3183 2696 ex
3220 2657 3427 2696 eorum
3483 2655 3716 2694 numero
3740 2637 3820 2708 qui

2212 2744 2528 2809 martyrum
2579 2754 2670 2790 res
2721 2742 2904 2807 gestas
2950 2736 3106 2790 novis
3159 2735 3523 2806 argumentis
3575 2734 3824 2787 decorare

2211 2832 2552 2903 gestiebant,
2583 2832 2726 2886 mire
2766 2831 3196 2902 interpolatam,
3238 2829 3322 2884 vel
3361 2828 3555 2900 potius
3595 2827 3659 2882 de
3701 2840 3825 2879 novo

2213 2926 2520 2980 conditam.

2291 3021 2394 3073 XV.
2444 3020 2603 3074 Falso
2652 3020 2823 3073 etiam
2867 3018 3200 3072 tribuuntur
3238 3019 3296 3072 S.
3343 3017 3628 3088 Cypriane
3667 3014 3824 3069 Oratio

2207 3130 2308 3184 pro
2346 3115 2698 3182 martyribus,
2731 3117 2901 3183 atque
2930 3113 3118 3168 Oratio
3146 3128 3311 3182 quam
3337 3112 3443 3166 sub
3476 3111 3562 3164 die
3583 3111 3825 3180 passionis

2217 3225 2326 3262 suae
2367 3209 2532 3274 dixit,
2577 3209 2889 3278 Utramque
2944 3206 3216 3262 adscribit
3264 3208 3535 3260 Maranus
3592 3205 3694 3273 (28)
3743 3203 3824 3271 Cy-

2215 3302 2416 3373 priane
2441 3301 2815 3356 Antiocheno.
2846 3301 3124 3372 Dupinius
3150 3305 3350 3354 censet
3388 3300 3530 3354 duos
3568 3299 3825 3352 Tractatus

2215 3397 2553 3464 Martyribus
2600 3395 2922 3466 inscriptos,
2969 3399 3027 3449 et
3079 3395 3479 3461 Confessioncm
3531 3393 3642 3447 sive
3679 3391 3826 3445 Pani-

2219 3493 2442 3545 tentiam
2473 3489 2739 3559 Cypriani
2777 3493 3056 3558 martyris,
3088 3505 3260 3558 opera
3301 3504 3424 3541 esse
3464 3504 3493 3539 a
3531 3483 3826 3541 recentiori-

2217 3583 2323 3638 bus
2358 3583 2568 3638 Graacis
2611 3583 2856 3653 ascripta
2897 3584 3176 3654 Cypriane
3217 3581 3480 3652 martyri,
3525 3581 3618 3651 qui
3663 3579 3824 3632 forsan

2221 3678 2329 3732 fuit
2347 3679 2467 3748 ipse
2498 3677 2795 3748 episcopus
2825 3675 3314 3747 Carthaginensis,
3337 3676 3502 3746 cujus
3530 3675 3638 3727 vita
3659 3669 3826 3742 ampli-

2221 3773 2378 3826 ﬁcata
2402 3776 2485 3827 est
2517 3771 2650 3843 (29).

2292 3867 2422 3921 XVI.
2471 3866 2755 3920 Nonnulla
2799 3865 2907 3919 alia
2949 3880 3161 3918 nomen
3206 3863 3479 3935 Cypriani
3524 3877 3638 3933 prie
3675 3876 3726 3914 se
3767 3859 3827 3912 fc-

2224 3966 2379 4028 runt,
2421 3960 2570 4014 velut
2621 3962 2849 4028 Tyronis
2895 3966 2944 4014 et
2984 3959 3192 4014 Seneca
3239 3962 3400 4020 nota,
3445 3973 3588 4028 quas
3635 3952 3828 4025 Cypria—

2226 4071 2364 4108 num
2414 4054 2632 4108 auxisse
2683 4052 2971 4107 vocabulis
3015 4051 3472 4106 Christianorum
3532 4067 3657 4104 usux
3712 4045 3829 4117 aptis

2227 4147 2513 4202 existimat
2563 4150 2691 4218 post
2741 4145 3120 4200 Trithemium
3171 4145 3476 4212 Gruterus,
3527 4162 3558 4197 a
3613 4159 3714 4213 quo
3759 4140 3828 4193 lia:

2228 4248 2374 4296 nota!
2406 4243 2463 4296 in
2493 4241 2679 4294 lucem
2712 4241 2877 4295 edita!
2919 4245 3051 4294 sunt
3087 4239 3220 4310 (30).
3264 4237 3495 4292 Editum
3532 4241 3614 4291 est
3655 4236 3718 4289 ab
3745 4237 3830 4286 Au-

2230 4336 2333 4407 glis
2361 4336 2464 4390 sub
2490 4335 2725 4389 nomine
2748 4334 3017 4406 Cypriani
3047 4338 3382 4403 computum
3403 4331 3681 4398 Pascliale,
3703 4324 3828 4399 quod

2229 4447 2261 4484 a
2313 4431 2478 4485 Paulo
2524 4430 2769 4483 Diacono
2824 4427 3111 4499 designari
3169 4425 3538 4492 existimant,
3589 4439 3710 4478 cum
3750 4421 3829 4484 ait,

502 4516 558 4571 S.
616 4514 898 4585 Cypriani,
951 4517 1034 4569 est
1086 4517 1336 4570 narratio
1396 4516 1689 4580 fabulosa,
1741 4519 1948 4591 scripta
2011 4520 2218 4592 postD
2248 4547 2275 4574 «
2301 4524 2640 4596 Cyprianum
2660 4523 2997 4577 Chronicam
3017 4521 3175 4574 valde
3199 4519 3400 4574 utilem
3423 4517 3828 4590 composuisse.»

502 4608 896 4676 Athanasium,
961 4610 1268 4678 Cyrillum,
1325 4611 1742 4680 Theodosium,
1799 4616 2131 4689 Wandalos,

501 4702 807 4758 Marcellini
837 4708 890 4756 et
914 4702 1096 4773 Pipini
1126 4703 1426 4773 Chronica,
1458 4722 1702 4775 quorum
1732 4707 1788 4762 in
1817 4725 1884 4764 ea
1913 4713 2132 4768 mentio

503 4796 586 4852 ﬁt.

577 4891 708 4946 XIV.
743 4891 827 4944 Ad
867 4890 1135 4945 Sanctum
1182 4909 1411 4964 quoque
1450 4901 1710 4950 nostrum
1757 4914 1872 4952 non
1917 4906 2136 4970 spectat

508 4985 780 5052 Confessio
808 4987 865 5041 S.
911 4985 1193 5055 Cypriani,
1229 5004 1356 5058 quas
1397 4989 1584 5044 Graece
1626 5007 1690 5044 ac
1729 4993 1926 5047 Latine
1957 4999 2137 5049 exstat

509 5079 661 5151 apud
700 5077 1010 5146 Baluzium,
1037 5096 1278 5152 quaeque
1307 5083 1457 5137 inter
1475 5087 1796 5158 apocrypha
1823 5087 1879 5141 in
1907 5089 2136 5144 Decreto

570 5241 666 5313 (14)
705 5239 1025 5313 Tillemont,
1051 5242 1346 5306 Memoires,
1379 5247 1507 5294 tom.
1547 5246 1640 5308 IV,
1669 5261 1792 5313 pag.
1828 5251 1906 5312 81,
1936 5255 2031 5300 art.
2055 5251 2136 5309 65,

506 5324 601 5361 sur
626 5311 681 5360 S.
711 5311 960 5374 Cyprien.

571 5381 671 5457 (25)
730 5383 983 5457 Casimir.
1053 5385 1255 5435 Oudin.
1334 5390 1687 5440 Commentar.
1749 5392 1811 5441 de
1875 5394 2133 5457 Scriptor.

507 5453 720 5514 Ecclcs.,
751 5457 881 5503 tom.
916 5455 955 5517 Ι,
979 5469 1100 5519 pag.
1130 5457 1223 5507 275
1250 5462 1303 5508 et
1325 5460 1432 5508 276.

573 5525 668 5599 (26)
698 5525 906 5599 ρυρὶῐι.
933 5525 1173 5599 Biblioth.
1206 5530 1439 5589 Auctor.,
1465 5535 1595 5582 tom.
1629 5534 1672 5594 Ι,
1701 5549 1824 5599 pag.
1854 5535 1964 5586 269.

569 5597 667 5670 (ᾷῖ)
699 5596 999 5670 hieran._in
1043 5599 1161 5648 Vita
1200 5603 1516 5668 Cypriani,§
1541 5605 1623 5665 26,
1656 5596 1916 5670 ρέιεῖηι.

569 5667 670 5730 (28)
716 5667 841 5718 Vid.
875 5668 1077 5720 Maran.
1113 5671 1171 5721 in
1222 5673 1333 5723 Vita
1379 5667 1837 5741 Cypriani,'§'37,
1878 5693 2000 5744 pag.
2048 5681 2139 5732 124

507 5752 665 5802 seqq.

561 5811 660 5874 (29)
695 5811 847 5864 Idem
879 5812 1103 5866 ibidem.

2235 4619 2541 4691 Scriptoris
2596 4620 2821 4671 aetatem
2875 4615 3089 4669 indicat
3150 4620 3524 4686 computum,
3575 4611 3716 4684 quod
3767 4607 3824 4661 ad

2235 4717 2496 4788 quintum
2542 4711 2818 4766 Gordiani
2862 4726 3100 4774 annum,
3134 4713 3191 4763 et
3231 4711 3496 4764 consules
3522 4707 3766 4763 Arianum
3788 4703 3830 4754 et

2237 4813 2446 4880 Papum
2491 4805 2844 4877 perducitur.
2879 4805 3000 4858 Non
3043 4804 3282 4858 omnino
3331 4805 3610 4875 repugnat
3650 4805 3704 4852 ut
3732 4799 3829 4867 jam

2235 4909 2356 4960 tum
2433 4915 2741 4956 conversus
2820 4897 2994 4952 fuisse
3074 4898 3388 4968 Cyprianus
3473 4894 3828 4954 existimetur,

2239 4996 2497 5069 quamvis
2542 4995 2597 5049 id
2627 4993 2859 5048 Pontius
2901 4993 3175 5047 diaconus
3219 4991 3456 5045 suadeat
3491 4989 3664 5046 serius
3688 4983 3830 5040 conti-

2238 5091 2405 5163 gisse.
2453 5090 2557 5145 Sed
2603 5105 2720 5143 non
2761 5087 3002 5159 quadrat
3045 5085 3216 5158 hujus
3253 5085 3540 5156 scriptoris
3579 5081 3696 5154 styli
3729 5079 3830 5132 bar-

2301 5253 2402 5313 (30)
2457 5250 2769 5302 Monendus
2830 5255 2915 5300 est
2977 5250 3150 5299 lector
3223 5261 3514 5313 superesse
3574 5239 3829 5313 quemdam

2238 5311 2512 5382 libellum,
2547 5324 2643 5386 qui
2674 5323 2804 5372 licet
2833 5321 3176 5385 Cyprianum
3205 5311 3312 5385 pro
3351 5324 3573 5370 auctore
3611 5327 3714 5365 non
3748 5311 3825 5386 ha-

2238 5396 2386 5458 beat,
2435 5380 3089 5445 inStauratorem'tamen
3137 5380 3404 5456 agnoscit,
3449 5389 3658 5453 Tyrom‘s
3699 5380 3829 5458 intel-

2239 5456 2379 5533 ligo,
2403 5472 2455 5516 et
2491 5468 2692 5516 Seneca:
2734 5471 2905 5527 notas,
2933 5477 3071 5529 quas
3111 5464 3316 5527 praesul
3353 5468 3407 5514 et
3443 5466 3642 5522 martyr
3676 5456 3829 5505 noster

2239 5539 2527 5589 auctuario
2574 5540 2706 5587 satis
2749 5537 2943 5603 grandi
2985 5537 3365 5601 locupletavit,
3397 5533 3825 5603 adjiciensvoca-

2238 5609 2371 5660 bula
2405 5601 2851 5661 Christianorum
2896 5609 3095 5659 usibus
3133 5607 3464 5667 necessaria,
3501 5616 3622 5677 qua:
3668 5601 3826 5677 in'co-

2240 5681 2364 5732 dice
2393 5695 2423 5731 a
2452 5682 2688 5732 Grutero
2719 5682 2866 5731 edito
2905 5679 3113 5731 aﬂ‘atim
3146 5681 3490 5744 comparent.
3517 5693 3543 5721 ‹‹
3580 5673 3824 5744 Oxonieu-

2240 5766 2329 5806 ses
2360 5753 2615 5818 editores,
2642 5753 2709 5808 ad
2742 5754 2949 5806 calcem
2974 5751 3176 5806 indicis
3206 5742 3434 5820 operum
3459 5742 3770 5816 Cypriani.»
