4032 6180
235 162 324 223 849

1330 161 1771 220 APPENDICES.
1813 192 1880 203 -
1920 158 2432 223 PROLEGOMENA.

3471 168 3575 225 850

231 289 398 347 baries
426 303 552 344 cum
579 286 866 360 elegantia
907 288 1182 346 sermonis
1225 306 1397 363 quam
1443 293 1724 363 Cypriane
1776 290 1831 344 in
1859 304 2110 376 Aquam
2138 296 2373 364 propter
2399 293 2628 348 violatas
2651 293 3004 367 frequentius
3027 294 3196 355 metri
3216 295 3392 367 leges.
3427 297 3556 352 Edi-

231 384 528 457 primordiis
590 384 971 439 conversionis
1025 384 1215 441 studio
1281 386 1451 441 fuisse
1499 385 1835 457 perspicitur

229 496 287 534 ex
322 479 561 550 Epistola
590 480 663 534 ad
692 482 967 535 Donatum
1011 478 1140 551 (3t).
1175 480 1272 535 Hic
1311 483 1506 535 auctor
1531 480 1610 534 ait
1651 479 1836 536 Chris-

228 580 331 628 tum
391 573 595 627 Pascha
681 573 992 629 celebrasse
1063 574 1268 646 quinta
1329 574 1488 644 vice,
1549 576 1605 629 et
1676 577 1836 629 sexta

227 667 407 721 abiisse
446 683 600 721 anno
645 684 733 722 xv:
781 667 1012 735 Tiberii,
1062 684 1192 723 cum
1241 685 1346 739 per
1399 684 1578 723 unum
1619 684 1835 722 annum

228 764 429 815 tantum
479 760 852 832 Evangelium
906 762 1323 817 annuntiasset.
1378 764 1640 833 Systema
1693 762 1831 816 illud

224 862 366 909 vetus
393 861 494 918 est,
529 856 680 911 unde
711 855 988 927 Dupinius
1013 856 1300 911 concludit
1324 872 1445 912 esse
1473 873 1614 927 opus
1639 862 1831 910 aucto-

226 949 292 1003 ris
316 950 554 1022 antiqui.

289 1044 435 1101 XVlI.
477 1045 637 1100 Falso
678 1045 929 1117 denique
976 1047 1029 1103 8.
1076 1044 1360 1117 Cypriane
1402 1042 1837 1114 Carthaginensi

229 1138 526 1210 adscriptus
568 1140 678 1195 fuit
720 1139 868 1195 liber
905 1142 972 1195 de
1004 1143 1291 1202 Trinitate,
1320 1139 1418 1210 qui
1461 1138 1835 1192 Novatiauum

228 1230 331 1304 81
346 1233 400 1304 7
430 1234 979 1305 Pseudeepiscopum
997 1236 1343 1298 Romanum,
1366 1232 1436 1286 de
1457 1247 1571 1303 quo
1592 1230 1837 1287 sectione

228 1343 260 1381 II
292 1327 478 1381 multis
500 1327 745 1398 egimus,
775 1333 1069 1383 auctorem
1097 1326 1287 1382 habet.

287 1422 452 1476 XVIII.
501 1423 713 1476 Praeter
756 1422 1029 1494 opuscula
1066 1422 1187 1492 jam
1234 1418 1533 1487 recensita,
1583 1418 1837 1473 Baluzius

225 1514 464 1585 proxime
520 1519 646 1585 post
688 1516 741 1571 S.
790 1515 1057 1587 Cypriani
1112 1513 1387 1587 Epistolas
1432 1512 1674 1583 subjecit
1722 1516 1841 1567 tres

223 1609 346 1663 alias
371 1609 524 1663 velut
556 1608 776 1676 dubias,
806 1625 1045 1680 quarum
1095 1607 1334 1679 primam
1378 1624 1445 1661 ex
1502 1606 1723 1661 duobus
1753 1622 1841 1660 co-

227 1702 427 1756 dicibus
457 1704 692 1756 vetustis
734 1677 889 1771 mss.,
916 1719 1029 1756 uno
1073 1677 1434 1757 bibliotheca
1476 1677 1917 1755 illustrissimiB

223 1796 435 1850 Joannis
482 1796 726 1864 Bobieri,
770 1796 949 1851 altero
994 1795 1355 1851 bibliotheca
1403 1794 1737 1850 monasterii
1779 1794 1836 1849 S.

224 1890 451 1961 Remigii
510 1890 819 1957 Bernensis,
882 1890 1189 1945 secundam
1233 1905 1301 1945 ex
1347 1889 1540 1944 codice
1593 1888 1840 1943 Fuxensi

224 1982 568 2038 bibliotheca
596 1983 959 2051 Colbertina,
981 2000 1045 2038 ac
1075 1984 1304 2038 tertiam
1349 1982 1594 2054 denique
1639 1999 1705 2037 ex
1736 1982 1840 2036 hoc

227 2076 350 2130 item
378 2077 570 2131 codice
600 2082 657 2131 et.
682 2077 861 2132 altero
888 2076 1149 2131 Remensi
1179 2078 1233 2131 S.
1262 2075 1507 2146 Remigii
1539 2075 1842 2146 depromp-

226 2173 301 2225 tas
327 2187 443 2225 esse
476 2171 744 2225 afﬁrmat.
774 2171 959 2226 Prima
984 2170 1232 2225 Cornelii
1280 2184 1439 2241 papa
1484 2169 1720 2223 nomine
1769 2170 1842 2223 ad

228 2264 547 2334 Cyprianum
592 2268 792 2332 exstat,
820 2267 1016 2337 estque
1063 2264 1273 2330 brevis,
1309 2264 1409 2318 sed
1454 2261 1601 2317 acris
1648 2279 1841 2334 repre-

224 2358 406 2413 hensio
446 2360 659 2414 erroris
708 2358 779 2413 de
816 2358 1100 2413 hareticis
1140 2356 1583 2428 rebaptizandis.
1613 2357 1838 2422 Verum,

225 2456 280 2505 ut
303 2453 431 2508 alibi
450 2455 577 2524 jam
614 2454 883 2521 diximus,
912 2470 1032 2508 non
1073 2452 1360 2507 credimus
1397 2450 1838 2507 controversiam

224 2545 365 2601 illam
407 2550 463 2603 S.
514 2547 839 2601 Cornelium
883 2546 1034 2601 inter
1083 2562 1148 2600 ac
1189 2544 1538 2616 Cyprianum
1586 2560 1841 2615 unquam

223 2646 422 2695 motam
468 2641 670 2709 fuisse,
699 2656 883 2712 neque
924 2638 1136 2694 Rufﬁui
1181 2639 1581 2694 auctoritatem
1628 2638 1737 2692 hac
1784 2637 1842 2690 in

224 2737 369 2803 parte
405 2735 791 2789 admittimus.
832 2734 1169 2805 Apecrypha
1210 2737 1294 2788 est
1339 2748 1478 2803 ergo
1538 2732 1661 2786 hac
1712 2732 1843 2786 Cer-

223 2828 344 2882 nelii
399 2828 672 2900 Epistola.
717 2829 927 2895 Altera,
986 2828 1149 2898 cujus
1197 2826 1489 2897 inscriptio
1541 2826 1665 2879 hac
1714 2827 1837 2879 est:

224 2922 520 2991 (.yprianus
564 2922 712 2991 plebi
762 2921 1084 2989 Carthagini
1125 2922 1438 2975 consistenti
1489 2924 1743 2972 aternam
1781 2919 1842 2971 in

222 3018 430 3070 Domino
486 3016 752 3080 salutem;
805 3031 917 3069 non
973 3014 1145 3069 modo
1200 3031 1233 3067 a
1280 3012 1337 3068 S.
1386 3011 1649 3082 Cypriani
1697 3011 1840 3082 ston

222 3109 449 3163 nimium
516 3108 729 3176 differt,
785 3109 879 3163 sed
922 3109 1095 3163 etiam
1146 3106 1398 3177 ejusdem
1443 3110 1671 3161 atatem
1724 3121 1844 3160 non

222 3204 374 3274 sapit,
424 3219 557 3258 cum
614 3202 889 3257 adversus
939 3218 1114 3257 sacra
1163 3201 1468 3271 Scriptura
1524 3198 1843 3265 traditores,

224 3296 466 3365 primum
519 3296 625 3350 sub
676 3295 1026 3349 Diocletiano
1069 3298 1252 3357 notes,
1293 3294 1499 3365 scripta
1541 3292 1631 3346 sit.
1660 3292 1848 3346 Tertia

222 3390 291 3442 sic
333 3390 672 3444 exorditur:
720 3391 1026 3458 Cyprianus
1080 3388 1356 3441 benedicta
1402 3392 1451 3441 et
1502 3387 1846 3441 dilectissimo

218 3487 425 3553 parenti
454 3485 695 3538 Turabio
736 3485 796 3536 in
840 3484 1068 3537 Domino
1113 3487 1369 3535 aeternam
1420 3481 1690 3546 salutem;
1739 3483 1848 3533 est-

220 3593 323 3647 que
347 3576 721 3632 consolatorie
766 3576 834 3629 ad
880 3575 1148 3630 eumdem
1179 3575 1247 3628 de
1298 3574 1453 3628 obitu
1487 3573 1618 3627 filia
1656 3573 1848 3627 dolen-

222 3676 345 3726 tem.
375 3672 589 3726 Eadem
620 3671 742 3725 hac
769 3670 1006 3741 epistola
1042 3668 1143 3722 sub
1172 3668 1401 3722 nomine
1430 3668 1486 3722 S.
1521 3666 1849 3737 Hieronymi

222 3766 291 3819 ad
319 3768 607 3835 Tyrusium
634 3764 770 3818 olim
812 3764 1003 3831 venit;
1036 3762 1133 3816 sed
1173 3762 1242 3816 ab
1276 3761 1511 3816 eruditis
1551 3760 1655 3832 ipsi
1688 3760 1846 3832 peni-

221 3862 305 3912 tus
352 3858 702 3929 abjndicata,
752 3858 901 3911 inter
949 3855 1309 3927 supposititia
1364 3854 1621 3926 ejusdem
1674 3870 1850 3925 opera

220 3969 361 4007 nunc
390 3954 574 4008 relata
605 3956 704 4006 est.
735 3952 846 4006 Nec
875 3950 1056 4022 magis
1092 3949 1252 4003 illam
1292 3949 1365 4003 ad
1411 3950 1464 4004 S.
1498 3948 1848 4020 Cyprianum

222 4052 469 4101 nostrum
505 4050 760 4118 Spectare
793 4044 997 4116 probat
1029 4043 1158 4116 styli
1200 4042 1517 4098 inconcinni
1556 4042 1848 4096 humilitas

218 4146 269 4194 et
294 4141 560 4196 dictionis
585 4139 920 4194 obscuritas.

280 4236 408 4290 XIX.
476 4232 786 4292 Clarissimi
848 4233 1141 4288 Duumviri
1213 4231 1547 4287 Edmundus
1593 4231 1846 4285 Martene

215 4333 267 4383 et
292 4329 527 4384 Ursinus
558 4326 867 4382 Durandus
909 4328 968 4381 in
995 4325 1365 4398 Amplissima
1395 4324 1728 4379 collectione
1755 4340 1847 4377 ve-

1936 392 2059 440 tum
2086 387 2317 461 quidem
2348 387 2454 442 hoc
2485 389 2848 460 carmen'jam
2869 390 2977 444 fuit
3001 390 3070 445 ad
3095 390 3308 444 calcem
3334 407 3571 462 operum

1936 479 2293 549 Tertulliani,
2323 481 2423 536 sed
2462 481 2630 536 nimis
2666 483 2940 537 audacem
2987 500 3044 538 se
3085 484 3340 539 exhibuit
3367 485 3570 551 editor,

1937 574 2058 645 qui,
2095 574 2329 629 violatas
2369 593 2399 630 a
2430 575 2738 647 Cypriane,
2769 576 3022 648 quisquis
3049 577 3144 633 ille
3171 578 3364 645 fuerit,
3396 577 3570 632 metri

1935 668 2107 739 leges,
2138 668 2533 740 humilemque
2551 669 2761 740 stylnm
2783 669 3151 740 impatienter
3169 671 3377 741 ferens,
3404 687 3572 742 opus-

1945 762 2135 816 culum
2161 761 2308 817 istud
2331 762 2772 834 elegantioribus
2801 763 3056 817 versibus
3076 764 3309 819 reddere
3340 769 3569 819 conatus

1941 861 2043 909 est.
2076 856 2358 910 Dederunt
2383 855 2562 926 igitur
2593 872 2828 927 operam
2856 858 3104 912 Martene
3133 861 3189 912 et
3214 858 3465 924 Dnrand,
3499 863 3564 911 ut

1937 967 2009 1004 ex
2048 949 2279 1004 laudato
2311 966 2419 1005 ms.
2464 950 2568 1005 hoc
2596 968 2855 1017 carmen,
2886 951 3055 1023 quale
3085 950 3155 1004 ab
3183 957 3412 1005 auctore
3443 966 3567 1021 pro-

1939 1043 2062 1109 diit,
2089 1059 2206 1098 sua
2231 1044 2598 1099 restituerent
2627 1044 2963 1116 integritati.

2495 1140 2881 1194 ARTICULUS
2918 1142 3014 1194 ΙΙΙ.

2049 1234 2124 1286 De
2149 1233 2477 1301 quibusdam
2500 1233 2557 1288 S.
2588 1232 2853 1304 Cypriani
2880 1235 3128 1303 operibus
3151 1234 3467 1304 deperdilis.

2016 1327 2054 1379 1.
2105 1326 2144 1378 Ε
2190 1326 2466 1380 tredecim
2514 1326 2622 1380 illis
2661 1326 2933 1397 epistolis,
2963 1343 3104 1397 quas
3135 1344 3165 1381 a
3194 1327 3250 1382 S.
3284 1327 3567 1399 Cypriane

1940 1420 2095 1473 velut
2119 1419 2423 1489 pastoralis
2454 1436 2570 1473 sua
2602 1420 2907 1491 vigilantia
2948 1426 3116 1474 testes
3154 1421 3221 1474 ad
3253 1422 3572 1475 Romanum

1942 1514 2162 1567 clerum
2214 1513 2591 1582 transmissas,
2639 1529 2705 1567 ex
2757 1514 3013 1584 ejusdem
3072 1513 3308 1584 epistola
3351 1514 3573 1568 decima

1942 1605 2137 1680 818
2166 1609 2366 1677 quarta
2403 1606 2612 1662 scimus
2655 1606 2787 1678 (32),
2834 1612 3052 1678 septem
3096 1622 3413 1677 superesse,
3445 1607 3574 1662 reli-

1943 1716 2087 1772 quas
2140 1700 2450 1755 desiderari
2504 1701 2587 1754 Cl.
2639 1702 2899 1755 Maranus
2945 1700 3092 1754 haud
3138 1699 3572 1755 contemnendis

1943 1794 2362 1849 demonstravit
2385 1794 2743 1865 argumentis
2774 1796 2903 1866 (33).
2934 1794 3129 1848 Amba
3164 1809 3392 1865 quoque
3421 1793 3567 1847 litte-

1942 1904 2040 1957 ra,
2070 1904 2208 1960 quas
2245 1887 2298 1942 S.
2332 1888 2650 1959 Cyprianus
2696 1888 2768 1942 de
2816 1887 3147 1941 Felicissimi
3194 1886 3568 1953 ordinatione,

1941 1982 2309 2053 ejusdemque
2364 1998 2427 2037 ac
2477 1981 2943 2054 presbyterorum
2996 1981 3104 2052 ipsi
3156 1980 3573 2035 adharentium

1942 2092 2110 2130 causa
2137 2075 2206 2130 ad
2236 2076 2451 2131 clerum
2481 2092 2545 2130 ac
2571 2076 2844 2148 populum
2885 2091 3052 2129 suum
3078 2074 3302 2146 pridem
3334 2074 3571 2145 scripse-

1942 2174 2049 2238 rat,
2098 2172 2155 2222 et
2193 2184 2433 2240 quarum
2476 2171 2737 2241 exempla
2779 2168 2937 2241 prius
2982 2184 3084 2241 per
3129 2168 3460 2224 Caldonium
3510 2183 3574 2221 ac

1943 2263 2315 2317 Fortunatum
2345 2262 2417 2317 ad
2449 2263 2780 2318 Cornelium
2811 2262 3062 2331 miserat,
3085 2261 3571 2334 quemadmodum

1943 2355 2184 2428 ipsemet
2245 2356 2561 2428 Cyprianus
2623 2356 2681 2411 in
2732 2356 2967 2427 epistola
2991 2355 3109 2429 [42,
3164 2356 3302 2410 alias
3357 2357 3444 2417 45,
3504 2355 3575 2410 ad

1942 2450 2208 2505 eumdem
2247 2450 2578 2506 Cornelium
2617 2451 2892 2522 loquitur,
2925 2449 3362 2505 interciderunt.
3403 2448 3575 2503 Periit

1942 2543 2112 2598 etiam
2164 2543 2406 2615 Epistola
2459 2543 2766 2611 circularis,
2815 2559 2988 2614 quam
3030 2544 3083 2598 8.
3135 2541 3451 2614 Cyprianus
3503 2541 3575 2595 ad

1944 2654 2145 2693 omnes
2174 2638 2497 2709 provincias
2527 2636 2964 2709 Carthaginensi
2983 2636 3281 2708 metropoli
3302 2634 3577 2704 suifraga-

1943 2748 2080 2785 neas
2121 2732 2381 2799 dederat,
2412 2733 2694 2801 quatenus
2725 2729 2797 2785 de
2826 2730 3086 2800 legitime
3130 2729 3390 2800 ejusdem
3430 2731 3568 2784 Cor-

1944 2825 2078 2879 nelii
2112 2824 2443 2895 episcopatu
2475 2824 2628 2894 apud
2675 2840 2875 2878 omnes
2911 2826 3215 2890 constaret,
3250 2825 3577 2877 monerent-

1942 2934 2054 2989 que
2110 2918 2322 2989 singuli
2386 2918 2657 2989 episcopi,
2723 2922 2786 2971 ut
2852 2917 3231 2972 Novatianum
3293 2914 3573 2983 detestati,

1945 3012 2213 3068 Cornelio
2241 3013 2624 3067 adharerent.
2658 3015 2741 3068 lta
2786 3012 3053 3067 discimus
3098 3028 3162 3065 ex
3208 3009 3443 3082 epistola
3484 3010 3574 3076 45,

1945 3105 2088 3160 alias
2133 3107 2222 3172 48,
2252 3107 2328 3160 ad
2358 3107 2678 3163 Cornelium.
2717 3108 2781 3161 In
2823 3106 3060 3176 epistola
3095 3108 3181 3171 55,
3209 3104 3346 3158 alias
3386 3106 3472 3169 59,
3503 3101 3577 3155 ad

1944 3199 2272 3253 Cornelium
2333 3199 2403 3254 de
2457 3199 2676 3254 duabus
2738 3198 2944 3253 litteris
3003 3198 3361 3252 mentionem
3421 3195 3575 3261 facit,

1947 3309 2188 3364 quarum
2233 3294 2417 3363 prima
2455 3293 2721 3349 Cornelio
2760 3292 3021 3363 proxime
3065 3292 3300 3346 miserat
3341 3288 3578 3344 nomina

1947 3387 2205 3440 omnium
2234 3386 2649 3443 Catholicerum
2695 3386 3116 3456 episcoporum,
3146 3385 3243 3457 qui
3277 3387 3576 3456 Carthagi-

1950 3481 2112 3535 nensi
2158 3480 2460 3550 metropoli
2506 3480 2797 3548 suberant,
2828 3495 2893 3534 eo
2940 3479 3199 3547 consilio,
3247 3483 3329 3548 ut,
3364 3481 3411 3535 si
3452 3482 3579 3553 quis

1949 3579 2156 3645 prater
2181 3574 2302 3628 illos
2348 3574 2417 3628 ad
2460 3573 2649 3644 ipsum
2695 3573 2989 3639 scriberet,
3016 3572 3183 3627 sciret
3213 3573 3365 3627 hunc
3395 3590 3575 3629 unum

1951 3668 2021 3722 de
2066 3667 2409 3734 sacrificatis,
2450 3668 2538 3722 vel
2586 3667 2922 3734 libellaticis,
2970 3670 3067 3722 aut
3102 3666 3385 3722 hareticis
3431 3685 3574 3725 esse.

1947 3762 2136 3817 Altera
2179 3767 2365 3817 autem
2408 3761 2558 3817 inter
2604 3764 2809 3816 catera
2858 3760 3025 3814 etiam
3076 3760 3364 3814 Fortunati
3414 3778 3579 3832 pseu-

1950 3856 2407 3927 doepiscopatum
2465 3855 2653 3910 eidem
2715 3853 3015 3909 nuntiavit.
3068 3853 3261 3908 Amba
3322 3854 3575 3925 epistola

1949 3948 2377 4004 interciderunt.

2021 4044 2102 4097 Ex
2131 4041 2365 4113 epistola
2393 4045 2480 4110 58,
2508 4042 2645 4096 alias
2687 4043 2775 4109 61,
2812 4040 2880 4095 ad
2929 4040 3159 4096 Lucium
3208 4042 3576 4099 manifestum

1947 4138 2029 4204 fit,
2062 4141 2321 4192 sanctum
2361 4135 2712 4207 Cyprianum
2761 4152 2874 4190 una
2925 4148 3055 4191 cum
3103 4137 3323 4192 cateris
3370 4137 3576 4193 Africa

1948 4230 2224 4304 episcopis
2269 4246 2637 4286 communem
2682 4230 2749 4284 ad
2806 4230 3076 4285 eumdem
3119 4231 3357 4287 Lucium
3404 4234 3467 4287 Β.
3514 4234 3573 4286 Ρ.

1948 4324 2241 4395 epistolam
2292 4322 2533 4392 dedisse,
2577 4340 2679 4394 per
2721 4340 2895 4394 quam
2939 4328 2996 4379 et
3043 4324 3409 4395 pontificatus
3458 4325 3577 4396 api-

215 4429 396 4477 terum
425 4423 787 4493 Scriptorum
816 4425 872 4475 et
905 4421 1407 4475 Menumenterum
1440 4415 1921 4487 historicorumD
1944 4434 2091 4487 cem,
2140 4420 2196 4471 et
2244 4418 2610 4473 confessionis
2651 4418 2891 4488 gloriam
2940 4417 3047 4488 ipsi
3095 4418 3415 4489 gratulatus
3468 4420 3574 4472 est.

214 4521 339 4585 etc.,
369 4521 529 4572 tome
579 4517 661 4584 IX,
694 4516 747 4571 S.
796 4513 1060 4585 Cypriani
1097 4514 1343 4569 Carmen
1388 4512 1460 4567 ad
1493 4511 1732 4568 Felicem
1775 4512 1840 4566 de

215 4612 615 4667 Resurreclioue
644 4615 993 4670 mortuorum,
1024 4623 1113 4662 ex.
1157 4623 1263 4661 ms.
1292 4606 1484 4661 codice
1520 4605 1842 4661 Corbeiensi

215 4711 341 4760 ante
371 4705 678 4770 annos,900
709 4705 937 4757 exarato
969 4705 1195 4756 erutum
1230 4701 1416 4771 primo
1448 4700 1570 4755 loco
1600 4701 1839 4770 ponunt.

215 4798 347 4861 Quis
391 4796 707 4869 Cyprianus
750 4796 923 4865 hujus
962 4794 1229 4849 carminis
1269 4797 1465 4848 auctor
1506 4792 1698 4860 fuerit,
1740 4792 1846 4847 etsi

211 4908 313 4961 pro
345 4896 502 4946 certe
527 4890 817 4943 aftlrmare
845 4888 1158 4943 noluerunt
1182 4887 1263 4941 Cl.
1301 4887 1546 4942 editores
1571 4887 1627 4940 in
1661 4886 1846 4941 obser-

212 4985 439 5040 vatione
485 4983 713 5055 pravia,
760 4984 975 5054 negant
1026 4983 1217 5035 tamen
1268 4980 1404 5035 illud
1451 4979 1844 5035 ascribendum

212 5095 331 5133 esse
365 5077 741 5133 celeberrime
774 5076 853 5131 illi
875 5074 1315 5146 Carthaginensi
1338 5075 1600 5146 episc0po
1624 5076 1681 5127 et
1700 5089 1845 5127 mar-

212 5173 338 5242 tyri,
393 5175 512 5226 tam
567 5173 802 5241 propter
859 5169 1178 5224 orationem
1248 5167 1417 5222 nimis
1477 5167 1844 5233 salebrosam,

274 5298 372 5361 (3i)
420 5296 488 5347 Ut
539 5293 819 5344 barbaries
867 5297 1064 5358 pateat,
1111 5295 1285 5358 prima
1335 5294 1595 5359 periodus
1644 5293 1847 5343 descri-

213 5366 391 5417 benda
434 5371 556 5416 est:
610 5383 638 5413 α
685 5365 860 5415 Multo
908 5365 1134 5428 quidem
1178 5378 1290 5415 non
1336 5364 1556 5415 modice
1601 5367 1848 5427 tempore

215 5440 363 5488 anxii
393 5451 608 5494 sumus,
635 5442 690 5487 et
716 5440 1033 5495 astuantes,
1056 5449 1166 5485 non
1196 5438 1312 5499 jam
1334 5434 1717 5495 sacularibus,
1749 5434 1848 5484 sed

216 5514 267 5558 et
299 5510 357 5557 in
408 5509 616 5558 sanctis
662 5513 713 5557 et
766 5507 971 5556 divinis
1013 5506 1305 5569 Scripturis
1353 5509 1664 5570 quaerentes
1698 5507 1849 5555 inve-

217 5582 354 5641 nire,
384 5580 650 5644 quidnam
683 5580 753 5629 sit
802 5581 1042 5642 primum
1083 5577 1212 5639 diei,
1248 5591 1357 5628 non
1386 5578 1597 5630 mensis
1640 5578 1697 5627 in
1739 5591 1849 5641 quo

219 5663 411 5700 mense
455 5654 793 5715 praeceptum
842 5656 924 5701 est
966 5649 1174 5700 Judais
1221 5649 1279 5698 in
1321 5649 1555 5714 λεωρίο
1604 5650 1662 5698 14
1704 5650 1851 5697 luna

219 5719 511 5773 comedere
539 5721 767 5773 Pascha.
796 5737 823 5765 »
866 5722 1187 5785 Numquam
1218 5719 1529 5784 Cyprianus
1574 5732 1639 5770 eo
1684 5718 1851 5769 modo

1945 4514 2069 4567 Hac
2100 4512 2219 4582 ipsa
2258 4511 2428 4566 etiam
2472 4511 2845 4566 desideratur.
2873 4511 3122 4566 Tandem
3168 4511 3339 4565 etiam
3369 4511 3578 4566 littera

1946 4606 2002 4661 S.
2045 4605 2311 4677 Gypriani
2356 4621 2457 4675 per
2505 4605 2808 4659 diaconum
2859 4604 3238 4674 Rogatianum
3289 4605 3363 4659 ad
3405 4605 3580 4659 firmi-

1943 4699 2161 4754 lianum
2215 4700 2426 4766 missa,
2482 4698 2685 4769 quibus
2734 4714 2871 4752 eum
2917 4699 2985 4753 de
3040 4697 3392 4754 dissensione
3444 4715 3575 4754 cum

1946 4798 2241 4868 Stephano
2299 4797 2601 4851 certiorem
2656 4796 2895 4850 faciebat
2949 4794 3457 4866 (quemadmodum
3506 4813 3576 4850 ex

1947 4892 2181 4963 epistola
2207 4889 2515 4945 Firmiliani
2536 4890 2607 4943 ad
2637 4890 2984 4961 Cyprianum
3012 4892 3078 4943 75
3103 4888 3361 4960 eruitur),
3393 4888 3572 4943 inter-

1945 4984 2225 5039 ciderunt.

2016 5079 2082 5133 ll.
2146 5078 2377 5133 Pontius
2434 5078 2711 5132 Diaconos
2780 5077 3274 5132 enumerationem
3338 5077 3577 5149 scripto-

1947 5186 2076 5225 rum
2144 5174 2196 5226 S.
2254 5171 2526 5244 Cypriani
2591 5172 2743 5227 hisce
2809 5170 3094 5225 concludit
3158 5171 3343 5226 verbis
3408 5172 3577 5241 (34):

1948 5305 2191 5351 mentem
2222 5313 2379 5349 suam
2415 5298 2767 5362 explicasset.

2012 5373 2107 5433 (32)
2157 5370 2439 5435 Cyprian,
2488 5383 2575 5434 ep.
2642 5370 2719 5432 lt,
2747 5368 2869 5419 aliis
2923 5370 2983 5419 l5
3028 5372 3084 5419 et
3127 5368 3208 5431 20,
3253 5367 3321 5420 ad
3368 5367 3579 5420 clerum

1951 5445 2279 5495 Romanum.

2015 5515 2112 5577 (33)
2142 5514 2370 5569 Marem,
2403 5512 2456 5561 in
2498 5513 2596 5561 Vit.
2646 5511 2969 5575 Cyprian.1,
3002 5511 3035 5575 §
3070 5512 3121 5575 9,
3164 5525 3288 5576 pag.
3328 5510 3409 5570 ‘27,
3453 5508 3581 5560 edit.

1951 5586 2198 5643 Veneta,
2231 5586 2370 5634 1758.

2014 5658 2109 5719 (34)
2141 5657 2390 5719 Pontius,
2416 5656 2474 5707 in
2512 5658 2629 5708 Vita
2658 5657 2709 5708 S.
2748 5654 3025 5719 Cypriani,
3061 5667 3191 5724 pag.
3214 5651 3263 5700 ὅ.
