4032 6180
404 249 500 310 851
1051 252 1141 311 AD
1181 253 1405 310 OPERA
1443 252 1500 308 S.
1543 251 1858 311 CYPRIANI
1895 251 2194 310 GENUlNA
2229 249 2516 307 APPEND.
2559 246 2600 302 Ι.
2639 275 2709 288 --
2746 245 2968 303 DUBIA.
3657 240 3772 298 852

407 381 537 448 Quis
586 379 818 451 denique
867 384 942 435 tot
999 383 1344 448 confessores,
1393 382 1674 448 frontium
1726 386 2038 437 notatarum
2060 379 2344 464 Avimus,
2381 377 2518 432 dum
2563 376 2632 432 de
2684 374 2945 447 Epistolis
2983 375 3036 428 S.
3087 370 3338 442 Martyris
3383 369 3776 436 disseruimus,

408 476 644 530 secunda
676 477 1026 545 inscriptione
1065 478 1328 545 signatos,
1365 481 1415 529 et
1459 476 1533 529 ad
1563 477 1863 546 ememplum
1887 492 2038 530 mar-
2142 476 2519 527 memoratam
2557 469 2629 525 ad
2657 469 3009 541 Stephanum
3041 467 3337 538 epistolam
3386 465 3457 519 de
3495 464 3778 520 Marciano

409 572 544 638 tyrii
584 571 895 639 superstites
945 576 1264 633 reseruatos,
1317 572 1586 624 incentivo
1634 571 1775 624 tuba:
1823 571 2041 625 caelestis
2141 565 2454 620 Arelatensi
2500 565 2768 635 episcopo
2822 561 3182 629 abstinendo,
3209 575 3383 632 quam
3425 575 3542 614 non
3590 557 3779 612 solum

407 663 718 717 animaret?
2140 659 2406 730 Cypriani
2456 659 2694 712 editores
2739 655 3045 719 Pamelius,
3095 653 3372 720 Baluzius,
3421 653 3631 722 Fellus,
3677 651 3778 706 sed

479 758 620 812 Cum
683 762 909 814 sanctus
972 758 1204 813 Pontius
1265 758 1538 829 Cypriani
1601 758 1824 812 litteras
1891 757 2043 811 inter
2141 759 2196 807 et
2225 769 2377 808 sanie
2403 757 2552 807 notae
2580 749 2773 824 820
2801 750 3104 820 scriptores
3133 748 3416 819 Cypriane
3461 746 3775 813 vindicant,

409 850 587 922 ipsius
640 868 814 923 opera
871 869 985 906 non
1031 851 1395 923 compulerit,
1447 854 1643 906 censet
1683 849 2042 905 doctissimus
2141 850 2419 918 tanquam
2468 845 2878 917 apocrypham,
2921 860 3104 914 eaque
3150 842 3445 913 indignam
3493 841 3777 896 censuisse

411 945 725 1000 Ceillierius
766 945 898 1016 (35),
932 946 1160 1000 laudata
1206 945 1378 1000 verba
1429 945 1583 1000 haud
1631 944 1830 1000 referri
1878 961 2041 1014 posse
2143 941 2480 996 Launoium.
2508 939 2652 1005 Quin
2700 944 2892 994 tamen
2932 937 3156 992 erudito
3183 936 3300 990 viro
3331 935 3775 1002 subscribamus,

409 1039 479 1092 ad
507 1039 802 1110 epistolam
834 1056 1027 1108 Lxxvn,
1053 1040 1111 1094 in
1149 1057 1262 1111 qua
1307 1039 1661 1094 confessores
1708 1039 1776 1093 ad
1813 1038 2042 1094 metalla
2142 1035 2319 1089 multa
2367 1035 2600 1106 quidem
2647 1033 2918 1100 obstant;
2967 1048 3121 1095 nam,
3169 1034 3230 1084 ut
3267 1047 3299 1084 a
3342 1029 3617 1100 Basnagio
3663 1030 3772 1096 (39)

411 1133 711 1188 damnatos
773 1134 876 1187 sub
929 1134 1220 1188 Valeriano
1279 1134 1532 1200 solatur;
1589 1132 1689 1187 sed
1744 1131 2041 1203 designare
2143 1132 2504 1198 annotalum,
2538 1145 2655 1182 non
2703 1127 2890 1181 solum
2939 1125 3203 1197 Cypriani
3244 1123 3389 1195 stylo
3433 1122 3643 1193 scripta
3668 1126 3773 1189 est,

413 1225 645 1297 aliquod
691 1229 1026 1298 opusculum
1071 1227 1384 1297 singulare,
1418 1227 1705 1281 diversum
1752 1225 1924 1280 etiam
1969 1226 2040 1280 ab
2143 1224 2243 1278 sed
2298 1225 2354 1278 et
2407 1239 2474 1277 ea
2523 1221 2939 1293 complectitur,
2983 1235 3108 1291 quas
3165 1217 3433 1290 Cypriani
3488 1218 3771 1286 tempora,

411 1322 801 1376 Emhortatione
844 1323 1124 1390 Martyrii,
1155 1322 1224 1375 de
1275 1337 1386 1392 qua
1414 1321 1572 1391 prius
1604 1321 1836 1375 Pontius
1875 1321 2043 1374 disse-
2144 1334 2354 1384 mores,
2400 1316 2781 1387 disciplinam,
2818 1315 3067 1368 maxime
3110 1316 3333 1378 sonant,
3367 1312 3446 1365 ita
3496 1314 3560 1364 ut
3603 1326 3773 1363 ovum

410 1419 602 1468 ruerat
633 1415 763 1485 (36).
794 1415 930 1470 llinc
969 1415 1189 1485 colligit
1224 1415 1536 1470 Ceillierius
1567 1415 1672 1469 hoc
1703 1416 2040 1486 opusculum
2143 1428 2255 1465 non
2301 1410 2372 1465 sit
2420 1427 2520 1464 ovo
2571 1409 2834 1476 similius,
2880 1424 3054 1480 quam
3106 1407 3227 1461 haec
3276 1405 3512 1476 epistola
3553 1403 3776 1458 cteteris

410 1507 787 1576 intercidisse,
838 1509 1328 1578 quemadmodum
1386 1515 1440 1562 et
1495 1509 1734 1576 litteras,
1784 1525 1924 1580 quas
1984 1511 2038 1564 S.
2141 1505 2427 1576 Cypriani.
2457 1503 2578 1558 Alio
2627 1504 2800 1557 etiam
2849 1503 3192 1572 argumento
3238 1516 3369 1554 eam
3408 1498 3628 1554 auctori
3669 1513 3773 1550 suo

411 1602 725 1671 Cyprianus
778 1603 847 1657 ad
902 1604 956 1658 S.
1020 1603 1404 1673 Augustinum
1469 1607 1525 1657 et
1583 1605 1635 1658 S.
1696 1602 2040 1658 Felicitatem
2142 1599 2390 1654 vindicat
2440 1598 2659 1666 Fcllus;
2725 1597 2941 1652 ctenim
2998 1595 3055 1650 S.
3109 1593 3457 1666 Augustinus
3523 1592 3779 1664 epistola:

407 1699 682 1765 martyres
730 1696 1025 1767 Capuanos
1068 1697 1126 1750 in
1190 1696 1382 1769 819
1436 1696 1748 1768 Campania
1803 1697 2038 1750 durante
2111 1692 2436 1795 .icujusdam
2492 1692 2762 1764 Cypriani
2803 1691 2875 1745 ad
2921 1679 3271 1761 Stephanum
3317 1687 3602 1753 meminit,
3651 1701 3782 1756 quae

408 1790 799 1858 persecutione
854 1790 1132 1845 Valeriani
1186 1791 1425 1845 dederat
1469 1791 1601 1860 (37).
1641 1790 1935 1860 Siquidem
1978 1791 2034 1845 S.
2059 1780 2384 1859 B'prorsus
2407 1786 2477 1840 ad
2503 1786 2878 1858 quaestionem
2909 1785 2976 1839 de
3014 1783 3355 1854 baptismate
3382 1799 3496 1836 non
3523 1782 3778 1852 spectat;

405 1883 718 1953 Cyprianus
773 1901 930 1938 suam
984 1884 1424 1940 sollicitudinem
1483 1888 1652 1955 atque
1705 1884 2040 1938 charitatem
2141 1897 2386 1952 cumque
2407 1881 2774 1936 dumtantum
2798 1878 3052 1950 ejusdem
3079 1873 3781 1948 adStephanumepistolae

411 1978 555 2031 ultra
585 1978 832 2033 Africam
865 1979 1034 2034 etiam
1063 1979 1404 2034 extendebat
1435 1979 1563 2048 (38).
2141 1975 2447 2047 supersint,
2481 1990 2724 2045 quarum
2753 1973 2934 2028 altera
2961 1972 3029 2026 de
3070 1971 3410 2042 baptismate
3443 1968 3585 2040 agit,
3608 1967 3664 2021 id
3693 1971 3780 2020 est

479 2074 568 2126 lll.
601 2073 758 2127 Hisce
791 2073 975 2126 adhuc
1009 2073 1376 2144 adjungimus
1416 2072 1649 2126 brevem
1686 2071 2031 2127 observatio-
2139 2068 2579 2140 septuagesima,
2615 2068 2685 2122 ad
2716 2068 2861 2122 hanc
2889 2066 3124 2122 omnino
3163 2064 3476 2136 respexisse
3506 2061 3783 2133 Augusti-

412 2183 541 2220 nem
606 2167 675 2221 de
737 2167 969 2238 epistola
1034 2166 1388 2237 sexagesima
1452 2171 1665 2234 octava,
1720 2168 1920 2220 utrum
1977 2167 2033 2221 S.
2141 2180 2301 2232 num,
2333 2161 2639 2218 verisimile
2670 2165 2774 2217 est.

409 2261 689 2332 Cypriano
717 2261 788 2315 sit
818 2277 1012 2314 revera
1040 2260 1389 2315 ascribenda.
1423 2261 1604 2332 Supra
1635 2260 1759 2331 jam
1801 2260 2040 2316 adnota~

468 2415 564 2478 (33)
623 2413 862 2474 Ceillier,
907 2417 1040 2462 tom.
1097 2412 1189 2474 IlI,
1239 2413 1369 2462 Hist.
1423 2413 1614 2461 Gener.
1661 2411 1749 2461 des
1791 2412 2034 2474 Auteurs,
2138 2411 2309 2463 Decio
2357 2411 2688 2473 imperatore
2733 2412 2956 2458 auctore
3010 2407 3300 2456 malorum.
3343 2407 3462 2456 Hac
3517 2421 3780 2470 persecu-

408 2501 530 2549 pog.
563 2486 666 2536 152.
2138 2485 2288 2532 tione
2325 2481 2638 2544 Cyprianus
2665 2494 2762 2544 per
2791 2479 3054 2542 epistolas
3095 2479 3346 2528 hortatus
3390 2483 3476 2527 est
3509 2480 3780 2543 Augusti-

472 2559 569 2619 (36)
618 2557 740 2618 Qui:
787 2561 1051 2619 martyres
1097 2558 1250 2606 tanta
1301 2555 1660 2605 exhortatione
1709 2554 1875 2605 divini
1925 2568 2044 2606 ser—
2143 2567 2279 2604 num
2328 2561 2384 2602 et
2426 2553 2792 2615 Felicitatem,
2819 2552 2916 2616 qui
2959 2551 3104 2615 passi
3151 2554 3282 2599 sunt
3321 2551 3469 2612 apud
3494 2551 3780 2602 civitatem

409 2630 576 2678 monis
600 2629 837 2692 exigeret.
868 2629 1046 2688 Pont.,
1072 2626 1130 2675 in
1169 2627 1288 2676 Vita
1317 2626 1354 2674 1.
1383 2639 1434 2676 c.
2144 2625 2492 2690 Capuensem
2525 2624 2876 2688 metrOpolim
2905 2621 3244 2687 Campania,
3271 2621 3567 2673 Valeriano
3607 2624 3782 2687 impe-

474 2701 572 2762 (37)
648 2699 709 2746 In
776 2697 1168 2760 antiquissimo
1234 2697 1610 2760 manuscripto
1689 2696 1758 2747 ab
1833 2697 2043 2749 editore
2143 2702 2320 2748 rante.
2353 2714 2380 2741 »

412 2769 714 2819 Oxoniensi
753 2767 822 2817 ad
865 2767 1034 2817 finem
1084 2766 1284 2817 indicis
1333 2767 1632 2830 Scriptura:
1673 2768 1930 2830 allegato,
1976 2768 2044 2818 de
2211 2768 2306 2830 (38)
2336 2765 2993 2828 Tillemont.,Memoires,
3024 2768 3156 2814 tom.
3185 2764 3275 2824 IV,
3309 2779 3430 2829 pag.
3461 2765 3542 2814 73.

409 2840 498 2890 his
558 2840 755 2890 litteris
815 2839 1022 2888 mentio
1092 2838 1328 2890 habetur
1398 2838 1552 2890 hunc
1622 2840 1679 2888 in
1751 2838 1981 2889 modum
2028 2853 2040 2887 :
2209 2839 2305 2901 (39)
2359 2839 2628 2902 Basnage,
2679 2836 2875 2888 Annal.
2935 2835 3400 2894 Politico—Eccles.,
3443 2836 3514 2886 ad
3567 2850 3780 2888 annum

411 2929 438 2960 «
493 2911 793 2963 Christiani
837 2914 1092 2974 quartam
1142 2911 1587 2974 persecutionem
1629 2911 1782 2974 passi
1833 2913 1964 2960 sunt
2013 2923 2045 2959 a
2141 2910 2255 2960 254.

1182 3217 2217 3381 APPENDIX
2327 3214 2982 3384 PRIMA

1739 3464 2086 3521 OPUSCULA
2161 3464 2384 3520 DUBIA.

408 3070 3765 3102 Ἣ

845 3799 1000 3893 DE
1079 3797 1776 3894 DISGIPLINA
1851 3775 1938 3856 (ί)
2014 3800 2164 3893 ΕΤ
2247 3796 2592 3893 BONO
2676 3795 3328 3892 PUDICITII’E

1987 3975 2192 4032 LIBER

1241 4101 1766 4177 EPISTOLA
1846 4103 2241 4178 IGNOTI
2303 4102 2363 4174 Α
2385 4101 2460 4175 U
2462 4102 2594 4175 01⁷
2599 4099 2788 4175 0R1
2781 4101 2852 4174 ὁ*
2857 4159 2870 4175 .

1938 4285 2201 4300 ᾔ

487 4477 526 4530 l.
560 4477 788 4549 Aliquas
829 4478 1147 4534 ofﬁciorum
1183 4497 1451 4536 meorum
1492 4487 1685 4554 partes
1733 4498 1847 4537 non
1898 4481 2119 4572 aasti-C
2146 4480 2380 4536 dianum
2424 4479 2680 4536 votivum
2720 4479 3041 4550 negotium,
3086 4480 3292 4536 absens
3328 4480 3478 4552 licet,
3511 4483 3781 4538 obtinere

412 4587 506 4624 mo
548 4572 908 4641 praeteriisse,
958 4574 1093 4628 dum
1143 4591 1369 4646 semper
1414 4576 1626 4644 enitor,
1663 4577 1748 4631 vel
1796 4576 2042 4630 maxime
2146 4577 2438 4644 connitor;
2470 4578 2527 4629 et
2566 4591 2667 4645 per
2708 4574 2928 4629 litteras
2979 4575 3350 4646 praesentiam
3390 4593 3580 4630 meam
3619 4578 3781 4632 vobis

410 4666 757 4734 quotidianis
822 4669 1260 4738 Evangeliorum
1324 4671 1678 4738 tractatibus,
1736 4671 2046 4740 aliquando
2146 4669 2383 4723 reddere
2421 4685 2614 4723 conor.
2647 4669 2789 4721 Dum
2819 4684 2914 4722 vos
2951 4668 3113 4723 solito
3147 4685 3306 4723 more
3334 4669 3780 4726 allocutiouibus

410 4760 564 4812 Vobis
612 4761 746 4815 fidei
791 4768 846 4815 et
885 4763 1136 4816 scientiae
1187 4780 1292 4835 per
1336 4765 1642 4819 Dominum
1691 4764 2045 4818 incrementa
2145 4762 2333 4818 missis
2359 4762 2418 4816 in
2455 4761 2567 4816 (ide
2600 4762 2921 4832 interpello,
2951 4761 3078 4817 ideo
3109 4763 3405 4832 convenio,
3437 4764 3496 4818 in
3531 4781 3778 4836 evange-

409 4858 702 4923 praastare.
759 4855 906 4918 Quid
957 4857 1110 4910 enim
1178 4857 1332 4913 aliud
1392 4857 1452 4912 in
1510 4858 1756 4914 Ecclesia
1813 4858 2044 4912 Domini
2145 4856 2267 4911 licee
2296 4856 2503 4910 radicis
2542 4854 2814 4910 ﬁrmitate
2856 4855 3097 4924 solidati,
3139 4856 3408 4911 adversus
3435 4859 3634 4913 omnia
3661 4859 3781 4914 dia-

409 4949 602 5002 utilius
645 4949 790 5016 geri,
843 4950 976 5019 quid
1027 4951 1514 5006 accommodatius
1562 4952 1748 5006 ofﬁcio
1794 4951 2041 5022 cpiscOpi
2143 4949 2258 5004 boli
2281 4951 2478 5021 praelia
2505 4950 2664 5003 stetis
2689 4965 2920 5020 semper
2952 4949 3178 5003 armati.
3207 4950 3514 5006 Absentem
3535 4969 3627 5008 me
3661 4971 3780 5008 non

408 5046 599 5112 potest
643 5041 904 5111 inveniri,
935 5060 1109 5114 quam
1154 5051 1214 5098 ut
1253 5045 1514 5099 doctrina
1560 5045 1906 5113 divinorum,
1940 5062 2045 5115 per
2144 5043 2378 5098 credam
2423 5042 2520 5114 (2),
2550 5043 2594 5096 si
2641 5043 2800 5097 fuero
2849 5059 3101 5098 securus.
3133 5045 3536 5100 Verumtamen
3585 5048 3780 5101 omnia

409 5136 594 5204 ipsum
659 5136 946 5190 insinuata
1007 5140 1323 5209 collataque
1344 5182 1358 5205 ,
1418 5140 1723 5194 verborum
1745 5182 1758 5207 ,
1828 5139 2045 5210 possint
2145 5154 2277 5208 quas
2310 5137 2523 5192 utiliter
2547 5136 2914 5208 proferuntur
2946 5137 3053 5208 (3),
3073 5141 3130 5192 et
3155 5142 3384 5193 aeterna:
3415 5140 3541 5194 vita:
3567 5144 3778 5195 statum

399 5230 698 5296 credentes
736 5231 810 5283 ad
856 5234 1266 5302 repromissum
1314 5250 1561 5303 regnum
1612 5233 1909 5304 pervenire
1938 5249 2044 5287 c03-
2143 5230 2513 5286 tractantibus
2551 5230 2639 5284 vel
2675 5231 2976 5301 deﬁniunt,
3010 5231 3098 5286 vel
3141 5232 3528 5303 promittunt;
3561 5233 3639 5288 ita
3687 5235 3780 5290 de-

399 5319 590 5376 lorum
613 5324 639 5377 ‘t
667 5325 776 5379 Hoc
807 5332 957 5381 certe
989 5328 1102 5380 mei
1135 5329 1192 5380 et
1239 5327 1424 5398 operis
1465 5334 1521 5381 et
1550 5327 1821 5394 muneris,
1851 5327 2040 5398 quoti-
2144 5342 2300 5379 mum
2349 5326 2640 5380 fructuosa
2683 5329 2834 5392 sunt,
2865 5324 2909 5378 si
2958 5326 3028 5380 ad
3079 5326 3528 5382 emolumentum
3569 5330 3777 5400 operis,

1773 5430 1936 5495 Edit.
1987 5432 2193 5496 Oxon.
2246 5436 2438 5495 notae.

466 5558 528 5618 (l)
597 5558 667 5604 De
713 5554 1016 5618 disciplina.
1073 5555 1130 5604 In
1184 5555 1337 5606 nullo
1385 5569 1487 5606 ms.
1546 5556 1834 5619 epistolam
1885 5555 2030 5607 hanc
2194 5557 2261 5620 (3)
2319 5556 2694 5605 Verumtamen
2740 5568 2921 5605 omnia
2978 5568 3095 5618 qua
3145 5555 3348 5606 utiliter
3401 5557 3779 5621 proferuntur.

395 5629 585 5677 videre
611 5628 860 5689 contigit.
2133 5629 2411 5679 Pamelius
2457 5628 2572 5676 ait:
2631 5629 2751 5678 Hoc
2791 5642 2859 5678 ex
2910 5629 3107 5678 iisdem
3143 5628 3380 5679 Gravius
3421 5644 3522 5679 ms.
3569 5645 3669 5696 pro
3712 5645 3780 5682 eo

458 5702 521 5760 (ἐ)
576 5701 851 5748 Absentem
900 5711 978 5745 me
1025 5711 1129 5746 non
1184 5699 1409 5748 credam.
1466 5700 1744 5750 Pamelius
1792 5700 1908 5748 ait:
1950 5700 2028 5749 Ita
2132 5700 2280 5765 quod
2312 5700 2424 5758 alii,
2460 5699 2784 5761 pro/erunt;
2816 5713 2925 5748 non
2962 5702 3144 5764 placet
3186 5704 3372 5750 autem
3417 5701 3568 5766 quod
3614 5702 3784 5754 habet

389 5769 629 5821 Gravius
686 5769 1128 5835 adimarginem
1198 5776 1250 5821 et
1321 5787 1424 5821 ms.
1501 5787 1600 5836 pro
1677 5785 1783 5821 non
1855 5772 2026 5822 Credo.
2131 5773 2283 5824 solus
2315 5772 2618 5836 Manutius,
2645 5772 2893 5822 viriliter.
2932 5773 3154 5822 PAMEL.

383 5841 460 5892 PA
470 5851 614 5890 MEL.
