4032 6180
184 202 271 262 853

1081 197 1280 255 uasa
1317 184 1404 255 DE
1432 194 1805 254 DlSClPLlNA
1842 193 1927 249 ET
1964 196 2144 255 BONO
2184 200 2561 260 PUDICIleE.

3398 197 3525 255 ’854

184 328 363 385 divina
391 323 760 398 indulgentia
789 324 1021 395 viribus,
1049 324 1407 396 adjuvantur.
1444 326 1567 379 Non
1595 326 1779 380 solum
1803 331 1863 404 Α
1884 323 2291 382 desideriorum
2325 329 2543 399 praelia,
2583 344 2780 400 pacem
2814 327 3023 384 nostris
3059 325 3394 399 corporibus
3425 327 3483 382 in

184 421 500 495 proferimus
572 422 739 475 verba
806 437 931 492 qua
995 419 1063 475 de
1126 420 1550 490 Scripturarum
1617 420 1787 474 sacris

179 511 408 568 fontibus
451 509 702 579 veniunt,
734 510 830 565 sed
880 525 1010 565 cum
1057 509 1195 581 ipsis
1239 508 1447 575 verbis,
1478 525 1675 580 preces
1719 508 1788 562 ad

183 601 467 660 Dominum
508 606 567 654 et
610 606 740 655 vota
781 600 1078 669 sociemus,
1122 602 1183 653 ut
1234 604 1353 654 tam
1402 598 1565 653 nobis
1611 614 1788 670 quam

197 690 351 757 vobis,
395 695 450 743 et
491 695 976 744 sacramentorum
1030 703 1265 743 suorum
1318 688 1617 741 thesauros
1666 703 1791 757 ape-

185 783 298 848 riat,
342 784 397 834 et
444 778 588 834 vires
629 778 703 833 ad
748 778 1044 849 implenda
1088 794 1217 848 qua
1258 776 1657 847 cognoscimus
1690 778 1785 845 (si),

184 870 391 925 tribuat.
425 867 738 923 Periculum
775 868 934 923 enim
967 867 1148 938 majus
1185 870 1270 921 est
1297 867 1651 921 voluntatem
1690 867 1790 919 Do-

188 959 309 1015 mini
355 957 699 1030 cognovisse,
750 962 808 1012 et
855 957 915 1012 in
960 957 1058 1013 Dei
1103 955 1407 1011 voluntatis
1454 971 1626 1027 opere
1675 972 1789 1009 ces-

185 1065 335 1103 50588.

242 1139 297 1192 Il.
345 1137 604 1202 Quamvis
650 1152 787 1207 ergo
832 1136 901 1191 ad
951 1137 1127 1191 multa
1179 1152 1277 1190 vos
1328 1134 1557 1205 negotia
1615 1138 1671 1188 et
1720 1134 1788 1189 ad

189 1226 371 1280 divina
426 1225 756 1280 monitionis
808 1230 1083 1295 pracepta
1112 1268 1126 1291 ,
1176 1240 1429 1294 semper,
1489 1228 1552 1277 ut
1598 1223 1785 1290 scitis,

187 1316 434 1370 exhorter
460 1315 618 1385 (quid
652 1314 803 1368 enim
832 1314 975 1368 mihi
1009 1314 1163 1367 aliud
1194 1314 1446 1368 votivum
1480 1317 1580 1368 aut
1608 1313 1790 1383 majus

186 1410 348 1477 potest
383 1421 521 1471 esse,
563 1421 736 1475 quam
782 1407 842 1458 ut
878 1420 984 1475 per
1023 1403 1219 1458 omnia
1261 1403 1496 1474 perfecti
1540 1403 1698 1457 stetis
1732 1401 1787 1456 in

186 1492 488 1561 Domino?),
534 1498 731 1547 tamen
776 1497 839 1547 ut
882 1492 1168 1563 pracipue
1218 1492 1502 1563 pudicitia
1545 1492 1789 1546 claustra

184 1583 402 1637 teneatis
446 1583 621 1653 (quod
666 1586 737 1637 et
765 1583 965 1653 facitis)
997 1584 1276 1638 admoneo
1307 1600 1318 1638 :
1354 1584 1600 1638 scientes
1640 1589 1785 1636 tem-

183 1673 323 1743 plum
352 1688 470 1726 esse
510 1688 603 1723 vos
646 1672 889 1738 Domini,
927 1673 1186 1726 membra
1223 1673 1452 1740 Christi,
1486 1672 1784 1727 habitatio-

180 1778 298 1815 nem
334 1761 573 1832 Spiritus
604 1762 806 1827 sancti,
845 1762 1054 1816 electos
1096 1762 1167 1817 ad
1206 1780 1385 1834 spem,
1432 1767 1790 1817 consecratos

182 1849 245 1903 ad
268 1849 449 1917 ﬁdem,
486 1849 803 1904 destinatos
834 1850 908 1904 ad
937 1849 1222 1918 salutem;
1253 1851 1402 1905 filios
1431 1851 1552 1920 Dei,
1589 1851 1792 1906 fratres

182 1938 383 2005 Christi,
429 1943 718 1993 consortes
757 1938 998 2009 Spiritus
1043 1941 1245 2007 sancti,
1288 1941 1429 1995 nihil
1470 1942 1593 2012 jam
1632 1941 1793 1995 carni

180 2029 458 2095 debentes,
516 2028 678 2099 quasi
745 2033 969 2084 renatos
1021 2047 1091 2085 ex
1149 2047 1298 2102 aqua
1352 2036 1405 2085 et
1474 2031 1789 2103 pudicitia,

181 2124 368 2188 prater
392 2118 742 2173 voluntatem
779 2118 981 2188 (Joan.,
1015 2136 1094 2183 ιιι,
1128 2121 1179 2187 3)
1210 2118 1397 2193 821
1438 2137 1610 2191 quam
1643 2120 1792 2174 velle

183 2207 427 2262 debemus
469 2214 531 2262 ut
572 2212 768 2262 nostra
810 2209 882 2263 sit
920 2210 1015 2279 (5);
1062 2217 1364 2281 prastetur
1408 2210 1585 2265 etiam
1626 2227 1794 2282 prop-

186 2299 263 2349 ter
292 2298 764 2367 redemptionem,
796 2301 859 2352 ut
887 2299 1180 2371 corrumpi
1220 2315 1337 2354 non
1379 2299 1576 2371 possit,
1607 2316 1737 2371 qua
1763 2317 1794 2353 a

182 2387 375 2441 Christo
406 2393 742 2442 consecrata
771 2388 844 2441 sit
884 2389 983 2456 (ὅ).
1021 2391 1165 2444 Nam
1195 2390 1241 2444 si
1277 2391 1581 2461 Apostolus
1612 2390 1794 2445 Eccle-

182 2475 304 2529 siam
327 2492 590 2546 sponsam
613 2477 822 2533 Christi
847 2479 916 2546 (ΙΙ
946 2479 1092 2541 Cor.,
1118 2496 1194 2545 ιι,
1219 2479 1272 2541 2)
1305 2480 1661 2551 pronuntiat,
1692 2495 1793 2533 oro

185 2580 287 2631 vos,
327 2572 534 2637 quanta
574 2565 844 2637 pudicitia
888 2567 1153 2638 exigitur,
1198 2569 1294 2622 ubi
1340 2567 1586 2622 Ecclesia
1638 2567 1796 2622 inter

183 2656 520 2710 matrimonia
567 2673 771 2726 sponsa
806 2656 965 2726 virgo
1010 2659 1356 2727 prastetur?
1408 2659 1474 2711 Et
1518 2674 1624 2728 ego
1665 2658 1795 2729 qui-

186 2744 322 2812 dem,
363 2745 466 2799 nisi
516 2746 670 2816 quod
715 2745 963 2800 breviter
1002 2761 1099 2800 vos
1147 2748 1457 2805 admonere
1498 2748 1794 2819 praposui,

187 2833 463 2889 latissimas
492 2835 629 2888 satis
664 2839 822 2904 puto,
856 2840 912 2889 et
946 2836 1249 2906 locupletes
1278 2836 1564 2906 pudicitia
1601 2837 1798 2891 laudes

189 2923 421 2993 proferre
469 2924 627 2995 potui
678 2940 691 2977 :
746 2923 845 2978 sed
894 2940 1310 2994 supervacuum
1366 2925 1501 2979 duxi
1556 2924 1798 2979 laudare

189 3027 297 3066 eam
325 3013 538 3067 diutius
568 3011 718 3082 apud
753 3012 1022 3068 colentes.
1056 3014 1159 3068 Vos
1197 3014 1350 3067 enim
1381 3013 1538 3067 illam
1582 3014 1799 3067 ornatis

1890 413 2086 471 ducit:
2126 416 2291 472 beata
2331 418 2471 489 ipsa,
2513 423 2571 475 et
2607 419 2800 474 beatos
2837 418 3085 474 efﬁciens
3131 419 3281 490 apud
3327 432 3470 490 quos
3494 453 3513 463 ο

1890 523 2117 579 cunque
2159 508 2416 564 habitare
2463 509 2763 581 dignatur;
2793 527 2967 581 quam
3014 526 3304 583 nunquam
3349 526 3517 565 accu-

1890 615 2013 654 sare
2052 606 2305 670 possunt.
2345 617 2448 656 nec
2485 602 2585 673 qui
2624 618 2750 657 eam
2788 619 2904 658 non
2945 603 3199 659 habent:
3236 602 3523 658 venerabi-

1890 689 1957 742 lis
2002 689 2170 744 etiam
2223 690 2479 745 hostibus
2528 692 2663 758 suis,
2712 693 2850 747 dum
2902 692 3058 747 illam
3108 692 3286 746 multo
3340 691 3521 759 magis

1891 777 2194 847 mirantur,
2226 780 2323 851 qui
2353 797 2479 836 eam
2511 797 2842 852 expugnare
2880 799 2993 836 non
3029 787 3285 853 possunt.
3316 781 3425 836 Sed
3460 783 3521 833 ut

1890 872 2117 933 matura
2162 874 2217 922 et
2261 872 2318 922 in
2362 870 2498 924 viris
2546 871 2787 942 probata
2825 888 3073 942 semper,
3121 875 3176 926 et
3219 888 3251 924 a
3292 868 3519 924 feminis

1891 959 2228 1026 appetenda,
2265 960 2343 1013 sic
2376 960 2601 1015 inimica
2631 962 2753 1032 ejus
2790 963 3145 1034 impudicitia
3182 978 3404 1031 semper
3434 966 3520 1015 est

1892 1043 2261 1115 detestanda;
2300 1047 2629 1103 obscoenum
2678 1050 2988 1105 ludibrium
3032 1050 3277 1105 reddens
3328 1048 3518 1103 minis-

1892 1133 1992 1187 tris
2029 1135 2162 1201 suis,
2193 1152 2294 1190 nec
2335 1138 2670 1207 corporibus
2706 1156 2949 1210 parcens
2991 1156 3095 1194 nec
3138 1138 3368 1193 animis.
3414 1139 3516 1194 De-

1889 1223 2109 1277 liellatis
2158 1224 2311 1278 enim
2365 1227 2608 1297 propriis
2660 1229 2940 1296 moribus,
2987 1236 3170 1285 totum
3224 1229 3521 1283 hominem

1889 1328 2056 1366 suum
2117 1313 2218 1367 sub
2284 1314 2644 1385 triumphum
2707 1316 2958 1371 libidinis
3021 1319 3240 1382 mittit;
3306 1317 3519 1372 blanda

1890 1403 2065 1472 prius,
2102 1406 2163 1456 ut
2206 1403 2329 1473 plus
2370 1410 2572 1459 noceat
2601 1406 2740 1460 dum
2777 1407 2984 1477 placet;
3018 1407 3358 1462 exhauriens
3395 1422 3518 1461 rem

1890 1507 2020 1545 cum
2050 1492 2264 1562 pudore
2290 1511 2301 1557 ;
2333 1494 2507 1549 hostis
2535 1496 2925 1563 continentia,
2957 1497 3290 1566 frequenter
3318 1512 3516 1566 perve-

1889 1579 2054 1633 niens
2104 1581 2176 1634 ad
2230 1583 2575 1653 sanguinem
2622 1584 2998 1655 cupiditatum
3053 1585 3259 1639 infesta
3311 1584 3512 1650 rabies,

1890 1669 2221 1724 incendium
2250 1672 2607 1727 conscientia
2636 1673 2823 1740 bona,
2845 1680 3037 1729 mater
3062 1673 3517 1744 impanitentia,

1893 1758 2060 1813 ruina
2097 1759 2345 1814 melioris
2391 1761 2590 1829 atatis,
2630 1763 2975 1818 contumelia
3015 1763 3261 1833 generis,
3302 1778 3518 1832 expug-

1892 1863 2035 1902 nans
2074 1849 2370 1920 sanguinis
2398 1853 2457 1904 et
2485 1851 2721 1906 familia
2751 1852 2947 1920 fidem,
2988 1852 3184 1907 alienis
3224 1851 3521 1907 affectibus

1893 1954 2028 1993 suos
2070 1938 2328 1993 inserens
2368 1939 2531 2010 ﬁlios,
2569 1940 2629 1996 in
2665 1942 2849 1997 aliena
2886 1946 3232 1998 testamenta
3267 1941 3521 1996 sobolem

1891 2027 2072 2098 ignoti
2116 2033 2172 2082 et
2208 2030 2459 2099 corrupti
2502 2030 2729 2101 generis
2758 2030 3060 2104 inducens.
3088 2033 3222 2096 Qua
3266 2032 3519 2102 plerum-

1893 2132 2003 2187 que
2054 2119 2208 2171 extra
2264 2133 2462 2172 sexum
2514 2119 2748 2188 ardens,
2805 2120 2943 2174 dum
2992 2137 3052 2175 se
3103 2136 3218 2175 non
3271 2118 3524 2174 continet

1893 2204 2370 2273 iutra'concessa,
2402 2223 2603 2277 parum
2646 2207 2755 2262 sibi
2797 2212 2962 2278 putat
3000 2209 3367 2277 satisfactum,
3415 2206 3524 2261 nisi

1896 2294 1956 2348 in
1982 2293 2239 2349 virorum
2269 2311 2496 2366 quoque
2523 2296 2857 2366 corporibus
2886 2313 3004 2351 non
3033 2297 3385 2369 voluptatem
3415 2314 3521 2352 no-

1895 2400 2022 2437 vam
2051 2388 2289 2454 quaret,
2322 2384 2421 2439 sed
2460 2384 2912 2440 extraordinaria
2948 2391 3007 2440 et
3041 2390 3364 2457 portentosa
3395 2403 3525 2441 con-

1894 2477 1981 2527 tra
2010 2474 2191 2545 ipsam
2222 2475 2490 2528 naturam
2523 2490 2593 2529 ex
2623 2473 2756 2529 viris
2790 2491 2893 2546 per
2921 2475 3070 2531 viros
3103 2480 3357 2532 monstra
3385 2493 3520 2532 con-

1895 2561 2105 2633 quirat.

1969 2649 2164 2723 822
2200 2652 2285 2705 lV.
2319 2651 2427 2707 Sed
2468 2652 2622 2707 enim
2650 2653 2927 2723 pudicitia
2960 2655 3148 2710 locum
3182 2655 3432 2725 primum
3463 2656 3522 2710 in

1902 2739 2221 2809 virginibus
2236 2746 2414 2808 tenet,
2428 2741 2738 2796 secundum
2755 2742 2814 2796 in
2835 2743 3281 2813 continentibus,
3293 2743 3528 2799 tertium

1900 2833 1959 2887 in
1986 2831 2388 2887 matrimoniis.
2410 2834 2619 2887 Verum
2646 2831 2704 2886 in
2725 2833 2993 2888 omnibus
3018 2834 3264 2906 gloriosa
3288 2841 3371 2889 est
3396 2842 3528 2891 cum

1901 2924 2172 2994 gradibus
2197 2924 2331 2978 suis.
2354 2926 2497 2979 Nam
2527 2928 2584 2980 et
2610 2925 3111 2982 matrimoniorum
3130 2926 3306 2983 ﬁdem
3326 2930 3528 2984 tenere

1898 3013 2027 3068 laus
2064 3020 2148 3069 est
2188 3015 2338 3069 inter
2367 3019 2449 3069 tot
2483 3014 2732 3085 corporis
2763 3015 2942 3084 bella;
2973 3022 3032 3071 et
3062 3017 3429 3072 matrimonio
3458 3019 3527 3074 de

191 3100 312 3155 dum
349 3102 566 3173 geritis,
611 3108 665 3156 et
704 3102 891 3172 plures
930 3103 1050 3173 ejus
1090 3103 1285 3158 laudes
1316 3102 1635 3158 exercendo
1672 3073 1875 3174 pro-C
1904 3102 2258 3157 continentia
2290 3103 2524 3158 modum
2565 3103 2847 3169 statuisse,
2888 3105 3116 3176 majoris
3161 3106 3382 3162 virtutis
3421 3114 3525 3177 est,

189 3190 361 3260 fertis;
388 3191 525 3246 facti
553 3192 674 3261 ejus
705 3194 1131 3258 ornamentum,
1161 3192 1300 3246 dum
1328 3197 1385 3247 et
1413 3192 1513 3246 illa
1544 3198 1800 3247 vestrum

192 3284 282 3347 est,
320 3285 522 3335 mutuo
567 3280 769 3334 decore
815 3279 1061 3335 invicem
1105 3280 1456 3335 fanerando.
1496 3283 1598 3336 Illa
1644 3282 1803 3336 vobis

192 3368 531 3439 disciplinam
594 3368 872 3422 bonorum
936 3370 1193 3440 suggerit
1253 3385 1517 3437 morum,
1563 3387 1659 3424 vos
1720 3370 1804 3424 illi

191 3457 557 3513 ministerium
602 3457 882 3529 prastatis
910 3473 1152 3528 cperum
1192 3463 1537 3513 sanctorum.
1577 3460 1717 3513 Nam
1750 3464 1805 3513 et

192 3547 280 3602 illa
322 3552 599 3620 quantum
647 3551 706 3601 et
746 3547 883 3618 quid
930 3547 1107 3618 possit
1152 3565 1257 3618 per
1291 3565 1386 3602 vos
1425 3550 1712 3619 apparuit,
1750 3552 1807 3604 et

193 3637 315 3707 quid
354 3655 451 3693 vos
494 3637 696 3704 velitis,
739 3636 863 3708 ipsa
903 3636 1309 3692 demonstravit
1351 3642 1407 3692 et
1449 3638 1673 3705 docuit;
1720 3655 1806 3693 co-

193 3725 383 3793 pulatis
431 3728 494 3781 in
550 3742 751 3792 unum,
803 3725 1024 3780 duobus
1086 3726 1247 3779 bonis
1305 3726 1707 3781 mandatorum
1752 3733 1808 3783 et

195 3831 401 3882 rerum,
450 3831 526 3870 ne
569 3814 702 3885 quid
754 3814 1018 3868 mutilum
1070 3814 1377 3879 videretur,
1422 3816 1467 3868 si
1516 3822 1613 3870 aut
1662 3832 1808 3888 pra-

198 3908 345 3975 cepta
382 3904 746 3971 ministeriis,
778 3903 1080 3974 praceptis
1121 3903 1440 3960 ministeria
1477 3906 1805 3964 defuissent.

260 3996 342 4051 lll.
389 3995 661 4050 Pudicitia
702 3998 787 4050 est
828 3995 1015 4049 honor
1043 4011 1368 4065 corporum,
1403 4002 1810 4052 ornamentum

198 4102 430 4153 morum,
469 4086 739 4140 sanctitas
769 4100 1028 4152 sexuum,
1057 4085 1348 4139 vinculum
1386 4086 1645 4156 pudoris,
1686 4086 1811 4141 fons

196 4175 477 4243 castitatis,
524 4191 634 4245 pax
682 4174 902 4239 domus,
948 4174 1269 4228 concordia
1314 4180 1501 4245 caput.
1536 4174 1812 4230 Pudicitia

197 4263 419 4319 sollicita
446 4279 565 4318 non
596 4266 680 4317 est
703 4263 794 4318 cui
820 4264 1043 4333 placeat
1067 4262 1176 4317 nisi
1203 4262 1309 4317 sibi
1334 4280 1346 4317 :
1371 4262 1649 4334 pudicitia
1669 4279 1812 4318 sem-

196 4369 291 4422 per
325 4353 662 4421 verecunda,
697 4353 835 4407 dum
873 4353 1218 4407 innocentia
1258 4356 1441 4407 mater
1472 4356 1559 4407 est
1598 4370 1611 4406 :
1645 4353 1811 4423 pudi-

1906 3192 2045 3247 dum
2070 3191 2238 3246 etiam
2263 3191 2413 3246 licita
2433 3192 2787 3260 rejiciuntur.
2812 3195 2975 3249 Certe
2999 3210 3066 3249 ex
3090 3200 3251 3252 utero
3273 3196 3531 3253 sanctita-

1904 3285 2023 3335 tem
2051 3280 2385 3347 custodisse,
2410 3284 2468 3335 et
2492 3280 2766 3336 infantem
2797 3297 2855 3337 se
2884 3299 3061 3354 usque
3088 3284 3147 3338 in
3175 3287 3529 3340 senectutem

1906 3370 1964 3423 in
1982 3386 2083 3423 sua
2103 3374 2266 3424 atate
2286 3374 2402 3424 tota
2414 3370 2661 3423 tenuisse
2684 3369 3037 3425 admiranda
3051 3371 3244 3443 utique
3258 3372 3530 3443 potentia

1907 3463 2021 3513 est:
2046 3456 2154 3511 nisi
2177 3457 2331 3528 quod
2350 3457 2590 3512 blandas
2612 3460 2861 3529 corporis
2887 3460 3038 3530 leges
3057 3476 3175 3515 non
3202 3477 3388 3530 nosse,
3413 3477 3529 3515 ma-

1908 3548 2007 3618 gis,
2030 3547 2311 3601 felicitatis
2334 3550 2437 3616 est,
2456 3550 2619 3602 notas
2632 3548 2753 3618 jam
2775 3548 2971 3604 vicisse
2992 3550 3214 3606 virtutis
3232 3557 3333 3619 est;
3353 3552 3430 3606 sic
3451 3556 3531 3606 ta-

1907 3652 2042 3691 men
2068 3640 2133 3690 ut
2157 3639 2213 3690 et
2240 3636 2415 3691 virtus
2442 3640 2550 3691 ista
2578 3636 2649 3690 de
2686 3637 2837 3693 dono
2870 3638 2965 3692 Dei
2996 3639 3200 3707 veniat,
3229 3640 3357 3696 licet
3383 3657 3442 3695 se
3470 3641 3527 3695 in

1907 3726 2179 3782 membris
2203 3726 2533 3780 hominibus
2564 3727 2841 3783 ostendat.

1976 3817 2039 3870 V.
2054 3815 2365 3882 Pudicitia,
2381 3816 2607 3883 fratres,
2629 3816 2859 3888 antiqua
2877 3823 3163 3889 pracepta
3181 3823 3333 3876 sunt.
3347 3822 3530 3884 Quare

1910 3906 2147 3977 antiqua
2205 3905 2373 3959 dico?
2428 3904 2575 3968 Quia
2617 3921 2747 3959 cum
2800 3906 2937 3976 ipsis
2988 3908 3317 3963 hominibus
3369 3911 3530 3965 insti-

1909 4000 2032 4050 tuta
2075 3999 2227 4049 sunt.
2276 3995 2414 4048 Nam
2460 3997 2516 4049 et
2558 3994 2682 4049 ideo
2724 3996 2811 4049 vir
2852 4012 2988 4050 suus
3032 3997 3265 4053 femina
3310 4005 3422 4069 est,
3475 4007 3534 4056 ut

1913 4087 2117 4157 prater
2154 4084 2423 4139 eumdem
2455 4084 2701 4139 alterum
2739 4085 2967 4156 nesciat,
3003 4090 3060 4141 et
3096 4088 3222 4143 ideo
3256 4087 3374 4142 viro
3407 4088 3534 4142 red-

1912 4174 2031 4228 dita
2072 4178 2154 4227 est
2199 4170 2426 4239 mulier,
2465 4178 2535 4227 ut-
2576 4173 2831 4244 subjecto
2875 4174 3026 4245 quod
3071 4175 3260 4230 fuerat
3308 4176 3359 4231 ei
3400 4192 3535 4248 pro-

1911 4264 2122 4334 prium,
2154 4261 2298 4316 nihil
2335 4263 2588 4333 requirat
2623 4263 2898 4318 alienum.
2944 4264 3035 4319 Sic
3070 4268 3128 4319 et
3165 4266 3291 4333 duo,
3331 4265 3539 4339 inquit,

1914 4357 2075 4407 erunt
2118 4355 2177 4406 in
2218 4367 2379 4406 carne
2419 4367 2518 4406 sua
2564 4352 2809 4422 (Mutila,
2859 4369 2972 4419 xu,
3023 4353 3097 4422 5),
3143 4360 3209 4409 ut
3250 4356 3310 4409 in
3359 4371 3539 4410 unum

198 4443 315 4497 citia
359 4461 591 4516 semper
628 4446 867 4498 ornatur
907 4443 1023 4498 solo
1064 4442 1303 4513 pudore,
1346 4443 1492 4499 bene
1530 4442 1636 4497 sibi
1675 4442 2113 4514 tuncDrcdeat
2157 4440 2312 4512 quod
2344 4456 2534 4497 unum
2586 4440 2787 4509 fuerat,
2833 4456 2906 4495 ne
2950 4443 3229 4511 separatio
3284 4444 3405 4497 sine
3457 4459 3540 4496 re-

199 4535 406 4589 conscia
436 4535 508 4588 de
537 4532 982 4604 pulchritudine,
1013 4532 1057 4585 si
1092 4532 1365 4602 improbis
1393 4532 1683 4602 displicet;
1712 4550 1809 4603 pu-

199 4619 376 4677 dicitia
421 4623 568 4678 nihil
613 4627 1082 4678 ornamentorum
1130 4622 1365 4694 quarit,
1419 4622 1589 4677 decus
1644 4639 1813 4677 suum

196 4712 309 4782 ipsa
349 4719 450 4770 est.
500 4714 627 4769 Hac
670 4730 771 4768 nos
816 4712 1177 4768 commendat
1222 4712 1484 4779 Domino,
1529 4714 1815 4768 connectit

198 4802 404 4859 Christo
442 4819 454 4858 :
500 4803 618 4858 hac
655 4805 944 4875 expugnat
974 4802 1168 4858 omnia
1208 4800 1279 4858 de
1309 4801 1579 4858 membris
1619 4802 1814 4858 illicita

1912 4532 2032 4587 ditu
2076 4530 2434 4586 occasionem
2480 4532 2709 4600 prastet
2746 4529 2995 4583 alterius.
3028 4530 3170 4585 Inde
3205 4535 3263 4586 et
3302 4535 3540 4604 Aposto-

1914 4620 2002 4677 lus
2039 4623 2213 4691 caput
2252 4618 2506 4673 mulieris
2547 4617 2937 4688 pronuntiavit
2968 4618 3153 4673 virum
3198 4620 3243 4689 (Ι
3287 4618 3431 4683 Cor.,
3464 4636 3538 4688 XI,

1916 4716 1991 4779 3),
2039 4716 2101 4766 ut
2142 4708 2538 4779 conjunctione
2582 4707 2831 4762 duorum
2874 4707 3210 4778 pudicitiam
3247 4709 3535 4779 probaret.

1916 4802 2059 4854 Nam
2098 4803 2159 4852 ut
2192 4797 2423 4853 alterius
2456 4801 2620 4867 caput
2660 4794 2932 4851 membris
2966 4800 3165 4867 aptum
3198 4813 3314 4852 non
3358 4803 3543 4869 potest

1533 5102 1696 5166 Edit.
1739 5101 1945 5166 Oxon.
1993 5104 2190 5164 nota.

247 5353 307 5412 (ι)
357 5350 438 5401 Ad
484 5350 752 5413 implenda
800 5364 913 5414 qua
959 5349 1331 5410 cognoscimus.
1378 5348 1653 5398 Pamelius
1697 5349 1815 5396 ait:

200 5420 352 5471 Hanc
406 5424 815 5484 conjeccturam
873 5420 1089 5469 Erasmi
1167 5424 1478 5483 sequuntur
1550 5420 1820 5477 Gravius,

204 5493 496 5549 Manutius,
554 5498 607 5541 et
662 5492 974 5549 Morellius;
1037 5493 1252 5553 poterat
1301 5503 1541 5547 nomen,
1595 5502 1821 5553 quaque,

204 5564 375 5626 accipi
426 5577 522 5625 pro
573 5577 919 5626 quocumque,
972 5562 1277 5626 praesertim
1327 5576 1454 5613 cum
1508 5563 1588 5612 sic
1644 5561 1826 5623 legant

205 5635 365 5681 etiam
393 5647 532 5682 mss.
562 5635 783 5683 PAMEL.

265 5706 326 5765 (5)
356 5706 553 5755 Praeter
584 5705 903 5756 voluntatem
944 5720 1104 5770 quam
1146 5704 1278 5755 υθιισ
1318 5704 1556 5755 debemus
1602 5710 1658 5754 ut
1702 5717 1830 5753 nos-

212 5779 295 5823 tm
335 5777 421 5825 sit.
469 5777 743 5828 Pamelius
785 5778 859 5827 ait
903 5793 912 5825 :
961 5778 1045 5829 Ex
1094 5777 1345 5828 Costerio
1392 5774 1572 5826 habeo
1614 5780 1689 5831 ut,
1735 5788 1832 5837 pro

1920 5350 1988 5407 et,
2012 5346 2191 5396 adhuc
2234 5348 2417 5395 tamen
2461 5347 2610 5394 totus
2648 5344 2806 5393 locus
2844 5340 3115 5391 obscurus
3139 5344 3242 5390 est.
3272 5340 3369 5391 Ms.
3400 5339 3545 5400 cod.,

1922 5424 1969 5467 σι
1997 5420 2053 5466 in
2081 5423 2265 5467 nostra
2283 5417 2357 5479 ﬁt,
2382 5417 2478 5466 sed
2504 5430 2615 5465 non
2648 5415 2847 5478 placet.
2875 5413 3097 5462 PAMEL.

1986 5490 2056 5551 (6)
2110 5492 2232 5550 Quae
2285 5502 2320 5537 a
2374 5487 2579 5537 Christo
2628 5489 2933 5536 consecrata
2973 5484 3056 5534 sit.
3110 5483 3387 5533 Pamelius
3438 5482 3551 5530 ait:

1928 5562 2033 5611 Hic
2064 5562 2261 5609 iterum
2294 5559 2595 5620 Costerius,
2622 5559 2754 5623 quia
2795 5556 3024 5614 Christo,
3057 5556 3158 5608 sed
3200 5555 3286 5603 vel
3325 5552 3558 5602 Erasmo

1929 5636 2083 5691 teste,
2116 5632 2208 5680 ille
2256 5643 2453 5681 sensus
2501 5634 2731 5689 constat,
2761 5632 2815 5679 et
2852 5627 2934 5677 sic
2978 5628 3178 5694 legunt
3219 5625 3390 5674 etiam
3431 5631 3558 5671 mss.

1933 5704 2054 5754 cod.
2083 5704 2304 5754 PAMEL.
