4032 6180
514 299 619 359 855
1226 299 1313 357 ΑΙ)
1353 301 1576 357 OPERA
1614 300 1667 354 S.
1710 299 2026 357 CYPRIANI
2063 297 2308 357 GENUIA
2347 300 2632 358 APPEND.
2676 301 2717 356 Ι.
2749 330 2818 341 -
2849 299 3070 357 DUBIA.
3723 309 3810 367 856

535 443 676 493 esse,
722 423 800 480 ita
839 427 894 480 et
929 424 1114 480 alieno
1160 425 1328 497 capiti
1372 425 1625 480 membra
1663 441 1780 480 non
1817 441 1916 479 sua
1946 441 1959 480 :
1990 429 2156 496 caput
2179 441 2232 511 Α
2257 425 2454 494 habet;
2513 442 2624 479 non
2681 425 2854 480 habet
2919 425 3342 494 fecunditatem,
3388 427 3482 482 sed
3524 445 3628 484 non
3687 429 3838 490 habet

526 519 679 572 enim
727 517 840 572 suis
891 518 1155 573 convenit
1207 518 1514 584 membris,
1560 521 1616 570 et
1671 517 1929 570 membra
1982 515 2152 585 capiti
2257 513 2561 568 oz‘bitatem
2606 531 2616 568 :
2660 515 2786 568 felix
2822 517 2974 586 quod
3019 523 3103 570 est
3141 521 3294 570 extra
3331 516 3590 574 funerum
3618 519 3835 578 filiorum

520 625 654 678 suo;
707 613 952 681 utraque
1002 611 1250 665 naturali
1293 609 1466 663 ﬁbula
1515 609 1570 663 in
1612 607 1911 662 concordia
1954 611 2156 660 mutua
2259 604 2658 658 calamitatem.
2708 604 3015 676 Virginitas
3061 605 3197 676 quid
3248 612 3329 660 est
3380 607 3524 660 aliud
3563 626 3720 680 quam
3764 629 3837 666 so-

515 699 826 766 cohasrent,
875 718 947 757 ne
993 718 1103 773 qua
1153 701 1374 756 oriente
1429 700 1712 756 discordia
1762 699 1830 754 de
1877 697 2154 752 divisione
2258 693 2372 747 luta
2424 693 2699 748 libertas?
2739 695 2998 750 Maritum
3053 713 3163 750 non
3206 696 3375 750 habet
3419 697 3712 754 dominum.
3737 701 3840 757 Vir-

518 790 907 846 membrorum
954 798 1182 863 pactum
1247 791 1421 845 divini
1482 789 1708 844 fmderis
1763 793 2152 858 rumperetur-
2259 782 2470 853 ginitas
2531 784 2919 838 affectionibus
2971 786 3238 840 omnibus
3299 785 3476 840 soluta
3539 792 3616 841 est
3675 806 3686 842 :
3743 808 3839 848 non

585 884 754 938 Addit
781 888 977 938 tamen
1013 888 1068 938 ei
1095 883 1230 936 dicit
1259 899 1270 936 ;
1296 879 1568 945 Quoniam
1612 882 1712 949 qui
1741 894 1959 933 morem
1995 892 2152 932 suam
2259 873 2639 926 matrimoniis
2688 880 2770 928 est
2813 875 3018 944 dicata,
3067 891 3180 929 non
3231 875 3459 940 saeculo,
3503 893 3612 930 non
3657 878 3838 937 liberis.

523 973 706 1041 diligit
761 976 994 1043 scipsum
1061 973 1262 1040 diligit.
1326 974 1489 1026 Nemo
1551 971 1693 1023 enim
1748 983 1960 1022 carnem
2002 983 2156 1023 suam
2255 964 2713 1019 Persecutionem
2759 983 2874 1020 non
2924 971 3112 1038 potest
3149 966 3374 1034 timere,
3420 967 3551 1021 dum
3605 969 3737 1025 illam
3782 973 3839 1029 de

519 1063 640 1116 odio
684 1063 861 1123 habet,
904 1063 994 1116 sed
1036 1064 1215 1115 nutrit
1255 1066 1305 1115 et
1343 1063 1489 1128 fovet
1529 1076 1664 1118 eam,
1697 1062 1834 1112 sicut
1878 1063 1929 1112 et
1973 1059 2150 1114 Chris-
2256 1052 2553 1108 securitate
2580 1071 2692 1108 non
2726 1058 2912 1126 potest
2940 1073 3269 1127 provocare.

518 1158 606 1205 tus
650 1154 936 1207 Ecclesium
982 1153 1219 1222 (Ephes.,
1266 1167 1320 1216 v,
1369 1152 1457 1217 28,
1511 1151 1623 1217 29).
1671 1148 1976 1202 Charitatis
2018 1163 2150 1202 cum
2328 1145 2434 1197 Vll.
2466 1144 2574 1198 Sed
2617 1145 2751 1216 quia
2793 1146 3079 1216 pudicitiae
3123 1147 3287 1202 nobis
3325 1147 3571 1202 breviter
3613 1154 3730 1204 sunt
3761 1168 3842 1206 ex-

519 1240 796 1310 pudicitia
829 1258 895 1295 ex
929 1241 1031 1296 hoc
1063 1255 1271 1310 magna
1312 1239 1690 1310 praescriptio,
1734 1239 1778 1292 si
1818 1254 2024 1292 uxores
2070 1237 2152 1292 di-
2255 1231 2436 1302 posita
2459 1235 2900 1305 pracepta,jam
2921 1235 3206 1306 pudicitiae
3225 1252 3507 1308 ponamus
3529 1239 3842 1310 exemplum.

524 1328 768 1402 ligandae
811 1336 942 1385 sunt
989 1348 1017 1383 ει
1063 1330 1198 1384 viris
1243 1329 1356 1382 suis
1400 1329 1545 1382 sicut
1585 1331 1640 1381 et
1670 1327 1923 1382 Christus
1962 1328 2155 1382 dilexit
2254 1322 2383 1375 Plus
2413 1323 2564 1376 enim
2595 1324 2909 1393 proﬁcitur,
2942 1343 3070 1380 cum
3110 1327 3167 1381 in
3202 1343 3321 1381 rem
3353 1331 3682 1398 praesentem
3714 1332 3842 1384 veni-

517 1421 851 1486 Ecciesiam;
899 1424 953 1472 et
999 1419 1070 1471 ita
1122 1436 1324 1473 uxores
1371 1417 1601 1471 maritos
1639 1417 1848 1471 debent
1891 1417 2148 1487 diligere,
2255 1413 2388 1464 tur:
2423 1427 2524 1464 nec
2557 1411 2625 1464 de
2653 1413 2860 1468 virtute
2891 1413 3264 1481 dubitabitur,
3298 1416 3530 1487 quando
3562 1418 3699 1487 quod
3724 1436 3844 1488 prie-

514 1518 576 1566 ιιι
606 1510 850 1564 Ecclesia
883 1509 1070 1572 diligit
1096 1509 1406 1564 Chi-istum,
2253 1498 2462 1568 cipitur
2490 1501 2764 1570 exemplis
2804 1503 2976 1558 etiam
3021 1505 3302 1575 signatur.
3340 1506 3665 1577 Exemplum
3700 1510 3840 1578 pudi-

586 1603 670 1653 Vl.
725 1602 878 1654 Hanc
927 1597 1268 1650 sententiam
1317 1597 1572 1652 Christus
1629 1597 1862 1666 quando
1912 1613 2134 1652 uxoren

2253 1587 2397 1641 citia:
2436 1606 2469 1642 a
2508 1591 2716 1660 Joseph
2755 1593 2924 1661 cmpit
2967 1595 3147 1662 (Gem,
3186 1611 3366 1663 xxxix,
3405 1600 3506 1664 t2).
3545 1597 3846 1652 Adolescens

515 1689 729 1743 dimitti
760 1705 875 1743 non
915 1687 1020 1740 nisi
1052 1688 1124 1741 ob
1156 1685 1500 1740 adulterium
1530 1684 1668 1738 dixit
1696 1687 1937 1752 (Matth.,
1969 1701 2021 1753 v,
2063 1687 2149 1754 32)
2254 1677 2520 1732 Ηεὺηειιδ
2567 1695 2875 1749 generosus
2913 1684 2983 1736 de
3023 1690 3203 1753 patre,
3238 1688 3570 1755 generosior
3604 1689 3668 1742 de
3703 1689 3845 1744 inno-

515 1780 921 1848 iniermgaius,
980 1783 1204 1831 tantum
1275 1777 1548 1830 honorem
1611 1775 1903 1844 pudiciiim
1968 1775 2144 1828 dedit,
2169 1807 2221 1848 ι)
2252 1765 2454 1833 ceutia,
2494 1767 2563 1821 ob
2605 1767 2877 1824 invidiam
2915 1773 3329 1828 revelationum
3369 1775 3661 1831 distractus
3695 1795 3724 1831 a
3758 1779 3847 1832 fra-

517 1871 657 1922 llinc
698 1875 829 1922 nata
866 1873 950 1921 est
993 1867 1088 1920 illa
1128 1865 1407 1920 sententia
1437 1881 1448 1918 :
1480 1865 1776 1919 Adulterus
1818 1880 1926 1918 non
1959 1867 2145 1919 sinetis
2169 1853 2224 1878 υ
2250 1853 2429 1908 tribus
2467 1855 2573 1925 (10)
2620 1857 2940 1926 Ῑδῐηᾶθὶὶῑὶε,
2974 1861 3033 1914 in
3080 1862 3319 1918 domum
3363 1865 3660 1920 devenerat
3696 1867 3849 1921 homi-

515 1961 691 2012 vivere
735 1958 951 2027 (Leuit,
992 1974 1079 2021 xx,
1128 1958 1233 2024 10).
1283 1954 1422 2008 Hinc
1461 1953 1757 2022 Apostolus
1794 1951 1930 2006 dicit
1971 1969 1983 2006 :
2021 1955 2143 2007 Hac
2245 1943 2332 1997 υίε
2369 1945 2654 2014 Egypt“;
2689 1946 2964 2018 obsequio
3006 1958 3061 2003 et
3106 1951 3442 2008 innocentia
3478 1962 3531 2007 et
3574 1961 3679 2010 tota
3708 1957 3848 2010 servi-

515 2055 590 2102 est
640 2049 892 2102 voluntas
932 2049 1046 2108 Dei,
1093 2052 1154 2100 ut
1197 2046 1525 2100 abstinentia
1568 2059 1659 2098 eos
1709 2060 1742 2096 a
1780 2045 2144 2110 fornicatione
2253 2034 2387 2086 ῑυιίε
2419 2033 2530 2087 ﬁde
2573 2035 2795 2090 Ῑᾶοίιθω
2836 2041 2891 2092 et
2922 2037 3268 2096 benevolum
3310 2041 3368 2096 in
3413 2061 3472 2098 se
3503 2046 3743 2098 animum
3776 2046 3848 2100 sui

515 2138 554 2207 (Ι
589 2138 787 2197 Thess,
819 2153 888 2201 iv,
922 2137 996 2205 3).
1029 2136 1166 2190 llinc
1197 2141 1251 2188 et
1277 2133 1418 2188 illud
1448 2133 1582 2187 dicit
1611 2149 1622 2186 :
1654 2133 1892 2188 Membra
1921 2133 2140 2202 Christi,

513 2227 761 2281 membris
809 2228 1098 2280 meretricis
1137 2241 1241 2279 non
1291 2239 1398 2278 esse
1432 2223 1717 2292 jungenda
1766 2225 1806 2293 (Ι
1865 2223 2008 2285 σον..
2066 2239 2139 2290 VI,

518 2315 620 2383 15).
658 2316 795 2369 Hinc
828 2315 1065 2369 traditur
1100 2315 1318 2368 Satanae
1360 2313 1414 2366 in
1461 2311 1756 2366 interitum
1798 2313 1984 2367 carnis
2020 2313 2138 2384 qui,

510 2405 830 2474 proculcato
885 2404 1016 2473 jure
1081 2402 1388 2473 pudicitiie,
1458 2400 1587 2454 vitia
1651 2401 1838 2456 carnis
1891 2408 2138 2457 exercet.

515 2495 652 2546 llinc
699 2492 904 2547 merito
954 2509 1200 2562 regnum
1249 2492 1522 2545 caelorum
1574 2507 1689 2544 non
1737 2494 1940 2544 tenent
1986 2492 2143 2546 adul-

513 2584 650 2653 teri;
698 2584 829 2638 hinc
871 2587 955 2638 est
995 2599 1166 2636 omne
1206 2585 1497 2653 peccatum
1545 2583 1708 2635 extra
1752 2595 1954 2650 corpus
1998 2595 2136 2646 esse,

514 2673 696 2726 solum
744 2672 1067 2726 adulterum
1113 2687 1348 2742 peccare
1387 2670 1446 2724 in
1485 2685 1652 2723 suum
1699 2684 1905 2739 corpus
1944 2684 1957 2722 :
2006 2668 2140 2722 hinc

514 2768 737 2815 caaterai
781 2760 1146 2831 praeceptoris
1179 2759 1564 2824 auctoritates,
1609 2774 1747 2828 quas
1793 2773 1942 2810 nunc
1976 2773 2137 2811 reco-

512 2853 631 2906 lere
661 2867 860 2904 omnes
879 2867 992 2904 non
1023 2853 1106 2903 est
1132 2866 1383 2914 necesse,
1409 2848 1553 2917 apud
1584 2864 1682 2901 vos
1703 2848 2018 2916 priesertim
2042 2847 2138 2917 qui

513 2941 636 2994 illas
668 2939 846 2993 nostis
871 2939 1206 3009 frequenter
1229 2944 1285 2991 ct
1311 2937 1520 3005 facitis;
1547 2953 1674 3007 quae
1706 2936 1837 2990 licet
1859 2936 2139 3006 descripta

513 3047 628 3084 non
666 3028 796 3094 sint,
830 3027 1070 3099 quaeruli
1116 3032 1307 3081 tamen
1347 3027 1416 3080 de
1448 3025 1538 3079 his
1568 3042 1684 3079 non
1725 3025 1960 3096 potestis
1988 3041 2131 3080 esse.

511 3118 749 3173 Adulter
782 3117 935 3171 enim
977 3115 1174 3188 823
1211 3133 1326 3170 non
1372 3115 1546 3168 habet
1589 3115 2006 3169 excusationem
2041 3116 2132 3184 (7),

511 3209 608 3256 aut
639 3204 847 3258 habere
878 3206 1082 3276 potuit,
1112 3205 1246 3275 quia
1278 3205 1482 3258 ducere
1513 3203 1716 3258 licebat
1745 3219 2004 3258 uxorem.

584 3293 696 3345 Vll.
748 3293 860 3347 Sed
911 3294 1056 3348 sicut
1099 3292 1375 3346 matronis
1414 3293 1546 3361 jura
1599 3292 1929 3362 prmscripta
1986 3295 2136 3357 sunt,

512 3397 638 3449 qua}
674 3381 750 3434 ita
784 3387 917 3436 sunt
946 3398 1129 3446 nexae,
1161 3385 1226 3435 ut
1251 3379 1436 3436 divelli
1471 3381 1601 3434 inde
1637 3397 1753 3434 non
1792 3381 2007 3450 possint
2039 3382 2130 3450 (8),

514 3468 807 3537 virginitas
831 3486 964 3525 vero
993 3473 1050 3524 et
1075 3469 1426 3525 continentia
1452 3475 1608 3524 extra
1627 3469 1721 3538 jus
1757 3484 1927 3522 omne
1959 3476 2090 3524 sunt
2122 3487 2132 3524 :

512 3557 655 3610 nihil
701 3557 774 3610 ad
818 3557 1199 3628 virginitatem
1250 3559 1319 3612 de
1374 3557 1878 3612 matrimoniorum
1922 3559 2140 3627 legibus

514 3646 778 3714 pertinet,
809 3647 1111 3700 altitudine
1153 3664 1254 3702 sua
1292 3647 1636 3701 transcendit
1675 3663 1894 3701 omnes.
1934 3647 1992 3701 Si
2022 3650 2140 3702 ulla

515 3751 682 3803 prava
727 3735 1032 3790 hominum
1079 3753 1214 3790 ausa
1259 3737 1417 3804 leges
1460 3736 1799 3806 supergredi
1838 3744 2134 3806 conantur,

513 3823 811 3890 virginitas
846 3828 1035 3894 mquat
1081 3841 1139 3878 se
1181 3825 1436 3895 angelis;
1485 3825 1530 3878 si
1582 3841 1713 3878 vero
1755 3825 2134 3896 exquiramus,

514 3913 684 3966 etiam
733 3919 931 3968 contra
983 3917 1243 3968 naturam
1290 3914 1482 3984 refert,
1531 3932 1701 3986 quam
1753 3932 1870 3970 non
1926 3915 2140 3970 habent

512 4002 722 4071 angeli.
761 4001 1061 4072 Virginitas
1106 4003 1243 4073 quid
1283 4004 1434 4058 aliud
1475 4007 1558 4058 est
1593 4021 1767 4074 quam
1809 4005 2015 4059 futurae
2055 4006 2134 4058 vi-

511 4096 583 4144 tae
623 4091 868 4161 gloriosa
910 4092 1244 4147 meditatio?
1270 4092 1573 4162 Virginitas
1615 4093 1800 4147 neutri
1849 4111 2016 4148 sexus
2054 4098 2138 4149 est

515 4181 586 4249 (9)
621 4197 632 4234 :
673 4179 972 4250 virginitas
1013 4184 1096 4234 est
1134 4198 1500 4251 perseverans
1538 4182 1774 4236 infantia
1807 4202 1817 4234 :
1847 4183 2140 4254 virginitas

515 4274 599 4322 est
651 4269 1003 4338 voluptatum
1059 4270 1380 4340 triumphus
1425 4287 1437 4324 :
1488 4270 1783 4340 virginitas
1828 4271 1972 4326 ﬁlios
2025 4289 2137 4326 non

513 4357 685 4413 habet
740 4357 840 4412 sed
900 4358 1052 4428 quod
1111 4359 1237 4429 plus
1288 4363 1388 4425 est,
1440 4358 1690 4414 ﬁliorum
1743 4366 2138 4433 contemptum

2156 3178 2210 3252 C
2244 3213 2356 3248 non
2401 3195 2674 3250 dubitavit
2720 3198 3066 3254 calumniam

2247 2127 2654 2192 provocaverat
2701 2125 2937 2192 domini,
2979 2129 3139 2198 cujus
3190 2130 3393 2186 faciem
3441 2137 3554 2186 tam
3598 2151 3764 2188 sermo
3801 2135 3852 2188 li-

2245 2213 2471 2280 beralis,
2506 2230 2676 2284 quam
2720 2218 2856 2268 aetas
2900 2217 3170 2272 omnibus
3213 2223 3731 2278 commendaverat.
3757 2223 3848 2279 Sed

2261 2302 2366 2356 ista
2405 2302 2750 2372 generositas
2783 2304 2852 2358 ab
2893 2321 3068 2361 uxore
3106 2309 3320 2363 domini
3367 2311 3535 2366 aliter
3573 2329 3732 2383 quam
3768 2315 3846 2367 de-

2241 2391 2405 2445 cebat
2453 2396 2686 2461 accepta
2744 2400 2826 2447 est
2886 2411 2898 2449 :
2956 2395 3013 2450 in
3067 2397 3271 2452 domus
3322 2404 3482 2469 parte
3538 2408 3756 2465 secreta,
3798 2409 3844 2457 et

2241 2481 2365 2534 sine
2397 2481 2624 2535 arbitris
2674 2483 2795 2538 alta
2830 2487 2888 2537 et
2916 2484 3260 2540 facinoribus
3297 2491 3678 2552 accommoda,
3709 2495 3845 2560 puta-

2242 2568 2321 2622 vit
2356 2586 2414 2622 se
2449 2570 2782 2640 pudicitiam
2815 2572 3196 2630 adolescentis
3234 2575 3591 2633 incontinens
3624 2581 3844 2634 mulieris

2242 2658 2612 2729 impudicitia,
2665 2677 2818 2714 nunc
2885 2664 3210 2734 promissis,
3276 2682 3431 2722 nunc
3493 2669 3658 2723 minis
3716 2686 3848 2740 posse

2245 2764 2536 2819 superare.
2586 2751 2652 2803 Et
2701 2766 2831 2820 cum
2883 2755 3137 2808 retentus
3181 2761 3265 2810 est
3305 2757 3577 2825 vestibus,
3618 2776 3679 2813 eo
3720 2759 3848 2830 quod

2244 2839 2540 2891 moliretur
2574 2838 2796 2909 fugam,
2831 2847 3071 2911 propter
3096 2845 3238 2897 tanti
3281 2846 3556 2901 facinoris
3591 2848 3844 2902 audaciam

2240 2926 2391 2996 ipsas
2430 2931 2615 2982 vestes
2645 2928 2996 2999 relinquens,
3027 2936 3087 2986 et
3118 2936 3378 3004 corporis
3416 2937 3562 2991 nudi
3594 2939 3846 2992 sincerita-

2237 3021 2356 3071 tem
2431 3017 2724 3071 habiturus
2800 3019 3144 3075 innocentiae
3220 3027 3466 3092 testem,
3527 3027 3594 3081 ad
3659 3028 3844 3082 crimen

2239 3105 2605 3176 impudicitia!
2655 3109 2764 3176 (11)
2813 3125 2928 3162 suae
2982 3110 3324 3180 imprudens
3381 3116 3589 3170 mulier
3637 3116 3846 3185 adjicere

3119 3217 3129 3254 :
3181 3208 3236 3256 et
3279 3205 3502 3259 caeteris
3550 3213 3603 3260 et
3648 3207 3843 3260 marito.

2241 3284 2494 3354 squalida
2549 3290 2605 3339 et
2661 3287 2904 3354 fervens,
2961 3293 3152 3359 spreto
3211 3291 3497 3347 desiderio
3563 3312 3675 3361 suo,
3736 3312 3842 3348 con-

2243 3381 2441 3445 questa
2483 3379 2568 3429 est
2615 3375 2809 3430 dolore
2855 3378 3142 3446 simulato,
3183 3379 3379 3454 824
3427 3384 3582 3453 quod
3615 3385 3845 3439 Hebrmus

2245 3467 2571 3520 adolescens
2588 3466 2704 3521 vim
2727 3467 2831 3522 sibi
2859 3469 3098 3523 molitus
3112 3471 3312 3526 fuisset
3331 3472 3734 3545 inferre,quam
3750 3476 3844 3545 ipsa

2247 3561 2449 3609 conata
2466 3556 2652 3610 fuerat
2669 3556 2946 3627 irrogare.
2966 3558 3418 3615 Maritalisardor
3435 3579 3626 3618 rerum
3646 3564 3842 3627 inscius,

2246 3648 2304 3698 et
2333 3645 2522 3698 uxoris
2549 3647 2904 3700 accusatione
2933 3647 3183 3716 graviter
3210 3649 3606 3705 inflammatus
3627 3652 3842 3707 incendi-

2243 3738 2355 3788 tur.
2391 3735 2634 3788 Pudicus
2665 3751 2796 3788 vero
2817 3736 3064 3805 juvenis,
3088 3738 3218 3807 quia
3246 3739 3453 3794 delicto
3475 3742 3842 3796 conscientiam

2245 3841 2356 3876 non
2381 3823 2621 3889 miscuit,
2643 3823 2700 3876 in
2726 3824 2901 3877 imum
2927 3826 3168 3879 carceris
3190 3827 3462 3884 truditur.
3493 3829 3600 3885 Sed
3619 3832 3725 3886 sola
3750 3847 3841 3884 non

2243 3918 2325 3966 est
2352 3913 2411 3966 in
2442 3929 2661 3966 carcere
2703 3913 3005 3983 pudicitia;
3034 3931 3168 3968 nam
3197 3921 3281 3969 est
3311 3934 3442 3972 cum
3470 3920 3673 3990 Joseph
3699 3921 3839 3981 Deus,

2243 4005 2298 4055 et
2348 4007 2616 4056 nocentes
2661 4003 2868 4056 dantur
2916 4001 2972 4056 in
3022 4019 3193 4056 manu
3241 4005 3384 4074 ejus,
3420 4007 3556 4078 quia
3603 4010 3841 4062 innocens

2247 4093 2448 4144 fuerat.
2513 4091 2880 4145 Somniorum
2951 4096 3230 4161 praeterea
3295 4095 3534 4150 obscura
3593 4098 3839 4157 dissolvit;

2241 4180 2376 4252 quia
2413 4180 2644 4251 spiritus
2686 4181 2744 4234 in
2786 4182 3101 4236 tentatione
3142 4183 3431 4254 vigilabat,
3465 4190 3524 4240 et
3553 4205 3656 4259 per
3685 4186 3838 4241 domi-

2243 4286 2383 4324 num
2414 4269 2690 4324 liberatur
2726 4287 2757 4323 a
2795 4270 3054 4325 vinculis.
3091 4273 3197 4336 Qui
3235 4272 3288 4326 in
3336 4275 3513 4330 domo
3547 4276 3725 4330 minor
3751 4278 3836 4344 (12)

2241 4374 2371 4412 cum
2419 4359 2672 4429 periculo
2715 4359 2918 4426 fuerat,
2963 4361 3135 4431 regiae
3183 4361 3390 4418 domus
3445 4365 3567 4420 sine
3618 4364 3837 4438 periculo

1847 4673 2007 4738 Edit.
2058 4676 2263 4743 Oxon.
2313 4677 2509 4738 notae.

569 4932 632 4990 (7)
683 4927 904 5021 Adu'ller
953 4929 1087 4974 enim
1135 4940 1244 4976 non
1289 4927 1442 5021 habet
1493 4929 1890 5021 er‘ccu‘satilonfm.
1935 4927 2214 5021 Pame-D
2300 4933 2366 4991 (9)
2404 4931 2696 4993 Virginitas
2739 4933 2914 4982 neutri
2946 4945 3102 4982 sexus
3146 4938 3233 4982 est.
3272 4933 3552 4984 Pamelius
3577 4933 3682 4981 ait:
3724 4929 3832 4980 Gra-

569 5016 610 5021 .,-
647 5001 713 5021 ..ει
746 5015 756 5021 .
821 5000 910 5021 ΪΑΑ
954 5013 1170 5021 ..η-...μνη
1222 5014 1285 5021 η-
1384 5003 1498 5021 ,ι-ι..
1648 5013 1668 5021 ρ
1745 5014 1796 5021 -.ι
1820 5000 1960 5021 .'.-.'o.'_.
2021 5015 2126 5021 -Α-
2237 5001 2357 5021 -.:--_
2398 5002 2458 5021 _.I
2494 5004 2792 5021 __.___:____
2857 5006 2902 5021 λι
2955 5003 3119 5021 --Δ-..
3155 5003 3188 5021 n
3261 5004 3611 5021 ‘l\__n_l_-u_'_
3655 5006 3810 5021 ..--.ο...

504 5001 613 5049 lius
646 5001 756 5048 ait:
792 4999 911 5048 Iloc
954 5013 1174 5047 rursum
1221 5014 1288 5048 ex
1333 4999 1564 5050 Tertull.
1605 4998 1668 5048 de
1701 4999 1984 5061 Pudicitia,
2021 5015 2131 5050 non

506 5074 695 5137 procul
739 5073 806 5122 ab
840 5073 1013 5132 initio,
1043 5073 1282 5122 referens
1331 5072 1398 5120 ad
1438 5073 1854 5121 excusationem
1901 5075 2134 5135 peccati,

503 5146 653 5208 quod
682 5145 772 5193 ille
804 5144 1122 5206 malejuxta
1152 5157 1317 5192 suum
1349 5157 1588 5192 errorem
1625 5143 1690 5191 ad
1723 5145 2135 5194 excusationem

504 5219 700 5267 veniat.
735 5219 951 5265 PAMEL.

567 5292 637 5349 (8)
686 5288 805 5347 Qua:
842 5290 916 5335 ita
945 5293 1062 5336 sunt
1104 5301 1268 5344 nea‘ae,
1301 5291 1357 5335 ut
1391 5286 1572 5335 divelli
1607 5286 1726 5335 inde
1768 5301 1873 5336 non
1916 5288 2131 5350 possint.

507 5361 782 5408 Pamelius
824 5360 938 5406 ait:
983 5359 1161 5407 Locus
1201 5372 1296 5420 pro
1343 5358 1683 5406 matrimonii
1725 5357 2136 5407 indissolubili-

504 5436 628 5478 tate.
688 5431 784 5478 Est
839 5433 1023 5478 autem
1083 5429 1242 5478 locus
1299 5429 1392 5478 ille
1450 5428 1700 5488 mutilus,
1759 5428 1909 5492 quod
1959 5429 2127 5478 etiam

503 5503 762 5550 asterisco
791 5500 1077 5549 adnotavit
1113 5500 1406 5549 Manutius.
1451 5501 1867 5563 Prosequuntur
1900 5500 2128 5564 quidam

500 5575 720 5624 codices
771 5587 900 5621 mss.
950 5572 1055 5620 alia
1109 5572 1466 5621 distinctione
1522 5586 1648 5634 quae
1703 5577 2030 5636 sequuntur,
2072 5573 2128 5621 in

503 5648 648 5694 hunc
695 5644 958 5692 modum:
1015 5643 1324 5692 Altitudine
1377 5657 1478 5693 sua
1525 5645 1865 5693 transcendit
1914 5657 2125 5692 omnes.

501 5719 556 5765 Si
604 5717 716 5764 ulla
765 5730 931 5776 prava
977 5713 1262 5763 hominum
1314 5716 1462 5777 leges
1507 5729 1636 5764 ausa
1681 5715 1999 5776 supergredi
2040 5729 2128 5764 co-

498 5792 719 5840 nantur,
769 5786 1053 5846 virginitas
1103 5791 1285 5848 aequat
1331 5801 1389 5836 se
1445 5788 1652 5850 angelis
1702 5787 1821 5835 Dei.
1871 5785 1977 5836 Sed
2023 5799 2126 5836 nec

488 5862 536 5909 ic
595 5856 972 5906 satisfaciunt.
1005 5856 1223 5905 I’AMEL.

2237 5001 2360 5051 vius
2394 5002 2462 5051 ad
2493 5004 2818 5065 marginem,
2851 5006 2903 5052 et
2949 5003 3121 5053 codex
3155 5003 3211 5054 S.
3261 5004 3614 5054 Pantaleonis
3652 5006 3810 5049 ησυειτ

2235 5074 2330 5123 sed
2358 5076 2512 5138 prius
2543 5075 2738 5137 placet.
2767 5075 2983 5124 PAMEL.

2301 5146 2398 5204 (l0)
2458 5147 2755 5196 Distractus
2815 5160 2848 5194 ιι
2903 5145 3177 5206 fratribus.
3237 5145 3548 5196 Distrnhore
3606 5150 3686 5195 est.
3735 5155 3830 5191 rem

2236 5217 2482 5266 auctioni
2518 5219 2846 5280 expositam,
2877 5230 2990 5266 non
3034 5220 3131 5266 uni
3168 5218 3442 5278 addicere,
3468 5217 3565 5266 sed
3607 5214 3828 5279 pluribus

2236 5289 2386 5336 varia
2411 5288 2468 5336 in
2503 5288 2625 5338 loca
2663 5288 3085 5352 apportantibus
3119 5289 3432 5338 divendere.
3467 5289 3708 5338 Eatenus
3735 5284 3827 5332 dis-

2236 5358 2559 5409 trahebatur
2603 5359 2900 5423 Josephus,
2946 5358 3097 5422 quod
3143 5373 3172 5408 a
3217 5358 3480 5408 fratribus
3518 5370 3627 5407 non
3671 5356 3828 5416 singu-

2229 5429 2329 5478 lari
2357 5431 2522 5478 alicui
2555 5429 2801 5491 domino,
2832 5429 2930 5480 sed
2970 5434 3203 5480 caterva
3244 5429 3661 5480 Madianitarum
3685 5437 3828 5486 nego-

2233 5504 2510 5561 tiatorum,
2544 5501 2895 5550 venundatus
2925 5506 3086 5550 esset.

2295 5573 2387 5632 (11)
2432 5572 2508 5620 Ad
2551 5574 2749 5620 crimen
2793 5574 3151 5636 impudicitiae.
3181 5573 3458 5623 Pamelius
3499 5572 3611 5621 ait:
3641 5568 3824 5631 Optime

2229 5645 2310 5691 sic
2336 5656 2465 5691 mss.
2500 5643 2740 5703 codices,
2774 5658 2887 5705 pro,
2915 5645 3201 5707 pudicitia.
3232 5645 3451 5695 PAMEL.

2292 5712 2383 5772 (12)
2435 5714 2533 5774 Qui
2586 5718 2640 5761 ru
2687 5715 2839 5763 domo
2886 5716 3077 5764 minor.
3127 5716 3297 5767 Recte
3344 5717 3510 5764 etiam
3563 5713 3664 5763 hoc
3709 5720 3816 5757 mss.

2228 5785 2447 5834 codices
2475 5798 2592 5848 pro,
2637 5787 2869 5846 minori;
2916 5800 3098 5850 neque
3128 5788 3277 5837 enim
3321 5790 3374 5836 in
3420 5786 3629 5840 minori,
3661 5779 3748 5831 sed
3774 5777 3814 5824 in

2226 5857 2423 5919 majori
2454 5859 2568 5907 erat
2593 5857 2841 5920 periculo
2868 5856 2946 5908 ibi
2969 5859 3197 5923 Joseph.
