4032 6180
287 276 395 340 857

1220 275 1422 337 LIBER
1461 280 1549 337 DE
1587 279 1955 341 DISUPLlNA
1995 281 2079 339 ET
2119 280 2295 340 ΒΟΝΟ
2332 274 2706 342 PUDICITIE.

3547 275 3649 341 858

286 406 558 466 dominus
598 403 828 463 effectus
876 407 961 461 est
1007 424 1021 461 :
1076 407 1439 478 generositati
1477 421 1595 461 sua;
1641 406 1916 474 redditus,
1945 419 1996 492 Α
2021 406 2418 477 illustraretur,
2451 409 2625 466 altera
2663 408 2966 467 concordia
3006 408 3195 466 mariti
3228 409 3418 465 dotata
3449 406 3646 466 inimi-

285 505 538 560 fructum
571 504 857 577 pudicitiae
891 507 947 558 et
974 503 1338 575 innocentiae,
1370 503 1713 575 Deojudice,
1745 521 1775 559 a
1803 520 1916 576 quo

284 604 600 667 memerat,
633 600 870 671 accepit.

360 695 445 751 lX.
502 694 612 749 Sed
669 711 782 748 non
844 694 1055 764 minus,
1118 711 1186 749 ex
1244 697 1403 766 parte
1465 694 1706 761 diversa,
1764 694 1917 748 aliud

279 788 451 843 nobis
498 788 787 860 pudicitiae
835 788 1017 843 simile
1060 789 1130 844 de
1177 788 1527 844 continentia
1570 787 1914 843 feminarum

279 882 541 938 exoritur
603 883 951 955 exemplum.
1019 883 1160 952 Fuit,
1214 888 1278 939 ut
1339 883 1604 955 legimus,
1655 883 1915 939 Susanna

285 978 476 1044 (Dum,
507 978 625 1047 xm)
656 976 771 1032 ﬁlia
804 977 1026 1046 Helcias,
1053 994 1198 1033 uxor
1222 978 1474 1033 Joachim
1506 977 1911 1048 pulcherrima,

277 1073 583 1145 pulchrior
611 1073 884 1129 moribus.
922 1075 1077 1128 Hanc
1105 1073 1324 1128 nullum
1353 1072 1423 1127 ad
1454 1072 1724 1127 decorem
1757 1087 1912 1126 com-

277 1168 593 1223 mendabat
631 1167 881 1240 species;
929 1167 1165 1239 simplex
1206 1167 1360 1222 enim
1397 1170 1538 1222 erat.
1584 1166 1916 1221 Excoluerat

280 1262 582 1333 pudicitia,
633 1266 689 1318 et
731 1278 864 1317 cum
916 1262 1193 1334 pudicitia
1243 1263 1360 1317 sola
1404 1264 1630 1318 natura.
1682 1263 1835 1316 Hanc
1881 1276 1912 1313 e

277 1356 609 1411 senioribus
639 1357 752 1413 duo
793 1359 1087 1428 coeperant
1129 1357 1410 1428 deperire,
1452 1357 1593 1412 nihil
1624 1373 1912 1413 memores

276 1467 387 1506 nec
424 1451 601 1505 divini
630 1451 868 1520 timoris,
901 1451 999 1506 sed
1030 1467 1138 1506 nec
1173 1468 1287 1506 suos
1317 1451 1480 1506 annis
1501 1452 1624 1522 jam
1666 1468 1910 1507 marces-

275 1544 462 1599 centis
493 1544 707 1612 aetatis;
757 1545 833 1599 ita
873 1544 993 1600 illos
1034 1545 1092 1599 in
1132 1544 1436 1616 ﬂagrantia
1475 1548 1777 1600 transactzn
1814 1547 1907 1616 ju-

271 1638 524 1694 ventutis
563 1638 847 1705 incendia,
890 1638 1150 1693 redivivos
1189 1638 1440 1693 libidinis
1479 1639 1709 1694 ﬂamma
1745 1656 1879 1695 revo

272 1731 444 1786 cabat
478 1751 489 1786 ε
519 1732 807 1803 ρυὰἱοὶῐίω
848 1734 1095 1788 latrones
1125 1749 1382 1788 amorem
1414 1733 1777 1805 proﬁtentur,
1807 1733 1909 1789 sed

271 1829 538 1884 oderant.
577 1829 877 1885 Resistenti
921 1831 1215 1885 minantur
1261 1831 1598 1898 calumnias,
1641 1830 1908 1886 adulterii

272 1941 333 1978 se
391 1923 591 1978 dicunt
637 1928 993 1980 accusatores
1058 1930 1188 1980 voto
1249 1924 1508 1980 adulteri.
1564 1927 1717 1980 Inter
1768 1941 1910 1997 quos

270 2017 532 2071 libidinis
553 2018 816 2089 scopulos
836 2018 1112 2073 auxilium
1137 2019 1208 2075 de
1236 2019 1476 2076 Domino
1502 2019 1752 2091 petebat,
1776 2021 1911 2091 quia

271 2112 490 2166 viribus
526 2113 780 2182 corporis
807 2127 1128 2183 repugnare
1162 2129 1280 2168 non
1311 2114 1550 2169 valebat.
1584 2116 1651 2171 Et
1679 2114 1907 2170 exaudi-

268 2206 357 2258 vit
384 2206 458 2261 de
485 2206 621 2260 ccelo
650 2206 994 2262 clamantem
1029 2207 1101 2261 ad
1134 2223 1194 2261 se
1231 2207 1564 2277 pudicitiam
1595 2209 1866 2263 Dominus
1891 2226 1904 2275 ;

269 2303 332 2353 et
373 2316 506 2353 cum
548 2299 849 2371 iniquitate
890 2316 1162 2371 oppressa
1203 2300 1505 2357 duceretur
1538 2302 1609 2357 ad
1653 2318 1905 2374 pmnam,

264 2393 414 2447 vidit
465 2393 826 2447 inimicorum
875 2392 1113 2448 liberata
1155 2395 1485 2450 vindictam.
1546 2395 1637 2451 Bis
1683 2396 1902 2465 victrix,

266 2491 329 2540 et
379 2487 436 2540 in
494 2485 742 2558 periculo
800 2502 903 2541 suo
948 2489 1062 2541 tam
1111 2488 1336 2542 funeste
1389 2488 1551 2543 toties
1605 2492 1901 2561 consepta,

261 2586 324 2635 et
374 2580 675 2635 libidinem
725 2581 915 2649 evasit,
963 2584 1020 2636 et
1068 2588 1328 2637 mortem.
1363 2582 1655 2637 Infinitum
1704 2583 1813 2638 erit
1857 2585 1903 2638 si

263 2676 535 2747 exempla
586 2691 901 2746 prosequar
950 2676 1142 2746 plura;
1196 2676 1281 2730 bis
1335 2677 1556 2731 duobus
1600 2680 1902 2732 contentus

260 2784 417 2834 sum,
454 2768 770 2840 praesertim
808 2785 936 2823 cum
969 2769 1236 2824 omnibus
1266 2769 1337 2824 sit
1378 2770 1589 2825 viribus
1629 2787 1735 2843 per
1764 2771 1900 2827 istos

261 2862 538 2939 pudicitia
570 2862 828 2917 defensa.

338 2962 400 3015 X.
430 2962 553 3016 Non
582 2960 709 3016 illos
739 2960 995 3016 emollire
1027 2962 1209 3034 potuit
1235 2962 1292 3017 in
1325 2963 1439 3018 vita
1469 2964 1733 3035 generosi
1763 2981 1895 3019 san-

261 3054 461 3123 guinis
502 3056 798 3125 memoria,
832 3073 959 3128 qua!
990 3057 1047 3110 in
1082 3057 1354 3129 quosdam
1386 3057 1615 3112 licentia
1654 3057 1897 3113 lasciviae

2019 520 2215 559 corum
2265 503 2540 559 mortibus
2583 505 2976 561 redimeretur.
3011 506 3139 561 Haec
3178 508 3312 559 sunt
3352 510 3406 560 et
3452 504 3537 559 his
3577 506 3647 559 si-

2019 603 2175 658 milia
2204 620 2430 673 semper
2461 603 2619 658 nobis
2648 609 2778 659 ante
2808 604 3002 659 oculos
3039 604 3303 677 exempla
3342 602 3639 675 ponenda,

2017 696 2103 752 his
2126 698 2282 769 paria
2311 697 2510 752 diebus
2539 696 2913 769 noctibusque
2942 698 3293 753 meditanda.

2085 794 2170 848 XI.
2199 792 2347 848 Nihil
2389 792 2642 847 animum
2682 790 2913 847 ﬁdelem
2951 791 3028 846 sic
3060 791 3317 857 delectat,
3346 808 3517 864 quam
3552 792 3639 847 in-

2014 891 2177 959 tegra
2216 886 2562 941 immaculati
2607 885 2841 957 pudoris
2878 884 3243 940 conscientia.
3277 886 3637 956 Voluptatem

2013 982 2229 1052 vicisse,
2272 982 2526 1053 voluptas
2570 984 2655 1034 est
2695 980 2944 1035 maxima
2978 996 2990 1034 :
3027 995 3132 1033 nec
3175 979 3290 1033 ulla
3332 981 3519 1051 major
3555 985 3640 1035 est

2014 1077 2263 1146 victoria,
2308 1093 2483 1149 quam
2530 1092 2595 1130 ea
2640 1091 2764 1147 quas
2807 1075 2875 1130 de
2921 1072 3324 1145 cupiditatibus
3368 1074 3635 1129 refertur.

2013 1173 2117 1238 Qui
2153 1173 2377 1227 hostem
2410 1171 2559 1238 vicit,
2588 1170 2793 1225 fortior
2827 1168 2953 1236 fuit,
2988 1167 3087 1223 sed
3127 1167 3339 1235 altero;
3372 1168 3471 1239 qui
3507 1167 3635 1222 libi-

2015 1269 2209 1324 dinem
2247 1267 2535 1339 repressit,
2575 1265 2759 1336 seipso
2796 1263 2995 1318 fortior
3029 1262 3133 1317 fuit
3162 1279 3174 1316 :
3209 1261 3306 1334 qui
3338 1261 3638 1318 inimicum

2012 1364 2332 1437 prostravit,
2364 1366 2662 1418 externum
2702 1360 2923 1415 hostem
2958 1356 3262 1429 percussit;
3294 1356 3391 1429 qui
3426 1355 3639 1427 cupidi-

2014 1462 2186 1515 tatem
2250 1457 2549 1529 depressit,
2611 1456 2830 1510 hostem
2894 1452 3272 1508 domesticum
3324 1450 3633 1523 superavit.

2010 1555 2212 1609 Malum
2246 1569 2415 1607 omne
2444 1550 2663 1605 facilius
2687 1547 2935 1603 vincitur
2960 1563 3136 1619 quam
3163 1546 3419 1618 voluptas
3449 1561 3463 1601 :
3500 1546 3634 1617 quia

2010 1648 2147 1703 illud
2175 1647 2442 1719 quicquid
2472 1651 2575 1713 est,
2608 1644 2905 1700 horridum
2935 1647 3049 1709 est;
3082 1642 3192 1696 hoc
3220 1639 3492 1695 blandum
3522 1643 3628 1694 est.

2010 1742 2157 1799 Nihil
2183 1746 2302 1797 tam
2331 1740 2561 1797 difficile
2592 1737 2951 1810 opprimitur,
2981 1751 3153 1807 quam
3183 1734 3338 1807 quod
3366 1750 3471 1806 per
3491 1733 3632 1788 illud

2013 1839 2286 1891 armatur.
2318 1836 2421 1899 Qui
2461 1832 2796 1905 cupiditates
2840 1830 3005 1897 tollit,
3048 1835 3105 1884 et
3142 1834 3326 1883 metus
3363 1827 3628 1892 sustulit;

2010 1946 2146 1985 nam
2189 1946 2251 1984 ex
2297 1927 2701 2001 cupiditatibus
2743 1928 2930 1982 metus
2974 1924 3226 1979 veniunt.
3272 1920 3377 1986 Qui
3419 1920 3636 1992 cupidi-

2008 2029 2150 2080 tates
2176 2025 2366 2091 vincit,
2398 2023 2467 2078 de
2498 2025 2727 2093 peccato
2770 2019 3118 2090 triumphat;
3154 2016 3249 2089 qui
3288 2015 3627 2088 cupiditates

2006 2120 2200 2190 vincit,
2232 2119 2447 2175 malum
2476 2116 2705 2189 generis
2731 2113 2973 2169 humani
2997 2112 3099 2166 sub
3130 2110 3370 2183 pedibus
3398 2109 3513 2164 suis
3533 2109 3627 2180 ja-

2008 2231 2138 2271 cere
2170 2213 2443 2281 ostendit;
2476 2210 2573 2284 qui
2602 2209 2939 2281 cupiditates
2963 2207 3114 2276 vicit,
3142 2221 3336 2277 pacem
3371 2203 3475 2259 sibi
3506 2220 3634 2276 per-

2007 2313 2238 2382 petuam
2266 2308 2457 2375 dedit;
2488 2307 2586 2378 qui
2611 2303 2953 2376 cupiditates
2974 2300 3123 2369 vicit,
3152 2300 3480 2356 libertatem
3503 2297 3629 2366 sibi,

2006 2405 2155 2476 quod
2182 2403 2350 2459 etiam
2377 2404 2461 2456 est
2491 2399 2760 2469 ingenuis
2787 2396 3216 2464 difficillimum,
3239 2393 3445 2450 reddit.
3464 2393 3631 2449 Medi-

2005 2498 2178 2552 tanda
2222 2512 2360 2567 ergo
2401 2493 2583 2561 nobis,
2623 2493 2844 2558 fratres,
2889 2495 2954 2545 ut
2998 2506 3086 2545 res
3134 2489 3359 2555 docent,
3407 2503 3634 2559 semper

2004 2590 2274 2663 pudicitia
2313 2613 2321 2643 :
2359 2604 2470 2660 quo
2510 2587 2731 2642 facilior
2775 2586 2865 2655 sit,
2914 2584 3086 2639 nullis
3130 2584 3346 2639 artibus
3388 2586 3627 2637 constat.

2001 2687 2136 2751 Quae
2168 2685 2320 2740 enim
2350 2683 2448 2739 illa
2475 2683 2867 2737 consummata
2899 2679 3156 2734 voluntas
3189 2678 3319 2749 (14),
3356 2692 3482 2748 quae
3511 2676 3620 2731 nisi

2002 2780 2390 2853 impediretur,
2422 2779 2593 2849 longe
2635 2778 2739 2843 est,
2772 2774 2871 2830 sed
2907 2776 3098 2828 nostra
3128 2777 3213 2827 est
3241 2788 3252 2827 :
3286 2770 3365 2826 ita
3398 2785 3513 2825 non
3544 2772 3629 2825 est

2004 2874 2372 2946 acquirenda,
2406 2871 2504 2925 sed
2534 2870 2770 2924 fovenda
2800 2885 2929 2940 quas
2962 2871 3155 2922 nostra
3181 2870 3284 2921 est.

2070 2970 2178 3024 ΧΠ.
2222 2966 2363 3032 Quid
2402 2965 2555 3020 enim
2596 2968 2680 3019 est
2719 2962 2871 3018 aliud
2918 2960 3214 3034 pudicitia,
3257 2975 3426 3033 quam
3462 2973 3629 3013 mens

1998 3064 2234 3118 honesta
2285 3060 2353 3116 ad
2407 3058 2723 3114 custodiam
2777 3057 3028 3128 corporis
3072 3057 3242 3121 data;
3288 3058 3353 3109 ut
3403 3052 3628 3108 sexibus

261 3154 354 3204 est
382 3148 676 3218 ministra;
702 3167 814 3204 non
843 3150 1017 3206 decor
1043 3150 1313 3222 corporis,
1338 3155 1394 3206 et
1416 3155 1546 3224 apte
1574 3152 1891 3224 positorum
1916 3161 1970 3235 ρ
1996 3156 2255 3212 redditus
2296 3154 2501 3226 pudor,
2537 3152 2838 3206 severitate
2880 3150 3154 3223 signatus,
3184 3148 3355 3204 ﬁdem
3393 3146 3631 3202 honoris

259 3242 450 3312 ﬁgura
500 3243 911 3313 membrorum,
960 3261 1084 3316 qua:
1134 3245 1391 3317 suggerit
1431 3246 1767 3318 plerumque
1808 3249 1890 3317 ut,

262 3337 433 3407 quasi
478 3337 578 3391 ﬂos
619 3337 869 3409 quidam,
905 3355 1218 3410 properans
1265 3340 1529 3395 velociter
1568 3341 1892 3396 transiturae

260 3431 450 3485 mtatis
481 3431 614 3502 (t3),
646 3438 904 3502 porrecta
940 3433 1247 3503 voluptatis.
1268 3434 1559 3487 occasione
1599 3441 1888 3504 pascatur;

262 3542 383 3579 non
423 3525 555 3580 anni
595 3526 762 3596 primi
804 3526 1055 3593 virentis,
1103 3526 1198 3582 sed
1239 3527 1470 3597 majoris
1509 3527 1723 3596 aetatis;
1764 3544 1891 3582 cum

260 3619 424 3674 rudis
456 3620 643 3674 adhuc
675 3621 903 3693 sanguis
941 3625 1212 3687 aestuans,
1246 3624 1465 3675 naturae.
1505 3622 1760 3676 ﬂammas
1805 3638 1894 3676 ac-

260 3714 492 3781 cendat,
546 3719 603 3768 et
646 3714 705 3769 in
756 3715 1018 3770 medullis
1065 3719 1281 3770 versata
1326 3732 1471 3770 caeca
1518 3716 1786 3771 incendia
1823 3717 1893 3770 ad

258 3808 619 3876 remedium,
672 3826 870 3864 verum
922 3808 1094 3863 etiam
1138 3825 1240 3879 per
1288 3809 1601 3881 periculum
1658 3810 1894 3881 pudoris

262 3902 413 3955 itum
446 3920 459 3956 :
489 3920 597 3957 non
630 3903 741 3958 ulla
766 3902 958 3976 825
988 3903 1333 3961 latebrarum
1362 3908 1420 3958 et
1442 3904 1572 3958 sine
1607 3904 1717 3958 ullo
1755 3920 1890 3958 con-

258 3996 403 4063 scio,
447 4013 572 4068 quae
612 4000 736 4051 tuta
776 3996 1115 4068 quibusdam
1156 4002 1410 4067 putatur,
1459 3997 1716 4065 occasio;
1766 4014 1892 4068 quae

260 4090 515 4145 maxima
547 4091 628 4143 vis
666 4093 751 4144 est
783 4090 1118 4145 admittendi
1150 4090 1393 4159 sceleris,
1438 4107 1566 4145 cum
1604 4091 1890 4146 delibera-

260 4185 515 4238 tionibus
546 4184 789 4238 occurrit
829 4183 1156 4253 impunitas.
1192 4185 1312 4237 Non
1362 4184 1545 4254 posita
1592 4184 1893 4238 necessitas

258 4279 331 4332 de
368 4277 702 4332 auctoritate
737 4277 1084 4347 jubentium,
1118 4282 1177 4332 et
1210 4277 1271 4331 in
1302 4278 1621 4332 temeritate
1659 4278 1889 4348 partici-

1997 3252 2066 3307 de
2118 3251 2448 3320 incorrupta
2498 3246 2693 3301 sobole
2745 3246 3039 3300 servaret?
3085 3242 3376 3299 Pudicitia
3416 3246 3628 3304 autem,

1994 3347 2218 3414 fratres,
2248 3345 2583 3416 competunt
2611 3345 2668 3395 et
2698 3338 2907 3412 cogniti
2935 3341 3065 3393 sunt
3093 3338 3151 3392 in
3181 3336 3383 3408 primis
3409 3335 3632 3390 divinus

1996 3440 2204 3511 pudor,
2235 3442 2293 3493 et
2321 3441 2741 3509 praeceptorum
2775 3436 2967 3489 sancta
2991 3432 3307 3499 meditatio,
3331 3435 3387 3485 et
3410 3429 3633 3485 animus

1997 3548 2311 3604 propensus
2339 3531 2407 3585 ad
2442 3530 2640 3597 ﬁdem,
2665 3532 2721 3584 et
2748 3544 2911 3583 mens
2941 3525 3180 3581 attonita
3209 3525 3276 3580 ad
3305 3540 3518 3578 sacram
3548 3540 3632 3577 re-

1997 3627 2281 3698 ligionem
2313 3642 2325 3679 :
2360 3622 2553 3697 826
2589 3622 2797 3678 deinde
2827 3621 3022 3675 videre
3051 3636 3120 3675 ne
3153 3618 3291 3691 quid
3322 3619 3379 3673 in
3406 3634 3465 3671 se
3486 3618 3634 3672 ultra

1996 3721 2228 3775 modum
2251 3719 2537 3789 sculptum
2559 3716 2690 3787 (15),
2708 3716 2862 3770 ultra
2880 3715 3234 3769 honestatem
3260 3712 3626 3783 productum,

1996 3831 2065 3868 ne
2090 3813 2223 3884 quid
2253 3812 2545 3883 proditum
2563 3854 2575 3878 ,
2599 3826 2669 3865 ne
2698 3809 2831 3880 quid
2865 3810 2985 3862 arte
3012 3808 3282 3871 fucatum,
3305 3823 3378 3860 ne
3405 3805 3540 3877 quid
3560 3804 3631 3859 ad

1994 3907 2316 3971 irritandos,
2364 3908 2462 3959 aut
2508 3902 2981 3973 redintegrandos
3028 3902 3186 3956 dolos
3225 3899 3628 3954 lenocinatum.

1993 4002 2116 4056 Non
2159 4005 2241 4056 est
2276 3998 2484 4069 pudica
2517 4014 2646 4069 quas
2678 3996 2905 4051 affectat
2944 3996 3207 4049 animum
3239 3993 3471 4047 alterius
3501 4009 3628 4047 mo-

1993 4111 2148 4161 vere,
2196 4094 2368 4147 etiam
2413 4092 2563 4146 salva
2607 4090 2865 4161 corporis
2910 4090 3190 4144 castitate.
3226 4090 3415 4158 Longe
3446 4085 3633 4141 absint

1995 4186 2203 4258 quibus
2250 4184 2616 4257 pulchritudo
2658 4200 2775 4239 non
2819 4188 3073 4252 ornatur,
3107 4182 3201 4236 sed
3246 4179 3626 4252 prostituitur.

1993 4282 2135 4335 Nam
2176 4280 2494 4334 sollicitudo
2538 4279 2606 4334 de
2640 4276 3089 4349 pulchritudine,
3129 4281 3185 4331 et
3222 4274 3386 4331 malae
3421 4272 3661 4351 mentis]

254 4388 401 4444 Dum
434 4378 607 4443 atque
633 4370 944 4437 SOCiOl‘llm;
969 4387 1083 4442 (ιιιο
1107 4386 1319 4442 genere
1346 4370 1695 4442 franguntur
1716 4371 1891 4425 etiam
1986 4374 2271 4446 judicium
2302 4383 2358 4429 et
2384 4372 2766 4429 deformitatis
2794 4378 2899 4427 est.
2932 4371 3017 4427 Sit
3044 4376 3252 4425 natura
3282 4368 3534 4440 corporis
3558 4366 3627 4421 li-

257 4482 410 4537 saepe
454 4469 607 4520 recta
646 4464 896 4521 consilia.
937 4464 1058 4520 Non
1097 4464 1339 4537 prtemia
1382 4464 1505 4536 ipsa
1544 4468 1602 4519 et
1639 4463 1882 4534 bonitas,
1993 4469 2149 4534 hera,
2180 4484 2287 4523 nec
2317 4466 2521 4521 divinis
2550 4466 2819 4537 Operibus
2842 4465 3123 4520 inferatur
3147 4461 3246 4518 vis.
3279 4463 3517 4532 Semper
3543 4463 3629 4515 est

255 4576 376 4614 non
401 4559 806 4625 accusationes,
835 4575 950 4614 non
979 4559 1172 4627 minae,
1206 4574 1324 4614 non
1351 4575 1554 4629 pusum,
1584 4575 1700 4613 non
1729 4575 1880 4613 mor-
1904 4538 1964 4610 D
1988 4561 2215 4626 misera,
2248 4576 2374 4631 quas
2407 4560 2512 4614 sibi
2545 4576 2656 4613 non
2687 4561 2875 4630 placet
2907 4558 3090 4629 qualis
3121 4562 3222 4611 est.
3266 4555 3410 4620 Quid
3444 4554 3625 4624 capil-

252 4659 359 4721 tes,
388 4653 527 4708 nihil
556 4659 673 4707 tam
702 4670 934 4720 saevum,
958 4656 1074 4708 tam
1103 4653 1331 4721 durum,
1362 4658 1481 4707 tam
1504 4654 1683 4721 triste,
1712 4669 1883 4725 quam
1984 4657 2173 4711 lorum
2216 4657 2473 4708 mutatur
2503 4654 2698 4708 color?
2735 4652 2871 4724 quid
2906 4651 3198 4706 oculorum
3229 4647 3626 4703 extremitates

253 4747 524 4803 cecidisse
554 4747 626 4802 de
658 4748 770 4803 alto
800 4746 1091 4819 pudicitiae
1121 4746 1326 4817 gradu.
1367 4746 1531 4817 Digni
1564 4750 1717 4801 tanto
1737 4747 1886 4818 judi-
1987 4748 2366 4803 suﬂ‘uscantur
2394 4747 2548 4817 (i6)?
2589 4746 2724 4817 quid
2770 4745 2943 4799 facies
2989 4742 3206 4799 artibus
3249 4742 3307 4796 in
3344 4741 3627 4795 diversam

254 4845 334 4898 cis
361 4841 536 4897 divini
563 4842 830 4913 praemio,
859 4857 1100 4913 quorum
1135 4841 1277 4895 alter
1302 4840 1465 4912 regio
1496 4857 1643 4912 pene
1669 4841 1885 4896 throno
1987 4842 2233 4897 formam
2266 4839 2659 4895 convertitur?
2690 4838 2823 4910 quid
2856 4840 3146 4909 postremo
3174 4834 3467 4906 speculum
3497 4850 3633 4888 con-

1603 4929 1765 4992 Edit.
1803 4931 2011 4995 Oxon.
2058 4936 2253 4993 notas.

318 5028 420 5089 (t3)
486 5032 544 5079 Ut
602 5031 758 5093 quasi
824 5029 917 5093 ﬂos
980 5029 1197 5092 quidam
1272 5042 1569 5093 properans
1647 5029 1893 5079 velociter
1995 5029 2298 5079 consistere
2344 5027 2692 5091 pudicitiam.
2741 5024 2885 5088 quod
2937 5025 3121 5087 ipsum
3169 5035 3334 5086 supra
3366 5022 3618 5093 tractavit

252 5102 565 5151 transitura:
614 5103 797 5150 atatis.
847 5100 1128 5149 Pamelius
1168 5100 1282 5149 ait:
1337 5099 1572 5149 Pulchre
1612 5102 1694 5151 sic
1737 5100 1890 5150 resti-

253 5173 362 5222 tuit
400 5171 552 5222 hunc
599 5172 785 5221 locum
831 5171 1067 5222 Gravius
1102 5184 1199 5235 pro
1247 5183 1313 5220 eo
1359 5171 1508 5234 quod
1547 5172 1640 5221 alii
1680 5172 1887 5235 legunt,

250 5262 277 5289 (ι
333 5243 508 5305 Quasi
556 5243 659 5291 ﬂos
705 5241 935 5306 quidem
989 5255 1289 5304 properans
1344 5242 1606 5292 velociter
1654 5242 1889 5291 transire

249 5313 452 5364 aetatis.
513 5330 541 5358 »
590 5313 727 5362 Nam
787 5316 839 5362 et
892 5312 1252 5362 consentiunt
1306 5326 1435 5361 mss.
1494 5312 1733 5371 codices,
1791 5312 1886 5375 qui

249 5385 420 5434 etiam
477 5383 670 5447 legunt
717 5388 987 5447 porrectas,
1035 5396 1132 5447 pro
1191 5396 1256 5433 eo
1306 5382 1456 5448 quod
1500 5383 1593 5433 alii
1641 5388 1889 5448 porrecta

248 5454 470 5504 PAMEL.

307 5526 407 5587 (14)
440 5525 561 5584 Quae
604 5525 742 5573 enim
782 5530 1143 5575 consummata
1174 5524 1273 5575 illa
1314 5525 1569 5576 voluntas.
1604 5524 1886 5576 Pamelius

244 5596 367 5645 ait:
409 5594 645 5646 Gravius
692 5596 748 5645 in
797 5597 1061 5659 margine,
1101 5595 1363 5658 voluptas.
1412 5596 1508 5646 sed
1549 5609 1731 5660 neque
1778 5596 1887 5645 hoc

242 5666 604 5729 perspicuum
637 5667 821 5717 locum
856 5666 1048 5717 reddit.
1080 5667 1300 5716 PAMEL.

310 5738 414 5797 (15)
440 5737 631 5785 Deinde
656 5737 830 5787 videre
857 5751 921 5787 ne
944 5738 1073 5801 quid
1103 5738 1161 5787 in
1193 5751 1249 5788 se
1282 5737 1426 5788 ultra
1458 5738 1671 5789 modum
1699 5737 1875 5802 sculp-

244 5813 372 5855 tum.
426 5808 705 5858 Pamelius
756 5809 830 5857 ait
881 5824 891 5857 ε
942 5808 1078 5859 Haec
1125 5821 1201 5858 ex
1252 5808 1410 5858 initio
1460 5812 1744 5858 mutuatus
1804 5812 1885 5858 est

243 5877 373 5928 libri
404 5878 633 5930 Tertull.
658 5879 720 5930 de
751 5878 910 5930 Cultu
931 5879 1091 5941 Fam,
1120 5879 1217 5931 ubi
1243 5878 1406 5932 docet
1436 5880 1605 5932 etiam
1632 5880 1689 5929 in
1721 5880 1881 5930 cultu

1990 5098 2086 5148 lib.
2120 5099 2181 5148 de
2227 5097 2439 5162 Discipl.
2488 5103 2533 5146 et
2579 5095 2710 5145 Hab.
2752 5097 2895 5157 Virg.
2929 5094 3274 5159 Cyprianus;
3322 5092 3419 5142 ubi
3462 5092 3629 5142 latius

1991 5169 2057 5220 de
2100 5168 2377 5219 similibus
2422 5167 2751 5218 Tertulliani
2786 5166 2939 5216 locis.
2985 5166 3154 5229 Atqui
3191 5167 3335 5215 recte
3369 5163 3633 5213 Erasmus

1990 5240 2232 5303 conjecit
2274 5239 2614 5302 legendum:
2676 5236 3004 5286 lenocinatur
3045 5250 3143 5300 pro
3196 5235 3622 5286 lenocinantium.

1990 5312 2210 5361 PAMEL.

2055 5385 2152 5444 (ιϐ)
2200 5383 2337 5446 Quid
2381 5383 2652 5434 oculorum
2699 5382 3049 5432 extremitates
3102 5380 3479 5446 su/fuscantur.
3532 5379 3629 5428 Pa-

1988 5454 2190 5505 melius
2242 5455 2358 5503 ait:
2410 5455 2487 5503 Ita
2540 5455 2727 5503 censet
2768 5451 3066 5515 legendum
3111 5451 3392 5511 Erasmus,
3428 5462 3525 5513 pro
3564 5461 3629 5497 eo

1989 5526 2139 5590 quod
2172 5526 2415 5576 habebat
2455 5528 2615 5575 vetus
2662 5538 2905 5575 excusus
2951 5523 3148 5583 codex,
3186 5523 3531 5586 sit/forantur,
3566 5532 3630 5567 eo

1988 5597 2160 5659 quod,
2200 5598 2400 5661 inquit,
2446 5595 2611 5645 stibio
2656 5596 2841 5657 nigror
2883 5595 3059 5645 oculis
3104 5594 3235 5643 addi
3281 5592 3495 5641 soleat:
3534 5602 3628 5661 ve-

1988 5671 2105 5717 tum
2162 5668 2206 5717 si
2263 5660 2474 5730 legatur
2521 5666 2883 5729 suffucanmr,
2932 5671 3027 5716 aut
3083 5664 3352 5727 fucantur,
3400 5660 3630 5711 accedet

1985 5739 2163 5801 magis
2207 5737 2277 5787 ad
2330 5734 2469 5787 illud
2523 5735 2806 5800 Cypriani,
2856 5736 2995 5786 libro
3033 5736 3168 5786 cit.:
3218 5753 3243 5779 α
3301 5731 3478 5785 Oculos
3525 5730 3630 5779 cir-

1986 5809 2257 5861 cumducto
2282 5811 2497 5873 nigrore
2520 5806 2716 5871 fucare.
2745 5825 2772 5857 »
2800 5808 3021 5859 PAMEL.
