4032 6180
411 258 514 325 859

1157 268 1244 326 AD
1284 267 1509 328 epam
1550 273 1604 329 s.
1650 238 1963 328 crpitum
1999 267 2293 327 GENUINA
2330 268 2612 328 APPEND.
2657 271 2697 329 ι,
2744 301 2804 314 -
2837 274 3056 331 DUBIA.

3666 272 3769 329 860

413 393 636 465 sulitur,
667 392 774 449 nisi
802 392 936 466 quia
964 410 1036 451 ne
1069 395 1192 468 ipsa
1222 397 1294 452 sit
1333 397 1612 453 timetur?
1639 399 1834 454 Cultus
1868 399 2038 454 etiam
2062 401 2205 480 Aut
2245 397 2515 454 odiantur
2542 414 2554 454 :
2584 402 2714 455 ante
2753 401 2946 457 oculos
2977 400 3312 456 observetur
3344 398 3619 456 deformis
3661 400 3771 455 iste

415 488 669 544 mulieris
700 488 919 559 pudica:
947 489 1185 560 pudicus
1215 491 1312 559 sit;
1344 491 1685 547 adulterium
1718 492 1902 547 ﬁdelis
1934 511 2039 548 nec

414 583 472 635 in
528 581 805 637 coloribus
857 585 1097 639 noverit.
1160 586 1420 642 Vestibus
1473 603 1675 643 aurum
1741 588 2037 655 intexere,

414 676 573 746 quasi
606 676 791 747 pretio
822 684 902 732 est
932 682 1114 734 vestes
1152 695 1539 752 corrumpere.
1575 682 1721 747 Quid
1762 682 1911 739 inter
1949 684 2039 737 ﬁla

411 769 721 824 stamiuum
751 771 1010 843 delicata,
1040 773 1228 844 rigida
1266 775 1485 830 faciunt
1522 776 1750 831 metalla
1769 776 1797 831 ?
1826 778 1938 832 nisi
1977 782 2042 832 ut

414 863 655 918 ﬂuentes
692 865 963 920 humeros
996 871 1283 937 premant,
1323 872 1381 922 et
1418 869 1704 925 luxuriam
1736 871 2040 926 infeliciter

414 957 592 1011 animi
609 958 874 1029 jactantis
903 960 1252 1015 ostendant?
1280 962 1424 1026 Quid
1453 980 1581 1017 cum
1609 964 1849 1020 cervices
1875 983 2038 1036 pere-

417 1051 597 1119 grinis
621 1051 905 1121 lapidibus
930 1061 1210 1126 urgentur
1237 1060 1292 1111 et
1311 1056 1754 1127 absconduntur,
1784 1076 2036 1130 quorum

416 1144 601 1214 pretia
631 1146 807 1201 etiam
840 1147 960 1201 sine
992 1148 1207 1203 artibus
1236 1150 1638 1206 Kalendarium
1668 1154 1912 1222 cujusvis
1938 1170 2036 1209 ex-

418 1238 625 1293 cedunt
653 1240 805 1309 ('17)?
826 1242 948 1296 Non
981 1248 1216 1297 ornatur
1241 1244 1466 1311 mulier,
1499 1246 1597 1300 sed
1627 1246 1757 1300 vitia
1787 1248 2040 1302 mulieris

416 1334 819 1388 ostenduntur.
845 1334 990 1398 Quid
1018 1352 1149 1390 cum
1178 1336 1341 1407 digiti
1369 1337 1463 1391 tali
1491 1355 1629 1393 auro
1658 1342 1899 1407 onerati,
1936 1359 2039 1396 nec

415 1426 628 1480 intrare
658 1434 915 1497 possunt,
945 1446 1048 1484 nec
1075 1430 1286 1501 egredi;
1316 1434 1508 1487 utrum
1536 1451 1669 1488 usus
1693 1435 2037 1505 exposcitui‘,

416 1536 490 1572 an
524 1521 1000 1589 patrimoniorum
1040 1523 1226 1579 inanis
1264 1542 1480 1597 pompa
1518 1530 1913 1583 monstratur?
1942 1530 2036 1584 lli-

413 1628 541 1668 rum
572 1614 894 1685 negotium,
925 1617 1190 1671 mulieres
1217 1619 1284 1672 ad
1320 1621 1509 1674 omnia
1541 1620 1818 1691 delicatas,
1847 1624 1916 1677 ad
1956 1623 2036 1677 vi-

415 1706 625 1761 tiorum
652 1709 900 1764 sarcinas
931 1711 1190 1766 fortiores
1215 1719 1346 1767 sunt
1373 1714 1526 1768 viris.

2142 494 2314 562 atque
2346 492 2595 564 dejectus
2622 495 2837 565 peccati
2876 494 3083 566 pudor.
3118 492 3457 550 Paenitentia
3486 495 3609 563 ipsa
3636 510 3769 549 cum

2138 583 2381 640 luctibus
2411 586 2524 641 suis
2552 588 2981 642 commissorum
3025 589 3331 643 criminum
3373 587 3561 661 827
3597 589 3771 643 inho-

2141 682 2303 732 uesta
2338 681 2672 735 coutcstatio
2706 686 2807 736 est.
2843 681 2993 737 Nihil
3024 682 3420 736 consideretur
3443 682 3664 738 curiose
3707 681 3773 736 in

2139 771 2338 827 alienis
2386 774 2669 829 vultibus?
2717 776 2912 831 Sermo
2958 780 3014 851 et
3062 776 3248 830 brevis
3295 776 3385 843 sit,
3432 780 3490 830 et
3541 775 3769 830 sobrius

2140 866 2303 933 risus,
2331 868 2559 939 signum
2589 873 2672 924 est
2698 870 2853 924 enim
2879 870 3053 924 animi
3081 869 3257 925 facilis
3280 875 3338 925 et
3364 870 3602 937 remissi,
3631 886 3769 924 nam

2140 964 2428 1016 contactus
2490 963 2716 1017 recedat
2767 963 2935 1017 etiam
2988 964 3279 1018 honestus.
3334 963 3480 1019 Nihil
3543 964 3769 1035 corpori

2140 1055 2325 1124 liceat,
2358 1055 2456 1111 ubi
2499 1056 2790 1111 vitandum
2825 1060 2910 1111 est
2941 1058 3192 1129 corporis
3218 1056 3441 1113 vitium.
3471 1058 3774 1128 Cogitetur

2142 1166 2315 1220 quam
2366 1149 2673 1206 honestum
2717 1151 2787 1205 sit
2819 1151 3017 1207 vicisse
3057 1152 3332 1222 dedecus,
3375 1167 3546 1223 quam
3593 1150 3769 1206 inho-

2141 1247 2363 1297 nestum
2397 1244 2608 1300 victum
2643 1261 2763 1300 esse
2790 1244 3088 1301 dedecore.

2212 1339 2342 1391 XIV.
2382 1338 2697 1394 Dicendum
2730 1338 2901 1393 etiam
2940 1340 3097 1411 quod
3131 1340 3474 1396 adulterium
3509 1342 3772 1412 voluptas

2140 1448 2259 1485 non
2299 1435 2404 1500 est,
2441 1432 2539 1487 sed
2582 1437 2785 1488 mutua
2811 1435 3180 1504 contumelia,
3222 1451 3325 1489 nec
3362 1436 3643 1490 delectare
3672 1450 3773 1505 po-

2141 1528 2270 1592 test,
2301 1526 2449 1596 quod
2478 1532 2534 1581 et
2558 1528 2815 1582 animam
2845 1528 3145 1583 interficiat
3175 1533 3233 1583 et
3258 1528 3564 1599 pudorem.
3594 1530 3770 1584 Coer-

2142 1623 2269 1673 ceat
2327 1620 2552 1674 animus
2595 1621 2852 1676 stimulos
2897 1622 3107 1690 carnis,
3162 1622 3433 1677 refrmnet
3484 1622 3772 1692 impetum

2143 1713 2412 1784 corporis.
2444 1715 2671 1786 Accepit
2709 1716 2863 1771 enim
2910 1716 3060 1771 hanc
3095 1721 3455 1787 potestatem,
3487 1720 3547 1770 ut
3577 1716 3661 1770 illi
3701 1716 3774 1769 ad

482 1803 618 1857 XlIl.
672 1803 781 1857 Sed
828 1808 889 1858 ut
941 1811 1195 1876 repetam
1244 1824 1373 1878 quas
1425 1825 1706 1879 casperam
1736 1852 1750 1877 ,
1798 1810 2038 1865 colenda
2066 1776 2448 1878 Bimperium
2467 1776 2867 1880 ejusmembra
2890 1776 3277 1878 servirc.nt;et
3297 1776 3458 1881 quasi
3479 1809 3777 1881 legitimus

413 1911 641 1967 semper
685 1897 953 1967 pudicitia
996 1899 1127 1954 viris
1177 1903 1236 1954 et
1278 1901 1525 1970 feminis,
1577 1903 1732 1956 omni
1784 1905 2040 1959 custodia

415 1990 698 2065 servanda
740 1994 824 2044 est
859 1992 1008 2045 intra
1056 1992 1267 2048 limites
1313 2011 1459 2048 suos.
1504 1995 1623 2051 Cito
1666 2002 1871 2051 natura
1914 2014 2037 2051 cor-

412 2083 570 2153 poris
592 2083 942 2154 periclitatur
963 2085 1021 2140 in
1046 2103 1302 2158 corpore,
1328 2087 1464 2142 dum
1492 2089 1641 2160 rapit
1660 2089 1819 2144 illam
1848 2107 2040 2145 secum

413 2193 565 2242 caro,
588 2194 720 2249 quas
745 2195 975 2250 semper
993 2180 1051 2234 in
1080 2181 1239 2252 lapsu
1266 2185 1367 2236 est.
1392 2183 1504 2237 Sub
1528 2187 1807 2255 praetextu
1830 2185 2039 2256 quippe

410 2275 629 2326 naturas
676 2289 805 2344 quas
851 2273 1117 2328 homines
1161 2291 1387 2346 semper
1438 2283 1605 2348 urget
1652 2279 1721 2333 ad
1772 2278 2037 2346 affectus,

413 2365 618 2435 quibus
665 2367 850 2422 ruinze
892 2368 1125 2439 collapsi
1170 2370 1394 2441 generis
1434 2371 1843 2442 resarciuntur;
1885 2373 2042 2428 blan-

415 2458 669 2514 (timente
702 2461 1010 2531 voluptatis
1040 2462 1260 2531 fallens,
1290 2480 1405 2518 non
1439 2465 1594 2520 ducit
1629 2466 1699 2520 ad
1740 2467 2037 2522 continen-

414 2551 555 2607 tiam
587 2553 862 2623 legitimse
889 2556 1308 2626 conjunctionis
1338 2558 1611 2627 sobolem,
1641 2560 1738 2613 sed
1768 2561 1948 2632 jactat
1981 2561 2040 2615 in

412 2647 653 2701 crimen.
692 2648 840 2718 Ergo
872 2636 1074 2704 contra
1109 2650 1211 2705 has
1243 2652 1429 2707 carnis
1464 2652 1716 2720 insidias,
1747 2654 1951 2725 quibus
1979 2672 2039 2709 se

412 2740 671 2796 diabolus
719 2745 777 2796 et
822 2742 1041 2797 socium
1082 2744 1293 2816 ingerit
1335 2750 1391 2800 et
1431 2746 1631 2802 ducem
1665 2748 1817 2814 facit,
1847 2748 2038 2803 obluc-

414 2834 655 2889 tandum
699 2838 784 2889 est
830 2836 988 2891 omni
1030 2853 1239 2908 genere
1282 2840 1524 2895 virtutis.
1574 2846 1911 2898 Assumatur
1954 2860 2038 2897 se-

411 2928 664 2983 cundum
707 2930 1033 2999 Apostolum
1082 2931 1285 2988 Christi
1335 2949 1529 3004 opera,
1574 2939 1630 2990 et
1679 2952 1712 2989 a
1761 2938 2042 2991 consortio

412 3022 597 3076 carnis
632 3027 908 3094 quantum
949 3030 1138 3096 potest
1175 3027 1401 3081 animus
1432 3028 1775 3100 colligatur:
1814 3047 2039 3102 separe-

411 3121 504 3170 tur
542 3133 852 3173 consensus
891 3135 921 3173 a
961 3135 1218 3191 corpore,
1257 3120 1391 3175 vitia
1429 3138 1658 3193 semper
1697 3124 2118 3219 castigenturc

2142 1916 2207 1953 ac
2236 1901 2519 1971 perfectus
2548 1900 2741 1975 828
2772 1903 2990 1975 auriga,
3022 1905 3171 1958 ultra
3195 1920 3493 1958 concessas
3518 1904 3779 1973 corporis

2138 1998 2325 2048 metas
2355 1979 2708 2050 extollentes
2756 2013 2816 2051 se
2877 1997 3060 2051 carnis
3117 1998 3401 2067 impetus,
3453 1997 3775 2051 caelestium

2139 2091 2561 2160 praeceptorum
2604 2090 2839 2144 habenis
2881 2091 3174 2157 reﬂectat;
3205 2107 3278 2144 ne
3319 2090 3464 2144 ultra
3497 2091 3777 2145 terminos

2140 2199 2270 2235 suos
2296 2199 2494 2237 currus
2523 2184 2629 2238 iste
2654 2184 2910 2255 corporis
2934 2188 3145 2255 raptus,
3175 2184 3235 2239 in
3262 2184 3584 2255 periculum
3606 2200 3776 2237 suum

2142 2291 2336 2331 secum
2380 2281 2438 2330 et
2480 2277 2668 2348 ipsum
2714 2278 2893 2349 rapiat
2944 2278 3227 2349 aurigam.
3278 2278 3391 2334 Sed
3433 2278 3583 2333 inter
3628 2278 3774 2346 haec,

2140 2369 2324 2425 immo
2357 2375 2415 2425 et
2444 2375 2577 2425 ante
2608 2371 2753 2439 hinc,
2782 2375 2981 2426 contra
3012 2372 3208 2426 turbas
3234 2374 3292 2426 et
3316 2371 3454 2426 vitia
3480 2372 3677 2427 omnia
3704 2371 3775 2425 de

2142 2463 2349 2518 divinis
2388 2465 2588 2519 castris
2627 2465 2901 2519 auxilium
2932 2466 3245 2536 petendum
3271 2468 3358 2521 est
3387 2482 3400 2519 :
3431 2466 3584 2520 solus
3612 2465 3771 2520 enim

2141 2563 2345 2629 potens
2375 2562 2462 2613 est
2484 2560 2630 2614 Deus
2659 2560 2755 2630 qui
2784 2560 3051 2614 homines
3076 2560 3346 2630 dignatus
3372 2563 3457 2613 est
3482 2559 3692 2627 facere,
3718 2564 3779 2613 et

2140 2652 2311 2723 plena
2351 2651 2681 2707 hominibus
2718 2653 2923 2707 auxilia
2953 2656 3245 2723 praestare.
3281 2655 3401 2723 Ego
3438 2669 3623 2724 pauca
3661 2652 3778 2706 dic-

2143 2746 2275 2812 tavi,
2321 2746 2590 2816 quoniam
2640 2762 2753 2800 non
2795 2751 2879 2801 est
2926 2747 3279 2818 propositum
3320 2747 3587 2801 volumen
3631 2746 3775 2800 scri-

2142 2839 2301 2907 bere,
2331 2839 2430 2893 sed
2459 2840 2863 2894 allocutionem
2890 2840 3292 2895 transmittere.
3325 2842 3433 2894 Vos
3452 2840 3777 2910 Scripturas

2143 2932 2400 3003 aspicite,
2431 2933 2690 3004 exempla
2714 2933 2870 2986 vobis
2897 2934 2968 2988 de
2998 2932 3136 3005 ipsis
3164 2933 3464 3004 praeceptis
3495 2933 3667 3004 hujus
3692 2932 3778 2985 rei

2145 3026 2366 3097 majora
2403 3026 2744 3098 conquirite.
2776 3027 2995 3082 Fratres
3023 3026 3360 3095 cbarissimi,
3387 3027 3535 3082 bene
3566 3026 3772 3081 valete.

1769 3257 1937 3320 Edit.
1984 3259 2191 3322 Oxon.
2241 3261 2436 3319 notae.

475 3355 573 3418 (l7)
642 3354 1032 3405 Kalendarium
1112 3356 1342 3420 cujusvis
1413 3356 1681 3406 excedunt.
1779 3356 2046 3407 Similiter

412 3427 809 3487 Tertullianus,
857 3426 920 3477 de
963 3425 1155 3477 Habitu
1210 3426 1476 3487 muliebri,
1519 3441 1633 3477 uno
1690 3428 1804 3478 lino
1859 3428 2046 3479 decies

412 3499 727 3549 sestertium
777 3498 1093 3559 insumitur,
1132 3497 1308 3547 saltus
1349 3502 1401 3547 et
1446 3498 1659 3548 insulas
1702 3503 1891 3550 tenera
1930 3513 2046 3550 cer-

410 3572 504 3620 vix
554 3572 673 3632 fert,
703 3570 937 3633 graciles
968 3570 1189 3619 aurium
1222 3573 1379 3619 cutes
1417 3568 1806 3620 Kalendarium
1837 3583 2045 3634 expen-

411 3640 570 3701 dunt,
601 3645 655 3691 et
684 3642 740 3690 in
772 3641 995 3689 sinistra
1039 3654 1136 3702 per
1178 3640 1427 3702 singulos
1457 3639 1664 3703 digitos
1704 3640 1772 3691 de
1810 3642 2046 3705 singulis

410 3713 583 3762 saccis
622 3711 764 3761 ludit
794 3728 805 3769 ;
846 3715 900 3759 et
940 3712 1185 3775 seipsum
1215 3712 1534 3774 explicans:
1567 3713 1668 3762 Hm
1697 3715 1826 3761 sunt
1853 3713 1995 3763 vires

410 3784 612 3846 inquit,
649 3783 967 3833 ambitionis
1015 3785 1291 3831 tantarum
1334 3796 1632 3831 usurarum
1677 3782 2046 3833 substantiam

412 3868 527 3904 uno
573 3858 624 3902 et
670 3853 929 3904 muliebri
976 3853 1310 3917 corpusculo
1352 3852 1615 3917 bajulare.
1650 3854 2046 3904 Kalendarium

411 3926 560 3975 enim
598 3940 697 3976 seu
733 3923 1052 3976 Kalendarii
1084 3924 1226 3975 liber
1254 3928 1333 3987 (ut
1357 3929 1713 3989 nuncupatur
1737 3937 1768 3975 a
1810 3925 2043 3987 Seneca,

407 4108 662 4123 ’.ι-

2147 3358 2304 3419 epist.
2354 3356 2435 3416 88)
2481 3359 2535 3405 et
2583 3354 2797 3405 tabulas
2844 3353 3177 3405 domesticas
3227 3352 3519 3416 signiﬁcat,
3566 3353 3780 3417 quibus

2146 3430 2484 3477 annotantur
2531 3439 2656 3490 quae
2708 3427 2773 3483 in
2832 3425 3081 3489 singulos
3136 3437 3356 3474 menses
3407 3424 3779 3487 accipiuntur,

2147 3501 2199 3547 et
2228 3510 2321 3549 eas
2356 3498 2411 3546 in
2453 3497 2658 3562 quibus
2693 3498 3013 3560 proscripta)
3046 3501 3201 3547 erant
3233 3508 3419 3545 usura:
3463 3495 3528 3545 ad
3578 3496 3783 3546 Kalen-

2147 3569 2245 3618 das
2304 3568 2626 3631 exigendm,
2677 3568 2820 3619 sicut
2884 3573 3031 3618 recte
3087 3568 3372 3618 annotavit
3426 3567 3775 3618 Rhenanus:

2146 3640 2418 3704 Ulpianus
2447 3642 2595 3689 enim
2630 3643 2683 3689 et
2717 3640 3011 3690 Africanus
3044 3638 3446 3702 jurisconsulti,
3486 3641 3783 3702 posteriori

2146 3711 2253 3762 hac
2297 3710 2702 3773 signiﬁcatione
2747 3713 2998 3761 utuntur.
3037 3708 3221 3771 Quare
3259 3723 3372 3760 non
3417 3714 3500 3760 est
3544 3723 3783 3761 necesse

2147 3783 2443 3846 confugere
2472 3781 2542 3832 ad
2584 3784 2959 3846 conjecturam
2994 3782 3231 3844 Erasmi,
3258 3787 3320 3833 ut
3361 3782 3576 3847 legatur
3603 3783 3784 3844 cylin-

2146 3854 2368 3904 drorum
2393 3867 2527 3904 onus
2556 3854 2830 3911 excedunt,

2166 4102 2485 4118 b—

1485 4275 1636 4440 S.
1733 4273 2704 4441 CYPRIANI

1194 4559 1929 4652 EXHOBTATIO
1998 4557 2153 4649 AD
2221 4494 3028 4649 P(ENITENTIAM

995 4926 1385 4995 JOANNIS
1430 4921 2038 4991 CHRYSOSTOM.

2144 4917 2659 4986 "ROMBELLII
2697 4918 3005 4985 ΡΗΑΞΕΑ
3024 4920 3167 4985 T10

488 5129 527 5182 l.
558 5127 809 5182 Tametsi
842 5129 1103 5181 accurate
1143 5138 1490 5194 summaque
1523 5120 1820 5193 diligentia
1850 5118 2071 5174 codices
2106 5119 2333 5172 nostros
2362 5115 2849 5188 perlustraverim,
2878 5124 3047 5190 atque
3078 5135 3172 5174 eos
3202 5120 3520 5191 praesertim
3553 5120 3651 5193 qui
3683 5138 3775 5179 ve-

414 5219 604 5270 terum
637 5220 937 5270 auctorum
964 5215 1226 5285 epistolas
1258 5220 1314 5269 et
1343 5213 1613 5284 opuscula
1640 5211 1955 5280 continent,
1987 5224 2136 5281 saepe
2166 5207 2319 5263 enim
2342 5208 2403 5262 iu
2432 5206 2498 5262 iis
2525 5208 2703 5264 latent
2727 5210 2991 5281 pretiosae
3016 5209 3280 5282 quaedam
3304 5216 3565 5266 veterum
3591 5213 3774 5282 scrip-

414 5313 604 5360 torum
658 5306 937 5377 reliquias,
983 5322 1121 5377 quas
1169 5306 1439 5374 colligere
1486 5303 1862 5373 evulgareque
1908 5300 2194 5355 litterariae
2239 5299 2565 5369 reipublicm
2615 5301 2847 5371 plurimi
2895 5302 3153 5373 interest,
3198 5303 3291 5357 ubi
3324 5308 3522 5358 tamen
3569 5304 3638 5358 ad
3682 5320 3784 5358 eos

413 5397 667 5467 pervnni,
694 5397 789 5467 qui
819 5395 1086 5467 Cypriani
1113 5396 1317 5467 scripta
1346 5395 1664 5459 continent,
1696 5392 2056 5463 diligentiam
2089 5391 2238 5457 auxi,
2270 5407 2503 5461 sperans
2533 5391 2745 5444 scilicet
2768 5390 2922 5461 quod
2950 5393 3206 5457 Erasmo,
3233 5392 3504 5458 Mauutio,
3528 5393 3779 5449 Morellio

416 5485 719 5553 acciderat,
754 5487 809 5541 id
837 5486 979 5539 mihi
1011 5502 1236 5556 quoque
1271 5488 1629 5538 eventurum.
1661 5481 1929 5553 Cypriani
1959 5481 2183 5535 codices
2211 5497 2340 5534 curn
2374 5479 2453 5532 illi
2483 5480 2736 5534 studiose
2764 5482 3150 5553 exquisitaque
3181 5481 3598 5551 pervolverunt,
3630 5500 3785 5554 quae-

419 5574 550 5629 dam
582 5592 868 5646 reperere,
894 5592 1021 5647 qua:
1049 5576 1367 5645 superiores
1392 5574 1778 5644 lypographos
1799 5572 2115 5639 latuerant;
2142 5586 2271 5640 quae
2298 5571 2488 5622 tamen
2518 5568 2588 5622 ob
2617 5569 3007 5639 praestantiam
3036 5587 3193 5624 suam
3220 5570 3561 5626 videbantur
3588 5588 3786 5642 expos-

412 5682 563 5729 cere,
598 5668 657 5719 ut
688 5665 1080 5737 proferrentur
1108 5665 1167 5719 in
1206 5664 1409 5718 lucem.
1440 5664 1563 5717 Mea
1604 5680 1691 5717 me
1722 5679 1838 5716 non
1872 5676 2100 5730 prorsus
2136 5657 2342 5713 fefellit
2374 5655 2586 5728 opinio.
2623 5658 2661 5710 E
2691 5657 2915 5713 duobus
2945 5676 3084 5729 quos
3123 5659 3477 5728 possidemus
3509 5660 3785 5732 Cypriani

413 5756 719 5820 codicibus,
755 5756 898 5813 alter
934 5757 1109 5810 altero
1141 5754 1425 5825 copiosior
1456 5759 1561 5818 est,
1597 5756 1763 5823 atque
1798 5749 1965 5817 adeo,
2001 5755 2059 5803 ut
2099 5748 2384 5802 universas
2416 5748 2534 5801 fere
2577 5748 2846 5818 Cypriani
2889 5749 3151 5819 epistolas
3416 5753 3474 5801 et
3511 5752 3785 5819 opuscula

415 5846 866 5917 complectatur:
903 5861 1028 5917 quas
1068 5845 1205 5899 dum
1249 5841 1613 5898 solertissime
1652 5840 1922 5911 perquiro
1964 5854 2347 5910 comparoque
2382 5854 2511 5892 cum
2553 5837 2739 5901 editis,
2779 5853 2836 5892 se
2883 5837 3024 5892 mihi
3062 5837 3287 5893 libellus
3338 5835 3564 5904 obtulit,
3607 5855 3783 5909 quem
