4032 6180
247 282 348 343 861
1129 285 1556 362 ΕΧΗΟΗΤΑΤΙΟ
1598 289 1684 348 AD
1714 289 1875 348 POEIN‘

1985 288 2226 346 .NTIAM.
2261 319 2328 329 --
2354 289 2722 349 ΡΒᾸΞῈΑΤΙΟ.
3516 287 3619 350 862

241 409 406 466 inter
429 411 720 482 evulgatos
750 410 958 466 frustra
986 412 1292 484 perquisivi
1323 429 1336 468 ε
1369 412 1697 468 inscribitur
1726 418 1922 469 autem
1953 414 2012 467 in
2042 413 2193 468 dicto
2230 413 2421 467 codice
2451 431 2463 468 :
2497 416 2815 471 Exhortatio
2857 415 3120 486 Cypriani
3155 417 3220 472 de
3246 420 3618 486 Pmnitentia;

245 501 418 556 titulo
453 502 726 556 nimirum
759 505 843 573 (ut.
870 503 1134 575 deinceps
1171 503 1486 572 ostendam)
1517 505 1588 560 ab
1621 504 1952 558 amanuensi
1991 503 2070 558 illi
2109 509 2323 576 aptato.
2359 504 2579 569 Quanta
2616 505 2850 576 hujusce
2888 508 3142 578 opusculi
3178 510 3511 578 prmstantia
3543 509 3620 563 sit

241 597 424 663 atque
456 593 690 660 utilitas,
736 593 1003 664 deinceps
1039 593 1244 648 dicam.
1279 594 1394 648 Hoc
1431 610 1562 648 sane
1599 595 1865 648 audacter
1891 594 2174 648 afﬁrmare
2206 593 2410 661 audeo,
2449 594 2736 648 immerito
2782 596 2916 651 illud
2963 598 3234 652 hactenus
3265 598 3321 652 in
3361 598 3615 653 tenebris

244 680 584 751 delituisse;
619 683 840 738 tametsi
876 683 1029 741 enim
1069 683 1292 738 nullum
1334 682 1466 738 insit
1497 683 1824 738 historicum
1865 687 2325 751 monumentum,
2356 684 2510 738 nulla
2550 685 2607 737 in
2652 701 2720 738 eo
2759 684 3007 739 emineat
3047 688 3388 757 eloquentia,
3425 692 3616 741 careat

244 787 481 843 quoque
520 771 877 842 argumentis
917 789 949 826 a
987 773 1209 827 ratione
1239 778 1336 827 aut
1373 777 1630 828 veterum
1661 774 1997 828 auctoritate
2027 772 2238 843 petitis,
2271 773 2366 826 sed
2405 773 2694 843 Scriptura
2731 777 2952 828 tantum
2991 773 3284 841 innitatur,
3320 793 3496 847 eaque
3521 777 3610 847 je-

233 860 407 930 june,
434 877 497 915 ac
527 861 648 916 sine
680 861 794 916 ullo
827 867 1166 917 ornamento
1199 863 1479 934 exposita;
1512 879 1628 917 non
1657 863 1927 917 continuo
1964 867 2158 916 tamen
2195 865 2279 914 est
2313 862 2828 928 contemnendum;
2859 863 3113 933 alioquin
3142 867 3478 918 contemnas
3507 881 3608 920 ne-

241 965 405 1005 cesse
443 956 527 1006 est
566 952 832 1023 egregios
873 969 968 1007 eos
1015 954 1283 1024 Cypriani
1327 954 1523 1022 libros,
1571 954 1668 1024 qui
1715 955 2040 1009 Testimonia
2071 953 2145 1006 ad
2184 953 2469 1019 Quirinum
2511 953 2830 1022 continent;
2874 953 2931 1006 in
2976 953 3044 1005 iis
3085 953 3295 1024 quippe
3330 955 3448 1007 sine
3494 957 3605 1008 ullo

243 1041 596 1112 eloquentia:
641 1042 1059 1115 verborumque
1102 1050 1398 1116 apparatu,
1445 1044 1565 1098 sine
1611 1045 1726 1098 ullo
1782 1044 2069 1098 rationum
2117 1048 2483 1114 veterumque
2529 1041 2799 1113 subsidio,
2842 1043 2960 1096 sola
3010 1043 3300 1114 Scriptura
3345 1045 3612 1098 adversus

244 1146 476 1185 errores
514 1137 822 1203 pugnatur,
865 1136 921 1187 et
958 1133 1091 1187 ﬁdei
1135 1137 1344 1188 nostrae
1390 1134 1659 1206 dogmata
1697 1133 2082 1187 stabiliuntur.

323 1231 382 1283 ll.
417 1230 574 1284 Idem
617 1248 786 1302 porro
824 1233 1123 1288 consilium
1161 1235 1206 1289 is
1238 1234 1382 1302 iniit,
1425 1235 1584 1304 cujus
1628 1234 1964 1304 opusculum
2000 1233 2091 1288 hic
2123 1233 2369 1303 profero,
2399 1235 2651 1286 vetustus
2688 1232 2783 1288 ille
2816 1233 3068 1304 quidem,
3111 1239 3166 1286 et
3206 1233 3363 1286 valde
3407 1233 3608 1302 proba-

239 1318 380 1373 bilis
417 1319 677 1390 scriptor,
719 1326 818 1376 aut
853 1323 1164 1394 Cyprianus
1203 1325 1414 1378 scilicet
1445 1325 1584 1394 ipse,
1627 1327 1725 1377 aut
1763 1323 1904 1376 alter
1939 1322 2190 1393 ignotus,
2228 1324 2272 1376 si
2301 1323 2401 1390 vis,
2436 1323 2715 1394 Cypriano
2752 1329 2944 1377 tamen
2983 1325 3148 1376 aetate
3194 1339 3316 1392 par,
3350 1322 3614 1392 Cypriani

241 1409 503 1480 vestigiis
539 1427 602 1463 ac
645 1411 832 1465 studio
875 1411 1158 1467 insistens.
1203 1415 1546 1485 Cyprianum
1590 1412 1801 1465 scilicet
1846 1413 2102 1466 indicare
2147 1412 2370 1466 videtur
2415 1411 2772 1481 disputandi,
2818 1411 3239 1480 Scripturseque
3285 1411 3613 1466 testimonia

243 1497 536 1567 allegandi
569 1499 708 1552 ratio
741 1517 913 1570 quam
948 1501 1202 1567 adhibet,
1237 1503 1527 1556 simillima
1561 1501 1829 1555 nimirum
1868 1502 1972 1567 illi,
2005 1518 2177 1572 quam
2219 1502 2275 1554 in
2314 1502 2455 1554 libro
2498 1505 2937 1555 Testimoniorum
2971 1502 3016 1554 is
3056 1501 3391 1555 observavit.
3425 1504 3610 1572 Atque

209 1588 385 1660 _huic
419 1588 650 1659 quidem
679 1590 1020 1669 copjecturtr
1054 1591 1315 1662 Cypriani
1347 1608 1560 1646 nomen
1595 1591 1724 1645 huic
1757 1592 2028 1661 opusculo
2063 1592 2118 1645 in
2153 1591 2346 1646 codice
2380 1593 2751 1662 pracpositum
2780 1593 2958 1659 favet;
2989 1591 3243 1662 quamvis
3273 1591 3425 1644 enim
3456 1608 3520 1646 ea
3551 1591 3609 1644 in

241 1692 313 1730 re
343 1675 632 1731 interdum
663 1679 902 1733 errarint
931 1696 1328 1746 amanuenses,
1357 1681 1506 1733 hand
1536 1696 1661 1732 raro
1694 1682 1886 1733 tamen
1916 1695 2078 1733 veros
2108 1679 2387 1733 librorum
2416 1686 2674 1734 auctores
2704 1680 3050 1734 indicarunt.

318 1774 390 1824 At
431 1787 561 1824 cum
597 1771 903 1842 Scriptura:
940 1773 1479 1844 interpretationem
1520 1773 1774 1844 opusculi
1818 1773 1992 1827 nostri
2037 1779 2237 1826 auctor
2274 1773 2486 1842 alleget
2531 1773 2693 1828 valde
2733 1774 3012 1828 diversam
3057 1774 3126 1827 ab
3168 1791 3236 1827 ea
3280 1790 3389 1842 qua
3437 1773 3611 1826 utitur

241 1859 584 1930 Cyprianus,
613 1877 784 1916 nemo
813 1879 1036 1935 quoque
1069 1880 1098 1918 e
1127 1864 1405 1919 veteribus
1446 1862 1701 1915 libellum
1736 1861 1888 1914 hunc
1924 1860 2211 1932 Cypriano
2243 1861 2526 1927 tribuerit,
2565 1879 2773 1932 anceps
2815 1864 3005 1917 maereo
3039 1865 3268 1919 cuinam
3304 1867 3467 1920 illum
3507 1867 3604 1920 ad-

241 1949 511 2003 scribam.
561 1951 698 2004 Novi
747 1952 1010 2022 equidem
1063 1956 1350 2023 postrema
1395 1953 1517 2007 haec
1565 1955 1904 2020 argumenta
1952 1948 2366 2003 indissolubilia
2422 1951 2661 2006 minime
2711 1968 2849 2006 esse.
2908 1954 3128 2008 Veteres
3178 1954 3386 2009 scilicet
3438 1956 3608 2010 modo

236 2055 447 2107 unam,
480 2040 650 2094 modo
682 2040 847 2094 aliam
874 2042 1179 2112 Scripturte
1209 2041 1744 2112 interpretationem
1775 2038 2181 2110 sequebantur.
2219 2040 2390 2110 Cujus
2420 2040 2505 2095 rei
2537 2040 2677 2095 adeo
2709 2043 2905 2107 multa,
2936 2042 3080 2097 adeo
3111 2045 3410 2115 perspicua
3438 2060 3610 2115 argu-

242 2133 441 2182 menta
477 2128 767 2196 habemus,
801 2133 861 2183 ut
891 2129 960 2184 de
991 2147 1058 2184 ea
1086 2131 1207 2200 jam
1237 2147 1407 2184 nemo
1440 2131 1660 2185 dubitet
1696 2133 1792 2202 (1).
1830 2138 2218 2186 Amanuenses
2247 2130 2420 2185 etiam
2454 2131 2740 2186 licentiam
2772 2147 2904 2184 sane
2941 2147 3052 2185 non
3089 2131 3272 2186 levem
3307 2133 3412 2187 sibi
3449 2150 3607 2189 arro-

241 2222 481 2288 garunt,
532 2218 1055 2292 substitueruntque
1096 2237 1210 2274 non
1255 2238 1386 2276 raro
1427 2222 1956 2294 interpretationem
1997 2237 2172 2292 quam
2220 2220 2548 2291 diligerent,
2597 2220 3052 2291 interpretationi
3093 2237 3207 2292 qua
3255 2239 3386 2276 usus
3428 2224 3612 2279 fuerat

238 2315 443 2363 auctor
470 2309 566 2362 ille
597 2325 766 2379 quem
795 2309 1208 2365 exscribebant.

315 2406 508 2479 830
539 2408 628 2462 lll.
665 2407 830 2471 Quod
855 2425 993 2462 vero
1022 2426 1191 2463 nemo
1222 2427 1290 2464 ex
1325 2411 1632 2480 veteribus,
1667 2429 1810 2482 quos
1840 2427 1992 2465 nunc
2030 2410 2324 2476 habemus,
2355 2410 2613 2464 libellum
2645 2410 2797 2464 hunc
2838 2410 3069 2481 alleget,
3107 2412 3320 2465 mirum
3351 2430 3463 2467 non
3505 2417 3612 2468 est.

244 2497 424 2552 Desiit
455 2498 608 2551 enim
638 2498 788 2552 haud
819 2499 1001 2553 multo
1035 2503 1160 2570 post
1183 2501 1448 2570 Cypriani
1483 2505 1746 2572 tempora
1777 2501 1988 2555 erroris
2018 2517 2189 2570 quem
2218 2501 2444 2555 libellus
2476 2500 2579 2554 iste
2611 2499 2880 2566 confutet,
2914 2499 3155 2570 ideoque
3183 2501 3401 2555 occasio
3439 2502 3611 2556 etiam

241 2587 432 2654 desiit,
468 2586 539 2640 ob
579 2604 749 2657 quam
792 2587 948 2641 idem
993 2587 1214 2643 libellus
1256 2590 1616 2660 allegaretur.
1663 2591 1747 2644 Ad
1787 2591 1951 2645 haec:
1992 2590 2149 2644 Unde
2193 2590 2456 2643 novimus
2501 2592 2720 2642 veteres
2760 2588 2921 2656 alios,
2964 2605 3212 2659 quorum
3255 2590 3428 2645 libros
3462 2592 3608 2646 desi-

247 2676 540 2742 deramus,
573 2676 813 2730 minime
840 2677 992 2731 hunc
1021 2679 1293 2747 allegasse
1316 2679 1342 2733 ?
1373 2680 1530 2733 Levis
1558 2681 1746 2750 itaque
1775 2684 1861 2734 est
1886 2696 2014 2751 quae
2039 2696 2071 2732 a
2102 2683 2356 2733 veterum
2389 2679 2616 2733 silentio
2649 2679 2971 2733 desumitur
3001 2678 3314 2734 difﬁcultas.
3345 2684 3413 2735 At
3442 2699 3613 2753 quan-

240 2782 443 2837 quam,
475 2765 554 2820 uti
583 2765 721 2834 dixi,
752 2783 816 2821 ea
844 2775 1188 2838 argumenta
1218 2768 1567 2823 dissolubilia
1597 2769 1800 2838 fateor,
1835 2767 2153 2839 probabilia
2187 2770 2318 2821 sunt
2345 2772 2561 2821 tamen.

317 2865 400 2918 IV.
435 2864 700 2935 Quisquis
731 2870 923 2920 tamen
959 2865 1218 2920 libellum
1254 2867 1409 2921 hunc
1440 2867 1840 2938 composuerit,
1873 2867 2229 2921 simillimum
2261 2866 2377 2920 veri
2410 2871 2494 2921 est
2525 2883 2658 2919 eum
2685 2866 2948 2936 Cypriani
2987 2849 3291 2937 aequalem,
3326 2873 3422 2922 aut
3454 2872 3603 2925 certe

233 2970 358 3008 non
403 2955 648 3009 multum
697 2954 764 3008 ab
814 2955 939 3024 ejus
985 2957 1154 3008 astate
1199 2959 1488 3010 remotum
1533 2957 1725 3022 fuisse,
1767 2961 1823 3011 et
1863 2956 1920 3010 in
1954 2955 2377 3025 Scripturarum
2419 2955 2665 3009 lectione
2713 2954 3008 3009 detritum.
3055 2959 3137 3010 An
3186 2974 3298 3011 non
3331 2958 3600 3028 Cypriani

235 3045 544 3114 aequalem,
573 3047 670 3098 aut
698 3048 851 3098 certe
891 3044 1040 3098 haud
1078 3045 1322 3098 multum
1360 3045 1428 3097 ab
1461 3045 1614 3098 illius
1653 3048 1818 3099 astate
1851 3048 2129 3099 remotum
2176 3043 2426 3097 ostendit
2453 3061 2538 3109 ea,
2569 3060 2743 3114 quam
2773 3043 3048 3114 sequitur,
3079 3044 3385 3116 Scripturse
3423 3047 3604 3100 inter-

233 3135 508 3207 pretatio,
566 3138 622 3189 et
671 3135 968 3206 disciplina
1013 3151 1188 3206 quam
1241 3135 1489 3191 stabilire
1539 3137 1811 3190 conatur?
1850 3135 2066 3189 Iudicat
2111 3135 2323 3189 scilicet
2369 3151 2481 3187 non
2529 3133 2764 3187 obscure
2816 3133 3057 3204 scriptor
3101 3134 3203 3189 iste
3251 3135 3612 3206 recipiendos

233 3225 475 3296 quidem
516 3224 572 3279 in
610 3224 917 3278 Ecclesiam
955 3224 1162 3295 lapsos,
1193 3228 1249 3278 et
1279 3243 1311 3279 a
1343 3241 1442 3296 spe
1477 3225 1661 3279 veniae
1698 3226 1937 3280 minime
1967 3225 2243 3280 arcendos
2281 3224 2616 3295 quorumvis
2647 3223 2955 3278 criminum
2986 3241 3138 3291 reos,
3169 3223 3483 3279 dummodo
3514 3242 3604 3278 ca-

234 3315 462 3370 nonicae
503 3315 856 3386 paenitentiae
895 3331 1017 3368 sese
1049 3315 1410 3386 subjicerent.
1451 3317 1577 3370 Haec
1614 3315 1823 3370 scilicet
1870 3315 2102 3386 quaestio
2146 3331 2276 3369 cum
2322 3313 2590 3384 Cypriani
2637 3316 2891 3384 tempore
2937 3312 3300 3384 potissimum
3341 3314 3605 3385 viguerit,

237 3404 403 3458 haud
434 3404 669 3459 obscure
696 3407 920 3459 atatem
954 3405 1160 3472 innuit,
1196 3421 1310 3475 qua
1339 3405 1692 3476 conscriptus
1723 3408 1806 3459 est
1835 3404 1977 3458 liber
2009 3405 2136 3457 iste.

313 3505 376 3556 V.
418 3503 554 3567 Quis
595 3519 761 3573 porro
802 3503 859 3557 in
892 3502 1312 3574 Scripturarum
1352 3503 1593 3558 lectione
1640 3505 1915 3558 detritum
1948 3519 2078 3557 eum
2118 3506 2307 3572 neget,
2353 3506 2658 3573 postquam
2700 3502 2903 3556 viderit
2949 3518 3284 3573 percurrere
3324 3503 3484 3555 illum
3532 3507 3615 3557 tot

232 3593 669 3664 Scripturarum
698 3593 893 3659 libros,
929 3597 986 3646 et
1012 3610 1079 3648 ex
1108 3593 1178 3646 iis
1203 3593 1445 3663 seligere
1476 3593 1618 3660 loca,
1647 3610 1774 3665 quas
1802 3594 2010 3646 mirum
2041 3593 2095 3646 in
2129 3594 2364 3647 modum
2399 3592 2743 3646 catholicum
2775 3592 2987 3663 dogma
3016 3593 3378 3659 conﬁrment,
3410 3592 3608 3665 illique

232 3684 468 3738 faveant
496 3681 896 3736 consuetudini
925 3697 1097 3752 quam
1135 3681 1194 3735 in
1226 3683 1475 3737 Ecclesia
1505 3664 1837 3736 servandam
1869 3681 2086 3735 censuit
2111 3681 2466 3751 Cyprianus?

317 3782 402 3833 Vl.
451 3783 753 3850 Propterea
793 3797 928 3834 vero
969 3781 1449 3836 verisimillimum
1495 3781 1900 3835 tantummodo
1947 3797 2068 3834 esse
2110 3781 2167 3834 id
2213 3780 2475 3847 arbitror,
2516 3780 2665 3851 quod
2714 3781 2785 3834 de
2827 3781 3107 3851 Cypriano
3155 3781 3390 3850 hujusce
3436 3781 3612 3836 libelli

234 3875 476 3925 auctore
508 3871 642 3936 dixi,
674 3886 862 3942 neque
894 3871 1108 3942 aliquid
1144 3873 1282 3928 certi
1311 3888 1376 3925 ea
1411 3871 1478 3926 de
1510 3888 1568 3925 re
1596 3874 1841 3924 statuere
1881 3887 2049 3923 ausus
2085 3887 2233 3937 sum,
2262 3870 2412 3941 quod
2453 3870 2709 3923 noverim
2750 3870 3029 3922 exstitisse
3053 3871 3174 3939 jam
3210 3870 3432 3940 pridem
3463 3888 3612 3926 non-

237 3964 432 4017 nullos
466 3962 533 4032 (2)
563 3961 734 4016 etiam
764 3961 913 4016 inter
941 3962 1190 4029 Latinos,
1221 3962 1316 4032 qui
1345 3961 1689 4033 Cyprianum
1720 3961 1829 4015 hoc
1857 3960 1913 4014 in
1941 3959 2226 4014 scribendi
2258 3975 2467 4029 genere
2493 3957 2882 4023 imitarentur,
2912 3959 2968 4011 in
2999 3959 3073 4029 (3)
3098 3975 3344 4028 quorum
3374 3977 3612 4015 numero

237 4051 506 4121 Pelagius
545 4051 639 4104 ille
674 4051 918 4106 eminuit
963 4051 1059 4121 (4),
1091 4051 1188 4122 qui
1220 4051 1454 4106 laudem
1494 4066 1666 4122 quam
1708 4049 1937 4105 aliunde
1965 4048 2360 4119 acquisiverat,
2392 4048 2658 4102 adversus
2701 4047 2950 4101 divinam
2992 4049 3236 4119 gratiam
3274 4055 3472 4120 postea
3509 4052 3610 4105 de-

232 4146 464 4196 certans
494 4141 598 4194 sibi
638 4139 878 4194 ademit.
919 4140 1196 4204 Quoniam
1242 4156 1414 4210 porro
1459 4157 1528 4194 ea
1571 4156 1695 4210 quae
1734 4138 2144 4194 verisimillima
2185 4142 2336 4204 sunt,
2379 4136 2607 4191 admitti
2647 4137 2946 4193 commode
2991 4142 3253 4209 possunt,
3299 4140 3428 4210 quis
3468 4140 3612 4194 mihi

231 4230 379 4285 vitio
411 4233 611 4298 vertet,
654 4230 700 4283 si
739 4229 1006 4300 deinceps
1043 4229 1260 4301 quoties
1303 4229 1372 4284 de
1417 4229 1652 4302 hujusce
1694 4227 1950 4302 opusculi
1990 4233 2220 4284 auctore
2266 4226 2480 4284 incidet
2517 4243 2729 4298 sermo,
2771 4227 2981 4284 incidet
3023 4232 3218 4283 autem
3261 4243 3434 4302 saepe,
3479 4244 3612 4283 eum

232 4319 586 4391 Cyprianum
617 4334 737 4374 esse
770 4317 1001 4374 dicam?

305 4575 367 4636 (1)
410 4574 652 4624 Unicum
691 4574 1029 4637 exemplum,
1061 4573 1159 4623 sed
1200 4573 1338 4623 illud
1378 4575 1736 4625 manifestum
1776 4576 1874 4626 ad-

234 4647 426 4696 hibeo.
459 4647 824 4710 Augustinus,
859 4659 1020 4694 serm.
1068 4645 1148 4706 20,
1201 4659 1255 4693 n.
1300 4646 1350 4705 3,
1402 4647 1482 4695 sic
1526 4648 1874 4697 versiculum

229 4718 302 4768 22
348 4718 543 4779 capitis
584 4730 726 4767 xvm
753 4715 1013 4765 Ezechiel
1046 4715 1248 4780 allegat
1281 4731 1291 4764 :
1329 4717 1389 4765 In
1428 4730 1758 4781 quacumque
1791 4719 1876 4768 die

234 4801 520 4838 conversus
570 4787 734 4849 fuerit
784 4788 1020 4850 iniquus,
1065 4792 1110 4836 et
1159 4787 1334 4849 fecerit
1373 4790 1662 4850 justitiam,
1710 4804 1876 4840 annos

234 4860 535 4923 iniquitatis
587 4860 700 4921 ejus
752 4857 1050 4907 obliviscar.
1102 4860 1171 4907 At
1218 4872 1381 4908 serm.
1427 4860 1509 4919 39,
1554 4874 1606 4908 n.
1664 4862 1682 4909 1
1744 4863 1877 4910 citat

234 4932 349 4980 hoc
377 4930 538 4980 modo
573 4945 584 4977 :
613 4945 642 4977 <‹
675 4929 798 4990 Quo
829 4929 918 4978 die
951 4941 1252 4979 conversus
1296 4930 1487 4991 fueris,
1528 4931 1877 4981 obliviscitur

237 5001 428 5063 (Deus)
456 5002 601 5050 mala
633 5004 723 5049 tua
765 5000 1060 5063 praeterita.
1094 5015 1121 5044 »
1159 4999 1336 5049 Serm.
1366 5013 1498 5050 vero
1543 5003 1624 5061 82,
1661 5003 1754 5066 qui
1795 5006 1878 5052 est

235 5073 310 5123 de
350 5073 534 5122 verbis
583 5071 873 5134 Evangel.,
923 5071 1136 5132 Matth,
1171 5084 1291 5134 cap.
1335 5085 1493 5129 xvm,
1537 5087 1587 5120 n.
1636 5075 1712 5132 14,
1747 5087 1875 5122 cum

233 5145 426 5206 aliqua
468 5143 596 5191 licet
639 5141 748 5191 levi
790 5139 1098 5190 differentia
1146 5155 1335 5190 rursus
1362 5141 1632 5199 adducit;
1676 5157 1876 5207 nempe

234 5216 358 5264 ita:
410 5214 632 5276 Iniquus
677 5215 731 5260 in
766 5225 872 5275 qua
923 5212 1006 5260 die
1039 5225 1315 5262 conversus
1352 5214 1519 5273 fuerit
1561 5213 1629 5262 ab
1679 5215 1878 5277 iniqui-

232 5285 438 5335 tatibus
487 5285 618 5340 suis,
673 5289 718 5333 et
773 5284 951 5345 fecerit
991 5284 1278 5346 justitiam,
1337 5297 1513 5334 omnes
1567 5286 1878 5348 iniquitates

232 5358 356 5419 ejus
400 5355 698 5406 obliviscar.
732 5355 802 5403 Et
837 5355 969 5403 alibi
1014 5356 1180 5404 etiam
1224 5355 1484 5404 eumdem
1535 5357 1872 5406 versiculum

233 5428 477 5477 atterens
503 5441 632 5477 cum
664 5427 852 5489 aliquo
900 5426 1223 5476 discrimine
1267 5424 1427 5476 affert
1461 5443 1471 5474 :
1505 5443 1534 5474 α
1589 5427 1779 5475 Pulsat
1823 5432 1876 5478 et

235 5501 464 5560 clamat,
499 5517 525 5543 ››
553 5500 736 5562 inquit
779 5498 892 5555 ille,
925 5512 980 5545 n.
1017 5499 1074 5547 10
1116 5499 1384 5547 sermonis
1419 5499 1498 5559 87,
1536 5499 1631 5561 qui
1682 5502 1768 5546 est
1808 5498 1875 5547 de

234 5570 426 5618 verbis
457 5569 644 5617 Matth.
677 5582 761 5618 xx
807 5582 904 5630 per
945 5569 1269 5632 prophetam
1317 5567 1668 5619 Ezechielem
1706 5583 1716 5615 :
1752 5586 1779 5612 «
1819 5571 1875 5617 In

234 5653 565 5704 qum-umque
595 5639 677 5687 die
711 5651 993 5688 conversus
1021 5638 1186 5699 fuerit
1224 5639 1371 5688 homo
1417 5654 1449 5687 a
1492 5644 1580 5688 via
1623 5653 1722 5689 sua
1767 5653 1875 5701 pes-

231 5715 386 5763 sima.
419 5725 595 5759 omnes
627 5712 936 5774 iniquitates
967 5713 1081 5772 ejus
1111 5711 1418 5760 obliviscar.
1449 5731 1476 5756 »

300 5784 371 5843 (2)
428 5782 511 5830 En
566 5795 691 5844 quas
745 5782 800 5831 in
858 5781 1026 5832 libros
1086 5783 1552 5832 Testimoniorum
1615 5782 1876 5846 Cypriani

239 5857 393 5903 notat
419 5852 680 5903 Baluzius
709 5869 718 5901 :
757 5870 783 5899 «
810 5852 866 5903 Si
895 5867 1003 5917 qua
1029 5858 1157 5904 sunt
1181 5855 1302 5904 loca
1333 5855 1389 5904 in
1416 5854 1676 5918 Operibus
1697 5855 1875 5905 sancti

1976 4575 2255 4640 Cypriani,
2289 4575 2357 4625 de
2392 4575 2595 4639 quibus
2633 4573 2982 4638 pronuntiari
3013 4587 3123 4623 non
3161 4573 3336 4636 possit
3362 4585 3426 4622 ea
3462 4575 3610 4622 certe

1976 4647 2130 4696 illius
2175 4660 2315 4706 esse,
2345 4646 2400 4694 id
2450 4660 2578 4696 vero
2619 4646 2890 4707 imprimis
2916 4645 3084 4694 asseri
3133 4647 3314 4706 potest
3355 4643 3423 4692 de
3455 4643 3609 4692 libris

1981 4717 2451 4766 Testimoniorum
2490 4717 2559 4765 ad
2603 4715 2915 4777 Quirinum.
2960 4714 3152 4763 Plures
3191 4714 3342 4764 enim
3389 4714 3614 4763 codices

1981 4789 2108 4852 plus
2137 4787 2349 4838 habent
2388 4801 2556 4851 quam
2592 4787 2830 4848 vulgatae
2870 4784 3163 4845 editiones,
3201 4784 3322 4834 aliae
3354 4786 3555 4833 minus.
3587 4804 3614 4830 »

1981 4859 2094 4909 Cur
2123 4873 2252 4908 vero
2292 4872 2401 4908 non
2444 4859 2606 4922 pauci
2649 4857 2869 4907 codices
2911 4857 3047 4906 adeo
3089 4857 3296 4920 copiosi
3323 4860 3452 4904 sunt
3472 4858 3497 4904 ’ἲ
3527 4860 3614 4905 An

1977 4944 2087 4978 non
2135 4932 2266 4994 quia
2311 4931 2673 4992 posteriorum
2711 4928 3000 4977 doctorum
3037 4927 3320 4976 laboribus
3355 4941 3612 4977 accreve-

1976 5003 2152 5050 runt?
2199 5001 2327 5050 Dixi
2361 5002 2526 5050 etiam
2558 5001 2701 5048 inter
2740 5000 2962 5048 Latinos
2992 5014 3002 5046 :
3045 5012 3173 5047 nam
3217 4999 3360 5046 inter
3389 4999 3617 5048 Graecos

1978 5086 2043 5122 eo
2082 5073 2139 5121 in
2183 5072 2462 5122 scribendi
2493 5084 2692 5135 genere
2729 5071 2963 5119 eminuit
3006 5071 3386 5119 Damascenus
3427 5068 3614 5130 plures

1976 5143 2146 5192 libros
2194 5143 2360 5192 simili
2413 5142 2480 5192 de
2535 5145 2858 5205 argumento
2905 5141 3093 5201 edens,
3133 5153 3273 5203 quos
3321 5139 3611 5200 Parallcla,

1979 5228 2096 5274 seu,
2124 5215 2169 5263 si
2194 5215 2294 5274 vis,
2327 5213 2542 5276 Eclogas
2578 5213 2898 5276 appellavit.

2039 5285 2104 5347 (3)
2143 5303 2170 5329 «
2209 5284 2476 5347 Ejusdem
2517 5298 2677 5347 porro
2716 5285 2825 5334 fere
2857 5282 3168 5346 argumenti
3199 5295 3328 5330 cum
3367 5283 3471 5330 isto
3500 5281 3612 5344 Cy-

1976 5357 2156 5418 priani
2189 5369 2352 5418 opere
2393 5360 2475 5404 est
2523 5355 2666 5404 liber
2703 5355 2764 5404 de
2810 5352 3254 5403 Promissionibus
3296 5357 3341 5400 et
3381 5353 3612 5400 Praedic-

1981 5427 2205 5476 tionibus
2256 5428 2368 5485 Dei,
2401 5427 2498 5490 qui
2540 5426 2706 5490 vulgo
2748 5426 3006 5474 tribuitur
3049 5426 3331 5487 Prospero.
3366 5439 3394 5469 »
3442 5424 3605 5473 Baln-

1980 5500 2118 5557 zius,
2146 5503 2273 5547 nota
2315 5501 2330 5546 1
2367 5499 2421 5546 in
2449 5497 2608 5547 libros
2641 5497 3075 5546 Testimoniorum
3106 5497 3284 5546 sancti
3321 5494 3605 5557 Cypriani.

2040 5572 2102 5630 (4)
2154 5570 2295 5618 Vide
2335 5583 2461 5632 quse
2510 5568 2736 5618 tradunt
2789 5568 3023 5617 Vossius
3077 5567 3279 5616 Histor.
3329 5567 3604 5627 Pelagian.

1977 5641 2014 5689 l.
2050 5655 2084 5700 1,
2118 5655 2164 5690 c.
2196 5643 2242 5700 4,
2279 5659 2305 5683 ‹‹
2338 5642 2406 5689 de
2449 5641 2517 5687 iis
2563 5653 2688 5702 quae
2722 5639 2976 5702 Pelagius
3010 5640 3229 5701 scripsit
3257 5652 3268 5696 ;
3295 5655 3321 5682 »
3370 5642 3423 5686 et
3459 5635 3605 5685 Cave

1977 5714 2031 5760 in
2063 5713 2261 5760 Hister.
2310 5710 2405 5759 litt.
2451 5709 2516 5758 de
2553 5711 2775 5772 Pelagio
2820 5709 2890 5758 ad
2925 5723 3137 5759 annum
3182 5709 3292 5768 405,
3340 5721 3459 5770 pag.
3489 5707 3598 5762 383,

1977 5789 2012 5831 t.
2047 5785 2092 5844 l,
2119 5783 2245 5833 edit.
2270 5781 2461 5842 Basil.,
2487 5781 2618 5830 anni
2647 5782 2783 5830 1741.
2823 5799 2851 5826 ››
