4032 6180
493 259 594 323 863
1234 264 1325 324 AD
1364 267 1585 325 OPERA
1625 270 1681 325 S.
1720 269 2036 327 CYPRIANI
2065 270 2383 328 GENUINA.
2414 269 2697 327 APPEND.
2739 268 2781 325 Ι.
2810 300 2879 310 -—-
2914 268 3137 327 DUBIA.
3718 280 3809 336 864

568 385 750 463 831
790 390 899 445 VII.
928 389 1041 447 Nec
1072 390 1314 461 modica,
1345 408 1439 447 me
1472 393 1701 464 quidem
1728 395 1940 466 judice,
1965 395 2202 466 hujusce
2239 394 2416 450 libelli
2448 394 2663 451 utilitas
2693 400 2795 451 est.
2830 399 2914 451 An
2948 411 3064 450 non
3093 410 3224 450 vero
3254 394 3407 451 valde
3445 396 3583 452 utilis
3611 398 3801 457 libellus

495 478 542 533 is
575 483 659 533 est
687 480 745 533 in
777 496 887 550 quo
914 480 1317 536 usitatissimus
1354 483 1617 538 Ecclesiae
1650 500 1772 538 mos
1815 485 2054 553 eminet,
2087 490 2149 539 ut
2181 484 2389 540 scilicet
2420 491 2650 540 exortus
2681 502 2845 540 error
2871 485 3127 541 adductis
3164 485 3414 557 pluribus
3441 488 3811 559 Scripturarum

500 569 845 623 testimoniis
889 571 1080 625 statim
1121 571 1495 642 reprimatur;
1526 578 1584 626 et
1622 573 1679 627 in
1722 590 1836 645 quo
1870 580 2029 629 tanta
2067 575 2460 630 vetustissimas
2490 575 2766 630 versionis
2807 575 2991 645 portio
3030 575 3215 631 inest?
3244 574 3404 640 Quod
3445 576 3485 630 si
3528 595 3589 632 eo
3623 580 3807 651 ordine,

502 672 616 727 quo
665 657 889 711 codices
932 674 1130 715 eorum
1174 664 1499 731 temporum
1538 663 1840 734 conscripti
1881 671 2063 732 erant,
2097 680 2284 719 sacros
2319 664 2494 718 libros
2539 664 2631 719 hic
2669 665 2904 735 allegari
2948 680 3167 733 censes,
3202 664 3643 723 emolumentum
3679 671 3811 726 aliud

500 745 771 801 continuo
809 744 1004 820 832
1039 749 1096 803 in
1137 767 1205 804 eo
1242 750 1418 805 babes
1446 767 1460 805 :
1494 752 1648 822 quod
1679 752 1907 822 quidem
1940 754 2027 808 his
2060 752 2256 807 multis
2286 754 2689 809 commendare
2721 755 2962 810 minime
2992 759 3076 809 est
3103 771 3276 826 opus;
3317 755 3417 810 sed
3455 758 3687 828 profecto
3718 778 3812 816 non

499 835 620 889 leve
654 841 755 890 est.
801 838 978 892 Habet
1015 839 1188 893 etiam
1234 840 1340 895 hoc
1369 842 1679 911 commodi,
1712 845 1777 895 ut
1806 858 1991 898 sacras
2030 842 2347 914 Scripturas
2376 843 2626 915 allegatis
2657 846 3032 906 Ecclesiastici,
3073 844 3280 900 librum
3322 846 3557 901 adducat
3588 852 3813 921 exemplo

500 939 603 978 suo
637 926 959 994 ostendens,
991 934 1201 999 quanto
1232 929 1292 983 in
1321 932 1500 1000 pretio
1527 931 1817 1001 prioribus
1848 932 1986 1002 ipsis
2014 931 2274 986 Ecclesia:
2316 932 2533 986 saeculis
2562 932 2787 987 habitus
2827 933 2898 987 sit
2931 934 3071 988 liber
3102 934 3216 1000 ille,
3250 950 3420 1004 quem
3452 952 3592 990 nunc
3623 944 3808 1007 protes-

499 1014 680 1067 tantes
706 1013 930 1068 minimi
964 1016 1196 1073 l‘aciunt.
1225 1018 1335 1075 Sed
1364 1019 1431 1073 de
1456 1019 1631 1079 libelli
1660 1025 1890 1080 auctore
1917 1036 1979 1073 ac
2010 1021 2331 1098 praestantia
2360 1021 2650 1079 hactenus.
2687 1023 2823 1081 Ecce
2850 1025 3043 1080 autem
3076 1022 3331 1080 libellum
3361 1023 3562 1096 ipsum.

2094 1267 2249 1281 *-

1164 1436 1672 1506 ΕΧΗΟΒΤΑΤΙΟ
1706 1438 1770 1505 S.
1805 1440 2177 1507 CYPRIANI
2208 1441 2311 1507 DE
2336 1441 2756 1508 PtENITEN'I

1599 1439 1672 1506 [Ο
1706 1438 1770 1505 S.
1805 1440 2177 1507 CYPRIANI
2208 1441 2311 1507 DE
2336 1441 2855 1508 PtENITENTIA
2885 1443 3191 1510 INCIPIT.

571 1601 679 1654 Pen
728 1600 1124 1670 paenitentiam
1175 1617 1337 1672 posse
1392 1604 1584 1659 omnia
1633 1609 1865 1675 peccata
1917 1605 2203 1692 dimittiB
2298 1607 2441 1661 Item
2478 1606 2590 1661 illic
2622 1606 2857 1676 (Lvn,l5)
2888 1629 2898 1660 :
2934 1628 2962 1656 «
2998 1608 3121 1662 Herc
3159 1605 3341 1663 dixit:
3369 1606 3625 1664 Excelsus
3664 1624 3715 1663 in
3744 1625 3826 1664 ex-

500 1693 549 1746 ei
578 1692 673 1763 qui
700 1694 768 1747 ad
803 1695 977 1749 Deum
1009 1700 1124 1750 toto
1152 1697 1322 1752 corde
1351 1714 1651 1753 conversus
1681 1699 1771 1754 sit.
2235 1700 2393 1755 celsis
2446 1699 2741 1768 habitans,
2794 1699 2852 1755 in
2908 1706 3186 1755 internum
3236 1707 3463 1757 sanctus
3518 1703 3573 1756 in
3632 1702 3825 1773 sanctis,

573 1788 632 1840 In
673 1789 895 1842 Psalmo
931 1791 1318 1860 octuagesimo
1362 1796 1559 1846 octavo
1591 1792 1661 1863 (ν.
1696 1792 1784 1861 31)
1819 1811 1831 1848 :
1869 1815 1895 1843 ς(
1939 1793 1993 1849 Si
2036 1794 2131 1850 de-
2236 1811 2447 1849 nomen
2502 1799 2585 1849 est
2640 1793 2691 1848 ei
2747 1795 3052 1863 Dominus,
3110 1796 3365 1850 excelsus
3415 1796 3472 1849 in
3522 1796 3708 1850 sanctis
3752 1814 3823 1852 re—

497 1880 832 1951 reliquerint
853 1881 951 1936 filii
980 1883 1102 1953 ejus
1125 1883 1314 1955 legem
1346 1902 1555 1955 meam,
1580 1893 1638 1942 et
1660 1887 1714 1941 in
1730 1887 1966 1957 judiciis
1990 1889 2135 1943 meis
2237 1888 2560 1959 quiescens,
2612 1895 2667 1943 et
2708 1888 3086 1959 pusillanimis
3118 1889 3260 1944 dans
3300 1889 3477 1944 animi
3517 1890 3827 1961 aequitatem,

504 1989 616 2027 non
658 1974 1096 2046 ambulaverint,
1131 1984 1186 2031 et
1216 1978 1487 2033 mandata
1527 1997 1653 2035 mea
1697 1998 1811 2035 non
1851 1982 2133 2037 custodie-
2238 1986 2295 2036 et
2333 1982 2472 2036 dans
2514 1982 2689 2036 vitam
2733 1982 3125 2038 contribulatis
3163 1981 3356 2038 corde.
3392 1984 3514 2038 Non
3555 1984 3609 2037 in
3650 1986 3826 2055 sempi-

500 2067 637 2134 rint,
674 2067 911 2123 visitabo
938 2070 998 2124 in
1030 2071 1189 2143 virga
1217 2072 1547 2143 iniquitates
1589 2091 1787 2129 eorum
1823 2079 1882 2129 et
1917 2076 1974 2130 in
2006 2093 2134 2131 ver-
2238 2080 2469 2131 ternum
2515 2075 2732 2131 irascor
2769 2076 2945 2145 vobis,
2984 2094 3090 2131 nec
3129 2093 3233 2148 per
3262 2077 3463 2131 omnia
3491 2076 3760 2132 vindicabo
3783 2078 3828 2132 in

501 2160 733 2216 beribus
795 2170 1026 2233 peccata
1088 2181 1290 2220 eorum
1353 2184 1366 2221 :
1423 2167 1874 2224 misericordiam
1945 2175 2138 2225 autem
2238 2186 2366 2239 vos;
2413 2169 2646 2241 spiritus
2690 2170 2846 2223 enim
2890 2187 2923 2224 a
2962 2186 3058 2225 me
3091 2170 3315 2241 prodiet
3343 2175 3403 2225 et
3446 2170 3827 2242 inspirationem

500 2269 692 2309 meam
723 2271 839 2310 non
871 2257 1197 2329 dispergam
1225 2261 1294 2315 ab
1322 2259 1421 2315 eis.
1452 2284 1478 2311 »ι
2241 2280 2473 2319 omnem
2517 2278 2626 2335 ego
2676 2265 2817 2331 feci;
2872 2269 2927 2319 et
2972 2269 3208 2335 propter
3247 2266 3548 2336 peccatum
3596 2263 3829 2336 pusillum

573 2348 709 2402 Item
742 2350 891 2420 apud
922 2351 1120 2407 Isaiam
1160 2352 1308 2424 (xxx,
1345 2356 1430 2425 15)
1461 2371 1474 2409 :
1508 2376 1535 2405 ‹‹
1578 2355 1734 2412 Sicut
1771 2356 1910 2412 dicit
1947 2357 2137 2412 Domi-
2240 2357 2567 2415 contristavi
2607 2373 2763 2428 eum,
2807 2362 2864 2412 et
2901 2357 3083 2411 averti
3112 2357 3311 2412 faciem
3348 2374 3543 2413 meam
3579 2358 3642 2412 ab
3680 2375 3759 2425 eo,
3785 2364 3829 2412 et

502 2458 609 2495 nus
657 2450 884 2498 sanctus
929 2446 1099 2500 Israel
1154 2465 1166 2501 :
1217 2450 1359 2505 Cum
1405 2465 1709 2504 conversus
1758 2451 2134 2523 ingemueris,
2240 2453 2409 2508 vilem
2440 2467 2638 2524 passus
2675 2455 2778 2519 est,
2818 2454 2876 2507 et
2914 2450 3053 2506 abiit
3090 2451 3266 2506 tristis
3304 2451 3365 2506 in
3417 2452 3539 2507 viis.
3575 2451 3690 2506 Vias
3732 2452 3832 2521 ejus

499 2540 636 2590 tunc
665 2537 845 2591 salvus
874 2539 985 2594 eris
1012 2542 1069 2594 et
1099 2541 1242 2596 scies
1271 2542 1364 2596 ubi
1393 2542 1585 2598 fueris.
1616 2565 1643 2592 »
2240 2547 2353 2602 vidi
2385 2552 2442 2602 et
2480 2545 2679 2601 sanavi
2706 2562 2866 2613 eum,
2900 2551 2957 2600 et
2991 2546 3317 2600 consolatus
3339 2561 3472 2600 sum
3499 2560 3622 2617 ego,
3648 2551 3700 2600 et
3725 2544 3833 2599 dedi

572 2628 716 2683 Item
760 2628 872 2683 illic
913 2633 1062 2701 (xxx,
1109 2631 1158 2700 1)
1201 2648 1214 2686 :
1254 2654 1281 2682 ιι
1323 2634 1434 2701 Ve,
1465 2632 1563 2687 ﬁlii
1606 2634 1956 2704 desertionis,
1991 2633 2129 2690 dicit
2243 2642 2295 2696 ei
2328 2640 2772 2696 consolationem
2801 2656 3014 2706 veram,
3048 2645 3103 2694 et
3132 2655 3328 2712 pacem
3359 2655 3534 2710 super
3558 2655 3736 2711 pacem
3763 2639 3831 2705 iis,

517 2720 789 2776 Dominus
823 2740 836 2777 :
871 2724 1077 2778 fecistis
1108 2725 1408 2780 consilium
1437 2743 1551 2781 non
1589 2744 1693 2799 per
1724 2744 1836 2797 me,
1870 2733 1927 2783 et
1965 2745 2136 2800 spon-
2245 2735 2344 2806 qui
2376 2736 2571 2805 longe,
2609 2739 2664 2789 et
2704 2733 2774 2788 iis
2803 2733 2900 2806 qui
2929 2750 3129 2805 prope.
3162 2734 3230 2787 Et
3261 2733 3410 2788 dixit
3432 2733 3722 2787 Dominus:
3752 2732 3831 2787 Sa-

502 2813 720 2869 sionem
766 2832 955 2871 meam
1000 2834 1117 2873 non
1161 2836 1266 2890 per
1308 2820 1570 2891 spiritum
1621 2837 1838 2890 meum,
1889 2822 2137 2893 adjicere
2246 2829 2371 2883 navi
2418 2845 2546 2896 eos;
2591 2827 2773 2900 iniqui
2817 2830 3034 2897 autem,
3077 2830 3141 2881 ut
3176 2843 3338 2882 mare
3384 2831 3740 2892 commotum,
3772 2825 3834 2878 sic

500 2912 801 2979 peccatum
830 2928 1000 2982 super
1024 2916 1341 2983 peccatum.
1371 2936 1398 2965 υ
2176 2988 2211 2992 _
2246 2922 2693 2990 ﬂuctuabantur,
2729 2926 2787 2976 et
2822 2921 3113 2992 quiescere
3158 2937 3274 2975 non
3323 2926 3577 2992 possunt.
3618 2921 3729 2974 Non
3766 2921 3834 2972 est

575 3004 718 3057 Item
759 3004 914 3073 apud
946 3006 1251 3062 Jeremiam
1293 3008 1373 3077 (ιι,
1403 3010 1493 3078 25)
1522 3025 1535 3061 :
1569 3027 1596 3058 κ
1628 3009 1897 3063 Avertere
1925 3009 2004 3080 (1)
2033 3024 2131 3080 pe-
2160 2988 2214 3061 C
2242 3015 2489 3088 gaudere
2523 2988 2731 3086 impiis,
2761 2988 2896 3069 dicit
2929 3014 3217 3069 Dominus.
3246 3036 3275 3064 ››

504 3096 633 3150 dem
678 3099 840 3151 tuum
886 3098 954 3152 ab
1002 3115 1206 3171 aspera
1248 3100 1355 3168 via,
1403 3104 1457 3156 et
1501 3102 1704 3156 faciem
1748 3107 1904 3156 tuam
1946 3120 1978 3156 a
2023 3103 2132 3158 siti.
2311 3112 2449 3165 Item
2478 3110 2630 3182 apud
2655 3109 2965 3164 Ieremiam
2993 3110 3075 3180 (ιι,
3104 3109 3195 3179 32)
3226 3126 3238 3162 :
3271 3129 3298 3159 «
3328 3108 3615 3180 Numquid
3641 3105 3830 3161 oblivis-

508 3189 607 3243 llla
635 3206 768 3246 vero
809 3191 951 3247 dixit
986 3211 1000 3247 :
1032 3194 1412 3250 Confortabor
1448 3212 1458 3247 :
1494 3196 1662 3249 volo:
1701 3195 1837 3267 quia
1868 3195 2136 3267 diligebat
2236 3208 2402 3259 catur
2441 3219 2652 3275 sponsa
2694 3202 3016 3257 ornamenti
3058 3202 3168 3271 sui,
3215 3208 3276 3256 ut
3315 3202 3479 3273 virgo
3512 3201 3691 3256 fasciae
3727 3215 3831 3271 pec-

505 3283 739 3354 alienos,
772 3290 827 3339 et
852 3285 970 3340 ibat
994 3292 1119 3357 post
1144 3288 1290 3342 illos.
1322 3309 1350 3338 »
2238 3298 2430 3352 toralis
2477 3298 2639 3351 sum?
2685 3296 2931 3367 Populus
2982 3312 3115 3350 vero
3163 3312 3327 3349 meus
3378 3295 3589 3351 oblitus
3626 3298 3704 3349 est
3741 3293 3831 3346 mei

579 3379 714 3431 [lem
765 3379 917 3449 apud
970 3382 1169 3435 Isaiam
1224 3383 1390 3451 (xxxi,
1444 3385 1492 3451 6)
1551 3400 1563 3437 :
1621 3404 1648 3430 «
1699 3384 2130 3454 Convertimini,
2238 3391 2461 3445 dierum
2493 3391 2589 3461 (3),
2619 3405 2865 3461 quorum
2893 3405 3007 3443 non
3041 3392 3126 3443 est
3157 3405 3454 3444 numerus.
3490 3411 3517 3439 »ι

505 3470 639 3540 quia
673 3471 747 3541 (2)
777 3472 948 3526 altam
981 3474 1386 3545 cogitationem
1420 3476 1680 3546 cogitatis
1709 3479 1766 3530 et
1794 3476 2071 3548 iniquam.
2104 3500 2131 3528 »
2308 3487 2451 3540 Item
2496 3484 2612 3538 illic
2652 3483 2828 3554 (xvm,
2875 3483 2929 3553 '7)
2972 3501 2984 3536 :
3025 3505 3053 3532 (ι
3094 3484 3157 3537 In
3199 3499 3429 3539 summa
3467 3484 3663 3554 loquar
3693 3496 3833 3551 super

578 3565 719 3618 Item
756 3565 866 3619 illic
889 3566 1061 3636 (me,
1084 3570 1170 3636 25)
1204 3585 1217 3622 :
1253 3590 1281 3618 «
1315 3570 1430 3640 Ego
1458 3585 1606 3635 sum,
1634 3586 1740 3639 ego
1768 3586 1895 3624 sum
1923 3571 2019 3642 qui
2044 3571 2135 3627 de-
2238 3582 2470 3649 gentem
2518 3580 2618 3632 aut
2658 3593 2831 3648 super
2877 3592 3144 3648 regnum,
3190 3582 3289 3631 aut
3342 3578 3602 3632 auferam
3650 3591 3751 3641 eos,
3789 3576 3834 3627 et

503 3657 592 3711 leo
622 3658 926 3728 injustitias
950 3665 1096 3729 tuas,
1127 3668 1321 3717 etnon
1348 3662 1710 3732 recordabar;
1739 3667 1801 3717 tu
1830 3669 2025 3718 autem
2049 3681 2136 3718 re-
2234 3672 2497 3741 perdam.
2547 3672 2613 3725 Et
2652 3671 2697 3725 si
2740 3686 3007 3725 conversa
3046 3670 3218 3725 fuerit
3262 3686 3409 3741 gens
3455 3688 3490 3725 a
3531 3671 3685 3725 malis
3721 3668 3830 3731 suiS,

504 3751 760 3818 cordare,
794 3755 850 3807 et
874 3753 1194 3823 iudicemur
1223 3754 1424 3823 simul;
1462 3756 1551 3811 dic
1587 3761 1645 3811 tu
1677 3756 1979 3828 injustitias
2008 3763 2135 3813 tuas
2234 3765 2520 3835 pmnitebo
2559 3764 2630 3819 de
2672 3765 2855 3832 malis,
2903 3764 3055 3836 quod
3101 3765 3170 3835 (4)
3223 3763 3472 3834 cogitavi
3515 3765 3689 3819 facere
3724 3762 3829 3816 illis.

504 3846 677 3916 Prius.
712 3871 740 3898 ››
2235 3860 2302 3912 Et
2339 3875 2560 3913 summa
2602 3860 2799 3930 loquar
2843 3873 3018 3928 super
3060 3862 3314 3929 gentem,
3360 3861 3466 3913 aut
3503 3872 3749 3928 regnum,
3781 3859 3831 3909 ut

576 3943 719 3996 Item
764 3944 880 3999 illic
928 3947 1036 4017 (ιν,
1084 3947 1133 4017 6)
1181 3963 1194 4001 :
1246 3967 1273 3995 «
1327 3946 1579 4011 Quaerite
1628 3947 1852 4015 Deum;
1902 3953 1957 4003 et
2001 3964 2134 4003 cum
2234 3951 2684 4019 reiedificem,et
2709 3952 2988 4023 plantam,
3011 3956 3068 4005 et
3093 3952 3310 4005 facient
3336 3952 3490 4006 male
3514 3957 3641 4006 ante
3666 3964 3765 4014 me,
3785 3952 3831 4001 ut

506 4035 840 4092 inveneritis
876 4055 1029 4107 eum,
1075 4041 1358 4095 invocato.
1399 4043 1469 4095 At
1512 4041 1610 4096 ubi
1654 4043 2135 4115 appropinquavit
2233 4062 2350 4101 non
2394 4046 2634 4100 audiant
2672 4061 2868 4100 vocem
2905 4061 3120 4111 meam,
3154 4048 3210 4098 et
3241 4045 3531 4116 pmnitebo
3572 4046 3638 4099 de
3674 4042 3830 4107 bonis,

504 4130 680 4197 vobis,
719 4132 1078 4205 derelinquat
1119 4133 1328 4206 impius
1356 4136 1479 4189 vias
1522 4151 1648 4189 suas
1687 4142 1745 4191 et
1784 4136 1870 4190 vir
1905 4136 2135 4209 iniquus
2235 4156 2363 4212 quas
2392 4139 2619 4194 locutus
2646 4155 2773 4193 sum
2805 4139 2992 4193 facere
3022 4138 3123 4192 eis.
3152 4160 3178 4187 ιι

505 4224 878 4293 cogitationes
911 4243 1061 4296 suas,
1105 4231 1163 4282 et
1202 4231 1568 4283 convertatur
1606 4228 1678 4282 ad
1720 4230 2048 4300 Dominum,
2079 4235 2135 4286 et
2309 4235 2445 4288 ltem
2488 4233 2600 4287 illic
2639 4232 2739 4301 (ιιι,
2777 4233 2906 4303 l2):
2940 4253 2968 4283 «
2999 4234 3301 4288 Revertere
3339 4233 3412 4288 ad
3451 4249 3562 4300 me,
3597 4229 3832 4287 habitatio

506 4317 891 4374 misericordia
919 4320 971 4375 ei
1001 4322 1435 4393 praeparabitur,
1469 4323 1603 4394 quia
1632 4339 1745 4378 non
1773 4324 2019 4379 multum
2051 4341 2133 4381 re-
2150 4354 2210 4426 D
2235 4326 2429 4394 Israel,
2463 4326 2599 4380 dicit
2630 4326 2921 4395 Dominus,
2949 4329 3006 4380 et
3032 4343 3147 4380 non
3174 4326 3415 4381 ﬁrmabo
3443 4327 3642 4383 faciem
3670 4337 3828 4379 meam

503 4411 677 4467 mittit
704 4418 931 4483 peccata
959 4418 1222 4470 vestra.»
2150 4411 2206 4426 ’ν
2233 4436 2402 4491 super
2441 4436 2557 4488 vos,
2608 4420 2741 4491 quia
2785 4418 3103 4474 misericors
3151 4436 3260 4492 ego
3305 4436 3453 4487 sum,
3500 4421 3637 4475 dicit
3674 4415 3829 4473 Domi-

576 4506 718 4560 Ilem
765 4507 877 4563 illic
925 4509 1089 4580 (xLiv,
1127 4510 1178 4581 1)
1211 4526 1225 4564 :
1267 4531 1294 4558 ‹‹
1339 4509 1657 4566 Recordare
1698 4511 1838 4579 hac,
1877 4512 2046 4568 Iacob
2078 4516 2135 4568 et
2234 4529 2363 4581 nus,
2392 4516 2449 4568 et
2480 4530 2596 4567 non
2628 4514 2837 4567 irascar
2861 4512 3016 4567 vobis
3046 4513 3103 4567 in
3137 4518 3439 4569 aeternum.
3466 4536 3492 4564 ››

503 4601 712 4669 Israel,
774 4601 907 4674 quia
960 4620 1103 4675 puer
1152 4619 1314 4658 meus
1377 4621 1455 4659 es.
1512 4606 1714 4661 Vocavi
1778 4611 1832 4661 te
1888 4623 2131 4677 puerum
2304 4609 2444 4661 Item
2493 4606 2605 4661 illic
2643 4607 2746 4677 (ιιι,
2789 4606 2874 4676 14)
2905 4624 2918 4661 :
2953 4629 2981 4657 «
3018 4606 3452 4669 Convertimini,
3493 4605 3724 4677 ﬁlii,qui
3758 4619 3827 4656 re-

505 4709 728 4762 meum;
763 4700 819 4751 et
855 4702 938 4765 tu,
969 4697 1160 4765 Israel,
1198 4697 1319 4752 noli
1350 4697 1606 4753 oblivisci
1637 4698 1773 4754 mei.
1808 4701 1945 4754 Ecce
1977 4700 2132 4754 enim
2232 4700 2499 4769 cessistis,
2541 4700 2677 4755 dicit
2726 4701 3016 4769 Dominus,
3063 4701 3334 4771 quoniam
3379 4717 3489 4772 ego
3532 4696 3828 4754 dominabor

506 4787 742 4843 abstersi
788 4790 1043 4846 sicut.....
1084 4790 1388 4863 injustitias
1430 4797 1555 4847 tuas
1595 4797 1652 4847 et
1695 4788 1840 4846 sieut
1884 4793 2131 4848 imbrem
2233 4795 2403 4850 vestri
2440 4797 2497 4849 et
2526 4794 2801 4866 accipiam
2827 4810 2923 4848 vos
2949 4809 3134 4848 unum
3173 4795 3241 4848 de
3270 4794 3519 4859 civitate,
3549 4797 3604 4848 et
3627 4793 3753 4846 duos
3772 4788 3827 4841 de

502 4888 725 4952 peccata
754 4886 866 4939 tua.
898 4887 1233 4941 Convertere
1262 4886 1334 4941 ad
1363 4902 1480 4951 me,
1509 4891 1564 4941 et
1593 4886 1877 4941 redimam
1906 4892 1981 4941 te.
2011 4909 2037 4938 »
2232 4888 2474 4956 familia,
2521 4893 2577 4943 et
2621 4888 2884 4943 inducam
2932 4904 3026 4942 vos
3071 4889 3129 4942 in
3176 4887 3307 4943 Sion
3356 4905 3369 4943 :
3417 4891 3477 4942 et
3522 4887 3664 4942 dabo
3703 4881 3827 4937 vobis

576 4977 715 5031 Item
757 4978 867 5031 illic
916 4978 1079 5048 (τινι,
1119 4979 1172 5045 8)
1219 5000 1230 5032 :
1272 4999 1300 5027 «
1330 4982 1392 5035 In
1436 4985 1626 5034 mente
1670 4980 1876 5036 habete
1914 4981 2036 5035 haec
2074 4985 2133 5036 et
2231 4986 2489 5054 pastores
2521 4982 2840 5037 secundum
2870 4998 2966 5037 cor
2993 4998 3210 5049 meum,
3248 4986 3304 5036 et
3332 4985 3567 5053 pascant
3600 4996 3691 5034 vos
3721 4991 3826 5048 pas-

506 5071 736 5141 gcmite.
770 5072 1133 5126 Pmnitemini
1160 5072 1257 5144 qui
1291 5072 1509 5127 seducti
1537 5073 1688 5139 estis,
1720 5075 2129 5129 convertamini
2231 5080 2425 5130 centes
2453 5092 2582 5131 cum
2616 5076 2935 5149 disciplina.
2969 5098 2995 5126 ι)

505 5165 675 5218 corde
716 5166 781 5217 ad
830 5181 935 5231 me,
975 5170 1031 5219 et
1071 5166 1133 5219 in
1181 5171 1374 5221 mente
1418 5166 1626 5221 habete
1669 5167 1864 5238 priora
1904 5168 2128 5237 saecula,
2304 5168 2498 5243 833
2540 5172 2681 5225 Item
2716 5170 2827 5225 illic
2868 5172 2977 5240 (In,
3024 5170 3157 5238 22):
3201 5191 3227 5219 ‹‹
3265 5168 3691 5233 Convertimini,
3728 5161 3825 5228 lilii:

504 5259 640 5327 quia
669 5274 774 5328 ego
808 5259 972 5313 Deus.
1007 5282 1034 5308 ››
2237 5267 2646 5332 convertentes,
2670 5267 2727 5317 et
2752 5280 2859 5334 ego
2880 5262 3521 5333 sanabolcontritiouem
3548 5266 3825 5315 vestram.»

574 5352 707 5404 Item
747 5352 857 5405 illic
902 5354 1025 5421 (LIV,
1067 5353 1165 5423 8):
1200 5372 1227 5402 ‹‹
1267 5354 1542 5423 Tempore
1588 5355 1788 5425 pusillo
1830 5355 2129 5425 dereliqui,
2308 5360 2448 5412 Item
2493 5358 2609 5412 illic
2653 5360 2744 5424 (IV,
2782 5360 2868 5425 14)
2902 5374 2914 5411 :
2948 5378 2975 5407 «
3008 5358 3185 5412 Ablue
3223 5374 3255 5411 a
3286 5357 3498 5412 malitia
3538 5372 3633 5411 cor
3672 5357 3825 5411 tuum,

504 5449 559 5497 et
596 5461 723 5497 cum
765 5445 1156 5501 misericordia
1200 5464 1408 5515 magna
1451 5448 1766 5504 miserebor
1804 5450 1905 5504 tui.
1941 5452 1998 5503 In
2041 5449 2131 5503 fu-
2231 5452 2561 5518 Jerusalem,
2603 5455 2669 5504 ut
2701 5452 2917 5504 saneris
2948 5468 2961 5505 :
2996 5452 3295 5523 Usquequo
3324 5454 3490 5505 erunt
3526 5449 3580 5503 in
3620 5452 3669 5502 te
3697 5441 3824 5511 cogi-

502 5554 631 5593 rore
672 5538 877 5608 pusillo
910 5540 1086 5593 averti
1130 5540 1333 5594 faciem
1378 5557 1565 5596 meam
1598 5542 1698 5597 abs
1736 5548 1821 5609 te;
1863 5544 1919 5596 in
1962 5542 2131 5597 mise-
2233 5544 2481 5600 taliones
2511 5543 2771 5598 dolorum
2801 5544 3073 5598 tuorum?
3106 5565 3133 5594 »ι

497 5631 737 5686 ricordia
766 5638 977 5687 aeterna
1006 5633 1322 5690 miserebor
1351 5635 1454 5690 tui.
1486 5658 1511 5685 υ
2308 5640 2450 5693 Item
2482 5637 2591 5691 illic
2625 5644 2762 5709 (vni,
2793 5638 2845 5707 4)
2878 5654 2890 5691 :
2926 5660 2953 5686 υ
2987 5638 3114 5692 Haec
3150 5638 3287 5693 dicit
3318 5635 3589 5692 Dominus
3626 5649 3639 5687 :
3677 5632 3825 5685 Num-

562 5767 631 5828 (I)
658 5767 724 5818 Ut
751 5770 898 5831 puto.
931 5768 1137 5817 Avertc.
1626 5772 1627 5775 ‘
2301 5771 2367 5831 (3)
2400 5772 2536 5821 Puto
2562 5770 2861 5835 legendum
2895 5788 2904 5820 ;
2941 5771 3137 5822 diebus.

569 5839 629 5900 (2)
667 5841 785 5900 Qui,
821 5842 881 5887 ut
914 5842 1062 5903 puto.
2305 5843 2370 5902 (4)
2403 5843 2540 5903 Quae.
