4032 6180
210 233 317 287 865

209 458 626 512 convertetur?
653 458 793 520 Quia
822 458 1025 511 avertit
1060 475 1117 511 se
1150 460 1393 529 populus
1429 460 1533 514 iste
1579 480 1611 515 a
1644 462 1857 516 visione

210 555 505 625 improba,
541 560 597 608 et
639 555 1011 609 obtinuerunt
1040 557 1488 627 praesumptione
1523 575 1623 612 sua
1664 566 1719 613 et
1758 577 1855 613 no-

208 649 456 703 luerunt
482 649 752 703 converti.
784 669 813 699 »

294 745 433 797 Item
482 743 598 797 illic
644 744 777 811 (vui,
824 744 873 812 6)
923 760 935 796 :
988 766 1012 792 ‹‹
1059 745 1177 797 Non
1231 752 1312 798 est
1361 746 1534 799 homo
1578 746 1856 816 poeniten-

213 836 366 889 tiam
412 853 587 906 agens
628 855 658 889 a
702 836 915 891 malitia
957 854 1078 904 sua,
1114 838 1310 891 dicens
1346 857 1355 891 :
1388 839 1529 902 Quid
1569 839 1722 893 feci?
1758 841 1857 893 De-

210 931 363 984 fecit
404 930 499 1000 qui
545 931 719 984 currit
758 946 925 985 cursu
972 948 1096 998 suo,
1144 932 1287 985 sicut
1331 949 1507 1003 equus
1552 934 1762 987 sudans
1805 935 1861 987 in

214 1024 450 1077 hinnitu
488 1040 607 1077 suo.
652 1046 678 1073 »

303 1120 440 1172 Item
472 1118 583 1171 illic
626 1119 799 1185 (xvlu,
829 1120 917 1185 ’11)
953 1136 963 1171 :
1000 1142 1024 1168 ‹‹
1060 1123 1358 1173 Avertatur
1387 1136 1522 1191 ergo
1561 1121 1861 1190 unusquis-

215 1229 335 1282 que
368 1229 398 1263 a
425 1212 512 1264 via
544 1229 642 1265 sua
674 1212 842 1277 mala,
877 1218 934 1265 et
970 1212 1208 1266 meliora
1239 1214 1413 1268 facite
1443 1214 1626 1267 studia
1658 1220 1862 1268 vestra.

214 1306 295 1359 Et
339 1306 623 1374 dixerunt,
666 1306 1145 1372 Coufortabimur,
1187 1307 1319 1377 quia
1363 1313 1487 1377 post
1518 1309 1866 1362 adiuventio-

208 1416 322 1454 nes
367 1403 576 1454 vestras
620 1400 689 1469 (5)
737 1399 969 1467 ibimus,
1019 1403 1074 1453 et
1125 1401 1516 1472 unusquisque
1571 1418 1697 1473 qme
1744 1404 1860 1472 pla-

223 1500 360 1547 cent
389 1493 544 1547 cordi
572 1510 694 1557 suo,
722 1494 872 1547 mala
902 1493 1199 1548 faciemus.
1232 1517 1259 1543 ι)

296 1589 435 1641 Item
469 1587 580 1641 illic
608 1588 849 1655 (Thren.,
881 1604 936 1652 ιι,
969 1588 1055 1657 18)
1087 1606 1100 1642 :
1140 1610 1165 1637 ‹‹
1196 1588 1435 1643 ΕίΥιιηᾶθ
1470 1590 1619 1643 sicut
1644 1592 1864 1642 torrens

216 1681 503 1751 Iacrymas
549 1681 642 1734 die
689 1698 754 1734 ac
798 1684 964 1735 nocte
1009 1702 1019 1735 :
1066 1682 1180 1735 noli
1228 1683 1361 1736 dare
1414 1683 1514 1737 tibi
1562 1683 1863 1753 requiem;

212 1792 337 1829 non
376 1775 537 1829 sileat
567 1776 780 1845 pupilla
813 1776 955 1828 oculi
989 1776 1090 1830 tui.
1125 1800 1152 1825 ››

296 1871 441 1923 Item
488 1869 595 1922 illic
631 1871 873 1937 (Thren.,
917 1885 995 1935 III,
1037 1872 1122 1938 40)
1170 1887 1181 1923 :
1228 1893 1254 1919 ‹‹
1290 1873 1714 1925 Perscrutemur
1744 1872 1859 1924 vias

214 1970 467 2030 nostras,
501 1968 555 2016 et
593 1968 989 2016 convertamur
1030 1964 1101 2016 ad
1150 1965 1476 2019 Dominum.
1525 1966 1858 2019 Mundemus

216 2056 399 2110 corda
436 2073 565 2109 cum
607 2057 870 2109 manibus
906 2059 1131 2124 nostris,
1171 2061 1227 2112 et
1256 2060 1621 2129 respiciamus
1656 2059 1727 2112 ad
1758 2060 1859 2112 Do-

220 2151 472 2217 minum,
520 2151 616 2220 qui
661 2150 879 2205 habitat
929 2151 986 2204 in
1029 2152 1200 2205 costis.
1247 2153 1358 2206 Nos
1406 2153 1757 2222 peccavimus
1805 2160 1860 2206 et

218 2244 592 2307 irritavimus,
623 2248 678 2297 et
707 2248 760 2297 tu
793 2262 904 2299 non
934 2262 992 2298 es
1023 2245 1377 2315 propitiatus.
1411 2268 1436 2293 ››

296 2340 439 2393 Item
474 2338 584 2391 illic
614 2340 766 2407 (Jer.,
795 2354 871 2405 III,
908 2339 959 2407 6)
993 2358 1006 2393 :
1043 2359 1068 2387 ι(
1110 2342 1175 2394 Et
1205 2340 1344 2392 dixit
1375 2340 1643 2393 Dominus
1668 2342 1736 2393 ad
1768 2357 1855 2394 me

218 2433 278 2486 in
308 2432 531 2518 diebus.
553 2431 720 2486 Josize
752 2433 901 2502 regis
932 2450 944 2486 :
976 2433 1172 2486 Vidisti
1200 2450 1326 2503 quas
1356 2433 1490 2488 fecit
1524 2434 1662 2487 mihi
1694 2435 1855 2487 habi-

217 2526 361 2580 tatio
401 2526 602 2579 domus
645 2528 715 2596 (6)
762 2542 955 2579 vocem
1006 2526 1208 2581 domus
1259 2529 1427 2582 Israel
1458 2545 1470 2581 :
1503 2528 1655 2581 Abiit
1690 2545 1860 2598 super

219 2636 458 2673 omnem
490 2623 743 2673 montem
789 2621 1097 2687 excelsum,
1141 2627 1196 2675 et
1237 2621 1409 2675 subiit
1440 2622 1507 2675 ad
1545 2638 1716 2676 omne
1756 2622 1860 2691 lig-

217 2731 365 2769 num
424 2730 814 2781 numerosum,
871 2719 926 2767 et
974 2714 1251 2768 fornicata
1307 2718 1387 2768 est
1444 2715 1580 2769 illic.
1630 2717 1693 2768 Et
1746 2716 1855 2769 dixi

218 2814 530 2879 postquam
560 2807 839 2861 fornicata
866 2813 949 2861 est
984 2808 1105 2863 hzec
1134 2809 1346 2877 omnia,
1376 2808 1461 2862 Ad
1492 2826 1585 2863 me
1623 2826 1856 2864 conver-

222 2909 370 2967 tere,
406 2904 463 2954 et
494 2918 604 2955 non
637 2908 719 2955 est
750 2918 993 2956 reversa.
1027 2926 1053 2951 ››

296 2999 439 3050 Item
468 2996 577 3049 illic
612 2996 853 3065 (Thren.,
881 3013 957 3062 ιιι,
989 2998 1077 3065 31)
1107 3014 1119 3049 :
1150 3020 1175 3045 ‹‹
1201 2999 1324 3051 Non
1356 2997 1593 3069 repellet
1619 2998 1674 3051 in
1706 3003 1862 3051 enter-

222 3107 365 3143 num
415 3090 726 3154 Dominus,
772 3094 829 3142 et
867 3107 993 3143 cum
1040 3092 1450 3157 humiliaverit,
1500 3092 1863 3146 miserebitur

218 3183 544 3237 secundum
598 3182 1022 3237 multitudinem
1078 3185 1483 3238 misericordia:
1535 3202 1679 3251 sure,
1731 3186 1863 3255 quia

218 3294 342 3331 nou
390 3276 718 3330 humiliabit
760 3293 827 3331 ex
876 3280 994 3331 toto
1037 3278 1203 3332 corde
1237 3295 1360 3345 suo,
1397 3295 1585 3349 neque
1632 3280 1865 3349 repellet

219 3370 376 3424 filios
408 3370 730 3423 hominum.
773 3393 798 3419 ››

297 3466 436 3518 Item
482 3465 629 3535 apud
678 3465 1025 3519 Ezechielem
1074 3470 1284 3535 (xxxui,
1330 3470 1407 3531 I2)
1455 3485 1465 3519 :
1515 3488 1541 3515 ‹‹
1584 3468 1648 3519 Et
1677 3466 1864 3536 justus

223 3576 347 3612 non
394 3560 601 3629 poterit
634 3560 816 3612 salvus
861 3577 977 3611 esse
1030 3559 1084 3613 in
1132 3560 1219 3613 die
1263 3561 1498 3629 peccati.
1548 3560 1687 3614 Cum
1712 3561 1864 3630 justo

227 3653 417 3706 dicam
458 3670 469 3705 :
514 3654 635 3706 Vita
682 3654 863 3721 vives;
912 3653 1029 3723 ipse
1078 3670 1207 3707 vero
1263 3654 1511 3708 confidet
1570 3656 1643 3723 (7)
1697 3670 1865 3724 super

218 3746 504 3818 justitiam
543 3764 724 3812 suam,
765 3753 817 3800 et
852 3748 1049 3800 fecerit
1086 3747 1465 3818 iniquitatem,
1500 3764 1701 3802 omnes
1738 3749 1861 3817 jus—

226 3841 370 3895 titiaz
412 3842 531 3910 ejus
562 3858 671 3894 non
714 3841 1319 3896 commemorabuntur
1359 3858 1369 3895 :
1419 3842 1476 3896 in
1516 3859 1615 3895 sua
1648 3841 1859 3912 iniqui-

229 3937 349 3987 tate
384 3952 553 4005 quam
600 3935 815 4003 fecerit,
860 3936 914 3988 in
961 3952 1023 3989 ea
1074 3935 1374 3990 morietur.
1415 3937 1636 3990 Etcum
1682 3936 1862 3990 dicam

224 4028 409 4099 impio
459 4045 470 4081 :
521 4030 693 4083 Morte
744 4030 1026 4097 morieris,
1080 4032 1134 4084 et
1180 4030 1384 4084 avertit
1435 4047 1490 4085 se
1551 4048 1583 4084 a
1638 4037 1864 4101 peccato

226 4138 356 4185 suo,
388 4126 443 4175 et
472 4122 664 4175 fecerit
684 4122 989 4192 justitiam,
1024 4124 1405 4193 etjudicium,
1437 4130 1493 4178 et
1527 4124 1734 4195 pignus
1764 4124 1862 4178 de-

220 4216 399 4271 bitori
434 4216 755 4283 reddiderit,
787 4223 843 4271 et
872 4218 1129 4288 rapinam
1160 4218 1489 4286 restituerit,
1520 4218 1576 4271 in
1609 4234 1861 4287 praecep-

224 4310 303 4364 tis
342 4310 468 4363 vita:
503 4310 899 4379 ambulaverit,
932 4328 1006 4365 ne
1049 4312 1219 4366 faciat
1260 4312 1542 4382 iniquum,
1578 4312 1684 4365 vita
1719 4311 1865 4364 vivet

224 4411 289 4458 et.
320 4420 432 4458 non
468 4403 747 4458 morietur
778 4423 789 4458 :
822 4406 1019 4459 omnia
1056 4411 1289 4476 peccata
1327 4406 1445 4475 ejus
1487 4422 1614 4476 qua:
1662 4422 1860 4475 pecca-

1358 222 1787 289 EXIIORTATIO
1824 237 1910 290 AD
1949 236 2456 294 ΡΟΕΝΙΤΕΝΤΙᾹΜ.

215 360 363 429 quid
394 360 495 430 qui
526 360 673 413 cadit
704 376 817 414 non
852 360 1128 431 resurgit;
1166 365 1263 415 aut
1292 363 1386 432 qui
1420 364 1622 416 avertit
1648 380 1707 417 se
1740 380 1851 417 non
1879 377 1935 447 Α

1882 3132 1936 3205 C

3488 252 3587 305 866

2029 367 2169 418 Item
2204 366 2312 419 illic
2357 369 2555 436 (xxxvr,
2599 371 2729 436 36):
2765 392 2791 419 ι(
2838 371 2955 440 Ego
3001 373 3267 428 Dominus
3312 378 3582 439 :rditicavi

1959 458 2251 523 deinolita,
2285 465 2341 513 et
2370 462 2617 529 plantavi
2646 466 3042 521 exterminata.
3074 490 3099 515 ››

2034 554 2170 605 Item
2216 553 2326 607 illic
2371 556 2542 623 (xviii,
2586 558 2672 623 2t)
2716 574 2728 610 :
2774 560 2897 613 «Et
2942 559 3167 631 iniquus
3214 564 3253 616 si
3304 570 3589 619 convertat

1962 662 2018 699 se
2065 646 2133 699 ab
2416 648 2681 702 omnibus
2731 651 3121 721 iniquitatibus
3161 673 3301 726 quas
3344 659 3491 727 fecit,
3534 664 3587 713 et

1961 740 2236 793 custodiat
2265 742 2455 795 omnia
2484 743 2754 796 mandata
2786 761 2935 812 mea,
2962 752 3013 798 et
3043 748 3207 802 faciat
3225 751 3501 819 judicium
3534 761 3589 808 et

1955 833 2233 902 justitiam
2279 841 2333 888 et
2369 836 2837 905 misericordiam,
2880 840 2993 893 vita
3027 841 3189 901 vivet.
3226 850 3279 897 et
3310 862 3421 898 non
3463 864 3585 901 mo-

1964 928 2158 980 rietur.
2195 928 2396 981 Omnia
2435 929 2638 983 delicta
2670 932 2791 999 ejus
2835 948 2961 1002 quae
2994 934 3146 1002 fecit,
3180 952 3291 990 non
3335 944 3500 992 erunt
3529 942 3584 993 in

1966 1022 2281 1075 memoria:
2318 1024 2373 1075 in
2416 1040 2516 1077 sua
2554 1024 2775 1093 justitia
2817 1042 2988 1096 quam
3025 1028 3177 1096 fecit,
3222 1030 3387 1084 vivet.
3424 1033 3588 1087 Num-

1964 1114 2097 1183 quid
2142 1116 2431 1169 voluntate
2475 1117 2599 1171 volo
2646 1122 2892 1173 mortem
2931 1121 3149 1189 injusti,
3197 1123 3333 1177 dicit
3375 1125 3587 1180 Adonei

1966 1208 2253 1275 Dominus,
2297 1226 2465 1279 quam
2508 1217 2571 1265 ut
2615 1218 2831 1266 avertat
2871 1231 2928 1267 se
2974 1232 3004 1267 a
3052 1215 3139 1269 via
3184 1234 3281 1270 sua
3331 1220 3493 1285 mala,
3533 1228 3589 1273 et

1965 1302 2148 1356 vivere
2181 1318 2309 1355 eum
2331 1304 2357 1356 ?
2390 1326 2413 1351 ››

2038 1398 2178 1449 Item
2216 1396 2327 1449 illic
2366 1396 2540 1467 (xvui,
2576 1400 2664 1466 30)
2709 1417 2720 1452 :
2758 1421 2783 1449 ‹‹
2817 1402 3229 1457 Convertimini
3273 1410 3327 1459 et
3357 1408 3588 1463 avertite

1965 1506 2061 1543 vos
2090 1490 2158 1543 ab
2201 1491 2467 1544 omnibus
2498 1493 2881 1562 impietatibus
2921 1498 3140 1564 vestris,
3182 1504 3237 1551 et
3275 1516 3386 1554 non
3422 1508 3588 1556 erunt

1967 1584 2125 1637 vobis
2172 1585 2228 1637 in
2271 1601 2515 1654 pmnam.
2566 1588 2822 1656 Projicite
2867 1606 2898 1641 a
2937 1591 3093 1644 vobis
3140 1609 3337 1646 omnes
3386 1596 3589 1665 iniqui-

1968 1682 2110 1730 tates
2149 1681 2380 1744 vestras,
2434 1696 2574 1749 quas
2613 1681 2786 1751 impie
2834 1683 3014 1737 facitis
3059 1687 3113 1738 in
3160 1703 3272 1751 me,
3323 1692 3378 1740 et
3426 1690 3586 1743 facile

1879 1764 1932 1833 B
1960 1771 2115 1825 vobis
2152 1788 2247 1825 cor
2288 1789 2495 1826 novum
2545 1778 2601 1827 et
2640 1774 2903 1844 spiritum
2954 1795 3185 1833 novum.
3231 1781 3295 1833 Et
3342 1788 3401 1834 ut
3448 1783 3585 1852 quid

1962 1865 2307 1931 moriemini,
2346 1868 2547 1920 domus
2578 1869 2786 1923 Israel?
2814 1871 2957 1933 Quia
3000 1873 3133 1925 nolo
3176 1879 3421 1928 mortem
3468 1892 3585 1929 mo-

1960 1959 2175 2026 rientis,
2210 1959 2344 2012 dicit
2369 1960 2581 2014 Adonai
2614 1962 2903 2016 Dominus.
2935 1986 2961 2013 ι»

2032 2054 2166 2106 Item
2198 2052 2348 2122 apud
2382 2054 2673 2109 Dauielem
2702 2056 2796 2123 (iv,
2829 2058 2917 2125 31)
2947 2076 2958 2111 :
2991 2080 3017 2107 ‹‹
3046 2060 3113 2112 Et
3132 2064 3258 2131 post
3284 2062 3451 2116 finem
3476 2063 3587 2117 die-

1960 2162 2109 2211 rum,
2152 2163 2259 2217 ego
2303 2147 2814 2211 Nabuchodonosor
2844 2153 3037 2207 oculos
3082 2170 3241 2209 meos
3285 2156 3341 2209 in
3385 2158 3586 2211 cmlum

1960 2241 2192 2308 sustuli;
2242 2246 2299 2294 et
2346 2258 2541 2295 sensus
2590 2260 2749 2296 meus
2798 2244 2851 2297 in
2898 2262 2991 2299 me
3038 2263 3339 2302 conversus
3385 2255 3488 2317 est,
3534 2256 3590 2304 et

1959 2334 2314 2387 Altissimum
2364 2335 2605 2403 laudavi,
2652 2342 2707 2389 et
2756 2340 2968 2409 Regem
3020 2341 3141 2394 cceli
3196 2342 3482 2413 benedixi,
3536 2352 3591 2399 et

1959 2429 2238 2481 viventem
2292 2429 2351 2481 in
2403 2430 2605 2483 saecula
2661 2431 2907 2498 laudavi,
2967 2434 3101 2503 quia
3166 2440 3419 2505 potestas
3470 2440 3589 2508 ejus

1961 2525 2175 2575 aeterna
2209 2527 2326 2590 est;
2362 2538 2603 2591 regnum
2636 2524 2758 2594 ejus
2789 2525 2845 2578 in
2879 2528 3269 2599 generatione,
3302 2534 3356 2583 et
3393 2548 3589 2585 omnes

1962 2616 2058 2685 qui
2088 2615 2414 2669 inhabitant
2444 2618 2674 2683 terram,
2706 2618 2866 2671 nihil.
2904 2643 2929 2668 n

2033 2710 2169 2762 Item
2234 2709 2383 2779 apud
2446 2710 2733 2765 Michaeam
2791 2716 2910 2781 (vn,
2982 2716 3030 2783 1)
3086 2732 3098 2769 :
3159 2736 3186 2763 ‹‹
3242 2719 3355 2771 Heu
3424 2717 3586 2789 mihi,

1960 2804 2151 2857 anima
2180 2819 2329 2871 mea,
2368 2804 2497 2874 quia
2536 2806 2704 2875 periit
2742 2807 2944 2861 veritas
2977 2826 3010 2862 a
3042 2814 3212 2877 terra,
3244 2814 3300 2864 et
3339 2811 3437 2881 qui
3468 2829 3587 2866 cor-

1962 2898 2128 2967 rigat,
2180 2897 2328 2950 inter
2374 2914 2576 2952 omnes
2625 2916 2740 2953 non
2789 2907 2905 2965 est;
2957 2918 3157 2957 omnes
3202 2905 3257 2957 in
3311 2906 3590 2974 sanguine

1955 2991 2230 3060 judicent.
2274 2992 2673 3063 Unusquisque
2717 2995 3038 3064 proximum
3078 2998 3310 3052 tribulat
3350 2999 3588 3053 tribula-

1964 3085 2140 3150 tione,
2174 3086 2229 3139 in
2262 3086 2478 3139 malum
2515 3104 2714 3141 manus
2738 3106 2869 3143 suas
2902 3098 3241 3162 praeparant.
3278 3113 3299 3143 ι

2036 3182 2174 3233 Item
2226 3179 2339 3232 illic
2392 3182 2502 3249 (vn,
2552 3182 2604 3249 8)
2654 3199 2667 3234 :
2717 3204 2743 3229 ‹‹
2794 3184 2914 3237 Noli
2969 3186 3212 3255 gaudere
3260 3204 3432 3258 super
3478 3203 3588 3257 me,

1963 3272 2195 3327 inimica
2242 3290 2389 3339 mea,
2433 3275 2563 3345 quia
2608 3277 2818 3343 cecidi;
2863 3278 2957 3332 sed
3004 3295 3315 3351 resurgam,
3363 3288 3595 3354 propter

1964 3367 2110 3437 quod
2144 3366 2186 3419 si
2223 3367 2425 3421 sedero
2458 3369 2513 3422 in
2559 3370 2830 3438 tenebris,
2864 3372 3139 3426 Dominus
3182 3374 3388 3429 lucebit
3430 3376 3591 3431 mihi.

1963 3462 2105 3515 Iram
2159 3462 2383 3515 Domini
2434 3464 2756 3530 sustinebo,
2806 3465 2940 3536 quia
2991 3468 3215 3536 peccavi
3269 3469 3358 3537 ei,
3419 3470 3595 3524 donec

1958 3554 2231 3625 justiticet
2260 3556 2377 3626 ipse
2405 3572 2633 3610 causam
2664 3574 2872 3613 meam.
2900 3582 2925 3609 ››

2037 3650 2174 3702 Item
2224 3650 2371 3719 apud
2417 3650 2766 3720 Sophoniam
2815 3656 2893 3723 (ιι,
2943 3655 2993 3725 1)
3044 3671 3055 3708 :
3109 3678 3135 3704 κ
3190 3656 3496 3712 Convenite
3542 3663 3595 3713 et

1965 3742 2300 3814 precamini,
2345 3760 2483 3813 gens
2528 3744 2973 3816 indisciplinata,
3014 3750 3339 3820 priusquam
3381 3751 3593 3806 efﬁcia-

1966 3836 2107 3890 mini
2137 3837 2281 3890 sicut
2316 3837 2419 3890 ﬂos
2452 3839 2805 3907 praeteriens,
2843 3842 3172 3913 priusquam
3206 3844 3391 3896 veniat
3426 3862 3597 3916 super

1965 3947 2063 3984 vos
2108 3931 2188 3983 ira
2237 3930 2479 3999 Domini,
2525 3933 2857 4003 priusquam
2902 3935 3092 3989 veniat
3133 3954 3303 4009 super
3344 3955 3440 3991 vos
3481 3940 3596 3993 dies

1964 4024 2173 4079 furoris
2207 4024 2448 4078 Domini.
2479 4026 2726 4088 Quaerite
2762 4028 3085 4095 Dominum,
3114 4047 3307 4085 omnes
3346 4033 3595 4086 humiles

1965 4123 2150 4184 terrae,
2176 4116 2456 4187 judicium
2488 4121 2827 4189 operamini,
2857 4126 2913 4175 et
2939 4125 3175 4193 quaerite
3200 4126 3510 4195 justitiam,
3539 4131 3597 4179 et

1965 4212 2202 4282 quaerite
2242 4212 2771 4283 mansuetudinem,
2800 4219 2856 4269 et
2895 4218 3240 4288 respondete
3277 4220 3349 4287 ei,
3386 4227 3445 4273 ut
3476 4237 3599 4291 pro~

1966 4306 2240 4375 tegamini
2274 4307 2329 4359 in
2361 4306 2452 4361 die
2482 4308 2581 4363 iras
2607 4310 2856 4365 Domini.
2888 4334 2915 4360 ››

2036 4401 2176 4453 Item
2221 4401 2369 4470 apud
2412 4403 2735 4457 Zachariam
2779 4405 2833 4473 (ι,
2878 4405 2930 4472 3)
2965 4422 2976 4458 :
3016 4426 3041 4454 ‹‹
3088 4406 3490 4463 Convertimini
3528 4406 3597 4461 ad

222 4499 327 4564 vit,
360 4514 472 4551 non
507 4499 1023 4552 commovebuntur
1060 4500 1130 4565 ei,
1176 4500 1308 4570 quia
1337 4499 1617 4569 judicium
1652 4503 1707 4553 et
1740 4499 1859 4569 jus-
1884 4506 1941 4577 D
1968 4509 2079 4561 me,
2109 4496 2165 4547 et
2191 4498 2485 4548 convertar
2512 4496 2579 4549 ad
2613 4514 2727 4551 vos.
2761 4520 2789 4547 ››

223 4592 419 4648 titiam
451 4591 600 4660 fecit,
636 4592 691 4645 in
727 4592 859 4662 ipsis
889 4593 1052 4647 vivet.
1088 4616 1114 4643 ››

302 4687 443 4740 Item
490 4686 602 4740 illic
651 4688 802 4758 (xvu,
844 4688 935 4756 24)
967 4708 979 4743 ;
1015 4709 1042 4737 ‹‹
1086 4690 1203 4759 Ego
1246 4687 1535 4755 Dominus,
1582 4687 1717 4759 quia
1758 4688 1863 4741 hu-

226 4781 396 4836 milio
437 4781 663 4851 lignum
710 4782 913 4848 altum,
954 4788 1008 4837 et
1041 4782 1221 4836 exalto
1265 4782 1487 4852 lignum
1530 4782 1767 4849 humile,
1811 4785 1867 4835 et

225 4874 473 4930 arefacio
502 4874 726 4946 lignum
767 4876 968 4946 viride,
1012 4881 1070 4931 et
1100 4876 1426 4931 reviviscere
1459 4876 1607 4931 facio
1641 4876 1863 4947 lignum

222 4970 478 5025 aridum.
513 4992 540 5019 »

300 5066 440 5119 Item
486 5064 596 5119 illic
644 5068 848 5135 (χχχιιι,
889 5070 969 5135 10)
1002 5083 1014 5121 :
1049 5087 1076 5116 ‹‹
1120 5069 1186 5121 Et
1229 5069 1310 5133 tu,
1351 5066 1429 5120 Iili
1470 5066 1738 5133 hominis,
1775 5065 1864 5119 dic

220 5158 430 5214 domui
462 5159 626 5213 Israel
669 5178 681 5213 :
726 5161 881 5216 Sicut
914 5161 1085 5215 locuti
1125 5160 1257 5215 estis
1289 5161 1543 5215 dicentes
1579 5179 1593 5214 :
1634 5164 1863 5216 Errores

220 5253 407 5308 nostri
456 5257 511 5307 et
557 5253 882 5325 iniquitates
926 5258 1135 5309 nostras
1188 5254 1242 5308 in
1297 5255 1461 5308 nobis
1515 5258 1645 5308 sunt
1698 5260 1754 5309 et
1804 5255 1861 5308 in

224 5348 366 5418 ipsis
396 5364 495 5401 nos
526 5348 886 5415 tabescimus,
916 5356 970 5403 et
1011 5350 1303 5420 quomodo
1330 5350 1629 5404 vivemus?
1662 5349 1758 5403 Dic
1794 5349 1859 5402 il-

222 5443 297 5497 lis
330 5461 341 5495 :
374 5442 505 5497 Vivo
540 5458 665 5512 ego,
710 5443 846 5498 dicit
886 5444 1179 5513 Dominus,
1224 5444 1266 5497 si
1314 5446 1437 5499 volo
1473 5448 1718 5499 mortem
1750 5443 1858 5496 im-

222 5536 329 5609 pii,
365 5539 585 5592 tantum
619 5554 651 5590 a
678 5536 763 5591 via
793 5554 891 5593 sua
923 5543 1226 5607 avertatur,
1262 5541 1319 5593 et
1352 5538 1514 5593 vivet.
1546 5561 1570 5587 ››

296 5733 366 5795 (Β)
394 5734 633 5794 Nostras,
660 5738 723 5785 ut
752 5738 905 5799 puto.

294 5806 360 5865 (ϐ)
393 5806 525 5857 Dele
547 5820 739 5859 vocem
771 5806 968 5859 domus.

2042 4590 2181 4643 Item
2227 4588 2377 4659 apud
2423 4590 2559 4644 Ozee
2603 4592 2728 4659 (xiv,
2776 4592 2829 4661 2)
2877 4610 2890 4646 :
2928 4614 2954 4639 ‹‹
3003 4593 3365 4659 Convertere,
3408 4593 3595 4661 Israel,

1967 4683 2037 4736 ad
2080 4683 2384 4737 Dominum
2426 4684 2599 4738 Deum
2642 4688 2826 4752 tuum,
2872 4686 3144 4756 quoniam
3187 4686 3506 4741 infirmatus
3541 4705 3598 4742 es

1967 4776 2368 4848 iniquitatibus
2414 4777 2546 4832 tuis.
2592 4779 2880 4833 Assumite
2927 4780 3216 4833 vobiscum
3267 4782 3495 4850 multos,
3546 4786 3602 4837 et

1968 4871 2371 4926 convertimini
2415 4872 2485 4926 ad
2530 4872 2840 4927 Dominum
2887 4874 3061 4927 Deum
3110 4881 3357 4929 vestrum
3392 4893 3405 4928 :
3437 4876 3598 4930 dicite

1969 4968 2021 5022 ei
2062 4967 2403 5021 adorantes:
2441 4968 2641 5021 Potens
2688 4984 2744 5020 es
2782 4968 3075 5022 dimittere
3119 4975 3342 5039 peccata
3388 4974 3595 5035 nostra,

1966 5068 2028 5117 ut
2085 5080 2198 5115 non
2250 5060 2536 5130 accipiatis
2588 5061 2980 5131 iniquitatem,
3032 5063 3128 5116 sed
3194 5068 3252 5116 ut
3314 5063 3601 5133 accipiatis

1964 5157 2189 5211 bona.»

2035 5253 2176 5305 Item
2213 5251 2272 5305 in
2313 5251 2700 5306 Ecclesiastico
2735 5256 2886 5323 (xvii,
2924 5254 3008 5322 ‘23)
3044 5275 3051 5304 :
3089 5272 3115 5303 (ι
3146 5254 3486 5308 Convertere
3527 5250 3600 5307 ad

1964 5346 2289 5411 Dominum,
2330 5350 2386 5399 et
2430 5346 2687 5417 relinque
2728 5353 2950 5417 peccata
2990 5353 3105 5413 tua,
3139 5353 3193 5400 et
3232 5346 3404 5400 nimis
3452 5345 3601 5400 odite

1962 5440 2429 5508 exsecrationem,
2459 5446 2513 5493 et
2540 5457 2818 5510 cognosce
2848 5440 3115 5510 justitias,
3152 5440 3445 5511 etjudicia
3477 5440 3606 5509 Dei,

1964 5544 2021 5594 et
2050 5543 2135 5592 sta
2170 5536 2227 5590 in
2265 5538 2415 5589 sorte
2454 5534 2899 5605 propitiationis.
2932 5534 3227 5603 Altissimi,
3265 5539 3321 5588 et
3359 5533 3499 5588 vade
3544 5533 3601 5587 in

2022 5738 2092 5802 (7)
2114 5735 2172 5787 Si
2193 5732 2423 5799 conﬁdet,
2454 5735 2517 5784 ut
2547 5735 2701 5798 puto.
