4032 6180
480 266 582 330 867

1155 269 1243 330 AD
1285 271 1507 330 OPERA
1548 273 1601 328 S.
1643 265 1956 329 CYPRIANI
1997 269 2294 330 GENUINA
2334 271 2620 328 APPEND.
2662 271 2704 326 Ι.
2735 301 2804 312 --
2838 263 3060 327 DUBIA.

3721 273 3814 330 868

477 397 704 465 partem
738 392 924 447 saeculi
961 409 1090 447 cum
1117 393 1254 447 vivis
1285 396 1341 446 et
1377 392 1641 447 dantibus
1683 392 2113 446 confessionem.
2139 404 2344 475 Asens
2385 390 2568 458 sedeo,
2603 393 2658 444 et
2701 389 2901 444 absens
2949 404 3101 442 nunc
3139 387 3226 442 his
3272 388 3365 459 qui
3411 393 3541 443 ante
3579 406 3816 460 peccave-

483 489 605 543 Non
636 487 948 542 demoreris
976 487 1030 541 in
1061 487 1602 558 erroreimpiorum.
1625 489 1668 539 A
1696 489 1919 540 mortuo
1949 483 2110 555 quasi

480 583 640 649 nihil,
684 581 834 652 perit
875 581 1177 636 confessio.
1225 581 1388 635 Vivus
1437 584 1493 634 et
1536 597 1708 634 sanus
1749 577 2110 634 conﬁteberis

479 678 618 742 Deo,
660 681 716 730 et
764 675 1100 746 gloriaberis
1147 675 1204 728 in
1245 675 1700 729 miserationibus
1745 673 1916 739 illius,
1970 689 2109 742 quo-

482 770 637 824 niam
686 786 896 840 magna
937 769 1330 824 misericordia
1371 768 1467 822 Dei
1508 774 1566 822 et
1601 767 1925 838 propitiatio
1963 766 2111 820 illitis

480 863 936 918 convcrtentibus
964 863 1034 916 ad
1061 879 1140 917 se.
1178 884 1205 913 ››

554 959 692 1011 Item
733 957 843 1010 illic
883 959 995 1025 (xx,
1038 957 1137 1026 4):
1177 978 1202 1004 ‹‹
1235 957 1414 1019 Quam
1462 955 1675 1008 bonum
1721 958 1807 1008 est
1849 971 1947 1008 cor
1990 970 2108 1008 rec-

482 1055 599 1104 tum
651 1049 1015 1104 manifestare
1063 1049 1484 1120 paenitentiam!
1536 1049 1627 1104 Sic
1672 1048 1823 1102 enim
1870 1047 2109 1119 effugies

477 1144 859 1199 voluntarium
889 1149 1202 1214 peccatum.
1241 1164 1266 1193 ι)

552 1240 693 1292 Item
741 1239 799 1292 in
853 1237 1079 1292 Actibus
1126 1236 1520 1307 Apostolorum
1569 1239 1705 1307 (vin,
1759 1235 1844 1305 19)
1888 1251 1900 1288 :
1947 1256 1973 1284 ‹‹
2015 1235 2111 1287 Ait

482 1339 674 1386 autem
715 1331 784 1385 ad
825 1331 985 1384 illum
1029 1332 1268 1384 Petrus:
1310 1329 1550 1383 Pecunia
1585 1333 1684 1383 tua
1722 1331 1909 1383 tecum
1950 1315 2022 1383 sit
2050 1328 2108 1383 in

480 1426 818 1498 perditione,
852 1425 1124 1494 quoniam
1159 1423 1404 1494 gratiam
1451 1423 1550 1476 Dei
1583 1427 1750 1494 putas
1786 1427 1840 1476 te
1876 1439 1978 1493 per
2007 1438 2104 1493 pe-

481 1519 704 1574 cuniam
750 1534 912 1588 posse
953 1517 1240 1588 consequi.
1281 1518 1403 1571 Non
1446 1520 1530 1570 est
1571 1533 1722 1586 pars,
1763 1533 1947 1587 neque
1990 1532 2110 1570 sors

481 1614 582 1668 tibi
623 1612 680 1666 in
710 1611 813 1665 hac
851 1612 982 1680 ﬁde,
1015 1612 1151 1682 quia
1181 1628 1279 1664 cor
1308 1614 1467 1664 tuum
1728 1627 1843 1664 non
1877 1615 1961 1664 est
1989 1626 2106 1664 rec-

481 1712 600 1760 tum
627 1706 777 1776 apud
802 1706 1128 1760 Dominum.
1154 1706 1343 1775 Itaque
1367 1705 1760 1771 paenitentiam
1787 1721 1889 1774 age
1911 1704 1980 1758 ab
2003 1705 2108 1758 hac

479 1799 737 1870 nequitia
777 1805 890 1866 tua,
923 1803 980 1852 et
1019 1815 1255 1870 precare
1299 1799 1628 1865 Dominum,
1660 1798 1704 1851 si
1743 1799 1887 1852 forte
1925 1774 2185 1852 remit-B

481 1899 632 1948 tatur
668 1893 770 1946 tibi
799 1893 1068 1962 cogitatio
1110 1892 1297 1946 cordis
1330 1892 1432 1946 tui.
1473 1894 1533 1946 In
1577 1892 1919 1961 obligatione
1957 1890 2107 1945 enim

470 1985 784 2057 iniquitatis
810 1989 866 2040 et
894 1987 1270 2040 amaritudine
1301 1986 1445 2040 fellis
1471 1986 1638 2040 video
1674 1989 1728 2039 te
1763 2001 1901 2040 esse.
1940 2007 1967 2034 ››

551 2082 688 2135 Item
741 2079 799 2133 in
850 2081 1094 2150 Epistola
1145 2080 1299 2134 Pauli
1353 2080 1488 2134 ben.
1543 2080 1616 2150 (8)
1666 2080 1734 2134 ad
1786 2079 2109 2135 Corinthios

481 2174 722 2229 secunda
770 2175 885 2244 (vn,
935 2175 1015 2242 IO)
1069 2191 1080 2227 :
1128 2195 1154 2222 ‹‹
1193 2176 1328 2237 Qua:
1371 2174 1524 2228 enim
1571 2173 1882 2228 secundum
1932 2174 2109 2226 Deum

481 2275 563 2322 est
601 2268 843 2332 tristitia,
876 2267 1269 2338 paenitentiam
1318 2269 1373 2321 in
1411 2267 1651 2321 salutem
1688 2273 1955 2338 operatur
1995 2271 2106 2320 sta.

480 2362 654 2416 bilem
684 2379 696 2416 :
729 2362 918 2416 saeculi
949 2368 1140 2414 autem
1167 2361 1395 2415 tristitia
1426 2363 1672 2415 mortem
1702 2365 2032 2431 operatur.»

554 2458 692 2510 Item
735 2456 848 2509 illic
889 2455 957 2509 de
1003 2455 1107 2509 hoc
1148 2455 1270 2525 ipso
1317 2457 1394 2524 (ιι,
1444 2455 1529 2522 10)
1563 2472 1574 2509 :
1613 2475 1640 2505 α
1672 2455 1727 2509 Si
1779 2455 1866 2508 cui
1913 2460 2106 2509 autem

483 2549 695 2620 aliquid
729 2549 996 2615 donastis,
1037 2553 1091 2602 et
1121 2566 1266 2619 ego:
1304 2565 1433 2602 nam
1467 2554 1520 2603 et
1559 2565 1664 2619 ego
1705 2549 1858 2619 quod
1901 2549 2107 2602 donavi

481 2647 715 2714 propter
750 2659 848 2698 vos
886 2643 943 2696 in
986 2643 1129 2696 facie
1169 2643 1396 2708 Christi,
1440 2646 1503 2696 ut
1539 2659 1654 2697 non
1696 2643 2104 2696 circumvenia-

482 2754 614 2792 mur
633 2755 665 2791 a
694 2737 925 2805 Satana,
957 2752 1058 2790 nec
1086 2737 1237 2790 enim
1269 2736 1542 2790 versutias
1570 2736 1691 2806 ejus
1715 2736 2102 2806 ignoramus.»

553 2834 693 2887 Item
727 2831 840 2886 illic
873 2833 988 2902 (xu,
1021 2832 1110 2901 20)
1143 2853 1152 2884 :
1190 2851 1213 2880 ι
1246 2831 1442 2885 Timeo
1471 2836 1662 2885 autem
1692 2847 1763 2884 ne
1807 2832 1946 2884 forte
1976 2847 2105 2883 cum

482 2943 694 2982 venero
723 2925 796 2980 ad
825 2942 943 2991 vos,
977 2925 1184 2979 iterum
1217 2925 1480 2979 humiliet
1510 2941 1602 2979 me
1637 2927 1780 2979 Deus
1815 2925 1962 2994 apud
1992 2942 2103 2991 vos,

483 3025 538 3076 et
565 3021 798 3092 lugeam
841 3019 1053 3074 multos
1090 3036 1158 3073 ex
1201 3019 1286 3072 his
1324 3019 1423 3091 qui
1455 3025 1582 3073 ante
1623 3026 2018 3090 peccaverunt,
2052 3024 2109 3072 et

2212 489 2365 554 runt,
2403 489 2459 539 et
2497 485 2712 539 caeteris
2753 482 3039 550 omnibus,
3078 481 3238 554 quasi
3284 482 3325 536 si
3374 498 3599 551 venero,
3631 485 3814 540 iterum

2211 599 2325 636 non
2361 595 2617 650 paream.
2648 601 2675 628 >›

2286 677 2419 729 Item
2451 673 2522 728 ad
2551 673 2913 728 Timotheum
2947 671 3196 726 secunda
3225 673 3303 740 (ιι,
3339 672 3427 741 16)
3457 687 3470 724 :
3507 693 3534 718 ‹‹
3577 673 3820 728 Profanas

2209 772 2400 823 autem
2430 767 2709 822 novitates
2737 783 2943 821 vocum
2972 765 3159 821 devita
3183 783 3196 820 ε
3230 765 3477 821 multum
3503 766 3647 820 enim
3675 769 3820 838 proﬁ-

2211 863 2366 917 ciunt
2387 861 2458 916 ad
2484 861 2842 932 impietatem
2862 877 2875 915 :
2895 876 3032 915 nam
3055 877 3242 915 sermo
3263 875 3467 915 eorum
3485 860 3622 914 sicut
3639 877 3820 916 cancer

2211 958 2410 1027 serpit,
2442 972 2509 1010 ex
2550 956 2756 1026 quibus
2797 960 2900 1023 est,
2930 956 3272 1026 Hymenwus
3308 958 3360 1009 et
3397 954 3653 1020 Philetas,
3681 957 3822 1028 quia

2211 1052 2445 1105 veritate
2477 1049 2833 1116 exciderunt,
2857 1047 3050 1121 836
3075 1048 3330 1102 dicentes
3362 1053 3816 1104 resurrectionem

2205 1145 2324 1214 jam
2350 1144 2562 1199 factam
2596 1149 2652 1198 et
2677 1143 3055 1214 quorumdam
3087 1141 3261 1197 ﬁdem
3292 1142 3700 1197 subverterunt.
3722 1143 3816 1197 Sed

2209 1238 2438 1293 ﬁrmum
2471 1238 2914 1292 fundamentum
2959 1236 3058 1291 Dei
3088 1238 3202 1290 stat
3239 1236 3458 1291 habens
3495 1236 3818 1306 signaculum

2211 1334 2339 1388 hoc.
2381 1332 2653 1403 Cognovit
2691 1333 2837 1386 Deus
2874 1331 2971 1402 qui
3016 1333 3150 1385 sunt
3192 1330 3335 1401 ejus,
3380 1334 3438 1384 et
3484 1330 3722 1385 discedet
3757 1332 3816 1384 ab

2210 1428 2364 1482 omni
2395 1427 2695 1497 iniquitate
2724 1425 2910 1480 omnis
2936 1424 3036 1496 qui
3065 1425 3328 1479 nominat
3356 1440 3569 1479 nomen
3600 1425 3816 1478 Domini.

2210 1524 2271 1577 In
2304 1537 2513 1590 magna
2541 1525 2732 1575 autem
2762 1520 2936 1574 domo
2977 1536 3094 1574 non
3135 1519 3320 1574 solum
3351 1524 3489 1572 sunt
3516 1534 3646 1573 vasa
3671 1536 3819 1573 aurea

2209 1622 2264 1670 et
2305 1618 2596 1686 argentea,
2639 1614 2740 1668 sed
2783 1618 2838 1668 et
2873 1612 3071 1684 lignea
3115 1617 3171 1667 et
3219 1612 3434 1678 fictilia,
3481 1617 3539 1667 et
3580 1611 3813 1683 qumdam

2210 1704 2528 1780 quidemin
2572 1709 2870 1774 honorem,
2905 1706 3170 1778 quaedam
3213 1709 3410 1761 autem
3452 1707 3509 1761 in
3550 1710 3818 1760 contume-

2211 1804 2368 1858 liam.
2402 1803 2458 1857 Si
2501 1802 2626 1874 quis
2659 1817 2797 1872 ergo
2838 1799 3236 1855 emendaverit
3265 1801 3333 1870 (9)
3378 1817 3437 1855 se
3476 1799 3546 1854 ab
3578 1800 3707 1867 istis,
3734 1801 3823 1854 erit

2209 1915 2307 1952 vas
2340 1897 2396 1951 in
2441 1897 2723 1951 honorem
2764 1893 3195 1962 sanctiﬁcatum,
3224 1901 3280 1948 et
3310 1895 3450 1948 utile
3493 1893 3720 1948 Domino
3762 1894 3818 1946 ad

2209 2008 2378 2046 omne
2410 1991 2627 2045 bonum
2669 2007 2812 2060 opus
2843 1993 3127 2060 paratum.
3160 1989 3443 2043 Juvenilia
3485 1991 3668 2042 autem
3704 1987 3822 2040 desi-

2210 2086 2364 2141 deria
2395 2086 2551 2155 fuge.
2581 2084 2808 2139 Sectare
2847 2099 2982 2137 vero
3016 2082 3324 2152 justitiam,
3369 2081 3567 2148 fidem,
3599 2081 3818 2134 Charita-

2209 2187 2347 2246 tem,
2393 2195 2592 2250 pacem
2644 2194 2775 2232 cum
2823 2177 2910 2231 his
2960 2176 3057 2247 qui
3104 2177 3368 2230 invocant
3423 2177 3719 2230 Dominum
3760 2175 3817 2227 de

2209 2274 2378 2328 corde
2410 2289 2576 2344 puro.
2611 2272 2823 2326 Stultas
2865 2277 3078 2336 aute'n,
3110 2275 3168 2324 et
3203 2270 3325 2323 sine
3369 2268 3665 2339 disciplina
3691 2285 3820 2339 qam-

2210 2368 2420 2422 stiones
2447 2366 2654 2433 devita,
2692 2366 2876 2419 sciens
2917 2365 3050 2435 quia
3091 2369 3376 2434 generant
3422 2364 3566 2418 lites.
3607 2364 3816 2417 Servum

2211 2467 2400 2516 autem
2430 2460 2654 2516 Domini
2684 2476 2800 2513 non
2829 2463 3053 2529 oportet
3078 2457 3326 2529 litigare,
3357 2458 3454 2512 sed
3484 2461 3817 2512 mansuetum

2208 2573 2352 2621 esse,
2385 2555 2451 2609 ad
2483 2569 2684 2608 omnes
2720 2551 3040 2618 docibilem,
3073 2552 3416 2622 patientem,
3450 2543 3578 2605 cum
3613 2549 3814 2604 modes-

2209 2648 2281 2701 tia
2323 2647 2727 2718 corripientem
2761 2663 2858 2700 eos
2895 2645 2992 2716 qui
3029 2645 3319 2710 resistunt,
3355 2662 3427 2700 ne
3470 2645 3689 2716 quando
3734 2643 3816 2696 det

2207 2742 2314 2796 illis
2347 2743 2492 2795 Deus
2520 2739 2908 2812 pmnitentiam
2939 2739 3008 2794 ad
3037 2739 3500 2810 cognoscendam
3521 2738 3815 2800 veritatem,

2209 2843 2262 2890 et
2293 2835 2630 2905 resipiscant
2662 2834 2732 2888 de
2767 2833 2976 2888 diaboli
3004 2835 3240 2905 laqueis,
3269 2850 3301 2886 a
3328 2850 3444 2904 quo
3472 2833 3618 2902 capti
3651 2837 3817 2886 tenen-

2209 2933 2320 2994 tur,
2351 2929 2421 2982 ad
2457 2928 2631 2998 ipsius
2660 2928 3039 2981 voluntatem.
3069 2949 3096 2976 ››

2278 3024 2416 3076 Item
2449 3022 2506 3076 in
2549 3021 2878 3092 Apocalypsi
2922 3023 2999 3090 (ιι,
3035 3020 3087 3089 5)
3128 3038 3141 3074 :
3179 3043 3204 3069 ‹‹
3238 3021 3528 3074 Memento
3571 3019 3710 3074 unde
3737 3035 3812 3072 cc-

479 3132 593 3172 non
626 3119 868 3185 egerunt
895 3113 1286 3184 paenitentiam
1318 3130 1486 3184 super
1513 3129 1640 3184 qua
1677 3116 1976 3183 gesserunt
2003 3113 2183 3221 for-C
2209 3116 2434 3184 cideris,
2484 3121 2539 3169 et
2583 3132 2690 3187 age
2740 3115 3126 3186 paenitentiam
3167 3132 3180 3169 :
3221 3115 3304 3169 sin
3354 3121 3576 3183 autem,
3619 3114 3815 3168 veniam

480 3211 822 3266 nicationem
855 3210 913 3262 et.
938 3208 1374 3278 impudicitiam.
1409 3229 1436 3255 ››

551 3305 692 3358 Item
728 3302 839 3356 illic
872 3304 1002 3371 (xm,
1031 3299 1086 3371 2)
1119 3318 1130 3354 :
1166 3323 1192 3349 α
1224 3299 1458 3355 Praedixi
1493 3305 1547 3355 et
1585 3300 1828 3372 pra‘dico
1874 3305 1933 3354 ut
1971 3317 2112 3371 prai-

543 3489 610 3552 (8)
645 3487 928 3550 Benedicti,
960 3488 1067 3538 nisi
1098 3487 1356 3537 fallimur.

2213 3211 2313 3266 tibi
2343 3211 2473 3279 cito,
2507 3213 2563 3266 et
2593 3209 2996 3264 candelabrum
3023 3209 3091 3264 de
3121 3209 3240 3264 loco
3269 3226 3372 3264 suo
3402 3209 3657 3265 movebo.
3688 3229 3712 3259 υ

544 3565 614 3626 (9)
642 3562 894 3627 Vulgata,
926 3575 1092 3625 quam
1132 3561 1432 3624 caeteroqui
1474 3561 1726 3624 sequitur
1756 3559 1864 3611 hoc
1901 3561 1954 3610 in
1988 3560 2110 3612 loco
2211 3561 2586 3623 amanuensis,
2623 3558 2792 3611 habet
2823 3558 3231 3610 manducent.

899 3910 999 3974 DE
1041 3911 1323 3976 TI'I‘ULO
1368 3911 1466 3975 AC
1512 3905 1728 3975 ΜΕΤΑ
1775 3908 1920 3977 SEU
1967 3911 2454 3980 ARGUMENTO
2503 3911 2964 3978 SUPERIORIS
3010 3909 3412 3978 OPUSCULI.

1020 4080 1237 4134 CAPUT
1280 4081 1537 4136 PRIMUM
1549 4123 1561 4135 .

552 4176 588 4236 I.
617 4180 894 4244 Quoniam
928 4175 1165 4232 invaluit
1192 4196 1336 4245 mos,
1371 4185 1432 4232 ut
1459 4180 1554 4250 qui
1587 4196 1738 4234 nunc
1766 4180 2107 4251 evulgantur

480 4279 732 4328 Veterum
767 4273 895 4327 libri
926 4274 995 4326 ab
1027 4289 1093 4326 eo
1125 4273 1498 4341 illustrantur,
1531 4274 1626 4343 qui
1663 4273 1787 4327 illos
1817 4275 1876 4328 in
1918 4274 2105 4328 lucem

479 4369 613 4436 edit,
655 4367 1057 4421 consuetudini
1096 4368 1397 4438 obsequor,
1437 4383 1501 4420 ac
1543 4367 1727 4438 primo
1767 4367 1999 4438 quidem
2039 4368 2107 4423 de

479 4461 641 4516 titulo
688 4461 990 4530 superioris
1033 4461 1304 4531 opusculi,
1347 4460 1530 4531 deque
1575 4466 1918 4532 argumento
1954 4461 2106 4532 quod

2205 4082 2303 4154 qui
2336 4081 2510 4135 libros
2549 4079 2921 4150 exscripscre,
2955 4077 2998 4130 si
3039 4077 3184 4130 forte
3225 4075 3402 4129 titulis
3443 4073 3727 4129 destitulos
3762 4070 3812 4124 li-

2207 4177 2338 4230 bros
2369 4177 2520 4246 ipsos
2552 4173 2870 4243 reperirent
2907 4171 3099 4225 titulos
3139 4187 3205 4223 ex
3246 4169 3484 4239 ingenio
3530 4179 3807 4239 apponere,

2209 4286 2359 4342 saepe
2392 4269 2563 4324 etiam
2601 4270 2839 4335 veteres,
2872 4282 3012 4337 quos
3042 4265 3100 4318 hi
3131 4264 3369 4318 minime
3407 4261 3807 4334 approbassem,

2209 4363 2530 4429 immutare,
2573 4377 2860 4432 novosque
2903 4376 3002 4430 pro
3039 4359 3217 4413 lubito
3257 4357 3615 4411 substituere.
3656 4354 3810 4416 Quam

2211 4458 2281 4513 ob
2321 4473 2543 4511 causam
2581 4455 2717 4509 varii
2753 4455 3062 4510 admodum
3094 4458 3228 4506 sunt
3271 4452 3324 4504 in
3368 4450 3652 4505 codicibus
3682 4443 3809 4500 tituli

478 4555 534 4608 in
566 4571 630 4608 eo
673 4552 1033 4625 persequitur
1071 4554 1219 4607 illius
1265 4560 1483 4622 auctor,
1529 4554 1734 4624 dicam,
1769 4558 1888 4609 tum
1922 4552 2367 4630 eideleibris
2416 4549 2730 4623 pra'positi,
2782 4548 3066 4603 interdum
3116 4546 3288 4601 etiam
3342 4539 3722 4616 putridissimi,
3764 4541 3807 4591 et

479 4650 751 4719 Opusculo
781 4648 1177 4702 annotationes
1209 4649 1483 4720 quasdam
1527 4648 1864 4719 adjungam,
1901 4649 2105 4719 quibus

479 4759 542 4796 ea
573 4743 926 4812 explicentur
958 4743 1074 4796 loca
1111 4759 1237 4812 quae
1277 4743 1620 4796 subobscura
1670 4742 1952 4813 aliquibus
1988 4743 2105 4797 visa

477 4841 629 4904 sunt,
663 4843 717 4890 et
748 4854 829 4889 eze
869 4837 1140 4890 tollantur
1178 4837 1582 4903 dubitationes,
1625 4853 1752 4907 qua:
1790 4837 1846 4890 in
1876 4837 2104 4890 lectoris

477 4931 730 4984 animum
763 4931 1012 5001 irrepere
1039 4935 1283 5000 possent.

548 5027 612 5080 II.
656 5025 794 5078 Ecce
837 5027 1024 5078 autem
1057 5024 1115 5077 in
1153 5025 1316 5078 titulo
1347 5024 1488 5095 ipso,
1522 5024 1674 5096 quod
1711 5023 1979 5078 studiosis
2006 5041 2102 5079 co-

474 5116 663 5172 dicum
704 5117 933 5172 lectioni
972 5117 1210 5172 minime
1242 5118 1477 5173 assuetis
1517 5119 1811 5189 negotium
1843 5119 2100 5172 facessat.

476 5213 680 5267 Putare
711 5210 923 5266 scilicet
951 5212 1116 5266 facile
1146 5216 1438 5284 poterunt,
1474 5213 1642 5266 verba
1675 5213 1795 5266 haec
1837 5213 2104 5268 Exhorta-

478 5307 550 5360 tio
589 5305 653 5359 de
680 5307 1026 5368 Pcenitentiu,
1059 5309 1156 5359 aut
1195 5323 1227 5359 a
1255 5305 1534 5377 Cypriano
1575 5305 1691 5377 ipso
1733 5305 1900 5360 fuisse
1930 5323 2101 5377 opus-

475 5399 602 5454 culo
641 5417 674 5453 a
713 5415 770 5452 se
815 5398 966 5452 edito
1009 5399 1333 5470 prteposita,
1380 5405 1476 5454 aut
1519 5405 1668 5455 certe
1718 5401 1960 5455 multum
2009 5417 2098 5454 ve-

473 5492 699 5549 tustatis
753 5497 810 5547 et
864 5493 1209 5548 auctoritatis
1265 5493 1550 5548 habentia.
1608 5495 1749 5549 Tum
1804 5511 1937 5549 vero
2005 5511 2100 5550 eos

473 5593 650 5660 anget
677 5588 978 5644 verborum
1009 5588 1238 5644 illorum
1270 5589 1524 5662 syntaxis
1545 5589 1706 5644 valde
1731 5606 1763 5644 a
1789 5589 1983 5643 Latina
2009 5590 2104 5644 ab-

470 5685 730 5740 horrens.

545 5781 634 5835 III.
679 5782 750 5834 At
793 5778 1071 5835 levissima
1118 5785 1199 5835 est
1237 5781 1357 5834 haec
1391 5778 1718 5844 difficultas;
1753 5795 1912 5833 error
1947 5777 2100 5833 enim

469 5872 529 5933 in
568 5891 976 5932 amanuensem
1017 5881 1101 5932 est
1143 5873 1520 5948 rejiciendus;
1563 5889 1909 5929 consuevere
1947 5873 2099 5930 enim

2210 4646 2279 4701 ab
2309 4644 2551 4700 auctoris
2578 4649 2765 4698 mente
2796 4641 3182 4697 remotissimi.

2277 4741 2360 4793 IV.
2409 4739 2624 4793 Titulus
2669 4737 2859 4807 itaque
2907 4735 3082 4790 libelli
3128 4734 3296 4804 hujus
3335 4732 3383 4786 is
3430 4748 3549 4786 esse
3594 4727 3803 4789 videtur,

2209 4833 2305 4904 qui
2347 4832 2600 4903 proxime
2640 4831 2915 4902 sequitur,
2949 4829 3038 4882 hic
3071 4827 3324 4881 scilicet:
3362 4847 3384 4876 ι
3424 4827 3530 4880 Per
3565 4821 3805 4894 poeniten-

2207 4927 2345 4981 tiam
2384 4943 2545 4998 posse
2586 4925 2776 4979 omnia
2815 4927 3050 4994 peccata
3090 4922 3297 4975 dimitti
3327 4921 3375 4974 ei
3415 4920 3513 4992 qui
3545 4916 3614 4970 ad
3648 4916 3800 4968 Deum

2209 5025 2324 5075 toto
2350 5019 2521 5075 corde
2551 5033 2855 5073 conversus
2876 5017 2964 5072 sit.
2998 5038 3023 5066 η
3049 5017 3163 5070 Iloc
3187 5030 3391 5086 nempe
3420 5010 3796 5083 argumentum

2206 5113 2693 5186 pertractandum,
2740 5118 2796 5167 et
2837 5112 3258 5182 Scripturarum
3301 5105 3633 5162 auctoritate
3675 5112 3798 5152 com-

2205 5209 2564 5280 probandum
2610 5206 2859 5278 suscepit
2900 5206 3142 5276 scriptor
3182 5204 3305 5270 iste,
3347 5198 3596 5273 quisquis
3640 5195 3683 5248 is
3709 5195 3794 5244 est.

2206 5303 2263 5358 Id
2296 5320 2470 5374 porro
2515 5301 2721 5356 mirum
2773 5317 2886 5355 non
2933 5303 3017 5353 est
3044 5317 3057 5352 :
3089 5297 3300 5352 etenim
3349 5301 3408 5350 ut
3450 5295 3508 5348 in
3545 5286 3796 5361 Cypriane

2204 5398 2533 5462 consistam,
2577 5396 2792 5454 libello.
2836 5411 3006 5465 quem
3045 5394 3110 5447 de
3150 5391 3423 5446 Idolorum
3460 5388 3690 5443 vanitate
3724 5379 3794 5432 iu-

2204 5492 2450 5547 scribere
2499 5489 2917 5557 consuevimus,
2967 5505 3077 5542 non
3128 5484 3402 5541 absimilis
3445 5479 3632 5536 titulus
3674 5487 3796 5546 prie-

2202 5588 2347 5642 Iixus
2397 5590 2500 5652 est,
2789 5583 2879 5638 hic
2924 5582 3194 5636 nimirum
3237 5597 3249 5634 :
3305 5601 3331 5633 α
3368 5576 3518 5642 Quod
3554 5571 3690 5628 idola
3729 5563 3792 5619 dii

2204 5699 2318 5737 non
2361 5680 2492 5747 sint,
2540 5686 2595 5734 et
2641 5677 2794 5750 quod
2831 5694 2931 5750 per
2959 5676 3247 5731 Christum
3289 5674 3436 5728 salus
3468 5661 3791 5726 credentibus

2203 5777 2334 5832 data
2362 5779 2466 5830 est.
2498 5797 2525 5826 »
2555 5775 2664 5830 Nec
2695 5773 2852 5828 valde
2884 5771 3058 5828 distat
3094 5769 3311 5842 titulus,
3339 5767 3435 5844 qui
3463 5761 3613 5822 libris
3643 5753 3785 5814 Testi-

2202 5873 2501 5928 moniorum
2528 5867 2904 5944 praeponitur.
