4032 6180
206 220 309 277 869

1246 218 1641 275 SUPERIORIS
1678 218 2003 274 OPUSCULI
2044 220 2530 276 ARGUMENTUM.

3475 218 3578 277 870

285 352 343 403 ν.
376 353 445 405 At
480 350 645 420 hujus
678 350 831 404 modi
862 349 1075 415 titulus,
1108 348 1347 418 inquies,
1379 366 1494 402 non
1532 348 1842 402 admodum
1868 347 2150 432 Abimus,
2185 348 2479 418 redarguit
2506 365 2734 419 quoque
2783 349 3070 415 Pacianus,
3107 364 3275 419 quem
3310 349 3576 418 deinceps

202 443 481 513 congruit
516 460 646 496 cum
679 442 963 514 aliquibus
1006 441 1346 495 testimoniis
1383 457 1510 511 quae
1552 442 1607 493 in
1639 441 1842 494 eodem

202 538 403 591 libello
436 537 778 607 allegantnr,
810 539 865 589 et
895 536 1211 605 praesertim
1239 552 1365 588 cum
1402 538 1461 587 t2
1492 538 1549 587 et
1579 536 1667 587 43.
1694 536 1843 597 Qua-

201 648 367 696 nam,
423 631 677 694 obsecro,
726 630 943 684 ratione
1000 645 1200 682 eruere
1251 628 1463 698 poteris
1516 645 1527 681 :
1580 651 1603 675 ιι
1661 628 1841 681 Posui-

205 724 455 777 tentiam
485 724 695 777 dimitti
731 740 888 793 posse
930 729 1159 793 peccata
1185 722 1239 776 ei
1277 722 1372 792 qui
1413 721 1484 775 ad
1516 723 1696 774 Deum
1727 726 1843 775 toto

205 819 386 872 corde
436 817 801 885 convertitur,
851 839 876 866 n
927 834 991 870 ex
1045 833 1110 869 eo
1161 816 1311 887 quod
1359 837 1385 863 ‹‹
1437 815 1681 869 oblivisci
1732 831 1842 868 non

204 912 393 981 possit
418 928 623 981 sponsa
653 910 978 965 ornamenti
1017 910 1123 977 sui,
1163 926 1265 964 nec
1301 910 1461 980 virgo
1493 909 1680 962 {ascite
1711 926 1841 978 pec-

202 1006 408 1060 toralis
468 1021 582 1058 suae
637 1023 648 1057 :
702 1005 945 1075 populus
993 1019 1123 1057 vero
1174 1020 1277 1072 per
1330 1019 1513 1056 annos
1568 1002 1843 1071 plurimos

206 1099 422 1153 oblitus
461 1100 534 1151 sit
571 1098 705 1151 Dei?
739 1119 766 1147 »
808 1100 1017 1151 Rursus
1049 1113 1295 1166 quanam
1330 1096 1542 1150 ratione
1581 1095 1841 1150 eamdem

202 1191 416 1245 thesim
446 1192 701 1245 derivare
740 1191 954 1260 poteris
995 1206 1057 1243 ex
1088 1206 1156 1242 eo
1189 1206 1301 1259 quo
1334 1189 1455 1242 haec
1486 1188 1673 1242 tradat
1709 1204 1843 1258 apo-

202 1285 391 1339 stolus
443 1284 688 1337 Paulus?
737 1282 1035 1337 «Praedixi
1081 1288 1138 1335 et
1182 1282 1447 1352 prwdico,
1484 1288 1544 1335 ut
1590 1298 1841 1351 praesens

206 1380 406 1443 sedeo,
446 1383 500 1432 et
532 1377 737 1431 absens
774 1394 927 1431 nunc
955 1376 1022 1430 iis
1061 1376 1156 1447 qui
1185 1383 1313 1430 ante
1354 1380 1750 1445 peccaverunt,
1787 1380 1844 1428 et

203 1472 433 1525 caeteris
464 1472 746 1541 omnibus,
779 1471 915 1541 quia
943 1471 990 1523 si
1024 1486 1230 1524 venero
1258 1486 1373 1523 non
1406 1486 1653 1540 parcam.
1686 1491 1712 1517 »

282 1623 372 1675 Vl.
407 1621 565 1675 Haud
593 1620 729 1673 levis
760 1619 981 1673 videtur
1007 1635 1128 1673 esse
1167 1619 1283 1672 haec
1312 1617 1633 1683 difficultas.
1665 1634 1837 1687 quam

202 1721 407 1770 tamen
453 1715 616 1768 facile
656 1713 946 1782 dissolvas,

205 1808 551 1880 poenitentia
586 1809 801 1862 locutos
829 1808 1000 1860 fuisse
1026 1812 1245 1860 veteres
1275 1808 1465 1860 Patres
1503 1806 1598 1875 qui
1628 1806 1843 1858 remitti

206 1920 313 1973 per
347 1920 475 1956 eam
512 1918 675 1973 posse
720 1902 1031 1955 docuerunt
1062 1900 1329 1971 quaelibet
1359 1900 1621 1964 crimina,
1652 1899 1743 1952 sed
1773 1899 1842 1951 de

204 2014 271 2049 ea
316 2013 495 2066 quam
539 1995 800 2066 poscebat
840 1996 1103 2061 Ecclesia,
1153 1999 1366 2048 vetusta
1414 1992 1729 2063 disciplina,
1782 2010 1844 2045 ac

205 2090 625 2144 consuetudine
678 2088 907 2157 innixa;
951 2088 1026 2142 sic
1082 2091 1141 2141 ut
1196 2093 1309 2141 tres
1358 2104 1577 2141 errores
1628 2086 1842 2140 evitan-

206 2184 312 2237 dos
363 2185 662 2236 monerent
708 2199 719 2235 :
767 2199 894 2236 eum
939 2198 1109 2251 quem
1155 2179 1600 2234 Novatianorum
1644 2180 1842 2233 cruda-

206 2279 345 2331 litas
399 2284 456 2330 et
504 2276 817 2347 pervicacia
874 2275 1143 2329 adversus
1194 2275 1451 2328 Ecclesiae
1505 2277 1845 2343 potestatem

207 2375 504 2425 struxerat
537 2390 546 2423 :
589 2392 614 2418 ‹‹
644 2369 910 2423 Graviora
939 2370 1171 2439 peccata
1203 2368 1412 2420 dimitti
1442 2383 1602 2437 posse
1630 2383 1849 2437 negau-

212 2466 364 2518 tium
402 2481 413 2518 :
450 2484 476 2513 »
520 2480 647 2516 eum
692 2463 902 2533 pariter
948 2478 1119 2532 quem
1164 2461 1339 2514 nimia
1387 2460 1652 2513 severitas
1701 2477 1845 2513 non-

210 2559 507 2612 nullorum
562 2556 981 2611 Catholicorum
1033 2559 1279 2609 statuere
1329 2553 1615 2621 studebat,
1674 2556 1850 2607 faten-

210 2653 364 2706 tium
425 2651 639 2704 scilicet
701 2649 1053 2704 remissibilia
1132 2665 1251 2702 asse
1319 2648 1551 2719 quidem
1611 2647 1851 2701 crimina

212 2744 434 2816 quaevis
459 2762 470 2797 :
496 2744 827 2815 negantium
854 2750 1043 2797 tamen
1069 2742 1430 2795 tribuendam
1451 2742 1849 2795 remissionem

211 2848 267 2893 et
321 2838 547 2893 veniam
601 2840 657 2891 in
702 2844 929 2909 peccata
975 2836 1238 2907 graviora
1286 2836 1477 2906 lapsis,
1527 2852 1735 2906 eosque
1781 2836 1850 2888 ab

214 2933 469 2989 Ecclesia
502 2937 558 2986 et
585 2950 617 2985 a
644 2950 744 3002 spe
774 2932 953 2985 venire
980 2930 1419 3001 repellantium;
1450 2946 1579 2982 eum
1605 2929 1852 2999 denique

212 3044 392 3099 quem
438 3026 612 3080 nimia
653 3025 1012 3095 indulgentia
1052 3029 1110 3077 et
1149 3025 1358 3077 lenitas
1390 3023 1634 3077 aliorum
1682 3023 1850 3076 indu-

213 3139 351 3176 cere
379 3120 670 3188 studebat;
705 3119 1079 3174 admittebant
1112 3119 1169 3171 lii
1200 3134 1405 3187 nempe
1439 3118 1495 3170 in
1524 3117 1850 3184 Ecclesiam,

214 3214 683 3286 recipiebantque
727 3214 799 3267 ad
845 3213 1309 3266 communionem
1354 3213 1559 3282 lapsos,
1616 3212 1849 3279 nullam,

215 3315 321 3363 aut
352 3312 501 3362 certe
538 3307 879 3360 levissimam
914 3306 1309 3377 paenitentiam
1345 3306 1413 3359 ab
1441 3306 1507 3359 iis
1536 3322 1848 3376 exposcen-

217 3411 329 3467 tes,
376 3418 479 3455 uec
525 3419 651 3454 eam
692 3417 825 3455 sane
859 3417 1026 3471 quam
1069 3400 1442 3454 ecclesiastica
1476 3401 1851 3465 consuetudo,

216 3502 278 3550 at
346 3496 750 3566 sapientiorum
822 3495 1395 3565 pi'zestantiorumque
1458 3494 1853 3564 episcoporum

213 3590 538 3644 constantia
570 3590 929 3660 efflagitabat.

291 3735 407 3786 Vll.
449 3737 522 3787 Ac
563 3733 901 3789 Novatianos
946 3733 1215 3804 quidem,
1261 3735 1564 3803 postquam
1610 3732 1852 3787 schisma

214 3829 560 3898 conllarant,
592 3835 645 3882 et
685 3834 892 3882 sectam
936 3846 968 3882 a
1011 3828 1284 3882 catholica
1321 3827 1721 3882 communione
1764 3844 1849 3881 se-

207 3924 499 3993 junctam,
550 3923 804 3976 docuisse
854 3926 1083 3991 peccata
1130 3922 1395 3993 quaedam
1441 3920 1852 3975 irremissibilia

216 4033 363 4083 esse,
407 4016 721 4069 indubitata
755 4032 841 4069 res
883 4019 997 4082 est;
1042 4019 1097 4069 et
1125 4016 1276 4069 hunc
1309 4032 1445 4068 sane
1478 4031 1727 4069 errorem
1759 4015 1849 4067 in-

217 4111 375 4164 dicat
414 4109 750 4180 Cyprianus,
788 4108 947 4179 epist.
992 4126 1060 4163 Lll
1103 4110 1192 4180 (t).
1241 4110 1345 4163 Sed
1387 4109 1685 4163 manifesto
1721 4127 1851 4163 eum

223 4204 523 4272 redarguit
572 4207 768 4256 auctor
813 4203 988 4256 libelli
1018 4204 1093 4257 ad
1135 4205 1505 4258 Novatianum
1546 4205 1853 4257 haereticum

218 4296 488 4368 Cypriani
533 4296 781 4367 aequalis,
830 4313 899 4351 ex
947 4313 1060 4367 quo
1109 4314 1207 4350 nos
1246 4313 1394 4366 smpe
1436 4296 1611 4352 verba
1650 4297 1854 4366 allega-

285 4503 351 4564 (t)
384 4502 438 4550 P.
472 4501 578 4563 157,
612 4502 773 4565 cujus
806 4502 971 4551 verba
999 4504 1230 4552 consule
1256 4502 1322 4551 ad
1353 4502 1535 4551 locum
1564 4514 1679 4551 VIII.

292 4572 351 4631 (2,
405 4589 433 4619 ς
472 4573 543 4622 Et
572 4575 802 4637 quidem
850 4573 997 4636 apud
1049 4580 1426 4623 antecessores
1473 4578 1689 4623 nostros
1732 4574 1853 4636 qui-

220 4644 354 4693 dam
383 4643 450 4694 de
494 4648 769 4709 episcopis
801 4647 939 4707 istis,
974 4649 1029 4695 in
1061 4648 1347 4709 provincia
1381 4650 1589 4705 nostra,
1618 4646 1855 4694 dandam

217 4729 421 4779 pacem
461 4718 697 4767 moechis
727 4732 837 4768 non
878 4723 1229 4780 putaverunt,
1260 4722 1313 4767 et
1357 4719 1412 4766 in
1453 4722 1633 4767 totum
1668 4719 1859 4780 ι)ωηὶ-

221 4790 413 4837 tentias
439 4788 625 4839 locum
654 4794 844 4839 contra
886 4790 1153 4839 adulteria
1184 4792 1500 4839 clauserunt
1541 4789 1736 4851 (Epist.
1766 4802 1856 4848 Ln,

217 4872 349 4922 pag.
396 4861 520 4915 155).
564 4876 593 4907 »
642 4860 780 4910 Vide
827 4862 1040 4910 Baluzii
1074 4865 1260 4911 notam
1308 4863 1371 4910 59
1416 4865 1470 4910 et
1511 4860 1575 4908 62
1616 4862 1672 4908 in
1719 4859 1858 4922 Epi—

220 4931 425 4978 stolam
456 4930 619 4981 hanc.
662 4932 876 4981 Horum
917 4933 1290 4981 austeritatem
1333 4931 1619 4981 renovavit
1646 4931 1858 4978 Janua-

220 5002 342 5049 rius
374 5002 484 5054 ille.
518 5003 615 5066 qui
645 5003 986 5053 monachum
1026 5003 1325 5066 quemdam
1360 5003 1534 5065 stupri
1569 5015 1702 5052 cum
1742 5016 1859 5050 mo-

220 5072 361 5121 niali
408 5073 620 5137 virgine
663 5076 944 5125 commissi
992 5088 1167 5135 reum,
1219 5074 1285 5123 ad
1337 5074 1718 5137 paenitentiam
1756 5074 1863 5122 ad-

218 5144 447 5193 mittere
508 5145 743 5195 noluit:
803 5147 1166 5209 quamobrem
1241 5146 1612 5209 reprehensus
1692 5149 1773 5194 est
1833 5159 1863 5193 a

220 5216 511 5279 Bachirio,
548 5220 663 5267 viro
713 5219 1053 5279 doctissimo,
1088 5220 1181 5281 qui
1219 5218 1479 5266 eumdem
1524 5216 1862 5266 monachum

217 5288 293 5336 ad
326 5290 712 5351 pcenitantiam
744 5290 1128 5352 recipiendum
1169 5291 1406 5339 censuit.
1441 5289 1576 5337 Vide
1616 5302 1703 5351 op.
1751 5289 1863 5337 Ba-

217 5359 367 5409 chia.
402 5360 547 5410 edita
574 5361 905 5411 aFrancisco
933 5360 1132 5419 Florio,
1162 5375 1213 5423 p.
1253 5362 1329 5409 38.

290 5431 353 5492 (3)
398 5448 428 5480 (κ
472 5432 543 5481 Et
590 5432 714 5482 ideo
764 5433 989 5495 placuit,
1040 5432 1209 5481 frater
1257 5432 1603 5494 charissima,
1653 5430 1864 5480 exami-

218 5504 373 5553 natis
442 5505 625 5553 causis
682 5503 1050 5567 singulorum,
1116 5505 1445 5555 libellaticos
1492 5505 1714 5554 interim
1769 5503 1866 5552 ad-

220 5572 395 5624 mittit
453 5573 791 5625 Sacrificatis
827 5576 881 5624 in
923 5577 1077 5625 exitu
1122 5576 1503 5627 subveniri.....
1535 5577 1647 5627 Nec
1685 5580 1864 5639 putes,

218 5648 397 5695 frater
443 5646 785 5709 charissima,
832 5647 968 5698 hinc
1023 5654 1119 5699 aut
1168 5651 1429 5700 virtutem
1481 5650 1712 5700 fratrum
1765 5650 1867 5698 mi-

220 5718 343 5777 nui,
376 5722 471 5766 aut
516 5720 775 5784 martyria
832 5719 1093 5783 deﬁcere,
1142 5722 1293 5786 quod
1340 5721 1513 5784 lapsis
1566 5723 1749 5771 laxata
1798 5724 1869 5771 sit.

221 5790 571 5863 pauitantia,
602 5792 825 5857 etquod
859 5794 1257 5859 pmnitentibus
1283 5807 1408 5861 spes
1433 5795 1586 5860 pacis
1609 5794 1810 5850 oblata.
1842 5809 1870 5843 ›>

1946 441 2253 510 aliquando
2285 441 2605 495 citabimns.

2022 536 2153 588 Vlll.
2187 536 2380 603 Neque
2416 552 2547 588 vero
2576 542 2792 588 temere
2820 536 2952 601 dixi,
2984 536 3160 589 nimio
3194 536 3318 606 plus
3350 552 3575 589 severos

1949 628 2118 680 fuisse
2164 627 2429 697 Cypriani
2481 634 2643 682 aetate
2700 629 3021 692 nonnullos,
3070 630 3211 683 adeo
3258 629 3464 683 scilicet
3518 635 3577 681 nt

1946 720 2263 774 criminosis
2311 721 2531 774 veniam
2585 738 2815 791 prorsus
2866 721 3241 791 denegarent,
3295 726 3350 776 et
3402 723 3576 778 eccle-

1904 882 1909 891 ι
1946 814 2222 867 siasticam
2263 815 2724 869 communionem
2759 833 2768 867 :
2802 818 2998 868 contra
3030 814 3389 885 indulgentes
3432 816 3574 868 adeo

1946 908 2104 973 alios,
2153 910 2216 960 nt
2252 908 2552 961 sceleribus
2595 908 2943 978 gravissimis
2984 908 3232 977 pollutos
3277 909 3333 961 in
3382 910 3572 962 Ecele-

1946 1002 2087 1053 siam
2123 1001 2313 1055 statim
2352 1001 2691 1070 reciperent,
2724 1018 2912 1072 neque
2944 1000 3013 1054 ab
3046 1001 3111 1054 iis
3153 1002 3420 1055 salutares
3452 1001 3576 1053 illas

1943 1093 2334 1147 afﬂictationas
2377 1102 2767 1164 exposcerent,
2800 1111 2942 1165 quas
2992 1094 3240 1148 Ecclesia
3286 1099 3575 1148 statuerat.

1944 1186 2245 1256 Nimirum,
2281 1193 2344 1241 ut
2379 1204 2447 1241 ex
2485 1188 2751 1257 Cypriani
2790 1188 2946 1241 libris
2989 1188 3367 1257 asscquimur,
3399 1188 3575 1257 aliqui

1943 1281 2094 1351 quod
2130 1280 2249 1349 jam
2294 1281 2430 1347 dixi,
2476 1282 2727 1351 recipere
2770 1281 3039 1335 nolebant
3082 1298 3307 1351 prorsus
3347 1282 3415 1334 ad
3462 1298 3575 1351 pte-

1944 1374 2241 1427 nitentiam
2294 1375 2551 1443 gravium
2605 1374 2911 1428 criminum
2961 1391 3087 1427 reos
3140 1376 3231 1444 (2),
3280 1390 3463 1444 neque
3516 1375 3575 1428 in

1945 1467 2247 1521 Ecclesiam
2286 1467 2606 1534 admittere,
2650 1466 2846 1539 838
2889 1468 2985 1538 qui
3019 1468 3088 1521 ab
3128 1484 3194 1521 ea
3231 1468 3344 1521 sive
3391 1468 3573 1521 schis-

1945 1564 2120 1626 mate,
2152 1561 2266 1614 sive
2310 1577 2414 1631 per
2443 1560 2681 1629 libellos,
2714 1561 2825 1613 sive
2858 1561 2965 1613 alia
3006 1561 3217 1614 ratione
3259 1561 3569 1631 aliquando

1942 1655 2268 1709 defecerant
2314 1654 2408 1725 (3).
2461 1654 2566 1708 Alii
2594 1659 2787 1707 contra
2812 1654 3077 1708 facillime
3117 1654 3175 1708 in
3216 1655 3336 1725 ipso
3383 1670 3575 1725 perse-

989 1730 1035 1767 ³¹
1072 1713 1487 1818 alim”??me
1533 1712 1600 1814 di?
1643 1729 2185 1818 qua,‘i’chutionis
2226 1748 2444 1802 fervore
2493 1751 2627 1801 ante
2674 1748 3071 1818 paenitentiam
3122 1753 3400 1817 peractam
3450 1750 3571 1801 sine

1946 1840 2195 1911 episcopi
2244 1856 2521 1894 consensu
2568 1841 2637 1893 ad
2692 1848 3172 1894 sacramentorum
3227 1842 3576 1894 communio-

1945 1951 2077 1988 nem
2109 1935 2292 2004 lapsos
2323 1934 2697 1989 admittebant
2725 1934 2823 2004 (4).
2857 1934 2995 1987 Hinc
3033 1936 3316 1999 nonnulli,
3350 1933 3577 1987 tametsi

1948 2028 2105 2081 valde
2147 2028 2411 2097 gravibus
2453 2027 2790 2081 criminibus
2838 2028 3055 2097 polluti,
3103 2028 3243 2080 adeo
3290 2032 3574 2099 prompte,

1946 2122 2108 2175 facile
2138 2122 2277 2175 adeo
2305 2122 2411 2175 sibi
2438 2121 2727 2191 indulgeri
2760 2121 3041 2187 volebant,
3073 2126 3133 2175 ut
3156 2121 3348 2174 statim
3378 2125 3435 2173 at
3461 2121 3579 2174 sine

1948 2216 2061 2267 ulla
2110 2215 2384 2268 canonica
2433 2215 2763 2284 poenitentia
2810 2216 3001 2284 (longe
3046 2215 3211 2267 aliter
3250 2231 3311 2267 ac
3362 2220 3581 2267 veteres

1949 2325 2195 2363 canones
2248 2316 2304 2363 et
2354 2309 2704 2362 consuetudo
2751 2308 3129 2362 ecclesiastica
3182 2308 3579 2378 prazciparent)

1951 2402 2056 2455 sibi
2100 2402 2312 2456 remitti
2368 2406 2665 2471 poscerent
2712 2417 3072 2471 quaecunque
3120 2404 3447 2471 peccassent
3489 2418 3583 2453 an-

1952 2503 2057 2563 tea,
2088 2511 2160 2548 ne
2190 2495 2312 2565 ipso
2345 2494 2576 2564 quidem
2606 2498 2841 2563 excepto
2872 2494 3195 2547 schismatis
3222 2500 3393 2564 atque
3424 2510 3588 2564 apos-

1951 2589 2107 2642 tasise
2134 2588 2387 2642 crimine.
2422 2588 2649 2642 Veniam
2680 2593 2869 2641 autem
2898 2590 2963 2641 ut
2993 2588 3318 2657 promptius
3347 2587 3581 2641 certius-

1952 2698 2061 2753 que
2098 2683 2493 2752 impetrarent,
2527 2682 2596 2734 ad
2639 2681 2990 2734 confessores
3029 2697 3093 2734 ac
3134 2684 3416 2751 martyres
3446 2695 3580 2733 cons

1952 2776 2268 2845 fugiebant,
2305 2779 2365 2827 ut
2396 2774 2878 2828 commendatitiis
2912 2790 3111 2828 eorum
3150 2774 3372 2842 litteris,
3404 2770 3585 2826 veluti

1954 2869 2202 2923 subsidio
2244 2868 2493 2939 quodam
2527 2872 2600 2935 et,
2636 2868 2681 2921 si
2716 2868 2872 2937 loqui
2900 2868 2981 2921 ita
3018 2869 3299 2933 volumus,
3331 2888 3360 2914 «
3399 2867 3585 2937 pumi-

1957 2964 2147 3016 tentiae
2175 2962 2242 3015 iis
2272 2962 2482 3015 debitze
2513 2962 2955 3031 supplemento»
2982 2961 3043 3015 in
3070 2960 3329 3014 tidelium
3353 2966 3585 3029 acetum,

1958 3061 2128 3126 atque
2188 3055 2617 3109 ecclesiasticam
2674 3054 3143 3109 communionem
3210 3053 3583 3109 admitteren-

1875 3119 1929 3192 Ο
1958 3157 2048 3204 tur
2094 3152 2184 3219 (ὅ).
2235 3148 2400 3212 Quod
2446 3150 2491 3202 si
2537 3149 2789 3219 episcopi
2837 3166 2950 3203 non
3000 3165 3097 3203 eos
3142 3148 3402 3219 protinus
3445 3145 3585 3201 raci-

1955 3244 2208 3314 piabant,
2242 3243 2738 3314 exposcebantque
2771 3248 2831 3297 ut
2859 3244 3091 3297 vetustis
3122 3241 3471 3312 paenitentia:
3502 3241 3585 3295 le-

1955 3338 2118 3408 gibus
2163 3354 2221 3390 se
2264 3338 2602 3405 subderent,
2650 3337 2720 3391 ad
2760 3341 2983 3391 tantam
3027 3336 3335 3408 aliquando
3384 3351 3586 3406 perve-

1954 3432 2189 3485 niebant
2208 3432 2587 3502 postulatores
2610 3431 2702 3484 isti
2718 3431 3123 3499 temeritatem,
3151 3435 3211 3483 ut
3232 3430 3590 3483 minarentur

1955 3526 2180 3580 easdem
2231 3526 2447 3580 litteras
2494 3542 2550 3578 se
2602 3526 2846 3579 lecturos
2901 3542 3086 3579 coram
3139 3525 3348 3595 populo
3395 3541 3428 3578 a
3476 3539 3589 3594 quo

1955 3636 2077 3674 eam
2111 3620 2578 3673 communionem
2621 3636 2685 3673 ac
2724 3619 2968 3687 veniam,
3008 3635 3151 3688 quas
3190 3622 3390 3689 sponte
3436 3618 3585 3688 cpis-

1955 3714 2079 3784 copi
2114 3714 2415 3785 impartire
2459 3715 2785 3781 noluerant,
2818 3713 2977 3766 facile
3012 3715 3451 3782 assequerentur
3494 3712 3590 3781 (ὅ).

1957 3809 2128 3879 Hujus
2180 3809 2264 3862 rei
2322 3809 2464 3861 adeo
2518 3807 2821 3860 manifesta
2876 3805 3158 3859 habemus
3224 3806 3485 3874 exempla
3532 3805 3591 3857 in

1957 3902 2435 3973 quinquagesima
2477 3901 2679 3970 quinta
2717 3898 2985 3969 Cypriani
3024 3898 3278 3968 epistola,
3314 3903 3377 3950 ut
3419 3898 3485 3951 de
3528 3916 3591 3949 (Μ

1955 3996 2209 4049 dubitare
2256 3996 2449 4065 utique
2487 4010 2601 4048 non
2643 3994 2947 4064 possimus.
2989 3992 3186 4061 Aliqua
3228 3994 3445 4056 tamen,
3475 3990 3588 4044 for-

1957 4099 2100 4143 tassc
2154 4089 2415 4159 potiora,
2464 4088 2722 4156 eiusdem
2776 4086 3030 4158 epistolae
3086 4086 3201 4139 loca
3252 4084 3308 4137 in
3366 4084 3593 4155 pagina:

1957 4185 2104 4238 calce
2159 4182 2380 4251 indico;
2437 4182 2546 4237 alia
2600 4199 2705 4254 per
2754 4198 2811 4237 se
2863 4182 2982 4252 ipse
3039 4180 3335 4235 consulere
3388 4177 3595 4250 poterit

1954 4280 2134 4332 lector
2167 4278 2266 4347 (7).

1880 4485 2154 4566 D(Epist.
2204 4484 2284 4544 5:2,
2323 4483 2408 4566 ait
2453 4484 2828 4566 Antoniunum,
2891 4480 2958 4530 de
3014 4477 3270 4528 Cornelio
3320 4480 3375 4525 et
3416 4472 3599 4525 Nova-

1962 4563 2128 4617 tiano,
2165 4570 2286 4619 pag.
2317 4556 2409 4604 153
2439 4560 2492 4604 et.
2524 4556 2651 4612 154.)

2023 4631 2086 4690 (ι)
2140 4618 2269 4676 Vide
2314 4630 2470 4689 epist.
2511 4628 2558 4685 9,
2610 4638 2729 4688 pag.
2778 4625 2858 4685 47,
2901 4627 2957 4672 et
3003 4622 3160 4683 epist.
3216 4620 3293 4680 12,
3344 4632 3465 4681 pag.

1959 4700 2031 4749 Et
2073 4688 2273 4747 rursus
2322 4688 2481 4761 epist.
2522 4697 2603 4758 52,
2651 4710 2773 4759 pag.
2815 4696 2944 4745 14οε
2982 4710 3011 4741 «
3058 4693 3313 4754 Denique
3365 4703 3497 4739 cum
3528 4688 3597 4738 de

1962 4770 2301 4836 quibusdam
2334 4771 2404 4819 ad
2434 4783 2522 4819 me
2551 4768 2856 4832 presbyteri
2885 4770 2938 4816 at
2968 4766 3190 4815 diaconi
3228 4764 3597 4836 scripsissent,

1962 4834 2057 4894 eos
2088 4842 2481 4893 immoderatos
2507 4854 2646 4903 esse,
2672 4845 2727 4890 et
2755 4840 2825 4889 ad
2852 4838 3420 4889 communicationem
3448 4834 3597 4883 acci-

1962 4916 2222 4977 piendam
2247 4914 2575 4963 festinanter
2600 4925 2813 4975 urgere,
2846 4917 2952 4960 etc.
2986 4926 3015 4956 »

2027 4989 2088 5050 (ὅ)
2135 4987 2196 5035 Id
2242 4986 2589 5048 apertissime
2638 4973 2869 5033 traditur
2915 4984 2971 5031 in
3026 4981 3186 5044 epist.
3223 4980 3285 5031 55
3336 4973 3603 5040 Cypriani

1964 5060 2033 5109 ad
2067 5058 2387 5109 Cornelium
2432 5058 2541 5107 illis
2584 5059 2892 5121 praesertim
2945 5054 3127 5104 verbis
3162 5067 3171 5098 :
3214 5070 3240 5097 «
3293 5051 3401 5101 Sed
3451 5050 3602 5097 enim

1965 5132 2109 5181 lecta
2144 5132 2252 5179 alia
2294 5135 2389 5178 tua
2435 5130 2687 5191 epistola,
2738 5132 2919 5187 frater,
2965 5138 3133 5189 quam
3169 5123 3364 5187 primis
3406 5121 3603 5169 litteris

1966 5202 2325 5266 subjunxisti,
2370 5205 2503 5249 satis
2550 5203 2779 5249 miratus
2820 5212 2964 5258 sum,
2998 5210 3126 5247 cum
3175 5192 3603 5266 animadvertis—

1967 5264 2085 5325 sem
2110 5276 2165 5323 te
2194 5274 2359 5321 minis
2402 5276 2567 5334 atque
2607 5272 2924 5331 terroribus,
2961 5281 3151 5319 eorum
3183 5266 3279 5329 qui
3314 5264 3600 5321 venerant,

1966 5348 2317 5410 aliquantum
2368 5359 2489 5395 esse
2544 5348 2902 5403 commotum,
2962 5355 3090 5390 cum
3152 5344 3237 5399 te,
3289 5335 3602 5410 secundum

1968 5409 2115 5483 quod
2150 5418 2443 5481 scripsisti,
2470 5418 2713 5481 aggressi
2744 5420 2948 5474 essent,
2977 5427 3110 5464 cum
3149 5425 3367 5461 summa
3404 5409 3600 5483 despe-

1968 5480 2182 5540 ratione
2217 5480 2623 5539 cOmminantes
2663 5488 2829 5551 quod,
2867 5489 2913 5535 si
2961 5487 3174 5535 litteras
3221 5496 3357 5546 quas
3403 5480 3601 5551 attule-

1970 5566 2102 5613 runt
2133 5575 2245 5611 non
2275 5562 2606 5624 accepisses,
2634 5550 2860 5624 publice
2880 5570 2975 5607 eas
3005 5558 3319 5615 recitarent,
3347 5555 3401 5602 et
3427 5550 3603 5599 multa

1969 5637 2169 5701 turpia,
2197 5650 2260 5686 ac
2288 5635 2573 5700 probrosa,
2602 5638 2657 5684 et
2676 5648 2770 5685 ore
2796 5647 2899 5683 suo
2930 5632 3096 5696 digna
3124 5628 3446 5694 proferrent.
3482 5641 3508 5669 »

2033 5712 2102 5774 (ϐ)
2134 5708 2272 5759 Vide
2301 5707 2645 5771 superiorem
2675 5705 3109 5757 annotationem.

2056 5771 2099 5835 7i
2134 5800 2160 5829 (ι
2203 5779 2312 5833 Sed
2348 5783 2494 5836 enim
2529 5780 2691 5831 lecta.
2725 5785 2828 5834 etc.
2868 5798 2895 5826 »
2927 5776 3129 5830 Recole
3168 5771 3479 5839 superiores
3508 5782 3600 5820 ειη-
