4032 6180
493 235 591 290 871

1205 226 1292 286 AD
1329 221 1550 286 OPEl‘tA
1590 229 1642 283 S.
1683 223 1998 284 CYPRIANI
2043 220 2337 282 GENUINA
2384 223 2667 278 APPEND.
2715 215 2757 274 l.
2798 251 2864 261 —
2898 216 3121 277 DUBlA.
3710 231 3795 285 872

565 349 758 424 839
835 350 1150 418 Utrumque
1215 363 1387 417 porro
1460 345 1746 416 displicuit
1810 345 2124 415 Cypriano,
2149 341 2454 427 Acebant,
2505 344 2568 394 ut
2626 338 2958 394 criminibus
3009 338 3283 392 obnoxios
3348 338 3462 392 sine
3512 342 3798 410 poenitentia

493 447 650 516 cujus
700 441 1041 497 sententiam
1089 446 1142 496 ct
1195 441 1444 510 amplexi
1494 443 1628 494 sunt
1675 440 1937 509 plerique
1983 439 2119 492 dum

491 539 672 593 adhuc
700 537 913 591 viveret
953 534 1050 606 (8),
1087 539 1145 588 et
1175 536 1347 588 secuti
1381 535 1545 587 fuere
1583 539 1773 604 postea
1807 532 1918 598 alii,
1954 536 2123 601 atque

493 631 772 702 imprimis
819 629 1110 694 Pacianus,
1146 644 1294 699 saepe
1337 627 1683 698 Cyprianum
1729 625 2019 696 allegans;
2069 630 2123 677 et

495 725 739 778 nimiam
783 724 1013 794 quidem
1058 721 1389 776 facilitatem
1430 722 1802 776 vehementer
1833 719 2123 788 redarguit

492 819 824 889 Cyprianus,
868 822 991 871 tum
1032 816 1156 870 aliis
1199 815 1254 869 in
1301 814 1457 882 locis,
1509 821 1632 868 tum
1672 818 1820 866 certe
1870 812 1926 865 in
1974 811 2121 881 epis-

494 914 605 967 tola
646 929 730 978 Lv,
787 912 846 964 in
895 927 1010 981 qua
1059 926 1187 962 cum
1239 909 1348 962 alia
1399 909 1595 974 multa,
1645 913 1768 961 tum
1814 906 1933 959 haec
1988 921 2125 958 sane

493 1006 654 1061 valde
692 1005 870 1058 multa
900 1009 1029 1058 sunt
1066 1019 1193 1074 quae
1229 1003 1496 1073 legantur
1525 1019 1537 1054 :
1574 1021 1599 1048 «
1633 1002 1826 1070 Neque
1856 999 2010 1052 enim
2049 998 2126 1052 sic

495 1099 816 1170 putramiua
845 1097 1110 1168 quaedam
1141 1095 1461 1166 colligenda
1487 1098 1638 1161 sunt,
1661 1097 1723 1148 nt
1748 1109 1877 1164 quae
1900 1093 2127 1162 integra

494 1197 550 1246 et
585 1209 724 1246 sana
761 1197 909 1258 sunt,
949 1192 1351 1255 vulnerentur;
1383 1205 1487 1242 nec
1530 1187 1677 1242 utilis
1713 1191 1811 1242 aut
1839 1187 2126 1240 consultus

496 1293 580 1340 est
608 1291 800 1357 pastor
828 1286 925 1356 qui
956 1286 1033 1338 ita
1067 1283 1360 1338 morbidas
1393 1290 1449 1336 et
1481 1288 1766 1336 contactas
1807 1297 1936 1335 oves
1969 1279 2128 1351 gregi

497 1381 790 1448 admiscet,
827 1385 887 1432 ut
917 1394 1158 1448 gregem
1191 1380 1370 1430 totum
1416 1376 1544 1429 mali
1588 1375 1922 1429 cohmreutis
1950 1374 2124 1428 afﬂic-

495 1475 706 1528 tatione
736 1471 1109 1526 contaminet.
1136 1475 1259 1526 Non
1287 1471 1546 1524 attendas
1575 1470 1647 1523 ad
1676 1485 1979 1524 numerum
2009 1469 2128 1523 illo-

495 1584 620 1620 rum
653 1584 664 1619 :
702 1587 729 1614 ‹‹
763 1566 961 1620 Melior
990 1569 1075 1619 est
1109 1566 1261 1619 enim
1302 1582 1444 1619 unus
1476 1564 1680 1619 timens
1722 1565 1922 1631 Deum,
1957 1579 2126 1633 quam

493 1661 646 1714 mille
677 1659 777 1714 filii
820 1659 982 1730 impii
1027 1661 1240 1730 (Eccli..
1284 1676 1390 1727 xvr,
1435 1659 1505 1728 3),
1547 1677 1572 1710 ii
1616 1657 1760 1712 sicut
1788 1658 2008 1711 locutus
2048 1661 2130 1710 est

2228 435 2467 490 Ecclesia
2517 435 2575 488 in
2622 434 2813 487 sinum
2857 432 3141 503 reciperet
3180 448 3191 484 :
3239 454 3265 480 ‹‹
3316 431 3536 487 Veniam
3577 441 3798 507 peccatis,

2224 546 2351 600 quae
2380 529 2437 582 in
2473 528 2658 598 ipsum
2690 526 2992 581 commissa
3021 528 3174 592 sunt,
3208 525 3360 579 solus
3390 531 3560 597 potest
3597 529 3682 584 ille
3709 532 3802 585 lar-

2225 623 2357 692 giri,
2390 623 2484 693 qui
2518 626 2740 692 peccata
2767 626 2955 675 nostra
2985 619 3246 691 portavit,
3277 627 3380 675 etc.
3412 642 3438 670 ››

2297 716 2440 769 Alibi
2486 733 2618 770 vero
2665 714 2894 770 eosdem
2946 718 3224 785 martyres
3269 718 3325 768 et
3367 716 3688 772 confessores
3727 737 3805 774 ve-

2227 811 2528 864 hementer
2565 813 2686 864 orat
2721 815 2784 863 ut
2813 809 3096 863 cautiores
3137 807 3250 862 sint
3286 808 3341 861 in
3372 813 3803 871 commendatitiis

2227 903 2427 957 litteris
2462 901 2843 957 concedendis
2883 902 2978 972 (9);
3011 901 3101 956 his
3135 902 3288 957 enim
3324 902 3684 960 abutebantur
3711 926 3803 963 non

2226 997 2388 1067 pauci
2436 996 2772 1051 immanium
2816 996 3121 1049 criminum
3169 996 3275 1063 rei,
3328 1000 3392 1050 ut
3431 998 3486 1051 in
3535 1000 3804 1057 Ecclesiam

2228 1091 2348 1145 sine
2380 1090 2714 1160 poenitentia
2743 1089 3154 1160 reciperentur.

2300 1185 2381 1238 lx.
2429 1185 2666 1239 Summa
2710 1183 2980 1238 severitas
3017 1199 3243 1255 quoque
3280 1184 3358 1238 illi
3399 1186 3682 1256 displicuit,
3719 1205 3810 1259 qua

2227 1277 2500 1332 nimirum
2550 1280 2608 1333 in
2655 1277 3116 1348 desperationem
3163 1277 3372 1332 adduci
3419 1280 3573 1332 facile
3617 1289 3813 1350 possent

2229 1371 2326 1442 qui
2377 1373 2434 1425 in
2480 1373 2720 1426 crimina
2764 1371 3011 1442 prolapsi
3058 1372 3304 1441 fuerant,
3355 1379 3412 1427 et
3458 1374 3512 1426 in
3557 1374 3810 1444 impietate

2228 1467 2552 1535 perstitere.
2596 1465 2826 1520 Censuit
2857 1466 3050 1536 itaque
3089 1465 3524 1536 temperandam
3562 1483 3669 1521 esse
3694 1469 3813 1522 leni-

2230 1563 2343 1613 tate
2382 1560 2757 1625 severitatem,
2795 1565 2858 1614 ut
2897 1560 3115 1614 nemini
3148 1560 3496 1630 paenitentiae
3525 1561 3666 1616 locus
3695 1580 3815 1632 prie

2231 1653 2579 1720 cluderetur,
2611 1653 2852 1724 ideoque
2893 1653 3070 1724 recipi
3109 1653 3339 1723 quidem
3373 1659 3602 1724 possent
3630 1671 3816 1718 omnes,

493 1754 766 1809 Dominus
799 1769 899 1823 per
938 1754 1285 1823 PrOphetam
1331 1753 1562 1806 dicens:
1600 1770 1627 1802 ι(
1666 1751 1789 1817 Fili,
1820 1767 1892 1804 ne
1918 1751 2123 1820 jucnn-
2148 1745 2204 1814 B
2232 1747 2456 1800 tametsi
2506 1751 2672 1800 antea
2725 1746 3011 1800 atrocibus
3055 1747 3398 1801 criminibus
3439 1748 3646 1818 polluti,
3679 1750 3818 1802 duui-

495 1848 646 1902 deris
678 1847 735 1900 in
767 1847 893 1900 filiis
931 1847 1120 1916 impiis
1153 1847 1196 1900 si
1228 1845 1673 1916 multiplicentur
1698 1844 1820 1912 tibi,
1848 1861 1976 1898 cum
2009 1861 2125 1898 non

493 1941 667 1995 fuerit
685 1941 859 1994 timor
886 1939 984 1994 Dei
1008 1939 1068 1993 in
1097 1939 1436 2011 ipsis(lbid.,
1463 1943 1569 2006 1).»
1590 1939 1632 1992 Ο
1655 1938 1700 1991 si
1726 1954 1928 2009 posses,
1953 1938 2128 1992 frater

495 2033 687 2106 840
733 2033 1081 2101 charissime,
1133 2033 1256 2086 istic
1300 2033 1570 2086 interesse
1625 2032 1945 2100 nobiscum,
1997 2048 2122 2084 cum

493 2127 656 2199 parvi
685 2128 774 2181 isti
802 2132 859 2181 et
889 2126 1136 2198 perversi
1165 2126 1232 2181 de
1275 2127 1572 2180 schismate
1611 2125 2000 2180 revertuntur!
2034 2125 2121 2177 Vi-

497 2222 656 2275 deres
683 2221 811 2292 quis
841 2221 984 2274 mihi
1011 2221 1168 2274 labor
1197 2221 1267 2274 sit
1293 2221 1626 2290 persuadere
1655 2219 1990 2289 patientiam
2024 2219 2127 2272 tra-

499 2315 682 2368 tribus
719 2315 950 2381 nostris,
985 2319 1064 2380 ut,
1097 2313 1272 2367 animi
1314 2314 1504 2368 dolore
1543 2314 1744 2384 sOpito,
1790 2311 2128 2383 recipiendis

497 2409 658 2463 malis
687 2408 1063 2478 curandisque
1094 2408 1468 2462 consentiant.
1498 2409 1754 2478 Namque
1785 2410 1848 2461 ut
1873 2405 2129 2476 gaudent

496 2509 552 2557 et
598 2502 882 2568 laetantur,
936 2517 1066 2555 cum
1121 2501 1440 2555 tolerabiles
1489 2506 1545 2555 et
1593 2501 1782 2554 minus
1825 2499 2128 2571 culpabiles

496 2596 763 2661 redeunt,
795 2595 872 2648 ita
905 2600 1100 2649 contra
1131 2595 1385 2648 fremunt
1415 2598 1471 2647 et
1505 2595 1869 2661 reluctantur,
1902 2595 2128 2664 quoties

494 2688 942 2743 inemendabiles
1003 2693 1058 2742 et
1117 2687 1384 2759 protervi,
1443 2691 1500 2742 et
1551 2688 1638 2741 vel
1690 2688 1982 2743 adulteriis
2039 2690 2123 2742 vel

497 2781 783 2838 sacriﬁciis
828 2782 1219 2850 contaminati,
1255 2787 1312 2835 et
1353 2787 1475 2851 post
1513 2781 1630 2835 hinc
1677 2782 1859 2836 adhuc
1900 2783 2128 2854 insuper

498 2881 554 2930 et
611 2875 863 2946 superbi,
915 2874 992 2929 sic
1044 2875 1112 2928 ad
1167 2874 1474 2928 Ecclesiam
1533 2879 1809 2943 remeant,
1873 2881 1928 2930 ut
1976 2876 2128 2930 bona

495 2969 649 3024 intus
677 2968 905 3038 ingenia
931 2973 1301 3038 corrumpant
1332 2968 1484 3038 (pag.
1525 2969 1666 3037 t83).
1700 2989 1722 3018 υ

568 3063 726 3118 Adde
754 3078 823 3116 ea
862 3079 988 3133 quae
1015 3061 1072 3116 in
1100 3061 1244 3115 libro
1277 3063 1341 3115 de
1371 3063 1560 3131 Lapsis
1591 3063 1859 3117 adversus
1889 3063 2124 3118 nimiam

2227 1841 2397 1896 modo
2427 1841 2823 1912 paenitentiam
2846 1857 3019 1911 quam
3043 1841 3342 1912 episcopus
3369 1842 3682 1912 imponeret
3701 1843 3820 1896 subi-

2230 1941 2378 1988 rent.
2435 1935 2680 1990 Consulc
2712 1951 2838 2006 quae
2882 1950 3065 2004 nuper
3102 1934 3372 2005 allegavi;
3407 1939 3572 2006 atque
3612 1953 3669 1990 ca
3705 1953 3819 1990 sane

2229 2044 2356 2098 quia
2388 2044 2452 2082 ex
2489 2028 2634 2083 libro
2678 2030 2743 2083 de
2785 2029 2974 2098 Lapsis
3015 2028 3194 2096 innui,
3227 2033 3525 2084 merentur
3552 2035 3614 2084 ut
3641 2030 3721 2084 hic
3749 2031 3820 2083 iu-

2228 2127 2388 2192 tegra
2431 2121 2843 2176 describantur.
2891 2143 2918 2171 «
2967 2122 3270 2193 Imperitus
3315 2127 3401 2177 est
3444 2123 3703 2191 medicus,
3743 2127 3820 2194 qui

2226 2219 2512 2270 tumentes
2554 2216 2851 2270 vulnerum
2891 2217 3048 2270 sinus
3089 2233 3262 2271 manu
3300 2222 3568 2288 parcente
3599 2222 3820 2272 contrec-

2228 2311 2329 2375 tat,
2375 2312 2430 2363 et
2462 2309 2516 2362 in
2564 2311 2688 2363 altis
2719 2310 3036 2364 recessibus
3066 2309 3343 2364 viscerum
3374 2311 3527 2364 virus
3556 2312 3820 2379 inclusum,

2230 2403 2366 2457 dum
2402 2410 2604 2471 servat,
2639 2407 2966 2474 exaggerat.
3007 2405 3394 2474 Aperiendum
3428 2406 3628 2460 vulnus
3663 2409 3752 2474 est,
3779 2414 3824 2460 ct

2229 2497 2564 2564 secandum,
2616 2501 2692 2564 et,
2760 2498 3186 2568 putraminibus
3248 2500 3586 2570 amputatis,
3638 2501 3826 2555 medela

2230 2591 2462 2644 fortiore
2495 2590 2836 2645 curandum.
2864 2592 3221 2646 Vociferatur
3261 2597 3317 2646 et
3363 2593 3575 2647 clamet
3611 2595 3746 2660 licet,
3783 2601 3828 2648 et

2229 2690 2614 2755 conqueratur
2657 2701 2811 2756 aeger
2843 2685 3152 2756 impatiens
3192 2703 3298 2757 per
3337 2687 3613 2758 dolorem,
3653 2691 3829 2759 gratias

2229 2783 2360 2848 aget
2390 2779 2783 2849 postmodum,
2815 2795 2945 2832 cum
2983 2779 3222 2834 senserit
3250 2781 3552 2836 sanitatem
3589 2799 3600 2836 :
3627 2783 3828 2837 emersit

2229 2871 2404 2939 enim,
2447 2872 2647 2925 fratres
2690 2872 3061 2940 dilectissimi,
3103 2890 3312 2928 novum
3360 2891 3546 2946 genus
3583 2877 3747 2932 cladis
3787 2883 3830 2929 ct

2229 2965 2386 3034 quasi
2406 2982 2608 3036 parum
2630 2967 3038 3036 persecutionis
3068 2968 3311 3037 procella
3339 2970 3602 3036 saivierit,
3626 2971 3830 3024 accessit

2229 3058 2295 3111 ad
2327 3059 2621 3112 cumulum
2652 3060 2754 3113 sub
2781 3059 3188 3115 misericordias
3212 3062 3375 3116 titulo
3407 3063 3619 3117 malum
3644 3065 3828 3131 fallens,

568 3113 720 3118 ————v
761 3113 821 3116 η
869 3113 983 3133 ι-η-
1220 3113 1235 3115 -
1597 3113 1855 3117 π---ην
2784 3113 2787 3114 ν

497 3157 642 3212 hanc
674 3156 1024 3227 noxiamque
1053 3155 1382 3209 facilitatem
1411 3155 1634 3225 copiose
1663 3155 1944 3226 disputat:
1974 3179 1999 3205 ‹‹
2029 3113 2203 3211 im-C'
2233 3155 2290 3205 et
2350 3151 2562 3206 blanda
2619 3154 2918 3224 pernicies.
2973 3155 3183 3209 Contra
3237 3157 3528 3227 Evangelii
3586 3157 3830 3228 vigorem,

498 3251 716 3322 peritus
756 3253 842 3304 est
885 3250 1156 3315 medicus,
1194 3253 1301 3305 etc.
1340 3255 1492 3322 (pag.
1537 3251 1682 3318 377).
1721 3250 1842 3304 Non
1877 3251 2132 3305 concedit

497 3359 701 3415 pacem
747 3342 984 3397 facilitas
1028 3343 1154 3412 ista,
1199 3345 1297 3399 sed
1345 3344 1508 3413 tollit,
1556 3347 1662 3398 etc.
1710 3344 1859 3414 (pag.
1908 3346 2049 3413 378).
2100 3367 2127 3392 »

497 3439 680 3508 Atque
715 3437 821 3490 hoc
860 3436 1094 3507 quidem
1127 3437 1185 3491 in
1219 3438 1340 3492 loco
1379 3455 1474 3492 eos
1512 3441 1788 3507 martyres
1825 3439 2132 3509 reprehen-

501 3530 603 3598 dit,
637 3531 734 3602 qui
767 3531 1237 3585 commendatitiis
1267 3532 1466 3587 litteris
1492 3532 1885 3586 vehementius
1920 3550 2124 3604 expos-

498 3787 826 3840 notationes.
869 3806 896 3833 «
940 3784 1006 3837 Et
1051 3786 1132 3838 illi
1167 3791 1359 3839 contra
1405 3786 1585 3839 Deum
1633 3787 1905 3854 sacrilegi,
1937 3792 2130 3840 contra

500 3861 815 3911 sacerdotes
858 3859 958 3909 Dei
990 3861 1159 3923 impio
1214 3861 1396 3909 furore
1433 3861 1726 3918 temerarii,
1761 3861 1829 3909 de
1879 3861 2129 3910 Ecclesia

500 3932 839 3990 recedentes,
891 3937 943 3980 et
987 3935 1179 3981 contra
1230 3931 1538 3981 Ecclesiam
1586 3931 1932 3994 parricidalis
1979 3946 2130 3981 arma

499 4003 762 4053 tollentes
811 4002 1117 4063 elaborant,
1161 4007 1220 4050 ut
1266 4017 1406 4066 opus
1457 4016 1623 4051 suum
1673 4001 1879 4052 diaboli
1921 4003 2130 4052 malitia

501 4078 917 4132 consummant,
972 4087 1041 4122 ne
1107 4074 1423 4123 vulneratos
1485 4074 1673 4122 divina
1726 4073 2018 4122 clementia
2075 4077 2130 4123 in

500 4144 754 4195 Ecclesia
801 4158 901 4194 sua
956 4148 1126 4194 curet.
1174 4145 1501 4194 Miserorum
1549 4145 1929 4207 paenitentiam
1973 4159 2130 4194 men-

501 4217 785 4266 daciorum
819 4229 1045 4264 suorum
1075 4215 1264 4264 fraude
1290 4219 1674 4278 corrumpunt,
1703 4228 1772 4264 ne
1797 4215 1911 4264 Deo
1945 4215 2130 4279 indig-

500 4288 657 4336 nanti
702 4285 951 4345 satisﬁat,
995 4300 1066 4336 ne
1111 4285 1392 4335 Christum
1450 4287 1750 4335 Dominum
1805 4299 1990 4348 suum,
2035 4289 2131 4350 qui

501 4357 850 4409 Christianus
885 4370 1004 4407 esse
1046 4358 1133 4408 vel
1175 4357 1398 4406 erubuit
1439 4362 1584 4418 ante,
1617 4357 1706 4407 vel
1740 4359 1943 4418 timuit,
1974 4363 2131 4421 post-

501 4430 732 4479 modum
763 4432 991 4492 qumrat,
1040 4443 1108 4479 ue
1153 4429 1220 4478 ad
1265 4429 1592 4489 Ecclesiam,
1625 4430 1720 4492 qui
1767 4430 1836 4478 de
1884 4429 2134 4480 Ecclesia

2231 3251 2426 3300 contra
2455 3246 2678 3300 Domini
2706 3264 2767 3301 ac
2795 3247 2891 3302 Dei
2919 3249 3113 3319 legem
3135 3250 3462 3306 temeritate
3489 3252 3832 3322 quorumdam

2231 3339 2447 3393 laxatur
2490 3339 2731 3394 incautis
2761 3343 3203 3397 communicatio
3247 3344 3409 3398 irrita
3457 3349 3513 3400 et
3554 3345 3688 3400 falsa
3724 3362 3829 3417 pax,

2230 3433 2546 3504 periculosa
2591 3434 2876 3505 dantibus,
2926 3438 2983 3490 et
3027 3437 3170 3491 nihil
3215 3439 3626 3509 accipientibus
3663 3441 3830 3510 profu-

2230 3533 2426 3581 tura...
2457 3531 2532 3598 (p.
2567 3530 2709 3600 377).
2737 3529 2874 3599 ,‘Non
2915 3531 3172 3584 concedit
3203 3547 3406 3602 pacem
3454 3533 3687 3588 facilitas
3729 3533 3829 3600 ista,

2228 3776 2535 3842 mologesin
2581 3778 2877 3829 criminum
2927 3779 3192 3842 facerent,
3219 3778 3287 3830 ab
3324 3783 3481 3832 omni
3529 3786 3585 3832 et
3616 3795 3765 3832 sensu
3789 3785 3833 3830 et

2232 3848 2419 3898 fructu
2475 3851 2820 3912 paenitentiae
2872 3853 3172 3901 removisse
3228 3853 3303 3916 (p.
3359 3856 3444 3903 18!
3507 3860 3562 3904 et
3613 3856 3830 3914 182).......

2233 3919 2292 3968 Si
2323 3920 2418 3982 qui
2443 3927 2631 3970 autem
2677 3927 2807 3970 sunt
2836 3923 2931 3984 qui
2973 3926 3166 3985 putant
3201 3937 3260 3973 se
3303 3925 3372 3973 ad
3417 3924 3717 3975 Ecclesiam
3741 3935 3830 3972 non

2232 3992 2507 4053 precibus,
2556 3993 2653 4041 sed
2705 3995 2872 4043 minis
2912 3995 3127 4058 regredi
3176 4010 3356 4059 posse,
3409 4002 3507 4046 aut
3549 3998 3833 4048 existimant

2235 4061 2448 4110 aditum
2481 4076 2540 4111 se
2585 4064 2692 4112 sibi
2737 4079 2848 4113 non
2897 4065 3394 4118 lamentationibus
3445 4074 3500 4118 et
3544 4069 3835 4118 satisfactio-

2232 4132 2418 4194 nibus,
2477 4134 2574 4184 sed
2633 4136 2934 4184 terroribus
2986 4138 3201 4200 facere,
3258 4152 3357 4200 pro
3422 4143 3574 4190 certo
3629 4138 3833 4188 habeant

2234 4207 2424 4253 contra
2468 4205 2603 4255 tales
2647 4207 2895 4256 clausam
2934 4213 3081 4258 stare
3126 4210 3442 4260 Ecclesiam
3491 4211 3724 4267 Domini,
3752 4221 3834 4258 nec

2233 4279 2415 4325 castra
2454 4275 2658 4326 Christi
2701 4277 2902 4329 invicta
2942 4285 2996 4329 et
3040 4281 3219 4340 fortia,
3250 4282 3495 4332 Domino
3526 4287 3707 4331 tuente
3733 4293 3832 4329 mu-

2233 4348 2369 4407 nita,
2400 4347 2566 4396 minis
2595 4348 2809 4398 cedere.
2840 4350 3110 4400 Sacerdos
3129 4352 3230 4400 Dei
3254 4353 3620 4415 Evangelium
3652 4358 3832 4407 tenens,

2237 4421 2292 4466 et
2341 4417 2548 4468 Christi
2609 4424 2884 4483 prmcepta
2943 4423 3304 4485 custodiens,
3383 4427 3566 4475 occidi
3643 4427 3830 4488 potest,

500 4488 820 4560 recesserat,
865 4488 1068 4548 redeat.
1099 4500 1276 4549 Datur
1320 4513 1504 4563 opera,
1551 4514 1620 4550 ne
1643 4488 2383 4560 _satist'actionibusDVmei
2435 4502 2546 4563 μου
2584 4492 2799 4563 ἓΡοίθει·
2853 4491 3109 4554 suggerit
3156 4497 3210 4542 et
3264 4494 3648 4544 ευδωὶῐιὶείΐθῑ
3699 4492 3832 4542 Doms

501 4576 556 4621 et
616 4569 1108 4620 lamentationibus
1163 4571 1327 4632 justis
1385 4571 1587 4621 delicta
1644 4570 2008 4634 redimantur,
2064 4586 2134 4624 ne

501 4643 731 4692 vulnera
796 4642 1060 4705 lacrymis
1123 4643 1478 4692 abluantur...
1541 4643 1733 4692 Honor
1786 4656 1916 4706 ergo
1977 4643 2136 4692 datur

500 4715 637 4775 Deo,
664 4713 887 4777 quando
932 4715 1014 4762 sic
1056 4714 1158 4762 Dei
1201 4716 1459 4777 majestas
1506 4719 1561 4763 et
1595 4727 1831 4764 censura
1876 4719 2134 4763 contem—

495 4787 665 4847 nitur,
693 4789 753 4834 ut
797 4799 922 4834 cum
977 4798 1036 4834 se
1067 4785 1158 4835 ille
1198 4785 1470 4850 indignari
1521 4789 1573 4835 et
1606 4787 1765 4834 irasci
1815 4786 2132 4835 sacriﬁcan-

497 4858 650 4907 tibus
712 4857 879 4918 dicat,
933 4862 986 4907 et
1038 4871 1168 4906 cum
1224 4870 1417 4920 poenas
1467 4861 1704 4907 aeternas
1754 4859 1809 4905 et
1859 4856 2131 4918 supplicia

497 4933 763 4994 perpetua
823 4929 1226 4989 comminatur,
1303 4932 1641 4991 proponatur
1709 4941 1739 4976 a
1811 4928 2133 4990 sacrilegis,

495 5007 664 5065 atque
719 5001 953 5058 dicatur,
1012 5013 1081 5050 ne
1137 5000 1216 5049 ira
1264 5002 1536 5064 c0gitetur
1582 5001 1704 5061 Dei,
1751 5012 1822 5048 ne
1875 5001 2132 5048 timeatur

488 5073 768 5135 judicium
799 5072 1043 5130 Domini,
1076 5085 1146 5121 ne
1173 5071 1420 5134 pulsetur
1444 5071 1513 5120 ad
1553 5071 1866 5121 Ecclesiam
1907 5069 2128 5132 Christi,

495 5143 612 5203 sed,
663 5141 881 5192 sublata
933 5143 1281 5205 paenitentia,
1313 5155 1418 5192 nec
1463 5143 1575 5192 ulla
1616 5141 1990 5204 exomologesi
2031 5143 2132 5192 cri-

497 5213 664 5262 minis
709 5213 872 5272 facta,
901 5213 1176 5275 despectis
1223 5213 1497 5276 episcopis
1537 5217 1705 5276 atque
1748 5212 1998 5273 calcatis,
2024 5225 2132 5275 pax

496 5298 526 5332 a
586 5283 929 5346 presbyteris
985 5283 1170 5332 verbis
1217 5282 1509 5333 fallacibus
1559 5283 1919 5346 praedicetur,
1965 5289 2020 5334 et
2065 5297 2135 5333 ne

485 5354 639 5418 lapsi
681 5358 930 5418 surgant,
986 5357 1081 5403 aut
1144 5354 1275 5403 foris
1330 5355 1489 5418 positi
1543 5355 1613 5404 ad
1669 5355 1972 5404 Ecclesiam
2017 5355 2135 5404 red-

493 5429 638 5484 eant,
693 5425 1132 5476 communicatio
1183 5439 1292 5475 non
1343 5425 1890 5476 communicantibus
1942 5425 2134 5477 oﬁ'era-

490 5498 624 5548 tur?
668 5497 888 5559 Quibus
918 5497 1083 5547 etiam
1121 5499 1256 5547 satis
1300 5511 1411 5548 non
1457 5499 1560 5547 fuit
1605 5497 1674 5548 ab
1704 5497 2006 5561 Evangelio
2049 5513 2129 5548 re-

491 5569 746 5629 cessisse,
799 5581 956 5633 spem
1013 5569 1184 5632 lapsis
1231 5571 1631 5620 satisfactionis
1682 5574 1735 5620 et
1786 5569 2134 5632 paenitentia

491 5643 806 5704 sustulisse,
850 5641 1145 5693 fraudibus
1176 5642 1476 5704 involutos,
1513 5645 1598 5696 vel
1658 5643 1948 5693 adulteriis
1978 5657 2136 5694 com-

489 5714 838 5777 maculatos,
902 5714 990 5765 vel
1046 5715 1447 5767 sacriﬁciorum
1512 5718 1734 5767 funesta
1803 5716 2135 5780 contagione

485 5787 747 5857 pollutos,
788 5800 860 5839 ne
916 5787 1097 5841 Deum
1150 5792 1423 5853 rogarent,
1481 5801 1550 5840 ne
1601 5789 1658 5839 in
1712 5787 1960 5840 Ecclesia
2002 5801 2133 5841 exo-

2235 4560 2490 4623 exempla
2542 4561 2760 4610 virtutis
2813 4576 2883 4612 ac
2932 4563 3062 4613 ﬁdei
3109 4564 3419 4627 Zacharias,
3462 4570 3689 4617 antistes
3734 4565 3830 4621 Dei,

2235 4633 2329 4694 qui
2371 4644 2500 4680 cum
2541 4636 2732 4682 terreri
2783 4635 2950 4683 minis
3008 4641 3063 4684 et
3119 4637 3458 4700 lapidatione
3501 4653 3612 4688 non
3660 4640 3828 4701 posset,

2235 4704 2291 4751 in
2335 4703 2542 4766 templo
2593 4705 2696 4754 Dei
2749 4707 2971 4755 occisus
3021 4710 3120 4766 est,
3162 4709 3412 4758 clamans
3461 4713 3518 4760 et
3564 4707 3832 4760 identidem

2234 4775 2426 4824 dicens
2469 4777 2618 4838 quod
2662 4789 2764 4825 nos
2810 4790 3034 4842 quoque
3071 4784 3263 4829 contra
3311 4780 3607 4832 haereticos
3651 4781 3831 4831 clama-

2234 4859 2360 4895 mus
2417 4853 2472 4896 et
2527 4847 2764 4896 dicimus
2811 4863 2821 4896 :
2876 4849 2990 4897 Hac
3039 4851 3165 4898 dicit
3219 4852 3477 4901 Dominus
3540 4852 3605 4910 (II
3655 4848 3830 4906 Parat,

2234 4930 2396 4975 xxxv,
2423 4919 2501 4977 ΞΟ)
2529 4932 2540 4965 :
2593 4917 2960 4981 Uereloqui‘stis
2987 4921 3102 4969 via:
3146 4923 3376 4983 Domini,
3421 4927 3470 4971 et
3501 4924 3744 4972 Dominus
3765 4919 3833 4969 de-

2236 4988 2499 5052 relinquat
2537 5003 2645 5040 vos.
2679 4990 2869 5053 Neque
2905 4992 3053 5040 enim
3095 4985 3224 5056 quia
3269 4995 3434 5056 pauci
3489 4994 3754 5044 temerarii
3790 4995 3832 5039 et

2237 5059 2472 5123 improbi
2517 5062 2770 5112 caelestes
2811 5067 2866 5111 et
2909 5062 3180 5113 salutares
3219 5067 3335 5114 vias
3373 5065 3599 5116 Domini
3625 5062 3831 5114 derelin-

2236 5137 2434 5195 quunt,
2467 5137 2521 5184 et
2559 5140 2748 5184 sancta
2792 5148 2904 5184 non
2954 5141 3197 5200 agentes,
3227 5151 3258 5186 a
3298 5142 3498 5188 sancto
3535 5137 3732 5202 Spiritu
3758 5134 3833 5184 de-

2235 5209 2514 5265 seruntur,
2557 5206 2680 5255 ideo
2725 5209 2777 5255 et
2818 5220 2920 5256 nos
2969 5208 3173 5258 divinas
3219 5209 3527 5259 traditionis
3573 5212 3827 5258 immemo-

2235 5289 2324 5325 res
2373 5289 2493 5326 esse
2539 5277 2826 5339 debemus,
2872 5284 2926 5329 et
2971 5282 3178 5343 majora
3227 5294 3348 5331 esse
3391 5282 3691 5332 furentium
3730 5290 3830 5328 sce-

2235 5347 2386 5408 lera,
2442 5363 2608 5412 quam
2667 5350 3017 5400 sacerdotum
3073 5353 3285 5415 judicia
3349 5365 3701 5409 censeamus,
3753 5351 3830 5399 aut

2235 5419 2620 5470 existimemus
2660 5420 2787 5484 plus
2830 5421 2898 5471 ad
2942 5422 3379 5489 impugnandum
3427 5437 3590 5488 posse
3616 5424 3827 5474 humana

2237 5492 2549 5552 conamina,
2598 5505 2766 5554 quam
2826 5493 2976 5556 quod
3026 5493 3095 5545 ad
3145 5495 3545 5561 protegendum
3601 5491 3830 5560 pmvalel

2237 5562 2429 5613 divina
2461 5563 2633 5615 tutela
2660 5567 2799 5629 (pag.
2834 5567 2962 5628 184).
2993 5585 3022 5614 ››

2296 5635 2359 5698 (ὃ)
2418 5635 2558 5694 Vide
2609 5637 2765 5700 epist.
2808 5638 2890 5697 5t,
2938 5651 3065 5704 qua
3109 5641 3418 5696 multorum
3477 5640 3824 5708 episcOporum

2235 5716 2460 5768 nomine
2488 5717 2800 5783 conscripta
2825 5719 2926 5769 est.

2301 5788 2364 5850 (9)
2395 5789 2566 5856 Epist.
2596 5790 2674 5852 l0,
2701 5789 2772 5842 ad
2796 5791 3052 5856 Μονίμη,
3083 5794 3212 5856 etc.,
3244 5803 3364 5859 pag.
3390 5791 3474 5845 51.
