  <div class='ocr_page' id='page_1' title='image "/cluster/home/n/w/nwhite01/storage/ocr_20150623/4/hvd.32044073549446/442.png"; bbox 0 0 4032 6180; ppageno 0'>
   <div class='ocr_carea' id='block_1_1' title="bbox 198 245 287 297">
    <p class='ocr_par' dir='ltr' id='par_1_1' title="bbox 198 245 287 297">
     <span class='ocr_line' id='line_1_1' title="bbox 198 245 287 297; baseline 0 0"><span class='ocrx_word' id='word_1_1' title='bbox 198 245 287 297; x_wconf 79' lang='lat'>873</span> 
     </span>
    </p>
   </div>
   <div class='ocr_carea' id='block_1_2' title="bbox 1209 235 2487 298">
    <p class='ocr_par' dir='ltr' id='par_1_2' title="bbox 1209 235 2487 298">
     <span class='ocr_line' id='line_1_2' title="bbox 1209 235 2487 298; baseline 0.002 -4"><span class='ocrx_word' id='word_1_2' title='bbox 1209 235 1608 296; x_wconf 82' lang='lat' dir='ltr'>SUPEBIORIS</span> <span class='ocrx_word' id='word_1_3' title='bbox 1638 235 1964 296; x_wconf 84' lang='lat' dir='ltr'>OPUSCULl</span> <span class='ocrx_word' id='word_1_4' title='bbox 2004 237 2487 298; x_wconf 77' lang='lat' dir='ltr'>ARGUMENTUM.</span> 
     </span>
    </p>
   </div>
   <div class='ocr_carea' id='block_1_3' title="bbox 3434 239 3537 304">
    <p class='ocr_par' dir='ltr' id='par_1_3' title="bbox 3434 239 3537 304">
     <span class='ocr_line' id='line_1_3' title="bbox 3434 239 3537 304; baseline 0.039 -4"><span class='ocrx_word' id='word_1_5' title='bbox 3434 239 3537 304; x_wconf 79' lang='grc'>874</span> 
     </span>
    </p>
   </div>
   <div class='ocr_carea' id='block_1_4' title="bbox 197 369 3532 454">
    <p class='ocr_par' dir='ltr' id='par_1_4' title="bbox 197 369 3532 454">
     <span class='ocr_line' id='line_1_4' title="bbox 197 369 3532 454; baseline 0.001 -30"><span class='ocrx_word' id='word_1_6' title='bbox 197 371 280 426; x_wconf 87' lang='lat' dir='ltr'>sed</span> <span class='ocrx_word' id='word_1_7' title='bbox 309 369 479 438; x_wconf 86' lang='lat' dir='ltr'>tollit;</span> <span class='ocrx_word' id='word_1_8' title='bbox 528 385 632 422; x_wconf 89' lang='lat' dir='ltr'>nec</span> <span class='ocrx_word' id='word_1_9' title='bbox 665 369 1241 424; x_wconf 80' lang='lat' dir='ltr'>communicationem</span> <span class='ocrx_word' id='word_1_10' title='bbox 1287 369 1508 436; x_wconf 82' lang='lat' dir='ltr'>tribuit,</span> <span class='ocrx_word' id='word_1_11' title='bbox 1541 371 1633 424; x_wconf 90' lang='lat' dir='ltr'>sed</span> <span class='ocrx_word' id='word_1_12' title='bbox 1706 370 1811 423; x_wconf 74' lang='lat' dir='ltr'>im-</span> <span class='ocrx_word' id='word_1_13' title='bbox 1836 370 2253 454; x_wconf 74' lang='lat' dir='ltr'>Adamnaret;</span> <span class='ocrx_word' id='word_1_14' title='bbox 2288 371 2574 424; x_wconf 85' lang='lat' dir='ltr'>refelleret</span> <span class='ocrx_word' id='word_1_15' title='bbox 2614 374 2856 426; x_wconf 88' lang='lat' dir='ltr'>alterum</span> <span class='ocrx_word' id='word_1_16' title='bbox 2905 371 3246 428; x_wconf 84' lang='lat' dir='ltr'>sententiam</span> <span class='ocrx_word' id='word_1_17' title='bbox 3286 373 3532 443; x_wconf 91' lang='lat' dir='ltr'>illorum,</span> 
     </span>
    </p>
   </div>
   <div class='ocr_carea' id='block_1_5' title="bbox 199 463 1808 535">
    <p class='ocr_par' dir='ltr' id='par_1_5' title="bbox 199 463 1808 535">
     <span class='ocr_line' id='line_1_5' title="bbox 199 463 1808 535; baseline -0.001 -17"><span class='ocrx_word' id='word_1_18' title='bbox 199 463 338 535; x_wconf 88' lang='lat' dir='ltr'>pedit</span> <span class='ocrx_word' id='word_1_19' title='bbox 360 463 428 517; x_wconf 91' lang='lat' dir='ltr'>ad</span> <span class='ocrx_word' id='word_1_20' title='bbox 466 463 724 517; x_wconf 81' lang='lat' dir='ltr'>salutem.</span> <span class='ocrx_word' id='word_1_21' title='bbox 755 463 1080 517; x_wconf 85' lang='lat' dir='ltr'>Persecutio</span> <span class='ocrx_word' id='word_1_22' title='bbox 1128 469 1214 517; x_wconf 88' lang='lat' dir='ltr'>est</span> <span class='ocrx_word' id='word_1_23' title='bbox 1261 463 1384 517; x_wconf 71' lang='lat' dir='ltr'>haec</span> <span class='ocrx_word' id='word_1_24' title='bbox 1431 464 1560 530; x_wconf 89' lang='lat' dir='ltr'>alia,</span> <span class='ocrx_word' id='word_1_25' title='bbox 1596 470 1652 518; x_wconf 85' lang='lat' dir='ltr'>et</span> <span class='ocrx_word' id='word_1_26' title='bbox 1699 463 1808 517; x_wconf 89' lang='lat' dir='ltr'>alia</span> 
     </span>
    </p>
   </div>
   <div class='ocr_carea' id='block_1_6' title="bbox 197 556 1808 628">
    <p class='ocr_par' dir='ltr' id='par_1_6' title="bbox 197 556 1808 628">
     <span class='ocr_line' id='line_1_6' title="bbox 197 556 1808 628; baseline 0 -18"><span class='ocrx_word' id='word_1_27' title='bbox 197 556 431 623; x_wconf 84' lang='lat' dir='ltr'>tentatio,</span> <span class='ocrx_word' id='word_1_28' title='bbox 471 572 572 626; x_wconf 89' lang='lat' dir='ltr'>per</span> <span class='ocrx_word' id='word_1_29' title='bbox 607 573 779 626; x_wconf 87' lang='lat' dir='ltr'>quam</span> <span class='ocrx_word' id='word_1_30' title='bbox 821 556 1046 610; x_wconf 83' lang='lat' dir='ltr'>subtilis</span> <span class='ocrx_word' id='word_1_31' title='bbox 1094 556 1356 610; x_wconf 90' lang='lat' dir='ltr'>inimicus</span> <span class='ocrx_word' id='word_1_32' title='bbox 1397 557 1808 628; x_wconf 83' lang='lat' dir='ltr'>impugnandis</span> 
     </span>
    </p>
   </div>
   <div class='ocr_carea' id='block_1_7' title="bbox 196 649 1806 722">
    <p class='ocr_par' dir='ltr' id='par_1_7' title="bbox 196 649 1806 722">
     <span class='ocr_line' id='line_1_7' title="bbox 196 649 1806 722; baseline 0 -18"><span class='ocrx_word' id='word_1_33' title='bbox 196 650 362 704; x_wconf 84' lang='lat' dir='ltr'>adhuc</span> <span class='ocrx_word' id='word_1_34' title='bbox 391 650 553 720; x_wconf 83' lang='lat' dir='ltr'>lapsis</span> <span class='ocrx_word' id='word_1_35' title='bbox 579 649 800 703; x_wconf 91' lang='lat' dir='ltr'>occulta</span> <span class='ocrx_word' id='word_1_36' title='bbox 839 649 1212 721; x_wconf 74' lang='lat' dir='ltr'>populatione</span> <span class='ocrx_word' id='word_1_37' title='bbox 1255 654 1553 722; x_wconf 77' lang='lat' dir='ltr'>grassatur</span> <span class='ocrx_word' id='word_1_38' title='bbox 1581 667 1594 704; x_wconf 90' lang='lat'>:</span> <span class='ocrx_word' id='word_1_39' title='bbox 1627 656 1688 704; x_wconf 91' lang='lat' dir='ltr'>ut</span> <span class='ocrx_word' id='word_1_40' title='bbox 1723 651 1806 704; x_wconf 89' lang='lat' dir='ltr'>la-</span> 
     </span>
    </p>
   </div>
   <div class='ocr_carea' id='block_1_8' title="bbox 198 743 1805 816">
    <p class='ocr_par' dir='ltr' id='par_1_8' title="bbox 198 743 1805 816">
     <span class='ocr_line' id='line_1_8' title="bbox 198 743 1805 816; baseline 0 -18"><span class='ocrx_word' id='word_1_41' title='bbox 198 743 452 798; x_wconf 87' lang='lat' dir='ltr'>mentatio</span> <span class='ocrx_word' id='word_1_42' title='bbox 503 744 888 814; x_wconf 77' lang='lat' dir='ltr'>conquiescat,</span> <span class='ocrx_word' id='word_1_43' title='bbox 949 747 1009 797; x_wconf 91' lang='lat' dir='ltr'>ut</span> <span class='ocrx_word' id='word_1_44' title='bbox 1060 743 1243 816; x_wconf 77' lang='grc'>841</span> <span class='ocrx_word' id='word_1_45' title='bbox 1299 745 1460 799; x_wconf 90' lang='lat' dir='ltr'>dolor</span> <span class='ocrx_word' id='word_1_46' title='bbox 1509 745 1696 813; x_wconf 84' lang='lat' dir='ltr'>sileat,</span> <span class='ocrx_word' id='word_1_47' title='bbox 1738 751 1805 798; x_wconf 88' lang='lat' dir='ltr'>ut</span> 
     </span>
    </p>
   </div>
   <div class='ocr_carea' id='block_1_9' title="bbox 198 837 1808 908">
    <p class='ocr_par' dir='ltr' id='par_1_9' title="bbox 198 837 1808 908">
     <span class='ocr_line' id='line_1_9' title="bbox 198 837 1808 908; baseline 0.001 -18"><span class='ocrx_word' id='word_1_48' title='bbox 198 837 366 890; x_wconf 88' lang='lat' dir='ltr'>delicti</span> <span class='ocrx_word' id='word_1_49' title='bbox 394 837 667 890; x_wconf 86' lang='lat' dir='ltr'>memoria</span> <span class='ocrx_word' id='word_1_50' title='bbox 702 841 1028 904; x_wconf 88' lang='lat' dir='ltr'>evanescat,</span> <span class='ocrx_word' id='word_1_51' title='bbox 1062 845 1122 892; x_wconf 87' lang='lat' dir='ltr'>ut</span> <span class='ocrx_word' id='word_1_52' title='bbox 1163 838 1572 908; x_wconf 78' lang='lat' dir='ltr'>comprimatur</span> <span class='ocrx_word' id='word_1_53' title='bbox 1611 853 1808 908; x_wconf 87' lang='lat' dir='ltr'>pecca-</span> 
     </span>
    </p>
   </div>
   <div class='ocr_carea' id='block_1_10' title="bbox 198 930 1806 1000">
    <p class='ocr_par' dir='ltr' id='par_1_10' title="bbox 198 930 1806 1000">
     <span class='ocr_line' id='line_1_10' title="bbox 198 930 1806 1000; baseline 0.001 -17"><span class='ocrx_word' id='word_1_54' title='bbox 198 934 362 984; x_wconf 86' lang='lat' dir='ltr'>torum</span> <span class='ocrx_word' id='word_1_55' title='bbox 397 930 663 1000; x_wconf 84' lang='lat' dir='ltr'>gemitus,</span> <span class='ocrx_word' id='word_1_56' title='bbox 700 935 986 985; x_wconf 87' lang='lat' dir='ltr'>statuatur</span> <span class='ocrx_word' id='word_1_57' title='bbox 1013 930 1179 986; x_wconf 87' lang='lat' dir='ltr'>ﬂetus</span> <span class='ocrx_word' id='word_1_58' title='bbox 1209 933 1525 998; x_wconf 90' lang='lat' dir='ltr'>oculorum,</span> <span class='ocrx_word' id='word_1_59' title='bbox 1557 948 1661 985; x_wconf 89' lang='lat' dir='ltr'>nec</span> <span class='ocrx_word' id='word_1_60' title='bbox 1698 932 1806 984; x_wconf 89' lang='lat' dir='ltr'>Do-</span> 
     </span>
    </p>
   </div>
   <div class='ocr_carea' id='block_1_11' title="bbox 198 1023 1810 1096">
    <p class='ocr_par' dir='ltr' id='par_1_11' title="bbox 198 1023 1810 1096">
     <span class='ocr_line' id='line_1_11' title="bbox 198 1023 1810 1096; baseline 0 -19"><span class='ocrx_word' id='word_1_61' title='bbox 198 1025 398 1078; x_wconf 89' lang='lat' dir='ltr'>minum</span> <span class='ocrx_word' id='word_1_62' title='bbox 429 1024 679 1094; x_wconf 89' lang='lat' dir='ltr'>graviter</span> <span class='ocrx_word' id='word_1_63' title='bbox 699 1023 978 1078; x_wconf 74' lang='lat' dir='ltr'>offensum</span> <span class='ocrx_word' id='word_1_64' title='bbox 997 1025 1170 1095; x_wconf 91' lang='lat' dir='ltr'>longa</span> <span class='ocrx_word' id='word_1_65' title='bbox 1193 1031 1246 1078; x_wconf 93' lang='lat' dir='ltr'>et</span> <span class='ocrx_word' id='word_1_66' title='bbox 1278 1025 1446 1096; x_wconf 90' lang='lat' dir='ltr'>plena</span> <span class='ocrx_word' id='word_1_67' title='bbox 1473 1025 1810 1096; x_wconf 67' lang='lat' dir='ltr'>poenitentia</span> 
     </span>
    </p>
   </div>
   <div class='ocr_carea' id='block_1_12' title="bbox 199 1117 1806 1188">
    <p class='ocr_par' dir='ltr' id='par_1_12' title="bbox 199 1117 1806 1188">
     <span class='ocr_line' id='line_1_12' title="bbox 199 1117 1806 1188; baseline 0 -18"><span class='ocrx_word' id='word_1_68' title='bbox 199 1117 546 1188; x_wconf 87' lang='lat' dir='ltr'>deprecetur,</span> <span class='ocrx_word' id='word_1_69' title='bbox 589 1133 719 1170; x_wconf 92' lang='lat' dir='ltr'>cum</span> <span class='ocrx_word' id='word_1_70' title='bbox 752 1117 1026 1187; x_wconf 90' lang='lat' dir='ltr'>scriptum</span> <span class='ocrx_word' id='word_1_71' title='bbox 1060 1117 1132 1171; x_wconf 91' lang='lat' dir='ltr'>sit</span> <span class='ocrx_word' id='word_1_72' title='bbox 1159 1135 1170 1170; x_wconf 90' lang='lat'>:</span> <span class='ocrx_word' id='word_1_73' title='bbox 1210 1120 1476 1173; x_wconf 82' lang='lat' dir='ltr'>Memento</span> <span class='ocrx_word' id='word_1_74' title='bbox 1505 1119 1648 1172; x_wconf 80' lang='lat' dir='ltr'>unde</span> <span class='ocrx_word' id='word_1_75' title='bbox 1672 1120 1806 1172; x_wconf 80' lang='lat' dir='ltr'>ceci-</span> 
     </span>
    </p>
   </div>
   <div class='ocr_carea' id='block_1_13' title="bbox 197 1211 1810 1280">
    <p class='ocr_par' dir='ltr' id='par_1_13' title="bbox 197 1211 1810 1280">
     <span class='ocr_line' id='line_1_13' title="bbox 197 1211 1810 1280; baseline 0.001 -16"><span class='ocrx_word' id='word_1_76' title='bbox 197 1211 344 1272; x_wconf 80' lang='lat' dir='ltr'>deris,</span> <span class='ocrx_word' id='word_1_77' title='bbox 375 1215 424 1264; x_wconf 87' lang='lat' dir='ltr'>et</span> <span class='ocrx_word' id='word_1_78' title='bbox 453 1227 552 1278; x_wconf 74' lang='lat' dir='ltr'>age</span> <span class='ocrx_word' id='word_1_79' title='bbox 576 1213 982 1280; x_wconf 72' lang='lat' dir='ltr'>pwuitentt’am.</span> <span class='ocrx_word' id='word_1_80' title='bbox 1022 1211 1201 1266; x_wconf 82' lang='lat' dir='ltr'>Nemo</span> <span class='ocrx_word' id='word_1_81' title='bbox 1244 1227 1301 1266; x_wconf 86' lang='lat' dir='ltr'>se</span> <span class='ocrx_word' id='word_1_82' title='bbox 1340 1212 1516 1278; x_wconf 89' lang='lat' dir='ltr'>fallat,</span> <span class='ocrx_word' id='word_1_83' title='bbox 1546 1228 1714 1267; x_wconf 91' lang='lat' dir='ltr'>nemo</span> <span class='ocrx_word' id='word_1_84' title='bbox 1751 1227 1810 1266; x_wconf 86' lang='lat' dir='ltr'>se</span> 
     </span>
    </p>
   </div>
   <div class='ocr_carea' id='block_1_14' title="bbox 203 1303 714 1375">
    <p class='ocr_par' dir='ltr' id='par_1_14' title="bbox 203 1303 714 1375">
     <span class='ocr_line' id='line_1_14' title="bbox 203 1303 714 1375; baseline 0.002 -18"><span class='ocrx_word' id='word_1_85' title='bbox 203 1303 434 1374; x_wconf 88' lang='lat' dir='ltr'>decipiat</span> <span class='ocrx_word' id='word_1_86' title='bbox 456 1304 533 1375; x_wconf 89' lang='lat' dir='ltr'>(p.</span> <span class='ocrx_word' id='word_1_87' title='bbox 567 1304 714 1372; x_wconf 80' lang='lat'>378).</span> 
     </span>
    </p>
   </div>
   <div class='ocr_carea' id='block_1_15' title="bbox 259 1396 1808 1469">
    <p class='ocr_par' dir='ltr' id='par_1_15' title="bbox 259 1396 1808 1469">
     <span class='ocr_line' id='line_1_15' title="bbox 259 1396 1808 1469; baseline 0.001 -19"><span class='ocrx_word' id='word_1_88' title='bbox 259 1396 411 1459; x_wconf 86' lang='lat' dir='ltr'>Quod</span> <span class='ocrx_word' id='word_1_89' title='bbox 465 1396 511 1450; x_wconf 89' lang='lat' dir='ltr'>si</span> <span class='ocrx_word' id='word_1_90' title='bbox 570 1397 966 1468; x_wconf 80' lang='lat' dir='ltr'>paenitentiam</span> <span class='ocrx_word' id='word_1_91' title='bbox 1021 1413 1191 1469; x_wconf 87' lang='lat' dir='ltr'>agere</span> <span class='ocrx_word' id='word_1_92' title='bbox 1253 1414 1370 1452; x_wconf 91' lang='lat' dir='ltr'>non</span> <span class='ocrx_word' id='word_1_93' title='bbox 1433 1403 1808 1466; x_wconf 87' lang='lat' dir='ltr'>recusassent,</span> 
     </span>
    </p>
   </div>
   <div class='ocr_carea' id='block_1_16' title="bbox 210 1489 1809 1562">
    <p class='ocr_par' dir='ltr' id='par_1_16' title="bbox 210 1489 1809 1562">
     <span class='ocr_line' id='line_1_16' title="bbox 210 1489 1809 1562; baseline 0 -18"><span class='ocrx_word' id='word_1_94' title='bbox 210 1506 398 1560; x_wconf 84' lang='lat' dir='ltr'>easque</span> <span class='ocrx_word' id='word_1_95' title='bbox 436 1489 740 1546; x_wconf 84' lang='lat' dir='ltr'>subiissent</span> <span class='ocrx_word' id='word_1_96' title='bbox 774 1508 985 1562; x_wconf 75' lang='lat' dir='ltr'>pcenas,</span> <span class='ocrx_word' id='word_1_97' title='bbox 1017 1509 1156 1562; x_wconf 86' lang='lat' dir='ltr'>quas</span> <span class='ocrx_word' id='word_1_98' title='bbox 1189 1492 1312 1562; x_wconf 77' lang='lat' dir='ltr'>ipse</span> <span class='ocrx_word' id='word_1_99' title='bbox 1354 1491 1809 1562; x_wconf 65' lang='lat' dir='ltr'>praescripsisset,</span> 
     </span>
    </p>
   </div>
   <div class='ocr_carea' id='block_1_17' title="bbox 207 1584 1812 1656">
    <p class='ocr_par' dir='ltr' id='par_1_17' title="bbox 207 1584 1812 1656">
     <span class='ocr_line' id='line_1_17' title="bbox 207 1584 1812 1656; baseline 0.002 -21"><span class='ocrx_word' id='word_1_100' title='bbox 207 1600 257 1636; x_wconf 88' lang='lat' dir='ltr'>se</span> <span class='ocrx_word' id='word_1_101' title='bbox 300 1584 782 1654; x_wconf 87' lang='lat' dir='ltr'>promptissimum</span> <span class='ocrx_word' id='word_1_102' title='bbox 827 1585 1140 1656; x_wconf 63' lang='lat' dir='ltr'>praebebat,</span> <span class='ocrx_word' id='word_1_103' title='bbox 1185 1591 1248 1638; x_wconf 90' lang='lat' dir='ltr'>ut</span> <span class='ocrx_word' id='word_1_104' title='bbox 1293 1585 1593 1639; x_wconf 91' lang='lat' dir='ltr'>lenitatem</span> <span class='ocrx_word' id='word_1_105' title='bbox 1643 1601 1812 1655; x_wconf 89' lang='lat' dir='ltr'>quam</span> 
     </span>
    </p>
   </div>
   <div class='ocr_carea' id='block_1_18' title="bbox 205 1677 1814 1749">
    <p class='ocr_par' dir='ltr' id='par_1_18' title="bbox 205 1677 1814 1749">
     <span class='ocr_line' id='line_1_18' title="bbox 205 1677 1814 1749; baseline 0.001 -19"><span class='ocrx_word' id='word_1_106' title='bbox 205 1681 379 1748; x_wconf 87' lang='lat' dir='ltr'>posset</span> <span class='ocrx_word' id='word_1_107' title='bbox 406 1677 722 1732; x_wconf 82' lang='lat' dir='ltr'>maximam</span> <span class='ocrx_word' id='word_1_108' title='bbox 754 1695 892 1749; x_wconf 88' lang='lat' dir='ltr'>erga</span> <span class='ocrx_word' id='word_1_109' title='bbox 925 1695 1022 1733; x_wconf 92' lang='lat' dir='ltr'>eos</span> <span class='ocrx_word' id='word_1_110' title='bbox 1041 1678 1547 1749; x_wconf 80' lang='lat' dir='ltr'>adhiberetzcujus</span> <span class='ocrx_word' id='word_1_111' title='bbox 1569 1678 1814 1733; x_wconf 85' lang='lat' dir='ltr'>lenitatis</span> 
     </span>
    </p>
   </div>
   <div class='ocr_carea' id='block_1_19' title="bbox 1909 464 3532 540">
    <p class='ocr_par' dir='ltr' id='par_1_19' title="bbox 1909 464 3532 540">
     <span class='ocr_line' id='line_1_19' title="bbox 1909 464 3532 540; baseline 0.004 -24"><span class='ocrx_word' id='word_1_112' title='bbox 1909 465 2009 537; x_wconf 86' lang='lat' dir='ltr'>qui</span> <span class='ocrx_word' id='word_1_113' title='bbox 2045 464 2174 516; x_wconf 85' lang='lat' dir='ltr'>fassi</span> <span class='ocrx_word' id='word_1_114' title='bbox 2219 465 2445 518; x_wconf 87' lang='lat' dir='ltr'>subesse</span> <span class='ocrx_word' id='word_1_115' title='bbox 2481 465 2744 518; x_wconf 69' lang='lat' dir='ltr'>Ecclesia:</span> <span class='ocrx_word' id='word_1_116' title='bbox 2782 467 3052 535; x_wconf 87' lang='lat' dir='ltr'>potestati</span> <span class='ocrx_word' id='word_1_117' title='bbox 3096 467 3334 521; x_wconf 90' lang='lat' dir='ltr'>crimina</span> <span class='ocrx_word' id='word_1_118' title='bbox 3375 485 3532 540; x_wconf 58' lang='lat' dir='ltr'>quie-</span> 
     </span>
    </p>
   </div>
   <div class='ocr_carea' id='block_1_20' title="bbox 1908 556 3532 630">
    <p class='ocr_par' dir='ltr' id='par_1_20' title="bbox 1908 556 3532 630">
     <span class='ocr_line' id='line_1_20' title="bbox 1908 556 3532 630; baseline 0.003 -20"><span class='ocrx_word' id='word_1_119' title='bbox 1908 559 2012 624; x_wconf 84' lang='lat' dir='ltr'>vis,</span> <span class='ocrx_word' id='word_1_120' title='bbox 2055 556 2391 610; x_wconf 87' lang='lat' dir='ltr'>criminosos</span> <span class='ocrx_word' id='word_1_121' title='bbox 2434 563 2626 610; x_wconf 86' lang='lat' dir='ltr'>tamen</span> <span class='ocrx_word' id='word_1_122' title='bbox 2672 559 2740 610; x_wconf 88' lang='lat' dir='ltr'>ab</span> <span class='ocrx_word' id='word_1_123' title='bbox 2786 559 3049 626; x_wconf 82' lang='lat' dir='ltr'>Ecclesia,</span> <span class='ocrx_word' id='word_1_124' title='bbox 3082 567 3137 614; x_wconf 87' lang='lat' dir='ltr'>et</span> <span class='ocrx_word' id='word_1_125' title='bbox 3176 577 3208 612; x_wconf 90' lang='lat' dir='ltr'>a</span> <span class='ocrx_word' id='word_1_126' title='bbox 3252 562 3532 630; x_wconf 81' lang='lat' dir='ltr'>poeniten-</span> 
     </span>
    </p>
   </div>
   <div class='ocr_carea' id='block_1_21' title="bbox 1912 650 3532 726">
    <p class='ocr_par' dir='ltr' id='par_1_21' title="bbox 1912 650 3532 726">
     <span class='ocr_line' id='line_1_21' title="bbox 1912 650 3532 726; baseline 0.002 -22"><span class='ocrx_word' id='word_1_127' title='bbox 1912 651 1987 705; x_wconf 87' lang='lat' dir='ltr'>tia</span> <span class='ocrx_word' id='word_1_128' title='bbox 2013 650 2271 704; x_wconf 88' lang='lat' dir='ltr'>inennda</span> <span class='ocrx_word' id='word_1_129' title='bbox 2296 650 2599 718; x_wconf 77' lang='lat' dir='ltr'>arcebant;</span> <span class='ocrx_word' id='word_1_130' title='bbox 2633 652 2977 720; x_wconf 85' lang='lat' dir='ltr'>approbaret</span> <span class='ocrx_word' id='word_1_131' title='bbox 3007 654 3241 707; x_wconf 84' lang='lat' dir='ltr'>tertium</span> <span class='ocrx_word' id='word_1_132' title='bbox 3287 656 3532 726; x_wconf 90' lang='lat' dir='ltr'>discipli-</span> 
     </span>
    </p>
   </div>
   <div class='ocr_carea' id='block_1_22' title="bbox 1912 743 3535 818">
    <p class='ocr_par' dir='ltr' id='par_1_22' title="bbox 1912 743 3535 818">
     <span class='ocr_line' id='line_1_22' title="bbox 1912 743 3535 818; baseline 0.002 -21"><span class='ocrx_word' id='word_1_133' title='bbox 1912 761 2048 798; x_wconf 91' lang='lat' dir='ltr'>nam</span> <span class='ocrx_word' id='word_1_134' title='bbox 2076 760 2110 796; x_wconf 88' lang='lat' dir='ltr'>a</span> <span class='ocrx_word' id='word_1_135' title='bbox 2135 743 2414 813; x_wconf 86' lang='lat' dir='ltr'>Cypriano</span> <span class='ocrx_word' id='word_1_136' title='bbox 2453 744 2823 814; x_wconf 88' lang='lat' dir='ltr'>propositam.</span> <span class='ocrx_word' id='word_1_137' title='bbox 2858 745 3014 807; x_wconf 86' lang='lat' dir='ltr'>Quod</span> <span class='ocrx_word' id='word_1_138' title='bbox 3045 752 3232 800; x_wconf 88' lang='lat' dir='ltr'>autem</span> <span class='ocrx_word' id='word_1_139' title='bbox 3263 755 3393 818; x_wconf 85' lang='lat' dir='ltr'>apte</span> <span class='ocrx_word' id='word_1_140' title='bbox 3433 749 3535 802; x_wconf 89' lang='lat' dir='ltr'>sub</span> 
     </span>
    </p>
   </div>
   <div class='ocr_carea' id='block_1_23' title="bbox 1910 837 3534 911">
    <p class='ocr_par' dir='ltr' id='par_1_23' title="bbox 1910 837 3534 911">
     <span class='ocr_line' id='line_1_23' title="bbox 1910 837 3534 911; baseline 0.002 -19"><span class='ocrx_word' id='word_1_141' title='bbox 1910 838 2116 892; x_wconf 89' lang='lat' dir='ltr'>horum</span> <span class='ocrx_word' id='word_1_142' title='bbox 2141 837 2324 891; x_wconf 91' lang='lat' dir='ltr'>altero</span> <span class='ocrx_word' id='word_1_143' title='bbox 2353 837 2918 906; x_wconf 82' lang='lat' dir='ltr'>comprehendantur</span> <span class='ocrx_word' id='word_1_144' title='bbox 2959 839 3050 890; x_wconf 80' lang='lat' dir='ltr'>illa</span> <span class='ocrx_word' id='word_1_145' title='bbox 3097 840 3221 908; x_wconf 91' lang='lat' dir='ltr'>ipsa</span> <span class='ocrx_word' id='word_1_146' title='bbox 3264 842 3376 895; x_wconf 90' lang='lat' dir='ltr'>duo</span> <span class='ocrx_word' id='word_1_147' title='bbox 3407 859 3534 911; x_wconf 70' lang='lat' dir='ltr'>qum</span> 
     </span>
    </p>
   </div>
   <div class='ocr_carea' id='block_1_24' title="bbox 1910 931 3537 996">
    <p class='ocr_par' dir='ltr' id='par_1_24' title="bbox 1910 931 3537 996">
     <span class='ocr_line' id='line_1_24' title="bbox 1910 931 3537 996; baseline 0.001 -11"><span class='ocrx_word' id='word_1_148' title='bbox 1910 931 2157 985; x_wconf 83' lang='lat' dir='ltr'>diximus</span> <span class='ocrx_word' id='word_1_149' title='bbox 2203 931 2538 996; x_wconf 89' lang='lat' dir='ltr'>testimonia,</span> <span class='ocrx_word' id='word_1_150' title='bbox 2577 931 2634 984; x_wconf 94' lang='lat' dir='ltr'>in</span> <span class='ocrx_word' id='word_1_151' title='bbox 2681 931 3148 985; x_wconf 84' lang='lat' dir='ltr'>annotationibus</span> <span class='ocrx_word' id='word_1_152' title='bbox 3201 935 3270 986; x_wconf 88' lang='lat' dir='ltr'>ad</span> <span class='ocrx_word' id='word_1_153' title='bbox 3315 934 3409 987; x_wconf 88' lang='lat' dir='ltr'>illa</span> <span class='ocrx_word' id='word_1_154' title='bbox 3453 954 3537 989; x_wconf 80' lang='lat' dir='ltr'>os-</span> 
     </span>
    </p>
   </div>
   <div class='ocr_carea' id='block_1_25' title="bbox 1910 1024 3538 1097">
    <p class='ocr_par' dir='ltr' id='par_1_25' title="bbox 1910 1024 3538 1097">
     <span class='ocr_line' id='line_1_25' title="bbox 1910 1024 3538 1097; baseline 0.002 -19"><span class='ocrx_word' id='word_1_155' title='bbox 1910 1024 2232 1078; x_wconf 87' lang='lat' dir='ltr'>tendemus.</span> <span class='ocrx_word' id='word_1_156' title='bbox 2279 1027 2460 1094; x_wconf 81' lang='lat' dir='ltr'>Atque</span> <span class='ocrx_word' id='word_1_157' title='bbox 2509 1024 2662 1077; x_wconf 90' lang='lat' dir='ltr'>hunc</span> <span class='ocrx_word' id='word_1_158' title='bbox 2702 1024 2931 1094; x_wconf 87' lang='lat' dir='ltr'>quidem</span> <span class='ocrx_word' id='word_1_159' title='bbox 2980 1025 3237 1078; x_wconf 90' lang='lat' dir='ltr'>libellum</span> <span class='ocrx_word' id='word_1_160' title='bbox 3286 1028 3538 1097; x_wconf 88' lang='lat' dir='ltr'>suspicor</span> 
     </span>
    </p>
   </div>
   <div class='ocr_carea' id='block_1_26' title="bbox 1912 1117 3534 1186">
    <p class='ocr_par' dir='ltr' id='par_1_26' title="bbox 1912 1117 3534 1186">
     <span class='ocr_line' id='line_1_26' title="bbox 1912 1117 3534 1186; baseline 0.001 -15"><span class='ocrx_word' id='word_1_161' title='bbox 1912 1135 1980 1171; x_wconf 90' lang='lat' dir='ltr'>ea</span> <span class='ocrx_word' id='word_1_162' title='bbox 2007 1123 2198 1171; x_wconf 84' lang='lat' dir='ltr'>mente</span> <span class='ocrx_word' id='word_1_163' title='bbox 2223 1117 2402 1170; x_wconf 90' lang='lat' dir='ltr'>fuisse</span> <span class='ocrx_word' id='word_1_164' title='bbox 2431 1117 2831 1186; x_wconf 87' lang='lat' dir='ltr'>compositum,</span> <span class='ocrx_word' id='word_1_165' title='bbox 2866 1124 2924 1172; x_wconf 90' lang='lat' dir='ltr'>ut</span> <span class='ocrx_word' id='word_1_166' title='bbox 2963 1119 3022 1171; x_wconf 89' lang='lat' dir='ltr'>in</span> <span class='ocrx_word' id='word_1_167' title='bbox 3066 1119 3233 1172; x_wconf 89' lang='lat' dir='ltr'>tertio</span> <span class='ocrx_word' id='word_1_168' title='bbox 3281 1123 3534 1173; x_wconf 72' lang='lat' dir='ltr'>Testimo-</span> 
     </span>
    </p>
   </div>
   <div class='ocr_carea' id='block_1_27' title="bbox 1911 1209 3464 1283">
    <p class='ocr_par' dir='ltr' id='par_1_27' title="bbox 1911 1209 3464 1283">
     <span class='ocr_line' id='line_1_27' title="bbox 1911 1209 3464 1283; baseline 0.001 -18"><span class='ocrx_word' id='word_1_169' title='bbox 1911 1214 2123 1265; x_wconf 77' lang='lat' dir='ltr'>niorum</span> <span class='ocrx_word' id='word_1_170' title='bbox 2152 1211 2296 1264; x_wconf 88' lang='lat' dir='ltr'>libro</span> <span class='ocrx_word' id='word_1_171' title='bbox 2317 1211 2549 1281; x_wconf 87' lang='lat' dir='ltr'>reliquis</span> <span class='ocrx_word' id='word_1_172' title='bbox 2577 1209 2728 1266; x_wconf 90' lang='lat' dir='ltr'>illius</span> <span class='ocrx_word' id='word_1_173' title='bbox 2750 1212 3008 1281; x_wconf 88' lang='lat' dir='ltr'>partibus</span> <span class='ocrx_word' id='word_1_174' title='bbox 3035 1213 3464 1283; x_wconf 81' lang='lat' dir='ltr'>adjungeretur.</span> 
     </span>
    </p>
   </div>
   <div class='ocr_carea' id='block_1_28' title="bbox 1983 1302 3540 1376">
    <p class='ocr_par' dir='ltr' id='par_1_28' title="bbox 1983 1302 3540 1376">
     <span class='ocr_line' id='line_1_28' title="bbox 1983 1302 3540 1376; baseline -0.003 -14"><span class='ocrx_word' id='word_1_175' title='bbox 1983 1302 2176 1376; x_wconf 85' lang='grc'>842</span> <span class='ocrx_word' id='word_1_176' title='bbox 2206 1303 2314 1359; x_wconf 88' lang='lat' dir='ltr'>Sed</span> <span class='ocrx_word' id='word_1_177' title='bbox 2346 1305 2466 1374; x_wconf 88' lang='lat' dir='ltr'>jam</span> <span class='ocrx_word' id='word_1_178' title='bbox 2498 1304 2766 1374; x_wconf 91' lang='lat' dir='ltr'>denique,</span> <span class='ocrx_word' id='word_1_179' title='bbox 2794 1321 2934 1375; x_wconf 88' lang='lat' dir='ltr'>quas</span> <span class='ocrx_word' id='word_1_180' title='bbox 2966 1306 3336 1375; x_wconf 88' lang='lat' dir='ltr'>promisimus</span> <span class='ocrx_word' id='word_1_181' title='bbox 3365 1323 3540 1360; x_wconf 81' lang='lat' dir='ltr'>auuo-</span> 
     </span>
    </p>
   </div>
   <div class='ocr_carea' id='block_1_29' title="bbox 1909 1397 2576 1468">
    <p class='ocr_par' dir='ltr' id='par_1_29' title="bbox 1909 1397 2576 1468">
     <span class='ocr_line' id='line_1_29' title="bbox 1909 1397 2576 1468; baseline -0.001 -16"><span class='ocrx_word' id='word_1_182' title='bbox 1909 1398 2172 1466; x_wconf 84' lang='lat' dir='ltr'>tationes,</span> <span class='ocrx_word' id='word_1_183' title='bbox 2202 1397 2576 1468; x_wconf 67' lang='lat' dir='ltr'>praebeamus.</span> 
     </span>
    </p>
   </div>
   <div class='ocr_carea' id='block_1_30' title="bbox 1983 1491 3536 1563">
    <p class='ocr_par' dir='ltr' id='par_1_30' title="bbox 1983 1491 3536 1563">
     <span class='ocr_line' id='line_1_30' title="bbox 1983 1491 3536 1563; baseline 0.003 -19"><span class='ocrx_word' id='word_1_184' title='bbox 1983 1492 2256 1562; x_wconf 83' lang='lat' dir='ltr'>Allegatis</span> <span class='ocrx_word' id='word_1_185' title='bbox 2285 1491 2342 1544; x_wconf 90' lang='lat' dir='ltr'>in</span> <span class='ocrx_word' id='word_1_186' title='bbox 2371 1491 2645 1562; x_wconf 87' lang='lat' dir='ltr'>superiori</span> <span class='ocrx_word' id='word_1_187' title='bbox 2675 1492 2944 1561; x_wconf 88' lang='lat' dir='ltr'>opusculo</span> <span class='ocrx_word' id='word_1_188' title='bbox 2961 1493 3378 1563; x_wconf 88' lang='lat' dir='ltr'>Scripturarum</span> <span class='ocrx_word' id='word_1_189' title='bbox 3403 1496 3536 1549; x_wconf 89' lang='lat' dir='ltr'>locis</span> 
     </span>
    </p>
   </div>
   <div class='ocr_carea' id='block_1_31' title="bbox 1912 1585 3006 1656">
    <p class='ocr_par' dir='ltr' id='par_1_31' title="bbox 1912 1585 3006 1656">
     <span class='ocr_line' id='line_1_31' title="bbox 1912 1585 3006 1656; baseline 0.001 -18"><span class='ocrx_word' id='word_1_190' title='bbox 1912 1585 2311 1640; x_wconf 87' lang='lat' dir='ltr'>annotationes</span> <span class='ocrx_word' id='word_1_191' title='bbox 2342 1585 2615 1656; x_wconf 87' lang='lat' dir='ltr'>quasdam</span> <span class='ocrx_word' id='word_1_192' title='bbox 2645 1586 3006 1655; x_wconf 91' lang='lat' dir='ltr'>apponimus.</span> 
     </span>
    </p>
   </div>
   <div class='ocr_carea' id='block_1_32' title="bbox 2564 1680 2880 1734">
    <p class='ocr_par' dir='ltr' id='par_1_32' title="bbox 2564 1680 2880 1734">
     <span class='ocr_line' id='line_1_32' title="bbox 2564 1680 2880 1734; baseline -0.003 0"><span class='ocrx_word' id='word_1_193' title='bbox 2564 1680 2785 1734; x_wconf 86' lang='lat' dir='ltr'>CAPUT</span> <span class='ocrx_word' id='word_1_194' title='bbox 2813 1681 2880 1733; x_wconf 91' lang='lat' dir='ltr'>Il.</span> 
     </span>
    </p>
   </div>
   <div class='ocr_carea' id='block_1_33' title="bbox 205 1755 3541 1842">
    <p class='ocr_par' dir='ltr' id='par_1_33' title="bbox 205 1755 3541 1842">
     <span class='ocr_line' id='line_1_33' title="bbox 205 1755 3541 1842; baseline 0.002 -18"><span class='ocrx_word' id='word_1_195' title='bbox 205 1771 556 1841; x_wconf 90' lang='lat' dir='ltr'>perspicuum</span> <span class='ocrx_word' id='word_1_196' title='bbox 597 1776 1004 1842; x_wconf 84' lang='lat' dir='ltr'>argumentum</span> <span class='ocrx_word' id='word_1_197' title='bbox 1045 1772 1323 1826; x_wconf 88' lang='lat' dir='ltr'>habemus</span> <span class='ocrx_word' id='word_1_198' title='bbox 1349 1772 1405 1826; x_wconf 91' lang='lat' dir='ltr'>in</span> <span class='ocrx_word' id='word_1_199' title='bbox 1449 1773 1686 1842; x_wconf 89' lang='lat' dir='ltr'>epistola</span> <span class='ocrx_word' id='word_1_200' title='bbox 1724 1755 1891 1839; x_wconf 71' lang='lat'>12,3</span> <span class='ocrx_word' id='word_1_201' title='bbox 1988 1773 2172 1827; x_wconf 85' lang='lat' dir='ltr'>Nolim</span> <span class='ocrx_word' id='word_1_202' title='bbox 2226 1789 2354 1826; x_wconf 89' lang='lat' dir='ltr'>vero</span> <span class='ocrx_word' id='word_1_203' title='bbox 2405 1772 2710 1826; x_wconf 86' lang='lat' dir='ltr'>arbitretur</span> <span class='ocrx_word' id='word_1_204' title='bbox 2761 1774 2957 1840; x_wconf 90' lang='lat' dir='ltr'>lector,</span> <span class='ocrx_word' id='word_1_205' title='bbox 3019 1791 3088 1827; x_wconf 86' lang='lat' dir='ltr'>ea</span> <span class='ocrx_word' id='word_1_206' title='bbox 3141 1776 3541 1833; x_wconf 85' lang='lat' dir='ltr'>tantummodo</span> 
     </span>
    </p>
   </div>
   <div class='ocr_carea' id='block_1_34' title="bbox 205 1865 1299 1937">
    <p class='ocr_par' dir='ltr' id='par_1_34' title="bbox 205 1865 1299 1937">
     <span class='ocr_line' id='line_1_34' title="bbox 205 1865 1299 1937; baseline 0.001 -19"><span class='ocrx_word' id='word_1_207' title='bbox 205 1881 356 1935; x_wconf 87' lang='lat' dir='ltr'>quam</span> <span class='ocrx_word' id='word_1_208' title='bbox 385 1866 560 1935; x_wconf 80' lang='lat' dir='ltr'>legat,</span> <span class='ocrx_word' id='word_1_209' title='bbox 589 1865 844 1933; x_wconf 90' lang='lat' dir='ltr'>obsecro,</span> <span class='ocrx_word' id='word_1_210' title='bbox 874 1866 1051 1919; x_wconf 88' lang='lat' dir='ltr'>lector</span> <span class='ocrx_word' id='word_1_211' title='bbox 1079 1868 1157 1937; x_wconf 92' lang='lat' dir='ltr'>(p.</span> <span class='ocrx_word' id='word_1_212' title='bbox 1191 1867 1299 1935; x_wconf 91' lang='lat'>55).</span> 
     </span>
    </p>
   </div>
   <div class='ocr_carea' id='block_1_35' title="bbox 265 1958 1815 2030">
    <p class='ocr_par' dir='ltr' id='par_1_35' title="bbox 265 1958 1815 2030">
     <span class='ocr_line' id='line_1_35' title="bbox 265 1958 1815 2030; baseline 0.001 -19"><span class='ocrx_word' id='word_1_213' title='bbox 265 1959 318 2012; x_wconf 85' lang='lat' dir='ltr'>X.</span> <span class='ocrx_word' id='word_1_214' title='bbox 348 1959 490 2013; x_wconf 87' lang='lat' dir='ltr'>llinc</span> <span class='ocrx_word' id='word_1_215' title='bbox 520 1959 589 2014; x_wconf 84' lang='lat' dir='ltr'>de</span> <span class='ocrx_word' id='word_1_216' title='bbox 619 1959 755 2030; x_wconf 86' lang='lat' dir='ltr'>ipsis</span> <span class='ocrx_word' id='word_1_217' title='bbox 786 1959 1157 2030; x_wconf 88' lang='lat' dir='ltr'>iniquissimis</span> <span class='ocrx_word' id='word_1_218' title='bbox 1197 1958 1525 2013; x_wconf 76' lang='lat' dir='ltr'>Felicissimi</span> <span class='ocrx_word' id='word_1_219' title='bbox 1572 1959 1815 2026; x_wconf 88' lang='lat' dir='ltr'>asseclis,</span> 
     </span>
    </p>
   </div>
   <div class='ocr_carea' id='block_1_36' title="bbox 203 2051 1815 2123">
    <p class='ocr_par' dir='ltr' id='par_1_36' title="bbox 203 2051 1815 2123">
     <span class='ocr_line' id='line_1_36' title="bbox 203 2051 1815 2123; baseline 0 -18"><span class='ocrx_word' id='word_1_220' title='bbox 203 2068 433 2123; x_wconf 88' lang='lat' dir='ltr'>quorum</span> <span class='ocrx_word' id='word_1_221' title='bbox 481 2051 756 2106; x_wconf 87' lang='lat' dir='ltr'>immania</span> <span class='ocrx_word' id='word_1_222' title='bbox 804 2053 1014 2106; x_wconf 88' lang='lat' dir='ltr'>scelera</span> <span class='ocrx_word' id='word_1_223' title='bbox 1062 2058 1119 2107; x_wconf 91' lang='lat' dir='ltr'>et</span> <span class='ocrx_word' id='word_1_224' title='bbox 1168 2053 1574 2106; x_wconf 81' lang='lat' dir='ltr'>exsecrabilem</span> <span class='ocrx_word' id='word_1_225' title='bbox 1624 2053 1815 2120; x_wconf 89' lang='lat' dir='ltr'>vitam,</span> 
     </span>
    </p>
   </div>
   <div class='ocr_carea' id='block_1_37' title="bbox 205 2145 1817 2216">
    <p class='ocr_par' dir='ltr' id='par_1_37' title="bbox 205 2145 1817 2216">
     <span class='ocr_line' id='line_1_37' title="bbox 205 2145 1817 2216; baseline 0 -17"><span class='ocrx_word' id='word_1_226' title='bbox 205 2146 428 2199; x_wconf 82' lang='lat' dir='ltr'>schisma</span> <span class='ocrx_word' id='word_1_227' title='bbox 475 2162 726 2216; x_wconf 91' lang='lat' dir='ltr'>quoque,</span> <span class='ocrx_word' id='word_1_228' title='bbox 762 2152 819 2200; x_wconf 91' lang='lat' dir='ltr'>et</span> <span class='ocrx_word' id='word_1_229' title='bbox 867 2146 936 2200; x_wconf 89' lang='lat' dir='ltr'>ab</span> <span class='ocrx_word' id='word_1_230' title='bbox 973 2145 1217 2200; x_wconf 88' lang='lat' dir='ltr'>Ecclesia</span> <span class='ocrx_word' id='word_1_231' title='bbox 1257 2146 1638 2200; x_wconf 81' lang='lat' dir='ltr'>defectionem</span> <span class='ocrx_word' id='word_1_232' title='bbox 1683 2163 1817 2216; x_wconf 93' lang='lat' dir='ltr'>pro-</span> 
     </span>
    </p>
   </div>
   <div class='ocr_carea' id='block_1_38' title="bbox 205 2235 1817 2307">
    <p class='ocr_par' dir='ltr' id='par_1_38' title="bbox 205 2235 1817 2307">
     <span class='ocr_line' id='line_1_38' title="bbox 205 2235 1817 2307; baseline 0.001 -18"><span class='ocrx_word' id='word_1_233' title='bbox 205 2237 339 2290; x_wconf 81' lang='lat' dir='ltr'>xime</span> <span class='ocrx_word' id='word_1_234' title='bbox 377 2243 509 2291; x_wconf 88' lang='lat' dir='ltr'>ante</span> <span class='ocrx_word' id='word_1_235' title='bbox 548 2235 944 2306; x_wconf 87' lang='lat' dir='ltr'>descripserat,</span> <span class='ocrx_word' id='word_1_236' title='bbox 984 2237 1106 2291; x_wconf 65' lang='lat' dir='ltr'>haec</span> <span class='ocrx_word' id='word_1_237' title='bbox 1136 2237 1510 2307; x_wconf 90' lang='lat' dir='ltr'>pronuntiare</span> <span class='ocrx_word' id='word_1_238' title='bbox 1553 2253 1667 2290; x_wconf 91' lang='lat' dir='ltr'>non</span> <span class='ocrx_word' id='word_1_239' title='bbox 1715 2237 1817 2290; x_wconf 91' lang='lat' dir='ltr'>du-</span> 
     </span>
    </p>
   </div>
   <div class='ocr_carea' id='block_1_39' title="bbox 204 2330 1821 2402">
    <p class='ocr_par' dir='ltr' id='par_1_39' title="bbox 204 2330 1821 2402">
     <span class='ocr_line' id='line_1_39' title="bbox 204 2330 1821 2402; baseline 0 -18"><span class='ocrx_word' id='word_1_240' title='bbox 204 2331 334 2385; x_wconf 87' lang='lat' dir='ltr'>bitat</span> <span class='ocrx_word' id='word_1_241' title='bbox 374 2330 562 2402; x_wconf 82' lang='lat' dir='ltr'>(epist.</span> <span class='ocrx_word' id='word_1_242' title='bbox 613 2335 701 2397; x_wconf 88' lang='lat'>55,</span> <span class='ocrx_word' id='word_1_243' title='bbox 753 2348 809 2400; x_wconf 93' lang='lat' dir='ltr'>p.</span> <span class='ocrx_word' id='word_1_244' title='bbox 861 2331 992 2399; x_wconf 64' lang='lat'>84):</span> <span class='ocrx_word' id='word_1_245' title='bbox 1038 2351 1065 2379; x_wconf 87' lang='grc'>‹‹</span> <span class='ocrx_word' id='word_1_246' title='bbox 1119 2331 1174 2386; x_wconf 93' lang='lat' dir='ltr'>Si</span> <span class='ocrx_word' id='word_1_247' title='bbox 1223 2330 1509 2400; x_wconf 89' lang='lat' dir='ltr'>judicium</span> <span class='ocrx_word' id='word_1_248' title='bbox 1565 2337 1821 2385; x_wconf 89' lang='lat' dir='ltr'>nostrum</span> 
     </span>
    </p>
   </div>
   <div class='ocr_carea' id='block_1_40' title="bbox 206 2423 1822 2495">
    <p class='ocr_par' dir='ltr' id='par_1_40' title="bbox 206 2423 1822 2495">
     <span class='ocr_line' id='line_1_40' title="bbox 206 2423 1822 2495; baseline 0 -18"><span class='ocrx_word' id='word_1_249' title='bbox 206 2425 481 2479; x_wconf 86' lang='lat' dir='ltr'>voluerint</span> <span class='ocrx_word' id='word_1_250' title='bbox 532 2425 801 2495; x_wconf 87' lang='lat' dir='ltr'>experiri,</span> <span class='ocrx_word' id='word_1_251' title='bbox 840 2423 1089 2478; x_wconf 83' lang='lat' dir='ltr'>veniant.</span> <span class='ocrx_word' id='word_1_252' title='bbox 1137 2425 1392 2495; x_wconf 86' lang='lat' dir='ltr'>Denique</span> <span class='ocrx_word' id='word_1_253' title='bbox 1450 2425 1497 2478; x_wconf 88' lang='lat' dir='ltr'>si</span> <span class='ocrx_word' id='word_1_254' title='bbox 1551 2441 1664 2495; x_wconf 87' lang='lat' dir='ltr'>qua</span> <span class='ocrx_word' id='word_1_255' title='bbox 1716 2425 1822 2477; x_wconf 91' lang='lat' dir='ltr'>illis</span> 
     </span>
    </p>
   </div>
   <div class='ocr_carea' id='block_1_41' title="bbox 209 2517 1821 2589">
    <p class='ocr_par' dir='ltr' id='par_1_41' title="bbox 209 2517 1821 2589">
     <span class='ocr_line' id='line_1_41' title="bbox 209 2517 1821 2589; baseline 0.001 -19"><span class='ocrx_word' id='word_1_256' title='bbox 209 2518 486 2572; x_wconf 82' lang='lat' dir='ltr'>excusatio</span> <span class='ocrx_word' id='word_1_257' title='bbox 519 2522 576 2572; x_wconf 88' lang='lat' dir='ltr'>et</span> <span class='ocrx_word' id='word_1_258' title='bbox 618 2517 873 2571; x_wconf 85' lang='lat' dir='ltr'>defensio</span> <span class='ocrx_word' id='word_1_259' title='bbox 915 2522 1099 2587; x_wconf 86' lang='lat' dir='ltr'>potest</span> <span class='ocrx_word' id='word_1_260' title='bbox 1140 2534 1281 2585; x_wconf 90' lang='lat' dir='ltr'>esse,</span> <span class='ocrx_word' id='word_1_261' title='bbox 1311 2517 1606 2572; x_wconf 89' lang='lat' dir='ltr'>videamus</span> <span class='ocrx_word' id='word_1_262' title='bbox 1651 2535 1821 2589; x_wconf 86' lang='lat' dir='ltr'>quem</span> 
     </span>
    </p>
   </div>
   <div class='ocr_carea' id='block_1_42' title="bbox 207 2611 1825 2682">
    <p class='ocr_par' dir='ltr' id='par_1_42' title="bbox 207 2611 1825 2682">
     <span class='ocr_line' id='line_1_42' title="bbox 207 2611 1825 2682; baseline 0 -17"><span class='ocrx_word' id='word_1_263' title='bbox 207 2611 441 2665; x_wconf 87' lang='lat' dir='ltr'>habeant</span> <span class='ocrx_word' id='word_1_264' title='bbox 487 2611 882 2666; x_wconf 87' lang='lat' dir='ltr'>satisfactionis</span> <span class='ocrx_word' id='word_1_265' title='bbox 924 2628 1038 2664; x_wconf 81' lang='lat' dir='ltr'>suae</span> <span class='ocrx_word' id='word_1_266' title='bbox 1073 2628 1323 2678; x_wconf 87' lang='lat' dir='ltr'>sensum,</span> <span class='ocrx_word' id='word_1_267' title='bbox 1356 2628 1527 2682; x_wconf 89' lang='lat' dir='ltr'>quem</span> <span class='ocrx_word' id='word_1_268' title='bbox 1576 2611 1825 2666; x_wconf 78' lang='lat' dir='ltr'>afferant</span> 
     </span>
    </p>
   </div>
   <div class='ocr_carea' id='block_1_43' title="bbox 207 2705 1824 2777">
    <p class='ocr_par' dir='ltr' id='par_1_43' title="bbox 207 2705 1824 2777">
     <span class='ocr_line' id='line_1_43' title="bbox 207 2705 1824 2777; baseline -0.001 -17"><span class='ocrx_word' id='word_1_269' title='bbox 207 2705 551 2776; x_wconf 65' lang='lat' dir='ltr'>pmnitentiaa</span> <span class='ocrx_word' id='word_1_270' title='bbox 577 2705 845 2760; x_wconf 88' lang='lat' dir='ltr'>fructum.</span> <span class='ocrx_word' id='word_1_271' title='bbox 879 2706 988 2759; x_wconf 89' lang='lat' dir='ltr'>Nec</span> <span class='ocrx_word' id='word_1_272' title='bbox 1016 2706 1261 2760; x_wconf 86' lang='lat' dir='ltr'>Ecclesia</span> <span class='ocrx_word' id='word_1_273' title='bbox 1289 2705 1412 2758; x_wconf 90' lang='lat' dir='ltr'>istic</span> <span class='ocrx_word' id='word_1_274' title='bbox 1445 2705 1648 2777; x_wconf 90' lang='lat' dir='ltr'>cuique</span> <span class='ocrx_word' id='word_1_275' title='bbox 1678 2707 1824 2759; x_wconf 88' lang='lat' dir='ltr'>clau-</span> 
     </span>
    </p>
   </div>
   <div class='ocr_carea' id='block_1_44' title="bbox 208 2798 1819 2870">
    <p class='ocr_par' dir='ltr' id='par_1_44' title="bbox 208 2798 1819 2870">
     <span class='ocr_line' id='line_1_44' title="bbox 208 2798 1819 2870; baseline 0 -18"><span class='ocrx_word' id='word_1_276' title='bbox 208 2800 365 2866; x_wconf 88' lang='lat' dir='ltr'>ditur,</span> <span class='ocrx_word' id='word_1_277' title='bbox 397 2816 508 2853; x_wconf 90' lang='lat' dir='ltr'>nec</span> <span class='ocrx_word' id='word_1_278' title='bbox 538 2798 836 2870; x_wconf 88' lang='lat' dir='ltr'>episcopus</span> <span class='ocrx_word' id='word_1_279' title='bbox 875 2799 1042 2853; x_wconf 90' lang='lat' dir='ltr'>alicui</span> <span class='ocrx_word' id='word_1_280' title='bbox 1086 2799 1424 2868; x_wconf 80' lang='lat' dir='ltr'>denegatur.</span> <span class='ocrx_word' id='word_1_281' title='bbox 1459 2799 1819 2863; x_wconf 79' lang='lat' dir='ltr'>Pcenitentia,</span> 
     </span>
    </p>
   </div>
   <div class='ocr_carea' id='block_1_45' title="bbox 207 2893 1823 2964">
    <p class='ocr_par' dir='ltr' id='par_1_45' title="bbox 207 2893 1823 2964">
     <span class='ocr_line' id='line_1_45' title="bbox 207 2893 1823 2964; baseline 0 -17"><span class='ocrx_word' id='word_1_282' title='bbox 207 2899 256 2946; x_wconf 86' lang='lat' dir='ltr'>et</span> <span class='ocrx_word' id='word_1_283' title='bbox 279 2894 540 2959; x_wconf 82' lang='lat' dir='ltr'>facilitas,</span> <span class='ocrx_word' id='word_1_284' title='bbox 575 2899 630 2947; x_wconf 86' lang='lat' dir='ltr'>et</span> <span class='ocrx_word' id='word_1_285' title='bbox 657 2893 981 2946; x_wconf 84' lang='lat' dir='ltr'>humanitas</span> <span class='ocrx_word' id='word_1_286' title='bbox 1009 2895 1201 2946; x_wconf 89' lang='lat' dir='ltr'>nostra</span> <span class='ocrx_word' id='word_1_287' title='bbox 1233 2893 1585 2947; x_wconf 87' lang='lat' dir='ltr'>venientibus</span> <span class='ocrx_word' id='word_1_288' title='bbox 1616 2898 1823 2964; x_wconf 65' lang='lat' dir='ltr'>praesto</span> 
     </span>
    </p>
   </div>
   <div class='ocr_carea' id='block_1_46' title="bbox 206 2986 1820 3059">
    <p class='ocr_par' dir='ltr' id='par_1_46' title="bbox 206 2986 1820 3059">
     <span class='ocr_line' id='line_1_46' title="bbox 206 2986 1820 3059; baseline 0.001 -21"><span class='ocrx_word' id='word_1_289' title='bbox 206 2990 296 3041; x_wconf 89' lang='lat' dir='ltr'>est.</span> <span class='ocrx_word' id='word_1_290' title='bbox 330 2988 478 3059; x_wconf 90' lang='lat' dir='ltr'>Opto</span> <span class='ocrx_word' id='word_1_291' title='bbox 502 3002 699 3042; x_wconf 91' lang='lat' dir='ltr'>omnes</span> <span class='ocrx_word' id='word_1_292' title='bbox 733 2986 792 3039; x_wconf 87' lang='lat' dir='ltr'>in</span> <span class='ocrx_word' id='word_1_293' title='bbox 813 2986 1119 3041; x_wconf 88' lang='lat' dir='ltr'>Ecclesiam</span> <span class='ocrx_word' id='word_1_294' title='bbox 1151 2987 1397 3057; x_wconf 87' lang='lat' dir='ltr'>regredi,</span> <span class='ocrx_word' id='word_1_295' title='bbox 1431 2991 1566 3057; x_wconf 85' lang='lat' dir='ltr'>Opto</span> <span class='ocrx_word' id='word_1_296' title='bbox 1593 2988 1820 3040; x_wconf 81' lang='lat' dir='ltr'>univer-</span> 
     </span>
    </p>
   </div>
   <div class='ocr_carea' id='block_1_47' title="bbox 1917 1865 3538 1938">
    <p class='ocr_par' dir='ltr' id='par_1_47' title="bbox 1917 1865 3538 1938">
     <span class='ocr_line' id='line_1_47' title="bbox 1917 1865 3538 1938; baseline 0.002 -17"><span class='ocrx_word' id='word_1_297' title='bbox 1917 1867 2336 1937; x_wconf 88' lang='lat' dir='ltr'>Scripturarum</span> <span class='ocrx_word' id='word_1_298' title='bbox 2368 1867 2510 1932; x_wconf 91' lang='lat' dir='ltr'>loca,</span> <span class='ocrx_word' id='word_1_299' title='bbox 2551 1882 2677 1935; x_wconf 67' lang='lat' dir='ltr'>quae</span> <span class='ocrx_word' id='word_1_300' title='bbox 2715 1865 2772 1919; x_wconf 90' lang='lat' dir='ltr'>in</span> <span class='ocrx_word' id='word_1_301' title='bbox 2799 1867 2903 1919; x_wconf 87' lang='lat' dir='ltr'>hoc</span> <span class='ocrx_word' id='word_1_302' title='bbox 2932 1868 3202 1937; x_wconf 90' lang='lat' dir='ltr'>opusculo</span> <span class='ocrx_word' id='word_1_303' title='bbox 3233 1869 3538 1938; x_wconf 86' lang='lat' dir='ltr'>habentur,</span> 
     </span>
    </p>
   </div>
   <div class='ocr_carea' id='block_1_48' title="bbox 1918 1960 3538 2033">
    <p class='ocr_par' dir='ltr' id='par_1_48' title="bbox 1918 1960 3538 2033">
     <span class='ocr_line' id='line_1_48' title="bbox 1918 1960 3538 2033; baseline 0.003 -20"><span class='ocrx_word' id='word_1_304' title='bbox 1918 1960 2312 2031; x_wconf 76' lang='lat' dir='ltr'>pcenitentiam</span> <span class='ocrx_word' id='word_1_305' title='bbox 2345 1961 2643 2030; x_wconf 88' lang='lat' dir='ltr'>respicere.</span> <span class='ocrx_word' id='word_1_306' title='bbox 2676 1960 2820 2025; x_wconf 87' lang='lat' dir='ltr'>Alia,</span> <span class='ocrx_word' id='word_1_307' title='bbox 2851 1978 3032 2031; x_wconf 70' lang='lat' dir='ltr'>eaque</span> <span class='ocrx_word' id='word_1_308' title='bbox 3073 1977 3186 2014; x_wconf 93' lang='lat' dir='ltr'>non</span> <span class='ocrx_word' id='word_1_309' title='bbox 3216 1979 3417 2033; x_wconf 85' lang='lat' dir='ltr'>pauca,</span> <span class='ocrx_word' id='word_1_310' title='bbox 3453 1965 3538 2018; x_wconf 86' lang='lat' dir='ltr'>iu-</span> 
     </span>
    </p>
   </div>
   <div class='ocr_carea' id='block_1_49' title="bbox 1918 2053 3540 2125">
    <p class='ocr_par' dir='ltr' id='par_1_49' title="bbox 1918 2053 3540 2125">
     <span class='ocr_line' id='line_1_49' title="bbox 1918 2053 3540 2125; baseline 0.003 -18"><span class='ocrx_word' id='word_1_311' title='bbox 1918 2054 2108 2108; x_wconf 86' lang='lat' dir='ltr'>venies</span> <span class='ocrx_word' id='word_1_312' title='bbox 2156 2055 2212 2107; x_wconf 91' lang='lat' dir='ltr'>in</span> <span class='ocrx_word' id='word_1_313' title='bbox 2262 2053 2532 2108; x_wconf 86' lang='lat' dir='ltr'>Bachiarii</span> <span class='ocrx_word' id='word_1_314' title='bbox 2570 2053 2714 2106; x_wconf 89' lang='lat' dir='ltr'>libro</span> <span class='ocrx_word' id='word_1_315' title='bbox 2757 2053 2828 2107; x_wconf 83' lang='lat' dir='ltr'>ad</span> <span class='ocrx_word' id='word_1_316' title='bbox 2867 2056 3201 2110; x_wconf 69' lang='lat' dir='ltr'>Ianuarium</span> <span class='ocrx_word' id='word_1_317' title='bbox 3249 2057 3438 2125; x_wconf 85' lang='lat' dir='ltr'>misso,</span> <span class='ocrx_word' id='word_1_318' title='bbox 3483 2059 3540 2112; x_wconf 89' lang='lat' dir='ltr'>in</span> 
     </span>
    </p>
   </div>
   <div class='ocr_carea' id='block_1_50' title="bbox 1920 2147 3546 2218">
    <p class='ocr_par' dir='ltr' id='par_1_50' title="bbox 1920 2147 3546 2218">
     <span class='ocr_line' id='line_1_50' title="bbox 1920 2147 3546 2218; baseline 0.002 -15"><span class='ocrx_word' id='word_1_319' title='bbox 1920 2148 2203 2203; x_wconf 81' lang='lat' dir='ltr'>Parallelis</span> <span class='ocrx_word' id='word_1_320' title='bbox 2261 2163 2492 2217; x_wconf 88' lang='lat' dir='ltr'>quoque</span> <span class='ocrx_word' id='word_1_321' title='bbox 2537 2147 2857 2201; x_wconf 88' lang='lat' dir='ltr'>Damasseni</span> <span class='ocrx_word' id='word_1_322' title='bbox 2920 2149 3049 2218; x_wconf 89' lang='lat' dir='ltr'>(litt.</span> <span class='ocrx_word' id='word_1_323' title='bbox 3099 2163 3152 2212; x_wconf 86' lang='grc' dir='ltr'>μ,</span> <span class='ocrx_word' id='word_1_324' title='bbox 3186 2151 3272 2205; x_wconf 89' lang='lat' dir='ltr'>tit.</span> <span class='ocrx_word' id='word_1_325' title='bbox 3317 2167 3395 2218; x_wconf 82' lang='lat' dir='ltr'>Ill,</span> <span class='ocrx_word' id='word_1_326' title='bbox 3440 2163 3546 2215; x_wconf 80' lang='grc' dir='ltr'>περὶ</span> 
     </span>
    </p>
   </div>
   <div class='ocr_carea' id='block_1_51' title="bbox 1921 2236 3542 2312">
    <p class='ocr_par' dir='ltr' id='par_1_51' title="bbox 1921 2236 3542 2312">
     <span class='ocr_line' id='line_1_51' title="bbox 1921 2236 3542 2312; baseline 0.002 -21"><span class='ocrx_word' id='word_1_327' title='bbox 1921 2243 2186 2306; x_wconf 79' lang='grc' dir='ltr'>μετανοίας,</span> <span class='ocrx_word' id='word_1_328' title='bbox 2245 2240 2376 2305; x_wconf 88' lang='lat' dir='ltr'>etc.)</span> <span class='ocrx_word' id='word_1_329' title='bbox 2440 2236 2498 2288; x_wconf 92' lang='lat' dir='ltr'>in</span> <span class='ocrx_word' id='word_1_330' title='bbox 2561 2252 2628 2289; x_wconf 92' lang='lat' dir='ltr'>eo</span> <span class='ocrx_word' id='word_1_331' title='bbox 2691 2236 2916 2306; x_wconf 87' lang='lat' dir='ltr'>capite,</span> <span class='ocrx_word' id='word_1_332' title='bbox 2974 2239 3130 2308; x_wconf 91' lang='lat' dir='ltr'>quod</span> <span class='ocrx_word' id='word_1_333' title='bbox 3195 2239 3255 2292; x_wconf 90' lang='lat' dir='ltr'>in</span> <span class='ocrx_word' id='word_1_334' title='bbox 3319 2241 3542 2312; x_wconf 68' lang='lat' dir='ltr'>pagina:</span> 
     </span>
    </p>
   </div>
   <div class='ocr_carea' id='block_1_52' title="bbox 1921 2329 3544 2404">
    <p class='ocr_par' dir='ltr' id='par_1_52' title="bbox 1921 2329 3544 2404">
     <span class='ocr_line' id='line_1_52' title="bbox 1921 2329 3544 2404; baseline 0.001 -20"><span class='ocrx_word' id='word_1_335' title='bbox 1921 2333 2074 2385; x_wconf 88' lang='lat' dir='ltr'>calce</span> <span class='ocrx_word' id='word_1_336' title='bbox 2107 2331 2311 2400; x_wconf 89' lang='lat' dir='ltr'>allego,</span> <span class='ocrx_word' id='word_1_337' title='bbox 2346 2329 2610 2399; x_wconf 86' lang='lat' dir='ltr'>quodque</span> <span class='ocrx_word' id='word_1_338' title='bbox 2643 2330 2686 2382; x_wconf 89' lang='lat' dir='ltr'>si</span> <span class='ocrx_word' id='word_1_339' title='bbox 2722 2346 2851 2382; x_wconf 91' lang='lat' dir='ltr'>cum</span> <span class='ocrx_word' id='word_1_340' title='bbox 2895 2331 3003 2384; x_wconf 92' lang='lat' dir='ltr'>hoc</span> <span class='ocrx_word' id='word_1_341' title='bbox 3040 2332 3233 2386; x_wconf 89' lang='lat' dir='ltr'>libello</span> <span class='ocrx_word' id='word_1_342' title='bbox 3267 2335 3544 2404; x_wconf 82' lang='lat' dir='ltr'>conferas,</span> 
     </span>
    </p>
   </div>
   <div class='ocr_carea' id='block_1_53' title="bbox 1916 2422 3546 2498">
    <p class='ocr_par' dir='ltr' id='par_1_53' title="bbox 1916 2422 3546 2498">
     <span class='ocr_line' id='line_1_53' title="bbox 1916 2422 3546 2498; baseline 0.003 -22"><span class='ocrx_word' id='word_1_343' title='bbox 1916 2423 2396 2494; x_wconf 82' lang='lat' dir='ltr'>jucundissimum</span> <span class='ocrx_word' id='word_1_344' title='bbox 2429 2423 2481 2475; x_wconf 90' lang='lat' dir='ltr'>id</span> <span class='ocrx_word' id='word_1_345' title='bbox 2512 2422 2612 2476; x_wconf 87' lang='lat' dir='ltr'>tibi</span> <span class='ocrx_word' id='word_1_346' title='bbox 2641 2423 2769 2489; x_wconf 92' lang='lat' dir='ltr'>erit,</span> <span class='ocrx_word' id='word_1_347' title='bbox 2795 2429 2851 2475; x_wconf 91' lang='lat' dir='ltr'>et</span> <span class='ocrx_word' id='word_1_348' title='bbox 2878 2424 3040 2478; x_wconf 88' lang='lat' dir='ltr'>valde</span> <span class='ocrx_word' id='word_1_349' title='bbox 3071 2426 3226 2480; x_wconf 90' lang='lat' dir='ltr'>utile.</span> <span class='ocrx_word' id='word_1_350' title='bbox 3253 2429 3324 2481; x_wconf 87' lang='lat' dir='ltr'>Ea</span> <span class='ocrx_word' id='word_1_351' title='bbox 3355 2427 3546 2498; x_wconf 88' lang='lat' dir='ltr'>itaque</span> 
     </span>
    </p>
   </div>
   <div class='ocr_carea' id='block_1_54' title="bbox 1922 2516 3548 2587">
    <p class='ocr_par' dir='ltr' id='par_1_54' title="bbox 1922 2516 3548 2587">
     <span class='ocr_line' id='line_1_54' title="bbox 1922 2516 3548 2587; baseline 0.001 -16"><span class='ocrx_word' id='word_1_352' title='bbox 1922 2518 2047 2571; x_wconf 92' lang='lat' dir='ltr'>loca</span> <span class='ocrx_word' id='word_1_353' title='bbox 2076 2534 2201 2586; x_wconf 67' lang='lat' dir='ltr'>qua:</span> <span class='ocrx_word' id='word_1_354' title='bbox 2231 2516 2320 2569; x_wconf 88' lang='lat' dir='ltr'>hic</span> <span class='ocrx_word' id='word_1_355' title='bbox 2355 2520 2739 2580; x_wconf 84' lang='lat' dir='ltr'>recensentur,</span> <span class='ocrx_word' id='word_1_356' title='bbox 2771 2523 2868 2570; x_wconf 89' lang='lat' dir='ltr'>aut</span> <span class='ocrx_word' id='word_1_357' title='bbox 2899 2517 3086 2587; x_wconf 90' lang='lat' dir='ltr'>portio</span> <span class='ocrx_word' id='word_1_358' title='bbox 3117 2521 3388 2573; x_wconf 89' lang='lat' dir='ltr'>nonnulla</span> <span class='ocrx_word' id='word_1_359' title='bbox 3419 2525 3548 2574; x_wconf 88' lang='lat' dir='ltr'>sunt</span> 
     </span>
    </p>
   </div>
   <div class='ocr_carea' id='block_1_55' title="bbox 1923 2609 3544 2683">
    <p class='ocr_par' dir='ltr' id='par_1_55' title="bbox 1923 2609 3544 2683">
     <span class='ocr_line' id='line_1_55' title="bbox 1923 2609 3544 2683; baseline 0.003 -21"><span class='ocrx_word' id='word_1_360' title='bbox 1923 2609 2211 2680; x_wconf 88' lang='lat' dir='ltr'>amplioris</span> <span class='ocrx_word' id='word_1_361' title='bbox 2260 2610 2408 2674; x_wconf 90' lang='lat' dir='ltr'>libri,</span> <span class='ocrx_word' id='word_1_362' title='bbox 2457 2611 2552 2679; x_wconf 89' lang='lat' dir='ltr'>qui</span> <span class='ocrx_word' id='word_1_363' title='bbox 2608 2611 2788 2664; x_wconf 89' lang='lat' dir='ltr'>multo</span> <span class='ocrx_word' id='word_1_364' title='bbox 2843 2612 3003 2681; x_wconf 89' lang='lat' dir='ltr'>plura</span> <span class='ocrx_word' id='word_1_365' title='bbox 3043 2613 3544 2683; x_wconf 82' lang='lat' dir='ltr'>complectebatur,</span> 
     </span>
    </p>
   </div>
   <div class='ocr_carea' id='block_1_56' title="bbox 1926 2704 3533 2775">
    <p class='ocr_par' dir='ltr' id='par_1_56' title="bbox 1926 2704 3533 2775">
     <span class='ocr_line' id='line_1_56' title="bbox 1926 2704 3533 2775; baseline 0.001 -18"><span class='ocrx_word' id='word_1_366' title='bbox 1926 2708 2043 2771; x_wconf 87' lang='lat' dir='ltr'>aut,</span> <span class='ocrx_word' id='word_1_367' title='bbox 2076 2705 2120 2757; x_wconf 91' lang='lat' dir='ltr'>si</span> <span class='ocrx_word' id='word_1_368' title='bbox 2148 2705 2247 2772; x_wconf 90' lang='lat' dir='ltr'>vis,</span> <span class='ocrx_word' id='word_1_369' title='bbox 2278 2705 2486 2756; x_wconf 90' lang='lat' dir='ltr'>selecta</span> <span class='ocrx_word' id='word_1_370' title='bbox 2516 2720 2584 2756; x_wconf 91' lang='lat' dir='ltr'>ea</span> <span class='ocrx_word' id='word_1_371' title='bbox 2628 2709 2759 2757; x_wconf 91' lang='lat' dir='ltr'>sunt</span> <span class='ocrx_word' id='word_1_372' title='bbox 2804 2704 2971 2757; x_wconf 85' lang='lat' dir='ltr'>veluti</span> <span class='ocrx_word' id='word_1_373' title='bbox 3018 2705 3250 2775; x_wconf 80' lang='lat' dir='ltr'>reliquis</span> <span class='ocrx_word' id='word_1_374' title='bbox 3293 2706 3533 2775; x_wconf 81' lang='lat' dir='ltr'>aptiora,</span> 
     </span>
    </p>
   </div>
   <div class='ocr_carea' id='block_1_57' title="bbox 1923 2797 3548 2869">
    <p class='ocr_par' dir='ltr' id='par_1_57' title="bbox 1923 2797 3548 2869">
     <span class='ocr_line' id='line_1_57' title="bbox 1923 2797 3548 2869; baseline 0.001 -18"><span class='ocrx_word' id='word_1_375' title='bbox 1923 2798 2116 2851; x_wconf 90' lang='lat' dir='ltr'>nonad</span> <span class='ocrx_word' id='word_1_376' title='bbox 2136 2798 2429 2851; x_wconf 87' lang='lat' dir='ltr'>utilitatem</span> <span class='ocrx_word' id='word_1_377' title='bbox 2461 2797 2716 2868; x_wconf 88' lang='lat' dir='ltr'>quidem,</span> <span class='ocrx_word' id='word_1_378' title='bbox 2737 2798 3245 2869; x_wconf 87' lang='lat' dir='ltr'>necessitatemque</span> <span class='ocrx_word' id='word_1_379' title='bbox 3273 2799 3548 2868; x_wconf 66' lang='lat' dir='ltr'>paeniten-</span> 
     </span>
    </p>
   </div>
   <div class='ocr_carea' id='block_1_58' title="bbox 1925 2891 3550 2962">
    <p class='ocr_par' dir='ltr' id='par_1_58' title="bbox 1925 2891 3550 2962">
     <span class='ocr_line' id='line_1_58' title="bbox 1925 2891 3550 2962; baseline 0 -18"><span class='ocrx_word' id='word_1_380' title='bbox 1925 2893 2017 2944; x_wconf 69' lang='lat' dir='ltr'>tiae</span> <span class='ocrx_word' id='word_1_381' title='bbox 2043 2891 2363 2962; x_wconf 87' lang='lat' dir='ltr'>generatim</span> <span class='ocrx_word' id='word_1_382' title='bbox 2397 2891 2666 2961; x_wconf 76' lang='lat' dir='ltr'>inspectae</span> <span class='ocrx_word' id='word_1_383' title='bbox 2699 2891 3089 2958; x_wconf 89' lang='lat' dir='ltr'>asserendam,</span> <span class='ocrx_word' id='word_1_384' title='bbox 3112 2891 3212 2945; x_wconf 90' lang='lat' dir='ltr'>scd</span> <span class='ocrx_word' id='word_1_385' title='bbox 3242 2891 3314 2945; x_wconf 90' lang='lat' dir='ltr'>ad</span> <span class='ocrx_word' id='word_1_386' title='bbox 3347 2893 3550 2946; x_wconf 84' lang='lat' dir='ltr'>utilita-</span> 
     </span>
    </p>
   </div>
   <div class='ocr_carea' id='block_1_59' title="bbox 1924 2985 3552 3055">
    <p class='ocr_par' dir='ltr' id='par_1_59' title="bbox 1924 2985 3552 3055">
     <span class='ocr_line' id='line_1_59' title="bbox 1924 2985 3552 3055; baseline 0.001 -16"><span class='ocrx_word' id='word_1_387' title='bbox 1924 2991 2037 3040; x_wconf 83' lang='lat' dir='ltr'>tem</span> <span class='ocrx_word' id='word_1_388' title='bbox 2072 2985 2583 3055; x_wconf 87' lang='lat' dir='ltr'>necessitatemque</span> <span class='ocrx_word' id='word_1_389' title='bbox 2604 2985 2754 3039; x_wconf 91' lang='lat' dir='ltr'>illius</span> <span class='ocrx_word' id='word_1_390' title='bbox 2778 2985 3004 3055; x_wconf 88' lang='lat' dir='ltr'>generis</span> <span class='ocrx_word' id='word_1_391' title='bbox 3032 2986 3382 3055; x_wconf 61' lang='lat' dir='ltr'>poenitentia:</span> <span class='ocrx_word' id='word_1_392' title='bbox 3405 3003 3552 3040; x_wconf 89' lang='lat' dir='ltr'>assc-</span> 
     </span>
    </p>
   </div>
   <div class='ocr_carea' id='block_1_60' title="bbox 207 3079 3544 3194">
    <p class='ocr_par' dir='ltr' id='par_1_60' title="bbox 207 3079 3544 3194">
     <span class='ocr_line' id='line_1_60' title="bbox 207 3079 3544 3194; baseline 0 -61"><span class='ocrx_word' id='word_1_393' title='bbox 207 3097 289 3134; x_wconf 88' lang='lat' dir='ltr'>sos</span> <span class='ocrx_word' id='word_1_394' title='bbox 342 3080 767 3136; x_wconf 86' lang='lat' dir='ltr'>commilitones</span> <span class='ocrx_word' id='word_1_395' title='bbox 820 3084 1040 3135; x_wconf 91' lang='lat' dir='ltr'>nostros</span> <span class='ocrx_word' id='word_1_396' title='bbox 1092 3080 1240 3135; x_wconf 89' lang='lat' dir='ltr'>intra</span> <span class='ocrx_word' id='word_1_397' title='bbox 1291 3080 1496 3137; x_wconf 88' lang='lat' dir='ltr'>Christi</span> <span class='ocrx_word' id='word_1_398' title='bbox 1548 3085 1729 3134; x_wconf 87' lang='lat' dir='ltr'>castra</span> <span class='ocrx_word' id='word_1_399' title='bbox 1770 3084 1900 3194; x_wconf 81' lang='lat' dir='ltr'>etC</span> <span class='ocrx_word' id='word_1_400' title='bbox 1927 3079 2186 3146; x_wconf 89' lang='lat' dir='ltr'>rendam,</span> <span class='ocrx_word' id='word_1_401' title='bbox 2217 3079 2284 3133; x_wconf 90' lang='lat' dir='ltr'>de</span> <span class='ocrx_word' id='word_1_402' title='bbox 2311 3096 2422 3149; x_wconf 88' lang='lat' dir='ltr'>quo</span> <span class='ocrx_word' id='word_1_403' title='bbox 2456 3095 2668 3149; x_wconf 88' lang='lat' dir='ltr'>genere</span> <span class='ocrx_word' id='word_1_404' title='bbox 2696 3095 2937 3133; x_wconf 89' lang='lat' dir='ltr'>numero</span> <span class='ocrx_word' id='word_1_405' title='bbox 2965 3081 3016 3144; x_wconf 91' lang='lat'>6,</span> <span class='ocrx_word' id='word_1_406' title='bbox 3047 3085 3076 3132; x_wconf 90' lang='lat'><strong>7</strong></span> <span class='ocrx_word' id='word_1_407' title='bbox 3107 3085 3163 3133; x_wconf 92' lang='lat' dir='ltr'>et</span> <span class='ocrx_word' id='word_1_408' title='bbox 3187 3081 3544 3150; x_wconf 89' lang='lat' dir='ltr'>subsequen-</span> 
     </span>
     <span class='ocr_line' id='line_1_61' title="bbox 209 3173 3544 3194; baseline 0 0"><span class='ocrx_word' id='word_1_409' title='bbox 209 3175 290 3194; x_wconf 43' lang='lat' dir='ltr'>ne</span> <span class='ocrx_word' id='word_1_410' title='bbox 355 3175 533 3194; x_wconf 42' lang='lat' dir='ltr'>“,1A!_</span> <span class='ocrx_word' id='word_1_411' title='bbox 612 3173 881 3194; x_wconf 59' lang='lat' dir='ltr'>J-___2-21!_</span> <span class='ocrx_word' id='word_1_412' title='bbox 965 3190 1054 3194; x_wconf 42' lang='lat' dir='ltr'>-x“</span> <span class='ocrx_word' id='word_1_413' title='bbox 1074 3174 1211 3194; x_wconf 28' lang='lat' dir='ltr'>xlix)?</span> <span class='ocrx_word' id='word_1_414' title='bbox 1296 3176 1538 3194; x_wconf 57' lang='lat' dir='ltr'>h_,_,_&#39;.l_</span> <span class='ocrx_word' id='word_1_415' title='bbox 1619 3174 1794 3194; x_wconf 63' lang='lat'>-___!_</span> <span class='ocrx_word' id='word_1_416' title='bbox 1930 3173 1988 3194; x_wconf 71' lang='grc' dir='ltr'>ιῖι</span> <span class='ocrx_word' id='word_1_417' title='bbox 2015 3190 2076 3194; x_wconf 51' lang='grc' dir='ltr'>--Α</span> <span class='ocrx_word' id='word_1_418' title='bbox 2130 3173 2430 3194; x_wconf 56' lang='lat' dir='ltr'>-____-__Z-_2_</span> <span class='ocrx_word' id='word_1_419' title='bbox 2476 3173 2668 3194; x_wconf 56' lang='lat' dir='ltr'>__-:A:_</span> <span class='ocrx_word' id='word_1_420' title='bbox 2704 3173 2787 3194; x_wconf 72' lang='lat'>__1</span> <span class='ocrx_word' id='word_1_421' title='bbox 2817 3190 2827 3194; x_wconf 88' lang='lat'><em>_</em></span> <span class='ocrx_word' id='word_1_422' title='bbox 2874 3173 3050 3194; x_wconf 50' lang='grc' dir='ltr'>..Α--.1-</span> <span class='ocrx_word' id='word_1_423' title='bbox 3087 3173 3268 3194; x_wconf 51' lang='lat'>31-..“-</span> <span class='ocrx_word' id='word_1_424' title='bbox 3321 3191 3433 3194; x_wconf 68' lang='lat'>.____.</span> <span class='ocrx_word' id='word_1_425' title='bbox 3482 3175 3544 3194; x_wconf 72' lang='lat'>:3-</span> 
     </span>
    </p>
   </div>
   <div class='ocr_carea' id='block_1_61' title="bbox 209 3173 1824 3242">
    <p class='ocr_par' dir='ltr' id='par_1_61' title="bbox 209 3173 1824 3242">
     <span class='ocr_line' id='line_1_62' title="bbox 209 3173 1824 3242; baseline -0.001 -14"><span class='ocrx_word' id='word_1_426' title='bbox 209 3175 295 3229; x_wconf 87' lang='lat' dir='ltr'>Dei</span> <span class='ocrx_word' id='word_1_427' title='bbox 354 3175 537 3230; x_wconf 86' lang='lat' dir='ltr'>Patris</span> <span class='ocrx_word' id='word_1_428' title='bbox 604 3173 890 3228; x_wconf 89' lang='lat' dir='ltr'>domicilia</span> <span class='ocrx_word' id='word_1_429' title='bbox 957 3174 1238 3229; x_wconf 90' lang='lat' dir='ltr'>concludi.</span> <span class='ocrx_word' id='word_1_430' title='bbox 1296 3176 1545 3228; x_wconf 82' lang='lat' dir='ltr'>Remitto</span> <span class='ocrx_word' id='word_1_431' title='bbox 1611 3174 1824 3242; x_wconf 90' lang='lat' dir='ltr'>omnia,</span> 
     </span>
    </p>
   </div>
   <div class='ocr_carea' id='block_1_62' title="bbox 205 3267 1826 3338">
    <p class='ocr_par' dir='ltr' id='par_1_62' title="bbox 205 3267 1826 3338">
     <span class='ocr_line' id='line_1_63' title="bbox 205 3267 1826 3338; baseline 0 -17"><span class='ocrx_word' id='word_1_432' title='bbox 205 3270 373 3323; x_wconf 88' lang='lat' dir='ltr'>multa</span> <span class='ocrx_word' id='word_1_433' title='bbox 399 3269 697 3324; x_wconf 90' lang='lat' dir='ltr'>dissimulo</span> <span class='ocrx_word' id='word_1_434' title='bbox 723 3267 910 3322; x_wconf 91' lang='lat' dir='ltr'>studio</span> <span class='ocrx_word' id='word_1_435' title='bbox 951 3274 1008 3322; x_wconf 92' lang='lat' dir='ltr'>et</span> <span class='ocrx_word' id='word_1_436' title='bbox 1038 3273 1166 3323; x_wconf 84' lang='lat' dir='ltr'>voto</span> <span class='ocrx_word' id='word_1_437' title='bbox 1193 3268 1533 3338; x_wconf 72' lang='lat' dir='ltr'>colligendm</span> <span class='ocrx_word' id='word_1_438' title='bbox 1560 3268 1826 3322; x_wconf 81' lang='lat' dir='ltr'>fraterni-</span> 
     </span>
    </p>
   </div>
   <div class='ocr_carea' id='block_1_63' title="bbox 206 3362 1828 3433">
    <p class='ocr_par' dir='ltr' id='par_1_63' title="bbox 206 3362 1828 3433">
     <span class='ocr_line' id='line_1_64' title="bbox 206 3362 1828 3433; baseline 0.001 -18"><span class='ocrx_word' id='word_1_439' title='bbox 206 3362 344 3417; x_wconf 89' lang='lat' dir='ltr'>tatis.</span> <span class='ocrx_word' id='word_1_440' title='bbox 386 3362 579 3418; x_wconf 86' lang='lat' dir='ltr'>Etiam</span> <span class='ocrx_word' id='word_1_441' title='bbox 626 3379 750 3433; x_wconf 65' lang='lat' dir='ltr'>qum</span> <span class='ocrx_word' id='word_1_442' title='bbox 801 3363 859 3416; x_wconf 92' lang='lat' dir='ltr'>in</span> <span class='ocrx_word' id='word_1_443' title='bbox 911 3363 1086 3417; x_wconf 91' lang='lat' dir='ltr'>Deum</span> <span class='ocrx_word' id='word_1_444' title='bbox 1143 3362 1447 3416; x_wconf 89' lang='lat' dir='ltr'>commissa</span> <span class='ocrx_word' id='word_1_445' title='bbox 1501 3365 1654 3428; x_wconf 90' lang='lat' dir='ltr'>sunt,</span> <span class='ocrx_word' id='word_1_446' title='bbox 1712 3378 1828 3416; x_wconf 91' lang='lat' dir='ltr'>non</span> 
     </span>
    </p>
   </div>
   <div class='ocr_carea' id='block_1_64' title="bbox 208 3455 1828 3527">
    <p class='ocr_par' dir='ltr' id='par_1_64' title="bbox 208 3455 1828 3527">
     <span class='ocr_line' id='line_1_65' title="bbox 208 3455 1828 3527; baseline 0 -19"><span class='ocrx_word' id='word_1_447' title='bbox 208 3455 365 3525; x_wconf 88' lang='lat' dir='ltr'>pleno</span> <span class='ocrx_word' id='word_1_448' title='bbox 391 3455 612 3527; x_wconf 88' lang='lat' dir='ltr'>judicio</span> <span class='ocrx_word' id='word_1_449' title='bbox 627 3455 921 3526; x_wconf 88' lang='lat' dir='ltr'>religionis</span> <span class='ocrx_word' id='word_1_450' title='bbox 942 3457 1226 3510; x_wconf 87' lang='lat' dir='ltr'>examino.</span> <span class='ocrx_word' id='word_1_451' title='bbox 1249 3457 1476 3510; x_wconf 90' lang='lat' dir='ltr'>Delictis</span> <span class='ocrx_word' id='word_1_452' title='bbox 1504 3457 1627 3527; x_wconf 90' lang='lat' dir='ltr'>plus</span> <span class='ocrx_word' id='word_1_453' title='bbox 1656 3472 1828 3526; x_wconf 88' lang='lat' dir='ltr'>quam</span> 
     </span>
    </p>
   </div>
   <div class='ocr_carea' id='block_1_65' title="bbox 207 3549 1831 3621">
    <p class='ocr_par' dir='ltr' id='par_1_65' title="bbox 207 3549 1831 3621">
     <span class='ocr_line' id='line_1_66' title="bbox 207 3549 1831 3621; baseline -0.001 -18"><span class='ocrx_word' id='word_1_454' title='bbox 207 3554 419 3620; x_wconf 90' lang='lat' dir='ltr'>oportet</span> <span class='ocrx_word' id='word_1_455' title='bbox 451 3549 804 3604; x_wconf 90' lang='lat' dir='ltr'>remittendis</span> <span class='ocrx_word' id='word_1_456' title='bbox 836 3567 980 3621; x_wconf 91' lang='lat' dir='ltr'>pene</span> <span class='ocrx_word' id='word_1_457' title='bbox 1024 3551 1143 3620; x_wconf 89' lang='lat' dir='ltr'>ipse</span> <span class='ocrx_word' id='word_1_458' title='bbox 1183 3550 1472 3620; x_wconf 91' lang='lat' dir='ltr'>delinquo.</span> <span class='ocrx_word' id='word_1_459' title='bbox 1502 3549 1831 3621; x_wconf 85' lang='lat' dir='ltr'>Amplector</span> 
     </span>
    </p>
   </div>
   <div class='ocr_carea' id='block_1_66' title="bbox 206 3643 1828 3715">
    <p class='ocr_par' dir='ltr' id='par_1_66' title="bbox 206 3643 1828 3715">
     <span class='ocr_line' id='line_1_67' title="bbox 206 3643 1828 3715; baseline 0 -19"><span class='ocrx_word' id='word_1_460' title='bbox 206 3647 470 3715; x_wconf 88' lang='lat' dir='ltr'>prompta</span> <span class='ocrx_word' id='word_1_461' title='bbox 488 3661 550 3697; x_wconf 89' lang='lat' dir='ltr'>ac</span> <span class='ocrx_word' id='word_1_462' title='bbox 573 3643 740 3714; x_wconf 88' lang='lat' dir='ltr'>plena</span> <span class='ocrx_word' id='word_1_463' title='bbox 765 3643 1070 3698; x_wconf 89' lang='lat' dir='ltr'>dilectione</span> <span class='ocrx_word' id='word_1_464' title='bbox 1097 3660 1226 3697; x_wconf 92' lang='lat' dir='ltr'>cum</span> <span class='ocrx_word' id='word_1_465' title='bbox 1271 3643 1606 3713; x_wconf 68' lang='lat' dir='ltr'>paenitentia</span> <span class='ocrx_word' id='word_1_466' title='bbox 1642 3659 1828 3697; x_wconf 89' lang='lat' dir='ltr'>rever-</span> 
     </span>
    </p>
   </div>
   <div class='ocr_carea' id='block_1_67' title="bbox 209 3736 1828 3808">
    <p class='ocr_par' dir='ltr' id='par_1_67' title="bbox 209 3736 1828 3808">
     <span class='ocr_line' id='line_1_68' title="bbox 209 3736 1828 3808; baseline 0 -19"><span class='ocrx_word' id='word_1_467' title='bbox 209 3741 379 3791; x_wconf 88' lang='lat' dir='ltr'>tentes</span> <span class='ocrx_word' id='word_1_468' title='bbox 411 3742 704 3808; x_wconf 87' lang='lat' dir='ltr'>peccatum</span> <span class='ocrx_word' id='word_1_469' title='bbox 747 3753 913 3790; x_wconf 89' lang='lat' dir='ltr'>suum</span> <span class='ocrx_word' id='word_1_470' title='bbox 956 3736 1337 3791; x_wconf 83' lang='lat' dir='ltr'>satisfactione</span> <span class='ocrx_word' id='word_1_471' title='bbox 1370 3737 1574 3790; x_wconf 91' lang='lat' dir='ltr'>humili</span> <span class='ocrx_word' id='word_1_472' title='bbox 1602 3742 1658 3790; x_wconf 90' lang='lat' dir='ltr'>et</span> <span class='ocrx_word' id='word_1_473' title='bbox 1694 3736 1828 3789; x_wconf 87' lang='lat' dir='ltr'>sim-</span> 
     </span>
    </p>
   </div>
   <div class='ocr_carea' id='block_1_68' title="bbox 207 3829 776 3900">
    <p class='ocr_par' dir='ltr' id='par_1_68' title="bbox 207 3829 776 3900">
     <span class='ocr_line' id='line_1_69' title="bbox 207 3829 776 3900; baseline 0.004 -18"><span class='ocrx_word' id='word_1_474' title='bbox 207 3830 329 3900; x_wconf 90' lang='lat' dir='ltr'>plici</span> <span class='ocrx_word' id='word_1_475' title='bbox 358 3829 716 3885; x_wconf 84' lang='lat' dir='ltr'>confitentes.</span> <span class='ocrx_word' id='word_1_476' title='bbox 750 3851 776 3878; x_wconf 83' lang='grc'><strong>››</strong></span> 
     </span>
    </p>
   </div>
   <div class='ocr_carea' id='block_1_69' title="bbox 273 3923 1830 3996">
    <p class='ocr_par' dir='ltr' id='par_1_69' title="bbox 273 3923 1830 3996">
     <span class='ocr_line' id='line_1_70' title="bbox 273 3923 1830 3996; baseline 0 -18"><span class='ocrx_word' id='word_1_477' title='bbox 273 3925 352 3980; x_wconf 86' lang='lat' dir='ltr'>Xl.</span> <span class='ocrx_word' id='word_1_478' title='bbox 385 3925 514 3978; x_wconf 66' lang='lat' dir='ltr'>Haec</span> <span class='ocrx_word' id='word_1_479' title='bbox 542 3941 667 3996; x_wconf 73' lang='lat' dir='ltr'>qum</span> <span class='ocrx_word' id='word_1_480' title='bbox 700 3923 864 3978; x_wconf 90' lang='lat' dir='ltr'>retuli</span> <span class='ocrx_word' id='word_1_481' title='bbox 894 3923 1026 3978; x_wconf 90' lang='lat' dir='ltr'>satis</span> <span class='ocrx_word' id='word_1_482' title='bbox 1066 3929 1200 3994; x_wconf 85' lang='lat' dir='ltr'>apta</span> <span class='ocrx_word' id='word_1_483' title='bbox 1232 3923 1300 3977; x_wconf 92' lang='lat' dir='ltr'>ad</span> <span class='ocrx_word' id='word_1_484' title='bbox 1342 3923 1397 3977; x_wconf 91' lang='lat' dir='ltr'>id</span> <span class='ocrx_word' id='word_1_485' title='bbox 1445 3923 1594 3994; x_wconf 87' lang='lat' dir='ltr'>quod</span> <span class='ocrx_word' id='word_1_486' title='bbox 1645 3929 1830 3978; x_wconf 91' lang='lat' dir='ltr'>osten-</span> 
     </span>
    </p>
   </div>
   <div class='ocr_carea' id='block_1_70' title="bbox 211 4016 1832 4089">
    <p class='ocr_par' dir='ltr' id='par_1_70' title="bbox 211 4016 1832 4089">
     <span class='ocr_line' id='line_1_71' title="bbox 211 4016 1832 4089; baseline 0.001 -18"><span class='ocrx_word' id='word_1_487' title='bbox 211 4016 456 4073; x_wconf 88' lang='lat' dir='ltr'>dendum</span> <span class='ocrx_word' id='word_1_488' title='bbox 507 4018 648 4072; x_wconf 89' lang='lat' dir='ltr'>mihi</span> <span class='ocrx_word' id='word_1_489' title='bbox 697 4017 986 4089; x_wconf 90' lang='lat' dir='ltr'>proposui,</span> <span class='ocrx_word' id='word_1_490' title='bbox 1033 4034 1253 4071; x_wconf 87' lang='lat' dir='ltr'>censeo.</span> <span class='ocrx_word' id='word_1_491' title='bbox 1300 4019 1576 4072; x_wconf 65' lang='lat' dir='ltr'>Caeterum</span> <span class='ocrx_word' id='word_1_492' title='bbox 1626 4019 1670 4071; x_wconf 87' lang='lat' dir='ltr'>si</span> <span class='ocrx_word' id='word_1_493' title='bbox 1724 4017 1832 4072; x_wconf 84' lang='lat' dir='ltr'>alia</span> 
     </span>
    </p>
   </div>
   <div class='ocr_carea' id='block_1_71' title="bbox 207 4111 1828 4184">
    <p class='ocr_par' dir='ltr' id='par_1_71' title="bbox 207 4111 1828 4184">
     <span class='ocr_line' id='line_1_72' title="bbox 207 4111 1828 4184; baseline 0.001 -20"><span class='ocrx_word' id='word_1_494' title='bbox 207 4112 392 4167; x_wconf 83' lang='lat' dir='ltr'>aihuc</span> <span class='ocrx_word' id='word_1_495' title='bbox 429 4117 586 4184; x_wconf 88' lang='lat' dir='ltr'>optas</span> <span class='ocrx_word' id='word_1_496' title='bbox 614 4111 873 4182; x_wconf 86' lang='lat' dir='ltr'>ejusdem</span> <span class='ocrx_word' id='word_1_497' title='bbox 902 4111 1168 4182; x_wconf 85' lang='lat' dir='ltr'>Cypriani</span> <span class='ocrx_word' id='word_1_498' title='bbox 1208 4111 1352 4165; x_wconf 90' lang='lat' dir='ltr'>hanc</span> <span class='ocrx_word' id='word_1_499' title='bbox 1398 4112 1454 4165; x_wconf 92' lang='lat' dir='ltr'>in</span> <span class='ocrx_word' id='word_1_500' title='bbox 1499 4129 1622 4166; x_wconf 90' lang='lat' dir='ltr'>rem</span> <span class='ocrx_word' id='word_1_501' title='bbox 1671 4112 1828 4167; x_wconf 88' lang='lat' dir='ltr'>testi-</span> 
     </span>
    </p>
   </div>
   <div class='ocr_carea' id='block_1_72' title="bbox 210 4204 1832 4276">
    <p class='ocr_par' dir='ltr' id='par_1_72' title="bbox 210 4204 1832 4276">
     <span class='ocr_line' id='line_1_73' title="bbox 210 4204 1832 4276; baseline 0 -16"><span class='ocrx_word' id='word_1_502' title='bbox 210 4207 418 4273; x_wconf 88' lang='lat' dir='ltr'>monia,</span> <span class='ocrx_word' id='word_1_503' title='bbox 455 4221 518 4259; x_wconf 86' lang='lat' dir='ltr'>ea</span> <span class='ocrx_word' id='word_1_504' title='bbox 549 4207 778 4259; x_wconf 88' lang='lat' dir='ltr'>consule</span> <span class='ocrx_word' id='word_1_505' title='bbox 807 4221 935 4276; x_wconf 71' lang='lat' dir='ltr'>qua:</span> <span class='ocrx_word' id='word_1_506' title='bbox 958 4204 1126 4260; x_wconf 90' lang='lat' dir='ltr'>tradit</span> <span class='ocrx_word' id='word_1_507' title='bbox 1147 4205 1264 4276; x_wconf 91' lang='lat' dir='ltr'>ipse</span> <span class='ocrx_word' id='word_1_508' title='bbox 1291 4204 1349 4258; x_wconf 88' lang='lat' dir='ltr'>in</span> <span class='ocrx_word' id='word_1_509' title='bbox 1379 4205 1523 4260; x_wconf 89' lang='lat' dir='ltr'>libro</span> <span class='ocrx_word' id='word_1_510' title='bbox 1555 4207 1619 4260; x_wconf 86' lang='lat' dir='ltr'>de</span> <span class='ocrx_word' id='word_1_511' title='bbox 1646 4208 1832 4276; x_wconf 80' lang='lat' dir='ltr'>Lapsis</span> 
     </span>
    </p>
   </div>
   <div class='ocr_carea' id='block_1_73' title="bbox 209 4299 1828 4370">
    <p class='ocr_par' dir='ltr' id='par_1_73' title="bbox 209 4299 1828 4370">
     <span class='ocr_line' id='line_1_74' title="bbox 209 4299 1828 4370; baseline 0.001 -18"><span class='ocrx_word' id='word_1_512' title='bbox 209 4300 345 4354; x_wconf 88' lang='lat' dir='ltr'>etin</span> <span class='ocrx_word' id='word_1_513' title='bbox 393 4299 635 4370; x_wconf 89' lang='lat' dir='ltr'>epistola</span> <span class='ocrx_word' id='word_1_514' title='bbox 677 4303 763 4353; x_wconf 85' lang='lat'>55.</span> <span class='ocrx_word' id='word_1_515' title='bbox 799 4300 1116 4370; x_wconf 86' lang='lat' dir='ltr'>Utrumque</span> <span class='ocrx_word' id='word_1_516' title='bbox 1157 4315 1328 4369; x_wconf 90' lang='lat' dir='ltr'>porro</span> <span class='ocrx_word' id='word_1_517' title='bbox 1371 4299 1828 4370; x_wconf 86' lang='lat' dir='ltr'>comprehendit,</span> 
     </span>
    </p>
   </div>
   <div class='ocr_carea' id='block_1_74' title="bbox 209 4391 1832 4465">
    <p class='ocr_par' dir='ltr' id='par_1_74' title="bbox 209 4391 1832 4465">
     <span class='ocr_line' id='line_1_75' title="bbox 209 4391 1832 4465; baseline 0.001 -20"><span class='ocrx_word' id='word_1_518' title='bbox 209 4410 487 4465; x_wconf 84' lang='lat' dir='ltr'>suamque</span> <span class='ocrx_word' id='word_1_519' title='bbox 534 4393 882 4447; x_wconf 85' lang='lat' dir='ltr'>sententiam</span> <span class='ocrx_word' id='word_1_520' title='bbox 926 4392 1284 4463; x_wconf 89' lang='lat' dir='ltr'>apertissime</span> <span class='ocrx_word' id='word_1_521' title='bbox 1328 4391 1571 4464; x_wconf 89' lang='lat' dir='ltr'>explicat</span> <span class='ocrx_word' id='word_1_522' title='bbox 1614 4393 1671 4446; x_wconf 91' lang='lat' dir='ltr'>in</span> <span class='ocrx_word' id='word_1_523' title='bbox 1720 4393 1832 4464; x_wconf 89' lang='lat' dir='ltr'>epi-</span> 
     </span>
    </p>
   </div>
   <div class='ocr_carea' id='block_1_75' title="bbox 1930 3173 3551 3246">
    <p class='ocr_par' dir='ltr' id='par_1_75' title="bbox 1930 3173 3551 3246">
     <span class='ocr_line' id='line_1_76' title="bbox 1930 3173 3551 3246; baseline 0.002 -20"><span class='ocrx_word' id='word_1_524' title='bbox 1930 3173 2080 3227; x_wconf 86' lang='lat' dir='ltr'>tibus</span> <span class='ocrx_word' id='word_1_525' title='bbox 2126 3173 2433 3244; x_wconf 88' lang='lat' dir='ltr'>superioris</span> <span class='ocrx_word' id='word_1_526' title='bbox 2471 3173 2671 3243; x_wconf 89' lang='lat' dir='ltr'>capitis</span> <span class='ocrx_word' id='word_1_527' title='bbox 2698 3173 2829 3243; x_wconf 87' lang='lat' dir='ltr'>egi;</span> <span class='ocrx_word' id='word_1_528' title='bbox 2874 3173 3054 3227; x_wconf 89' lang='lat' dir='ltr'>recole</span> <span class='ocrx_word' id='word_1_529' title='bbox 3085 3173 3275 3244; x_wconf 88' lang='lat' dir='ltr'>itaque</span> <span class='ocrx_word' id='word_1_530' title='bbox 3311 3191 3440 3246; x_wconf 73' lang='lat' dir='ltr'>qua:</span> <span class='ocrx_word' id='word_1_531' title='bbox 3482 3175 3551 3229; x_wconf 89' lang='lat' dir='ltr'>iis</span> 
     </span>
    </p>
   </div>
   <div class='ocr_carea' id='block_1_76' title="bbox 1928 3267 2568 3322">
    <p class='ocr_par' dir='ltr' id='par_1_76' title="bbox 1928 3267 2568 3322">
     <span class='ocr_line' id='line_1_77' title="bbox 1928 3267 2568 3322; baseline -0.003 0"><span class='ocrx_word' id='word_1_532' title='bbox 1928 3268 2181 3322; x_wconf 87' lang='lat' dir='ltr'>numeris</span> <span class='ocrx_word' id='word_1_533' title='bbox 2209 3267 2568 3322; x_wconf 86' lang='lat' dir='ltr'>tradidimus.</span> 
     </span>
    </p>
   </div>
   <div class='ocr_carea' id='block_1_77' title="bbox 2001 3361 3552 3433">
    <p class='ocr_par' dir='ltr' id='par_1_77' title="bbox 2001 3361 3552 3433">
     <span class='ocr_line' id='line_1_78' title="bbox 2001 3361 3552 3433; baseline 0.002 -19"><span class='ocrx_word' id='word_1_534' title='bbox 2001 3363 2122 3415; x_wconf 88' lang='lat' dir='ltr'>Jam</span> <span class='ocrx_word' id='word_1_535' title='bbox 2151 3378 2286 3414; x_wconf 88' lang='lat' dir='ltr'>vero</span> <span class='ocrx_word' id='word_1_536' title='bbox 2321 3361 2394 3414; x_wconf 87' lang='lat' dir='ltr'>ad</span> <span class='ocrx_word' id='word_1_537' title='bbox 2433 3377 2562 3414; x_wconf 91' lang='lat' dir='ltr'>eum</span> <span class='ocrx_word' id='word_1_538' title='bbox 2605 3361 2793 3415; x_wconf 92' lang='lat' dir='ltr'>locum</span> <span class='ocrx_word' id='word_1_539' title='bbox 2838 3361 3026 3428; x_wconf 88' lang='lat' dir='ltr'>venio,</span> <span class='ocrx_word' id='word_1_540' title='bbox 3057 3363 3154 3433; x_wconf 87' lang='lat' dir='ltr'>qui</span> <span class='ocrx_word' id='word_1_541' title='bbox 3201 3362 3451 3433; x_wconf 87' lang='lat' dir='ltr'>primum</span> <span class='ocrx_word' id='word_1_542' title='bbox 3494 3363 3552 3417; x_wconf 92' lang='lat' dir='ltr'>in</span> 
     </span>
    </p>
   </div>
   <div class='ocr_carea' id='block_1_78' title="bbox 1930 3455 3287 3525">
    <p class='ocr_par' dir='ltr' id='par_1_78' title="bbox 1930 3455 3287 3525">
     <span class='ocr_line' id='line_1_79' title="bbox 1930 3455 3287 3525; baseline 0.001 -16"><span class='ocrx_word' id='word_1_543' title='bbox 1930 3455 2034 3510; x_wconf 89' lang='lat' dir='ltr'>hoc</span> <span class='ocrx_word' id='word_1_544' title='bbox 2064 3455 2333 3525; x_wconf 86' lang='lat' dir='ltr'>Opusculo</span> <span class='ocrx_word' id='word_1_545' title='bbox 2365 3471 2420 3508; x_wconf 87' lang='lat' dir='ltr'>se</span> <span class='ocrx_word' id='word_1_546' title='bbox 2451 3455 2633 3520; x_wconf 77' lang='lat' dir='ltr'>offert,</span> <span class='ocrx_word' id='word_1_547' title='bbox 2663 3455 2877 3525; x_wconf 87' lang='lat' dir='ltr'>quique</span> <span class='ocrx_word' id='word_1_548' title='bbox 2905 3458 2984 3510; x_wconf 86' lang='lat' dir='ltr'>sic</span> <span class='ocrx_word' id='word_1_549' title='bbox 3016 3474 3074 3508; x_wconf 90' lang='lat' dir='ltr'>se</span> <span class='ocrx_word' id='word_1_550' title='bbox 3102 3457 3287 3510; x_wconf 86' lang='lat' dir='ltr'>habet.</span> 
     </span>
    </p>
   </div>
   <div class='ocr_carea' id='block_1_79' title="bbox 2001 3550 3552 3620">
    <p class='ocr_par' dir='ltr' id='par_1_79' title="bbox 2001 3550 3552 3620">
     <span class='ocr_line' id='line_1_80' title="bbox 2001 3550 3552 3620; baseline 0.001 -17"><span class='ocrx_word' id='word_1_551' title='bbox 2001 3551 2042 3603; x_wconf 95' lang='grc' dir='ltr'>Ι.</span> <span class='ocrx_word' id='word_1_552' title='bbox 2075 3552 2136 3605; x_wconf 76' lang='lat' dir='ltr'>Si</span> <span class='ocrx_word' id='word_1_553' title='bbox 2173 3550 2557 3618; x_wconf 62' lang='lat' dir='ltr'>da‘eliquerint</span> <span class='ocrx_word' id='word_1_554' title='bbox 2588 3550 2692 3618; x_wconf 69' lang='lat' dir='ltr'>ﬁlii</span> <span class='ocrx_word' id='word_1_555' title='bbox 2729 3551 2842 3617; x_wconf 86' lang='lat' dir='ltr'>ejus</span> <span class='ocrx_word' id='word_1_556' title='bbox 2874 3551 3038 3618; x_wconf 83' lang='lat' dir='ltr'>legem</span> <span class='ocrx_word' id='word_1_557' title='bbox 3074 3567 3265 3613; x_wconf 79' lang='lat' dir='ltr'>meum,</span> <span class='ocrx_word' id='word_1_558' title='bbox 3299 3559 3347 3605; x_wconf 84' lang='lat' dir='ltr'>et</span> <span class='ocrx_word' id='word_1_559' title='bbox 3381 3553 3435 3605; x_wconf 79' lang='lat' dir='ltr'>in</span> <span class='ocrx_word' id='word_1_560' title='bbox 3455 3551 3552 3620; x_wconf 83' lang='lat' dir='ltr'>ju-</span> 
     </span>
    </p>
   </div>
   <div class='ocr_carea' id='block_1_80' title="bbox 1929 3643 3551 3705">
    <p class='ocr_par' dir='ltr' id='par_1_80' title="bbox 1929 3643 3551 3705">
     <span class='ocr_line' id='line_1_81' title="bbox 1929 3643 3551 3705; baseline 0.002 -8"><span class='ocrx_word' id='word_1_561' title='bbox 1929 3643 2088 3698; x_wconf 78' lang='lat' dir='ltr'>diciis</span> <span class='ocrx_word' id='word_1_562' title='bbox 2126 3647 2255 3698; x_wconf 78' lang='lat' dir='ltr'>meis</span> <span class='ocrx_word' id='word_1_563' title='bbox 2283 3659 2390 3697; x_wconf 85' lang='lat' dir='ltr'>non</span> <span class='ocrx_word' id='word_1_564' title='bbox 2422 3645 2839 3705; x_wconf 79' lang='lat' dir='ltr'>ambulaverint,</span> <span class='ocrx_word' id='word_1_565' title='bbox 2875 3651 2924 3697; x_wconf 89' lang='lat' dir='ltr'>et</span> <span class='ocrx_word' id='word_1_566' title='bbox 2971 3645 3238 3698; x_wconf 82' lang='lat' dir='ltr'>mandata</span> <span class='ocrx_word' id='word_1_567' title='bbox 3283 3661 3398 3700; x_wconf 78' lang='lat' dir='ltr'>mea</span> <span class='ocrx_word' id='word_1_568' title='bbox 3443 3662 3551 3700; x_wconf 82' lang='lat' dir='ltr'>non</span> 
     </span>
    </p>
   </div>
   <div class='ocr_carea' id='block_1_81' title="bbox 1930 3738 3559 3807">
    <p class='ocr_par' dir='ltr' id='par_1_81' title="bbox 1930 3738 3559 3807">
     <span class='ocr_line' id='line_1_82' title="bbox 1930 3738 3559 3807; baseline 0.002 -14"><span class='ocrx_word' id='word_1_569' title='bbox 1930 3738 2300 3802; x_wconf 76' lang='lat' dir='ltr'>custodierint,</span> <span class='ocrx_word' id='word_1_570' title='bbox 2354 3738 2580 3791; x_wconf 73' lang='lat' dir='ltr'>visitabo</span> <span class='ocrx_word' id='word_1_571' title='bbox 2620 3741 2675 3790; x_wconf 80' lang='lat' dir='ltr'>in</span> <span class='ocrx_word' id='word_1_572' title='bbox 2717 3740 2874 3804; x_wconf 80' lang='lat' dir='ltr'>virga</span> <span class='ocrx_word' id='word_1_573' title='bbox 2917 3740 3230 3807; x_wconf 76' lang='lat' dir='ltr'>iniquitates</span> <span class='ocrx_word' id='word_1_574' title='bbox 3276 3754 3459 3794; x_wconf 85' lang='lat' dir='ltr'>eorum</span> <span class='ocrx_word' id='word_1_575' title='bbox 3509 3745 3559 3796; x_wconf 82' lang='lat' dir='ltr'>et</span> 
     </span>
    </p>
   </div>
   <div class='ocr_carea' id='block_1_82' title="bbox 1930 3833 3553 3901">
    <p class='ocr_par' dir='ltr' id='par_1_82' title="bbox 1930 3833 3553 3901">
     <span class='ocr_line' id='line_1_83' title="bbox 1930 3833 3553 3901; baseline 0.001 -15"><span class='ocrx_word' id='word_1_576' title='bbox 1930 3835 1988 3886; x_wconf 74' lang='lat' dir='ltr'>in</span> <span class='ocrx_word' id='word_1_577' title='bbox 2017 3833 2322 3886; x_wconf 69' lang='lat' dir='ltr'>vei-beribus</span> <span class='ocrx_word' id='word_1_578' title='bbox 2356 3837 2578 3901; x_wconf 82' lang='lat' dir='ltr'>peccata</span> <span class='ocrx_word' id='word_1_579' title='bbox 2627 3848 2809 3886; x_wconf 83' lang='lat' dir='ltr'>eorum</span> <span class='ocrx_word' id='word_1_580' title='bbox 2841 3847 2856 3882; x_wconf 89' lang='lat'><strong><em>:</em></strong></span> <span class='ocrx_word' id='word_1_581' title='bbox 2903 3833 3331 3886; x_wconf 69' lang='lat' dir='ltr'>misericordiam</span> <span class='ocrx_word' id='word_1_582' title='bbox 3374 3841 3553 3888; x_wconf 80' lang='lat' dir='ltr'>autem</span> 
     </span>
    </p>
   </div>
   <div class='ocr_carea' id='block_1_83' title="bbox 1929 3925 3340 3996">
    <p class='ocr_par' dir='ltr' id='par_1_83' title="bbox 1929 3925 3340 3996">
     <span class='ocr_line' id='line_1_84' title="bbox 1929 3925 3340 3996; baseline -0.001 -16"><span class='ocrx_word' id='word_1_583' title='bbox 1929 3942 2102 3980; x_wconf 90' lang='lat' dir='ltr'>meam</span> <span class='ocrx_word' id='word_1_584' title='bbox 2123 3942 2230 3979; x_wconf 87' lang='lat' dir='ltr'>non</span> <span class='ocrx_word' id='word_1_585' title='bbox 2262 3927 2564 3994; x_wconf 82' lang='lat' dir='ltr'>dispergam</span> <span class='ocrx_word' id='word_1_586' title='bbox 2593 3925 2660 3978; x_wconf 84' lang='lat' dir='ltr'>ab</span> <span class='ocrx_word' id='word_1_587' title='bbox 2686 3928 2759 3978; x_wconf 75' lang='lat' dir='ltr'>eis</span> <span class='ocrx_word' id='word_1_588' title='bbox 2790 3926 2955 3994; x_wconf 85' lang='lat' dir='ltr'>(Psal.</span> <span class='ocrx_word' id='word_1_589' title='bbox 2987 3941 3203 3992; x_wconf 83' lang='lat' dir='ltr'>Lxxvm,</span> <span class='ocrx_word' id='word_1_590' title='bbox 3234 3927 3340 3996; x_wconf 81' lang='lat'>3&#39;1).</span> 
     </span>
    </p>
   </div>
   <div class='ocr_carea' id='block_1_84' title="bbox 2001 4018 3558 4089">
    <p class='ocr_par' dir='ltr' id='par_1_84' title="bbox 2001 4018 3558 4089">
     <span class='ocr_line' id='line_1_85' title="bbox 2001 4018 3558 4089; baseline 0.002 -17"><span class='ocrx_word' id='word_1_591' title='bbox 2001 4019 2321 4073; x_wconf 78' lang='lat' dir='ltr'>Arbitratus</span> <span class='ocrx_word' id='word_1_592' title='bbox 2366 4035 2490 4071; x_wconf 88' lang='lat' dir='ltr'>sum</span> <span class='ocrx_word' id='word_1_593' title='bbox 2545 4018 2876 4089; x_wconf 86' lang='lat' dir='ltr'>aliquando,</span> <span class='ocrx_word' id='word_1_594' title='bbox 2920 4018 3283 4073; x_wconf 88' lang='lat' dir='ltr'>amanuensis</span> <span class='ocrx_word' id='word_1_595' title='bbox 3325 4019 3558 4075; x_wconf 85' lang='lat' dir='ltr'>licentia</span> 
     </span>
    </p>
   </div>
   <div class='ocr_carea' id='block_1_85' title="bbox 1934 4111 3549 4184">
    <p class='ocr_par' dir='ltr' id='par_1_85' title="bbox 1934 4111 3549 4184">
     <span class='ocr_line' id='line_1_86' title="bbox 1934 4111 3549 4184; baseline 0.001 -18"><span class='ocrx_word' id='word_1_596' title='bbox 1934 4113 2198 4184; x_wconf 85' lang='lat' dir='ltr'>quadam,</span> <span class='ocrx_word' id='word_1_597' title='bbox 2249 4112 2614 4165; x_wconf 87' lang='lat' dir='ltr'>immutatum</span> <span class='ocrx_word' id='word_1_598' title='bbox 2655 4128 2786 4164; x_wconf 90' lang='lat' dir='ltr'>cum</span> <span class='ocrx_word' id='word_1_599' title='bbox 2823 4111 3014 4176; x_wconf 88' lang='lat' dir='ltr'>fuisse,</span> <span class='ocrx_word' id='word_1_600' title='bbox 3051 4119 3105 4166; x_wconf 90' lang='lat' dir='ltr'>et</span> <span class='ocrx_word' id='word_1_601' title='bbox 3152 4113 3270 4166; x_wconf 92' lang='lat' dir='ltr'>loco</span> <span class='ocrx_word' id='word_1_602' title='bbox 3314 4119 3549 4168; x_wconf 54' lang='lat' dir='ltr'>vetusta).</span> 
     </span>
    </p>
   </div>
   <div class='ocr_carea' id='block_1_86' title="bbox 1933 4201 3558 4275">
    <p class='ocr_par' dir='ltr' id='par_1_86' title="bbox 1933 4201 3558 4275">
     <span class='ocr_line' id='line_1_87' title="bbox 1933 4201 3558 4275; baseline 0.002 -19"><span class='ocrx_word' id='word_1_603' title='bbox 1933 4203 2296 4257; x_wconf 88' lang='lat' dir='ltr'>substitutam</span> <span class='ocrx_word' id='word_1_604' title='bbox 2324 4201 2493 4256; x_wconf 84' lang='lat' dir='ltr'>fuisse</span> <span class='ocrx_word' id='word_1_605' title='bbox 2517 4203 2808 4272; x_wconf 89' lang='lat' dir='ltr'>Vulgatam</span> <span class='ocrx_word' id='word_1_606' title='bbox 2827 4202 2990 4272; x_wconf 53' lang='lat' dir='ltr'>inter,</span> <span class='ocrx_word' id='word_1_607' title='bbox 3085 4205 3419 4275; x_wconf 84' lang='lat' dir='ltr'>tationem,q</span> <span class='ocrx_word' id='word_1_608' title='bbox 3437 4206 3558 4260; x_wconf 84' lang='lat' dir='ltr'>uod</span> 
     </span>
    </p>
   </div>
   <div class='ocr_carea' id='block_1_87' title="bbox 1933 4297 3548 4370">
    <p class='ocr_par' dir='ltr' id='par_1_87' title="bbox 1933 4297 3548 4370">
     <span class='ocr_line' id='line_1_88' title="bbox 1933 4297 3548 4370; baseline 0 -18"><span class='ocrx_word' id='word_1_609' title='bbox 1933 4313 2040 4367; x_wconf 90' lang='lat' dir='ltr'>ego</span> <span class='ocrx_word' id='word_1_610' title='bbox 2068 4313 2215 4367; x_wconf 67' lang='lat' dir='ltr'>saepe</span> <span class='ocrx_word' id='word_1_611' title='bbox 2259 4297 2316 4350; x_wconf 93' lang='lat' dir='ltr'>in</span> <span class='ocrx_word' id='word_1_612' title='bbox 2360 4297 2643 4351; x_wconf 85' lang='lat' dir='ltr'>codicibus</span> <span class='ocrx_word' id='word_1_613' title='bbox 2690 4297 2893 4350; x_wconf 82' lang='lat' dir='ltr'>factum</span> <span class='ocrx_word' id='word_1_614' title='bbox 2930 4298 3201 4368; x_wconf 71' lang='lat' dir='ltr'>perspexi.</span> <span class='ocrx_word' id='word_1_615' title='bbox 3233 4302 3302 4354; x_wconf 89' lang='lat' dir='ltr'>At</span> <span class='ocrx_word' id='word_1_616' title='bbox 3340 4315 3548 4370; x_wconf 89' lang='lat' dir='ltr'>anceps</span> 
     </span>
    </p>
   </div>
   <div class='ocr_carea' id='block_1_88' title="bbox 1933 4391 3556 4461">
    <p class='ocr_par' dir='ltr' id='par_1_88' title="bbox 1933 4391 3556 4461">
     <span class='ocr_line' id='line_1_89' title="bbox 1933 4391 3556 4461; baseline 0.001 -16"><span class='ocrx_word' id='word_1_617' title='bbox 1933 4391 2196 4461; x_wconf 90' lang='lat' dir='ltr'>deinceps</span> <span class='ocrx_word' id='word_1_618' title='bbox 2237 4391 2394 4458; x_wconf 63' lang='lat' dir='ltr'>haesi,</span> <span class='ocrx_word' id='word_1_619' title='bbox 2425 4409 2553 4445; x_wconf 89' lang='lat' dir='ltr'>cum</span> <span class='ocrx_word' id='word_1_620' title='bbox 2601 4392 2867 4446; x_wconf 85' lang='lat' dir='ltr'>eumdem</span> <span class='ocrx_word' id='word_1_621' title='bbox 2915 4393 3096 4445; x_wconf 70' lang='lat' dir='ltr'>locum</span> <span class='ocrx_word' id='word_1_622' title='bbox 3139 4393 3209 4447; x_wconf 90' lang='lat' dir='ltr'>ad</span> <span class='ocrx_word' id='word_1_623' title='bbox 3260 4409 3390 4447; x_wconf 91' lang='lat' dir='ltr'>eum</span> <span class='ocrx_word' id='word_1_624' title='bbox 3437 4395 3556 4447; x_wconf 87' lang='lat' dir='ltr'>fere</span> 
     </span>
    </p>
   </div>
   <div class='ocr_carea' id='block_1_89' title="bbox 208 4484 3556 4568">
    <p class='ocr_par' dir='ltr' id='par_1_89' title="bbox 208 4484 3556 4568">
     <span class='ocr_line' id='line_1_90' title="bbox 208 4484 3556 4568; baseline 0 -28"><span class='ocrx_word' id='word_1_625' title='bbox 208 4488 346 4542; x_wconf 88' lang='lat' dir='ltr'>stola</span> <span class='ocrx_word' id='word_1_626' title='bbox 389 4491 460 4542; x_wconf 87' lang='lat'>5‘2</span> <span class='ocrx_word' id='word_1_627' title='bbox 508 4489 580 4559; x_wconf 91' lang='lat' dir='ltr'>(p.</span> <span class='ocrx_word' id='word_1_628' title='bbox 616 4487 742 4556; x_wconf 81' lang='lat'>155)</span> <span class='ocrx_word' id='word_1_629' title='bbox 787 4486 970 4540; x_wconf 87' lang='lat' dir='ltr'>verbis</span> <span class='ocrx_word' id='word_1_630' title='bbox 1012 4486 1114 4541; x_wconf 91' lang='lat' dir='ltr'>iis:</span> <span class='ocrx_word' id='word_1_631' title='bbox 1158 4509 1182 4534; x_wconf 87' lang='grc'>‹‹</span> <span class='ocrx_word' id='word_1_632' title='bbox 1227 4487 1395 4540; x_wconf 81' lang='lat' dir='ltr'>Miror</span> <span class='ocrx_word' id='word_1_633' title='bbox 1440 4492 1632 4542; x_wconf 87' lang='lat' dir='ltr'>autem</span> <span class='ocrx_word' id='word_1_634' title='bbox 1669 4497 1910 4568; x_wconf 85' lang='lat' dir='ltr'>quos-D</span> <span class='ocrx_word' id='word_1_635' title='bbox 1936 4485 2173 4540; x_wconf 90' lang='lat' dir='ltr'>modum</span> <span class='ocrx_word' id='word_1_636' title='bbox 2208 4484 2441 4538; x_wconf 90' lang='lat' dir='ltr'>citatum</span> <span class='ocrx_word' id='word_1_637' title='bbox 2471 4484 2585 4538; x_wconf 87' lang='lat' dir='ltr'>vidi</span> <span class='ocrx_word' id='word_1_638' title='bbox 2613 4484 2668 4538; x_wconf 91' lang='lat' dir='ltr'>in</span> <span class='ocrx_word' id='word_1_639' title='bbox 2705 4485 2976 4539; x_wconf 83' lang='lat' dir='ltr'>Bachiarii</span> <span class='ocrx_word' id='word_1_640' title='bbox 3013 4486 3155 4540; x_wconf 89' lang='lat' dir='ltr'>libro</span> <span class='ocrx_word' id='word_1_641' title='bbox 3191 4488 3303 4556; x_wconf 85' lang='lat'>(10)</span> <span class='ocrx_word' id='word_1_642' title='bbox 3337 4502 3448 4556; x_wconf 91' lang='lat' dir='ltr'>quo</span> <span class='ocrx_word' id='word_1_643' title='bbox 3479 4487 3556 4540; x_wconf 88' lang='lat' dir='ltr'>af-</span> 
     </span>
    </p>
   </div>
   <div class='ocr_carea' id='block_1_90' title="bbox 210 4580 1830 4650">
    <p class='ocr_par' dir='ltr' id='par_1_90' title="bbox 210 4580 1830 4650">
     <span class='ocr_line' id='line_1_91' title="bbox 210 4580 1830 4650; baseline 0 -16"><span class='ocrx_word' id='word_1_644' title='bbox 210 4581 338 4636; x_wconf 89' lang='lat' dir='ltr'>dam</span> <span class='ocrx_word' id='word_1_645' title='bbox 373 4581 453 4636; x_wconf 89' lang='lat' dir='ltr'>sic</span> <span class='ocrx_word' id='word_1_646' title='bbox 481 4580 807 4649; x_wconf 87' lang='lat' dir='ltr'>obstinatos,</span> <span class='ocrx_word' id='word_1_647' title='bbox 837 4583 978 4649; x_wconf 78' lang='lat' dir='ltr'>etc.;</span> <span class='ocrx_word' id='word_1_648' title='bbox 1016 4600 1041 4630; x_wconf 86' lang='lat'>»</span> <span class='ocrx_word' id='word_1_649' title='bbox 1076 4597 1205 4650; x_wconf 60' lang='lat' dir='ltr'>quas</span> <span class='ocrx_word' id='word_1_650' title='bbox 1231 4580 1398 4634; x_wconf 90' lang='lat' dir='ltr'>verba</span> <span class='ocrx_word' id='word_1_651' title='bbox 1426 4581 1480 4635; x_wconf 91' lang='lat' dir='ltr'>iu</span> <span class='ocrx_word' id='word_1_652' title='bbox 1511 4582 1830 4635; x_wconf 86' lang='lat' dir='ltr'>annotatio-</span> 
     </span>
    </p>
   </div>
   <div class='ocr_carea' id='block_1_91' title="bbox 210 4673 1833 4746">
    <p class='ocr_par' dir='ltr' id='par_1_91' title="bbox 210 4673 1833 4746">
     <span class='ocr_line' id='line_1_92' title="bbox 210 4673 1833 4746; baseline 0.002 -19"><span class='ocrx_word' id='word_1_653' title='bbox 210 4676 372 4729; x_wconf 81' lang='lat' dir='ltr'>nibus</span> <span class='ocrx_word' id='word_1_654' title='bbox 433 4675 502 4729; x_wconf 91' lang='lat' dir='ltr'>ad</span> <span class='ocrx_word' id='word_1_655' title='bbox 553 4678 904 4746; x_wconf 86' lang='lat' dir='ltr'>postremum</span> <span class='ocrx_word' id='word_1_656' title='bbox 951 4673 1342 4729; x_wconf 89' lang='lat' dir='ltr'>testimonium</span> <span class='ocrx_word' id='word_1_657' title='bbox 1391 4675 1468 4745; x_wconf 90' lang='lat' dir='ltr'>(id</span> <span class='ocrx_word' id='word_1_658' title='bbox 1513 4679 1597 4729; x_wconf 84' lang='lat' dir='ltr'>est</span> <span class='ocrx_word' id='word_1_659' title='bbox 1640 4678 1833 4745; x_wconf 77' lang='lat' dir='ltr'>Apoc.,</span> 
     </span>
    </p>
   </div>
   <div class='ocr_carea' id='block_1_92' title="bbox 211 4769 773 4841">
    <p class='ocr_par' dir='ltr' id='par_1_92' title="bbox 211 4769 773 4841">
     <span class='ocr_line' id='line_1_93' title="bbox 211 4769 773 4841; baseline 0 -18"><span class='ocrx_word' id='word_1_660' title='bbox 211 4785 265 4836; x_wconf 83' lang='grc' dir='ltr'>ιι,</span> <span class='ocrx_word' id='word_1_661' title='bbox 293 4769 345 4838; x_wconf 84' lang='lat'>5)</span> <span class='ocrx_word' id='word_1_662' title='bbox 374 4769 773 4841; x_wconf 88' lang='lat' dir='ltr'>allegabimus.</span> 
     </span>
    </p>
   </div>
   <div class='ocr_carea' id='block_1_93' title="bbox 280 4863 1836 4935">
    <p class='ocr_par' dir='ltr' id='par_1_93' title="bbox 280 4863 1836 4935">
     <span class='ocr_line' id='line_1_94' title="bbox 280 4863 1836 4935; baseline -0.003 -16"><span class='ocrx_word' id='word_1_663' title='bbox 280 4865 392 4919; x_wconf 84' lang='lat' dir='ltr'>XII.</span> <span class='ocrx_word' id='word_1_664' title='bbox 411 4865 478 4919; x_wconf 91' lang='lat' dir='ltr'>Ut</span> <span class='ocrx_word' id='word_1_665' title='bbox 498 4881 634 4935; x_wconf 88' lang='lat' dir='ltr'>ergo</span> <span class='ocrx_word' id='word_1_666' title='bbox 658 4867 713 4918; x_wconf 91' lang='lat' dir='ltr'>et</span> <span class='ocrx_word' id='word_1_667' title='bbox 735 4863 1178 4917; x_wconf 77' lang='lat' dir='ltr'>Novatianorum</span> <span class='ocrx_word' id='word_1_668' title='bbox 1211 4879 1486 4931; x_wconf 87' lang='lat' dir='ltr'>errorem,</span> <span class='ocrx_word' id='word_1_669' title='bbox 1517 4867 1573 4917; x_wconf 90' lang='lat' dir='ltr'>et</span> <span class='ocrx_word' id='word_1_670' title='bbox 1592 4863 1836 4917; x_wconf 87' lang='lat' dir='ltr'>schisma</span> 
     </span>
    </p>
   </div>
   <div class='ocr_carea' id='block_1_94' title="bbox 210 4956 1838 5030">
    <p class='ocr_par' dir='ltr' id='par_1_94' title="bbox 210 4956 1838 5030">
     <span class='ocr_line' id='line_1_95' title="bbox 210 4956 1838 5030; baseline -0.001 -17"><span class='ocrx_word' id='word_1_671' title='bbox 210 4959 680 5030; x_wconf 87' lang='lat' dir='ltr'>reprehenderet,</span> <span class='ocrx_word' id='word_1_672' title='bbox 701 4963 756 5011; x_wconf 89' lang='lat' dir='ltr'>et</span> <span class='ocrx_word' id='word_1_673' title='bbox 787 4956 1142 5028; x_wconf 89' lang='lat' dir='ltr'>propositum</span> <span class='ocrx_word' id='word_1_674' title='bbox 1171 4973 1359 5023; x_wconf 88' lang='lat' dir='ltr'>suum,</span> <span class='ocrx_word' id='word_1_675' title='bbox 1395 4963 1451 5011; x_wconf 92' lang='lat' dir='ltr'>et</span> <span class='ocrx_word' id='word_1_676' title='bbox 1479 4956 1838 5028; x_wconf 82' lang='lat' dir='ltr'>disciplinam</span> 
     </span>
    </p>
   </div>
   <div class='ocr_carea' id='block_1_95' title="bbox 212 5050 1832 5123">
    <p class='ocr_par' dir='ltr' id='par_1_95' title="bbox 212 5050 1832 5123">
     <span class='ocr_line' id='line_1_96' title="bbox 212 5050 1832 5123; baseline -0.001 -17"><span class='ocrx_word' id='word_1_677' title='bbox 212 5068 382 5123; x_wconf 89' lang='lat' dir='ltr'>quam</span> <span class='ocrx_word' id='word_1_678' title='bbox 419 5053 480 5107; x_wconf 88' lang='lat' dir='ltr'>in</span> <span class='ocrx_word' id='word_1_679' title='bbox 520 5050 830 5106; x_wconf 73' lang='lat' dir='ltr'>Ecclesiam</span> <span class='ocrx_word' id='word_1_680' title='bbox 870 5051 1172 5119; x_wconf 86' lang='lat' dir='ltr'>invexerat,</span> <span class='ocrx_word' id='word_1_681' title='bbox 1201 5069 1234 5104; x_wconf 86' lang='lat' dir='ltr'>a</span> <span class='ocrx_word' id='word_1_682' title='bbox 1279 5051 1832 5121; x_wconf 86' lang='lat' dir='ltr'>reprehensionibus</span> 
     </span>
    </p>
   </div>
   <div class='ocr_carea' id='block_1_96' title="bbox 211 5145 1838 5216">
    <p class='ocr_par' dir='ltr' id='par_1_96' title="bbox 211 5145 1838 5216">
     <span class='ocr_line' id='line_1_97' title="bbox 211 5145 1838 5216; baseline 0 -17"><span class='ocrx_word' id='word_1_683' title='bbox 211 5147 546 5214; x_wconf 75' lang='lat' dir='ltr'>vindicaret,</span> <span class='ocrx_word' id='word_1_684' title='bbox 582 5145 835 5200; x_wconf 87' lang='lat' dir='ltr'>libellum</span> <span class='ocrx_word' id='word_1_685' title='bbox 869 5146 1018 5199; x_wconf 92' lang='lat' dir='ltr'>hunc</span> <span class='ocrx_word' id='word_1_686' title='bbox 1045 5152 1143 5200; x_wconf 92' lang='lat' dir='ltr'>aut</span> <span class='ocrx_word' id='word_1_687' title='bbox 1179 5146 1495 5215; x_wconf 90' lang='lat' dir='ltr'>composuit</span> <span class='ocrx_word' id='word_1_688' title='bbox 1521 5146 1838 5216; x_wconf 74' lang='lat' dir='ltr'>Cyprianus</span> 
     </span>
    </p>
   </div>
   <div class='ocr_carea' id='block_1_97' title="bbox 211 5238 1834 5312">
    <p class='ocr_par' dir='ltr' id='par_1_97' title="bbox 211 5238 1834 5312">
     <span class='ocr_line' id='line_1_98' title="bbox 211 5238 1834 5312; baseline 0.001 -18"><span class='ocrx_word' id='word_1_689' title='bbox 211 5241 330 5312; x_wconf 90' lang='lat' dir='ltr'>ipse</span> <span class='ocrx_word' id='word_1_690' title='bbox 357 5246 456 5294; x_wconf 90' lang='lat' dir='ltr'>aut</span> <span class='ocrx_word' id='word_1_691' title='bbox 493 5246 644 5295; x_wconf 85' lang='lat' dir='ltr'>certe</span> <span class='ocrx_word' id='word_1_692' title='bbox 692 5239 839 5294; x_wconf 91' lang='lat' dir='ltr'>alter</span> <span class='ocrx_word' id='word_1_693' title='bbox 869 5257 970 5311; x_wconf 91' lang='lat' dir='ltr'>pro</span> <span class='ocrx_word' id='word_1_694' title='bbox 1003 5238 1270 5310; x_wconf 82' lang='lat' dir='ltr'>Cypriani</span> <span class='ocrx_word' id='word_1_695' title='bbox 1313 5239 1596 5294; x_wconf 87' lang='lat' dir='ltr'>sententia</span> <span class='ocrx_word' id='word_1_696' title='bbox 1639 5239 1834 5295; x_wconf 88' lang='lat' dir='ltr'>decer-</span> 
     </span>
    </p>
   </div>
   <div class='ocr_carea' id='block_1_98' title="bbox 212 5333 1840 5406">
    <p class='ocr_par' dir='ltr' id='par_1_98' title="bbox 212 5333 1840 5406">
     <span class='ocr_line' id='line_1_99' title="bbox 212 5333 1840 5406; baseline 0 -17"><span class='ocrx_word' id='word_1_697' title='bbox 212 5338 354 5403; x_wconf 85' lang='lat' dir='ltr'>tans,</span> <span class='ocrx_word' id='word_1_698' title='bbox 388 5351 449 5388; x_wconf 85' lang='lat' dir='ltr'>ea</span> <span class='ocrx_word' id='word_1_699' title='bbox 495 5335 769 5406; x_wconf 86' lang='lat' dir='ltr'>colligens</span> <span class='ocrx_word' id='word_1_700' title='bbox 810 5351 937 5406; x_wconf 68' lang='lat' dir='ltr'>quae</span> <span class='ocrx_word' id='word_1_701' title='bbox 984 5334 1041 5388; x_wconf 87' lang='lat' dir='ltr'>in</span> <span class='ocrx_word' id='word_1_702' title='bbox 1093 5333 1220 5396; x_wconf 86' lang='lat' dir='ltr'>tria,</span> <span class='ocrx_word' id='word_1_703' title='bbox 1265 5333 1307 5387; x_wconf 91' lang='lat' dir='ltr'>si</span> <span class='ocrx_word' id='word_1_704' title='bbox 1359 5334 1461 5401; x_wconf 91' lang='lat' dir='ltr'>vis,</span> <span class='ocrx_word' id='word_1_705' title='bbox 1498 5339 1840 5404; x_wconf 87' lang='lat' dir='ltr'>argumenta</span> 
     </span>
    </p>
   </div>
   <div class='ocr_carea' id='block_1_99' title="bbox 213 5427 1836 5500">
    <p class='ocr_par' dir='ltr' id='par_1_99' title="bbox 213 5427 1836 5500">
     <span class='ocr_line' id='line_1_100' title="bbox 213 5427 1836 5500; baseline -0.001 -16"><span class='ocrx_word' id='word_1_706' title='bbox 213 5432 270 5484; x_wconf 88' lang='lat' dir='ltr'>et</span> <span class='ocrx_word' id='word_1_707' title='bbox 297 5429 695 5500; x_wconf 88' lang='lat' dir='ltr'>disputationis</span> <span class='ocrx_word' id='word_1_708' title='bbox 722 5427 906 5500; x_wconf 86' lang='lat' dir='ltr'>capita</span> <span class='ocrx_word' id='word_1_709' title='bbox 937 5433 1101 5483; x_wconf 87' lang='lat' dir='ltr'>erant</span> <span class='ocrx_word' id='word_1_710' title='bbox 1126 5427 1395 5500; x_wconf 89' lang='lat' dir='ltr'>deinceps</span> <span class='ocrx_word' id='word_1_711' title='bbox 1422 5427 1836 5495; x_wconf 88' lang='lat' dir='ltr'>distribuenda,</span> 
     </span>
    </p>
   </div>
   <div class='ocr_carea' id='block_1_100' title="bbox 214 5523 1837 5596">
    <p class='ocr_par' dir='ltr' id='par_1_100' title="bbox 214 5523 1837 5596">
     <span class='ocr_line' id='line_1_101' title="bbox 214 5523 1837 5596; baseline 0 -20"><span class='ocrx_word' id='word_1_712' title='bbox 214 5539 457 5596; x_wconf 87' lang='lat' dir='ltr'>quorum</span> <span class='ocrx_word' id='word_1_713' title='bbox 490 5524 728 5578; x_wconf 89' lang='lat' dir='ltr'>alterum</span> <span class='ocrx_word' id='word_1_714' title='bbox 761 5524 1197 5578; x_wconf 71' lang='lat' dir='ltr'>Novatianorum</span> <span class='ocrx_word' id='word_1_715' title='bbox 1226 5523 1472 5577; x_wconf 77' lang='lat' dir='ltr'>schisma</span> <span class='ocrx_word' id='word_1_716' title='bbox 1501 5541 1837 5594; x_wconf 80' lang='lat' dir='ltr'>erroresque</span> 
     </span>
    </p>
   </div>
   <div class='ocr_carea' id='block_1_101' title="bbox 279 5729 1471 5796">
    <p class='ocr_par' dir='ltr' id='par_1_101' title="bbox 279 5729 1471 5796">
     <span class='ocr_line' id='line_1_102' title="bbox 279 5729 1471 5796; baseline 0.003 -15"><span class='ocrx_word' id='word_1_717' title='bbox 279 5729 376 5794; x_wconf 87' lang='lat' dir='ltr'>(l0)</span> <span class='ocrx_word' id='word_1_718' title='bbox 403 5731 462 5782; x_wconf 88' lang='grc' dir='ltr'>Ν.</span> <span class='ocrx_word' id='word_1_719' title='bbox 485 5732 566 5793; x_wconf 68' lang='lat'>22,</span> <span class='ocrx_word' id='word_1_720' title='bbox 599 5746 650 5796; x_wconf 90' lang='lat' dir='ltr'>p.</span> <span class='ocrx_word' id='word_1_721' title='bbox 680 5731 789 5791; x_wconf 76' lang='lat'>“5,</span> <span class='ocrx_word' id='word_1_722' title='bbox 818 5729 945 5781; x_wconf 90' lang='lat' dir='ltr'>edit.</span> <span class='ocrx_word' id='word_1_723' title='bbox 977 5731 1260 5784; x_wconf 86' lang='lat' dir='ltr'>Francisci</span> <span class='ocrx_word' id='word_1_724' title='bbox 1286 5730 1471 5786; x_wconf 87' lang='lat' dir='ltr'>Florii.</span> 
     </span>
    </p>
   </div>
   <div class='ocr_carea' id='block_1_102' title="bbox 277 5802 1839 5874">
    <p class='ocr_par' dir='ltr' id='par_1_102' title="bbox 277 5802 1839 5874">
     <span class='ocr_line' id='line_1_103' title="bbox 277 5802 1839 5874; baseline 0.004 -21"><span class='ocrx_word' id='word_1_725' title='bbox 277 5804 379 5868; x_wconf 77' lang='lat' dir='ltr'>(ll)</span> <span class='ocrx_word' id='word_1_726' title='bbox 405 5802 632 5855; x_wconf 88' lang='lat' dir='ltr'>Constat</span> <span class='ocrx_word' id='word_1_727' title='bbox 661 5805 941 5853; x_wconf 87' lang='lat' dir='ltr'>auctorem</span> <span class='ocrx_word' id='word_1_728' title='bbox 987 5803 1115 5854; x_wconf 88' lang='lat' dir='ltr'>libri</span> <span class='ocrx_word' id='word_1_729' title='bbox 1154 5805 1221 5856; x_wconf 85' lang='lat' dir='ltr'>ad</span> <span class='ocrx_word' id='word_1_730' title='bbox 1270 5808 1620 5859; x_wconf 70' lang='lat' dir='ltr'>Novatz&#39;anum</span> <span class='ocrx_word' id='word_1_731' title='bbox 1652 5816 1839 5874; x_wconf 71' lang='lat' dir='ltr'>teque-</span> 
     </span>
    </p>
   </div>
   <div class='ocr_carea' id='block_1_103' title="bbox 545 5892 956 5962">
    <p class='ocr_par' dir='ltr' id='par_1_103' title="bbox 545 5892 956 5962">
     <span class='ocr_line' id='line_1_104' title="bbox 545 5892 956 5962; baseline 0 -3"><span class='ocrx_word' id='word_1_732' title='bbox 545 5892 956 5962; x_wconf 77' lang='lat' dir='ltr'>PATROL.IV.</span> 
     </span>
    </p>
   </div>
   <div class='ocr_carea' id='block_1_104' title="bbox 1933 4577 3557 4650">
    <p class='ocr_par' dir='ltr' id='par_1_104' title="bbox 1933 4577 3557 4650">
     <span class='ocr_line' id='line_1_105' title="bbox 1933 4577 3557 4650; baseline 0 -18"><span class='ocrx_word' id='word_1_733' title='bbox 1933 4580 2111 4632; x_wconf 75' lang='lat' dir='ltr'>fertur</span> <span class='ocrx_word' id='word_1_734' title='bbox 2141 4579 2195 4630; x_wconf 89' lang='lat' dir='ltr'>in</span> <span class='ocrx_word' id='word_1_735' title='bbox 2228 4577 2331 4631; x_wconf 91' lang='lat' dir='ltr'>hoc</span> <span class='ocrx_word' id='word_1_736' title='bbox 2354 4580 2644 4648; x_wconf 85' lang='lat' dir='ltr'>Opusculo.</span> <span class='ocrx_word' id='word_1_737' title='bbox 2682 4584 2789 4633; x_wconf 77' lang='lat' dir='ltr'>Aut</span> <span class='ocrx_word' id='word_1_738' title='bbox 2814 4595 2950 4648; x_wconf 87' lang='lat' dir='ltr'>ergo</span> <span class='ocrx_word' id='word_1_739' title='bbox 2986 4585 3220 4650; x_wconf 90' lang='lat' dir='ltr'>uterque</span> <span class='ocrx_word' id='word_1_740' title='bbox 3248 4597 3557 4634; x_wconf 84' lang='lat' dir='ltr'>amanuen-</span> 
     </span>
    </p>
   </div>
   <div class='ocr_carea' id='block_1_105' title="bbox 1937 4672 3559 4744">
    <p class='ocr_par' dir='ltr' id='par_1_105' title="bbox 1937 4672 3559 4744">
     <span class='ocr_line' id='line_1_106' title="bbox 1937 4672 3559 4744; baseline 0.001 -17"><span class='ocrx_word' id='word_1_741' title='bbox 1937 4673 2010 4727; x_wconf 86' lang='lat' dir='ltr'>sis</span> <span class='ocrx_word' id='word_1_742' title='bbox 2058 4673 2322 4726; x_wconf 81' lang='lat' dir='ltr'>eamdcm</span> <span class='ocrx_word' id='word_1_743' title='bbox 2380 4672 2667 4726; x_wconf 88' lang='lat' dir='ltr'>licentiam</span> <span class='ocrx_word' id='word_1_744' title='bbox 2712 4673 2815 4725; x_wconf 86' lang='lat' dir='ltr'>sibi</span> <span class='ocrx_word' id='word_1_745' title='bbox 2864 4673 3171 4744; x_wconf 85' lang='lat' dir='ltr'>arrogavit,</span> <span class='ocrx_word' id='word_1_746' title='bbox 3219 4677 3316 4726; x_wconf 91' lang='lat' dir='ltr'>aut</span> <span class='ocrx_word' id='word_1_747' title='bbox 3373 4674 3559 4744; x_wconf 86' lang='lat' dir='ltr'>potius</span> 
     </span>
    </p>
   </div>
   <div class='ocr_carea' id='block_1_106' title="bbox 1937 4765 3560 4838">
    <p class='ocr_par' dir='ltr' id='par_1_106' title="bbox 1937 4765 3560 4838">
     <span class='ocr_line' id='line_1_107' title="bbox 1937 4765 3560 4838; baseline 0.001 -20"><span class='ocrx_word' id='word_1_748' title='bbox 1937 4767 2166 4820; x_wconf 84' lang='lat' dir='ltr'>vetustis</span> <span class='ocrx_word' id='word_1_749' title='bbox 2199 4766 2332 4836; x_wconf 87' lang='lat' dir='ltr'>ipsis</span> <span class='ocrx_word' id='word_1_750' title='bbox 2365 4765 2715 4836; x_wconf 88' lang='lat' dir='ltr'>temporibus</span> <span class='ocrx_word' id='word_1_751' title='bbox 2746 4766 2926 4819; x_wconf 87' lang='lat' dir='ltr'>altera</span> <span class='ocrx_word' id='word_1_752' title='bbox 2957 4767 3354 4836; x_wconf 84' lang='lat' dir='ltr'>interpretatio</span> <span class='ocrx_word' id='word_1_753' title='bbox 3391 4767 3560 4838; x_wconf 85' lang='lat' dir='ltr'>hujus</span> 
     </span>
    </p>
   </div>
   <div class='ocr_carea' id='block_1_107' title="bbox 1938 4859 3549 4930">
    <p class='ocr_par' dir='ltr' id='par_1_107' title="bbox 1938 4859 3549 4930">
     <span class='ocr_line' id='line_1_108' title="bbox 1938 4859 3549 4930; baseline 0.001 -16"><span class='ocrx_word' id='word_1_754' title='bbox 1938 4861 2040 4914; x_wconf 92' lang='lat' dir='ltr'>loci</span> <span class='ocrx_word' id='word_1_755' title='bbox 2069 4861 2280 4927; x_wconf 83' lang='lat' dir='ltr'>aderat,</span> <span class='ocrx_word' id='word_1_756' title='bbox 2308 4877 2436 4930; x_wconf 78' lang='lat' dir='ltr'>quae</span> <span class='ocrx_word' id='word_1_757' title='bbox 2474 4878 2542 4914; x_wconf 91' lang='lat' dir='ltr'>ea</span> <span class='ocrx_word' id='word_1_758' title='bbox 2585 4859 2806 4914; x_wconf 88' lang='lat' dir='ltr'>ratione</span> <span class='ocrx_word' id='word_1_759' title='bbox 2847 4860 3032 4914; x_wconf 88' lang='lat' dir='ltr'>locum</span> <span class='ocrx_word' id='word_1_760' title='bbox 3077 4860 3229 4914; x_wconf 90' lang='lat' dir='ltr'>hunc</span> <span class='ocrx_word' id='word_1_761' title='bbox 3261 4861 3549 4929; x_wconf 85' lang='lat' dir='ltr'>redderet,</span> 
     </span>
    </p>
   </div>
   <div class='ocr_carea' id='block_1_108' title="bbox 1937 4954 2724 5026">
    <p class='ocr_par' dir='ltr' id='par_1_108' title="bbox 1937 4954 2724 5026">
     <span class='ocr_line' id='line_1_109' title="bbox 1937 4954 2724 5026; baseline 0 -18"><span class='ocrx_word' id='word_1_762' title='bbox 1937 4972 2046 5026; x_wconf 88' lang='lat' dir='ltr'>qua</span> <span class='ocrx_word' id='word_1_763' title='bbox 2076 4972 2227 5008; x_wconf 88' lang='lat' dir='ltr'>nunc</span> <span class='ocrx_word' id='word_1_764' title='bbox 2256 4954 2440 5008; x_wconf 89' lang='lat' dir='ltr'>reddit</span> <span class='ocrx_word' id='word_1_765' title='bbox 2467 4954 2724 5024; x_wconf 88' lang='lat' dir='ltr'>Vulgata.</span> 
     </span>
    </p>
   </div>
   <div class='ocr_carea' id='block_1_109' title="bbox 2009 5047 3562 5119">
    <p class='ocr_par' dir='ltr' id='par_1_109' title="bbox 2009 5047 3562 5119">
     <span class='ocr_line' id='line_1_110' title="bbox 2009 5047 3562 5119; baseline -0.001 -14"><span class='ocrx_word' id='word_1_766' title='bbox 2009 5052 2292 5106; x_wconf 68' lang='lat' dir='ltr'>Caeterum</span> <span class='ocrx_word' id='word_1_767' title='bbox 2336 5048 2425 5101; x_wconf 86' lang='lat' dir='ltr'>hic</span> <span class='ocrx_word' id='word_1_768' title='bbox 2471 5048 2676 5119; x_wconf 88' lang='lat' dir='ltr'>psalmi</span> <span class='ocrx_word' id='word_1_769' title='bbox 2717 5047 3046 5118; x_wconf 87' lang='lat' dir='ltr'>octogesimi</span> <span class='ocrx_word' id='word_1_770' title='bbox 3085 5048 3264 5102; x_wconf 89' lang='lat' dir='ltr'>octavi</span> <span class='ocrx_word' id='word_1_771' title='bbox 3305 5049 3458 5103; x_wconf 91' lang='lat' dir='ltr'>locus</span> <span class='ocrx_word' id='word_1_772' title='bbox 3505 5048 3562 5104; x_wconf 90' lang='lat' dir='ltr'>in</span> 
     </span>
    </p>
   </div>
   <div class='ocr_carea' id='block_1_110' title="bbox 1941 5142 3563 5214">
    <p class='ocr_par' dir='ltr' id='par_1_110' title="bbox 1941 5142 3563 5214">
     <span class='ocr_line' id='line_1_111' title="bbox 1941 5142 3563 5214; baseline 0.001 -18"><span class='ocrx_word' id='word_1_773' title='bbox 1941 5143 2322 5198; x_wconf 81' lang='lat' dir='ltr'>vetustissimo</span> <span class='ocrx_word' id='word_1_774' title='bbox 2353 5143 2448 5196; x_wconf 92' lang='lat' dir='ltr'>illo</span> <span class='ocrx_word' id='word_1_775' title='bbox 2476 5143 2668 5197; x_wconf 89' lang='lat' dir='ltr'>libello</span> <span class='ocrx_word' id='word_1_776' title='bbox 2701 5147 2743 5214; x_wconf 78' lang='lat' dir='ltr'>(l</span> <span class='ocrx_word' id='word_1_777' title='bbox 2764 5142 2833 5213; x_wconf 82' lang='lat' dir='ltr'>l),</span> <span class='ocrx_word' id='word_1_778' title='bbox 2863 5143 2960 5213; x_wconf 91' lang='lat' dir='ltr'>qui</span> <span class='ocrx_word' id='word_1_779' title='bbox 3001 5143 3270 5197; x_wconf 88' lang='lat' dir='ltr'>adversus</span> <span class='ocrx_word' id='word_1_780' title='bbox 3298 5143 3563 5198; x_wconf 57' lang='lat' dir='ltr'>Novatias</span> 
     </span>
    </p>
   </div>
   <div class='ocr_carea' id='block_1_111' title="bbox 1942 5236 3561 5308">
    <p class='ocr_par' dir='ltr' id='par_1_111' title="bbox 1942 5236 3561 5308">
     <span class='ocr_line' id='line_1_112' title="bbox 1942 5236 3561 5308; baseline 0 -16"><span class='ocrx_word' id='word_1_781' title='bbox 1942 5255 2101 5305; x_wconf 89' lang='lat' dir='ltr'>num,</span> <span class='ocrx_word' id='word_1_782' title='bbox 2131 5238 2251 5308; x_wconf 86' lang='lat' dir='ltr'>ipso</span> <span class='ocrx_word' id='word_1_783' title='bbox 2296 5236 2735 5291; x_wconf 82' lang='lat' dir='ltr'>Novatianorum</span> <span class='ocrx_word' id='word_1_784' title='bbox 2777 5243 2948 5308; x_wconf 89' lang='lat' dir='ltr'>atque</span> <span class='ocrx_word' id='word_1_785' title='bbox 2989 5236 3254 5308; x_wconf 84' lang='lat' dir='ltr'>Cypriani</span> <span class='ocrx_word' id='word_1_786' title='bbox 3299 5241 3561 5308; x_wconf 85' lang='lat' dir='ltr'>tempore</span> 
     </span>
    </p>
   </div>
   <div class='ocr_carea' id='block_1_112' title="bbox 1942 5331 3565 5403">
    <p class='ocr_par' dir='ltr' id='par_1_112' title="bbox 1942 5331 3565 5403">
     <span class='ocr_line' id='line_1_113' title="bbox 1942 5331 3565 5403; baseline -0.001 -15"><span class='ocrx_word' id='word_1_787' title='bbox 1942 5333 2294 5403; x_wconf 88' lang='lat' dir='ltr'>conscriptus</span> <span class='ocrx_word' id='word_1_788' title='bbox 2323 5332 2450 5401; x_wconf 88' lang='lat' dir='ltr'>fuit,</span> <span class='ocrx_word' id='word_1_789' title='bbox 2486 5331 2556 5386; x_wconf 89' lang='lat' dir='ltr'>ad</span> <span class='ocrx_word' id='word_1_790' title='bbox 2607 5332 2757 5385; x_wconf 90' lang='lat' dir='ltr'>hunc</span> <span class='ocrx_word' id='word_1_791' title='bbox 2802 5331 3040 5385; x_wconf 88' lang='lat' dir='ltr'>modum</span> <span class='ocrx_word' id='word_1_792' title='bbox 3088 5349 3146 5386; x_wconf 86' lang='lat' dir='ltr'>se</span> <span class='ocrx_word' id='word_1_793' title='bbox 3188 5332 3398 5387; x_wconf 87' lang='lat' dir='ltr'>habet:</span> <span class='ocrx_word' id='word_1_794' title='bbox 3440 5355 3467 5381; x_wconf 90' lang='grc'>‹‹</span> <span class='ocrx_word' id='word_1_795' title='bbox 3509 5334 3565 5388; x_wconf 90' lang='lat' dir='ltr'>Si</span> 
     </span>
    </p>
   </div>
   <div class='ocr_carea' id='block_1_113' title="bbox 1943 5424 3568 5497">
    <p class='ocr_par' dir='ltr' id='par_1_113' title="bbox 1943 5424 3568 5497">
     <span class='ocr_line' id='line_1_114' title="bbox 1943 5424 3568 5497; baseline -0.001 -16"><span class='ocrx_word' id='word_1_796' title='bbox 1943 5425 2354 5497; x_wconf 88' lang='lat' dir='ltr'>dereliqueriut</span> <span class='ocrx_word' id='word_1_797' title='bbox 2375 5425 2474 5479; x_wconf 83' lang='lat' dir='ltr'>ﬁlii</span> <span class='ocrx_word' id='word_1_798' title='bbox 2507 5426 2630 5495; x_wconf 79' lang='lat' dir='ltr'>ejus</span> <span class='ocrx_word' id='word_1_799' title='bbox 2659 5427 2842 5496; x_wconf 83' lang='lat' dir='ltr'>legem</span> <span class='ocrx_word' id='word_1_800' title='bbox 2876 5439 3082 5492; x_wconf 87' lang='lat' dir='ltr'>meam,</span> <span class='ocrx_word' id='word_1_801' title='bbox 3117 5429 3175 5479; x_wconf 88' lang='lat' dir='ltr'>et</span> <span class='ocrx_word' id='word_1_802' title='bbox 3197 5424 3252 5479; x_wconf 92' lang='lat' dir='ltr'>in</span> <span class='ocrx_word' id='word_1_803' title='bbox 3285 5426 3568 5480; x_wconf 86' lang='lat' dir='ltr'>mandatis</span> 
     </span>
    </p>
   </div>
   <div class='ocr_carea' id='block_1_114' title="bbox 1943 5520 3566 5590">
    <p class='ocr_par' dir='ltr' id='par_1_114' title="bbox 1943 5520 3566 5590">
     <span class='ocr_line' id='line_1_115' title="bbox 1943 5520 3566 5590; baseline -0.002 -14"><span class='ocrx_word' id='word_1_804' title='bbox 1943 5521 2084 5576; x_wconf 86' lang='lat' dir='ltr'>meis</span> <span class='ocrx_word' id='word_1_805' title='bbox 2133 5538 2244 5574; x_wconf 87' lang='lat' dir='ltr'>non</span> <span class='ocrx_word' id='word_1_806' title='bbox 2293 5520 2726 5588; x_wconf 70' lang='lat' dir='ltr'>ambulaverint,</span> <span class='ocrx_word' id='word_1_807' title='bbox 2759 5526 2815 5574; x_wconf 91' lang='lat' dir='ltr'>et</span> <span class='ocrx_word' id='word_1_808' title='bbox 2861 5520 2905 5574; x_wconf 89' lang='lat' dir='ltr'>si</span> <span class='ocrx_word' id='word_1_809' title='bbox 2939 5520 3372 5590; x_wconf 79' lang='lat' dir='ltr'>justiticatioues</span> <span class='ocrx_word' id='word_1_810' title='bbox 3413 5536 3566 5574; x_wconf 83' lang='lat' dir='ltr'>meas</span> 
     </span>
    </p>
   </div>
   <div class='ocr_carea' id='block_1_115' title="bbox 1942 5721 3570 5796">
    <p class='ocr_par' dir='ltr' id='par_1_115' title="bbox 1942 5721 3570 5796">
     <span class='ocr_line' id='line_1_116' title="bbox 1942 5721 3570 5796; baseline -0.002 -15"><span class='ocrx_word' id='word_1_811' title='bbox 1942 5724 2052 5783; x_wconf 89' lang='lat' dir='ltr'>lem</span> <span class='ocrx_word' id='word_1_812' title='bbox 2074 5745 2194 5783; x_wconf 89' lang='lat' dir='ltr'>esse</span> <span class='ocrx_word' id='word_1_813' title='bbox 2225 5724 2504 5796; x_wconf 83' lang='lat' dir='ltr'>Cypriani,</span> <span class='ocrx_word' id='word_1_814' title='bbox 2531 5730 2632 5782; x_wconf 90' lang='lat' dir='ltr'>etc.</span> <span class='ocrx_word' id='word_1_815' title='bbox 2662 5723 2723 5779; x_wconf 87' lang='lat' dir='ltr'>In</span> <span class='ocrx_word' id='word_1_816' title='bbox 2747 5724 2872 5779; x_wconf 80' lang='lat' dir='ltr'>Vita</span> <span class='ocrx_word' id='word_1_817' title='bbox 2900 5722 2956 5779; x_wconf 90' lang='lat' dir='ltr'>S.</span> <span class='ocrx_word' id='word_1_818' title='bbox 2980 5721 3570 5792; x_wconf 69' lang='lat' dir='ltr'>Cypriani,praeposita</span> 
     </span>
    </p>
   </div>
   <div class='ocr_carea' id='block_1_116' title="bbox 1942 5801 2843 5868">
    <p class='ocr_par' dir='ltr' id='par_1_116' title="bbox 1942 5801 2843 5868">
     <span class='ocr_line' id='line_1_117' title="bbox 1942 5801 2843 5868; baseline -0.003 -13"><span class='ocrx_word' id='word_1_819' title='bbox 1942 5803 2166 5855; x_wconf 83' lang='lat' dir='ltr'>editioni</span> <span class='ocrx_word' id='word_1_820' title='bbox 2197 5804 2422 5867; x_wconf 84' lang='lat' dir='ltr'>Baluzii,</span> <span class='ocrx_word' id='word_1_821' title='bbox 2453 5803 2583 5868; x_wconf 80' lang='lat'>§35,</span> <span class='ocrx_word' id='word_1_822' title='bbox 2611 5816 2730 5868; x_wconf 81' lang='lat' dir='ltr'>pag.</span> <span class='ocrx_word' id='word_1_823' title='bbox 2765 5801 2843 5853; x_wconf 70' lang='lat' dir='ltr'>9t.</span> 
     </span>
    </p>
   </div>
   <div class='ocr_carea' id='block_1_117' title="bbox 3258 5891 3336 5957">
    <p class='ocr_par' dir='ltr' id='par_1_117' title="bbox 3258 5891 3336 5957">
     <span class='ocr_line' id='line_1_118' title="bbox 3258 5891 3336 5957; baseline 0 0"><span class='ocrx_word' id='word_1_824' title='bbox 3258 5891 3336 5957; x_wconf 68' lang='grc'>28</span> 
     </span>
    </p>
   </div>
  </div>
