  <div class='ocr_page' id='page_1' title='image "/cluster/home/n/w/nwhite01/storage/ocr_20150623/4/hvd.32044073549446/443.png"; bbox 0 0 4032 6180; ppageno 0'>
   <div class='ocr_carea' id='block_1_1' title="bbox 553 290 655 346">
    <p class='ocr_par' dir='ltr' id='par_1_1' title="bbox 553 290 655 346">
     <span class='ocr_line' id='line_1_1' title="bbox 553 290 655 346; baseline 0 -1"><span class='ocrx_word' id='word_1_1' title='bbox 553 290 655 346; x_wconf 83' lang='grc'>875</span> 
     </span>
    </p>
   </div>
   <div class='ocr_carea' id='block_1_2' title="bbox 1318 250 3131 340">
    <p class='ocr_par' dir='ltr' id='par_1_2' title="bbox 1318 250 3131 340">
     <span class='ocr_line' id='line_1_2' title="bbox 1318 250 3131 340; baseline -0.004 0"><span class='ocrx_word' id='word_1_2' title='bbox 1318 276 1407 340; x_wconf 85' lang='lat' dir='ltr'>AD</span> <span class='ocrx_word' id='word_1_3' title='bbox 1446 250 1669 339; x_wconf 61' lang='lat' dir='ltr'>orsus.</span> <span class='ocrx_word' id='word_1_4' title='bbox 1698 283 1753 337; x_wconf 91' lang='lat' dir='ltr'>s.</span> <span class='ocrx_word' id='word_1_5' title='bbox 1798 277 2111 337; x_wconf 84' lang='lat' dir='ltr'>CYPRIANI</span> <span class='ocrx_word' id='word_1_6' title='bbox 2147 276 2449 336; x_wconf 78' lang='lat' dir='ltr'>GENUINA</span> <span class='ocrx_word' id='word_1_7' title='bbox 2485 273 2774 333; x_wconf 79' lang='lat' dir='ltr'>APPEND.</span> <span class='ocrx_word' id='word_1_8' title='bbox 2809 306 2877 317; x_wconf 86' lang='grc'><strong><em>-</em></strong></span> <span class='ocrx_word' id='word_1_9' title='bbox 2905 270 3131 333; x_wconf 66' lang='lat' dir='ltr'>ouem.</span> 
     </span>
    </p>
   </div>
   <div class='ocr_carea' id='block_1_3' title="bbox 77 0 3998 93">
    <p class='ocr_par' dir='ltr' id='par_1_3' title="bbox 77 0 3998 93">
     <span class='ocr_line' id='line_1_3' title="bbox 77 0 3998 93; baseline 0.002 -7"><span class='ocrx_word' id='word_1_10' title='bbox 77 0 3998 93; x_wconf 57' lang='lat'>——————&quot;&#39;——&#39;——&#39;_‘_&#39;</span> 
     </span>
    </p>
   </div>
   <div class='ocr_carea' id='block_1_4' title="bbox 3770 286 3860 343">
    <p class='ocr_par' dir='ltr' id='par_1_4' title="bbox 3770 286 3860 343">
     <span class='ocr_line' id='line_1_4' title="bbox 3770 286 3860 343; baseline 0.022 -2"><span class='ocrx_word' id='word_1_11' title='bbox 3770 286 3860 343; x_wconf 81' lang='lat'>876</span> 
     </span>
    </p>
   </div>
   <div class='ocr_carea' id='block_1_5' title="bbox 559 405 3869 492">
    <p class='ocr_par' dir='ltr' id='par_1_5' title="bbox 559 405 3869 492">
     <span class='ocr_line' id='line_1_5' title="bbox 559 405 3869 492; baseline -0.001 -21"><span class='ocrx_word' id='word_1_12' title='bbox 559 414 1009 490; x_wconf 79' lang='lat' dir='ltr'>profanaverint,</span> <span class='ocrx_word' id='word_1_13' title='bbox 1039 419 1095 466; x_wconf 88' lang='lat' dir='ltr'>et</span> <span class='ocrx_word' id='word_1_14' title='bbox 1140 415 1419 484; x_wconf 78' lang='lat' dir='ltr'>praecepta</span> <span class='ocrx_word' id='word_1_15' title='bbox 1465 427 1596 465; x_wconf 88' lang='lat' dir='ltr'>mea</span> <span class='ocrx_word' id='word_1_16' title='bbox 1646 426 1763 464; x_wconf 89' lang='lat' dir='ltr'>non</span> <span class='ocrx_word' id='word_1_17' title='bbox 1800 407 2189 472; x_wconf 88' lang='lat' dir='ltr'>custodierint,</span> <span class='ocrx_word' id='word_1_18' title='bbox 2215 419 2273 492; x_wconf 69' lang='grc' dir='ltr'><strong>Α</strong></span> <span class='ocrx_word' id='word_1_19' title='bbox 2295 406 2661 461; x_wconf 88' lang='lat' dir='ltr'>clementiam</span> <span class='ocrx_word' id='word_1_20' title='bbox 2688 406 2779 461; x_wconf 87' lang='lat' dir='ltr'>Dei</span> <span class='ocrx_word' id='word_1_21' title='bbox 2810 405 3214 461; x_wconf 80' lang='lat' dir='ltr'>comminantis</span> <span class='ocrx_word' id='word_1_22' title='bbox 3242 405 3429 475; x_wconf 81' lang='lat' dir='ltr'>simul,</span> <span class='ocrx_word' id='word_1_23' title='bbox 3461 412 3620 480; x_wconf 82' lang='lat' dir='ltr'>atque</span> <span class='ocrx_word' id='word_1_24' title='bbox 3660 426 3869 481; x_wconf 87' lang='lat' dir='ltr'>parcen-</span> 
     </span>
    </p>
   </div>
   <div class='ocr_carea' id='block_1_6' title="bbox 553 501 2189 577">
    <p class='ocr_par' dir='ltr' id='par_1_6' title="bbox 553 501 2189 577">
     <span class='ocr_line' id='line_1_6' title="bbox 553 501 2189 577; baseline -0.005 -15"><span class='ocrx_word' id='word_1_25' title='bbox 553 511 803 565; x_wconf 85' lang='lat' dir='ltr'>visitabo</span> <span class='ocrx_word' id='word_1_26' title='bbox 828 508 883 562; x_wconf 89' lang='lat' dir='ltr'>in</span> <span class='ocrx_word' id='word_1_27' title='bbox 917 508 1073 577; x_wconf 88' lang='lat' dir='ltr'>virga</span> <span class='ocrx_word' id='word_1_28' title='bbox 1098 506 1351 561; x_wconf 79' lang='lat' dir='ltr'>facinora</span> <span class='ocrx_word' id='word_1_29' title='bbox 1382 521 1601 571; x_wconf 86' lang='lat' dir='ltr'>eorum,</span> <span class='ocrx_word' id='word_1_30' title='bbox 1631 507 1687 558; x_wconf 89' lang='lat' dir='ltr'>et</span> <span class='ocrx_word' id='word_1_31' title='bbox 1718 504 1774 557; x_wconf 90' lang='lat' dir='ltr'>in</span> <span class='ocrx_word' id='word_1_32' title='bbox 1804 501 2043 573; x_wconf 87' lang='lat' dir='ltr'>ﬂagellis</span> <span class='ocrx_word' id='word_1_33' title='bbox 2086 501 2189 555; x_wconf 90' lang='lat' dir='ltr'>de-</span> 
     </span>
    </p>
   </div>
   <div class='ocr_carea' id='block_1_7' title="bbox 563 594 2187 667">
    <p class='ocr_par' dir='ltr' id='par_1_7' title="bbox 563 594 2187 667">
     <span class='ocr_line' id='line_1_7' title="bbox 563 594 2187 667; baseline -0.007 -9"><span class='ocrx_word' id='word_1_34' title='bbox 563 605 691 658; x_wconf 88' lang='lat' dir='ltr'>licta</span> <span class='ocrx_word' id='word_1_35' title='bbox 721 618 917 657; x_wconf 88' lang='lat' dir='ltr'>eorum</span> <span class='ocrx_word' id='word_1_36' title='bbox 947 618 960 667; x_wconf 91' lang='lat'><strong>;</strong></span> <span class='ocrx_word' id='word_1_37' title='bbox 988 599 1437 654; x_wconf 83' lang='lat' dir='ltr'>misericordiam</span> <span class='ocrx_word' id='word_1_38' title='bbox 1468 606 1661 651; x_wconf 87' lang='lat' dir='ltr'>autem</span> <span class='ocrx_word' id='word_1_39' title='bbox 1704 613 1889 651; x_wconf 89' lang='lat' dir='ltr'>meam</span> <span class='ocrx_word' id='word_1_40' title='bbox 1937 612 2049 649; x_wconf 90' lang='lat' dir='ltr'>non</span> <span class='ocrx_word' id='word_1_41' title='bbox 2080 594 2187 649; x_wconf 90' lang='lat' dir='ltr'>dis-</span> 
     </span>
    </p>
   </div>
   <div class='ocr_carea' id='block_1_8' title="bbox 558 687 2187 767">
    <p class='ocr_par' dir='ltr' id='par_1_8' title="bbox 558 687 2187 767">
     <span class='ocr_line' id='line_1_8' title="bbox 558 687 2187 767; baseline -0.006 -17"><span class='ocrx_word' id='word_1_42' title='bbox 558 711 801 767; x_wconf 85' lang='lat' dir='ltr'>pergam</span> <span class='ocrx_word' id='word_1_43' title='bbox 832 694 903 749; x_wconf 90' lang='lat' dir='ltr'>ab</span> <span class='ocrx_word' id='word_1_44' title='bbox 930 694 1030 748; x_wconf 87' lang='lat' dir='ltr'>eis.</span> <span class='ocrx_word' id='word_1_45' title='bbox 1064 714 1091 743; x_wconf 73' lang='lat' dir='ltr'>n</span> <span class='ocrx_word' id='word_1_46' title='bbox 1121 694 1229 761; x_wconf 85' lang='lat' dir='ltr'>Nec</span> <span class='ocrx_word' id='word_1_47' title='bbox 1264 692 1510 745; x_wconf 89' lang='lat' dir='ltr'>multum</span> <span class='ocrx_word' id='word_1_48' title='bbox 1543 692 1703 745; x_wconf 88' lang='lat' dir='ltr'>abest</span> <span class='ocrx_word' id='word_1_49' title='bbox 1744 690 2078 760; x_wconf 79' lang='lat' dir='ltr'>Cyprianus,</span> <span class='ocrx_word' id='word_1_50' title='bbox 2109 687 2187 741; x_wconf 88' lang='lat' dir='ltr'>sic</span> 
     </span>
    </p>
   </div>
   <div class='ocr_carea' id='block_1_9' title="bbox 559 781 2189 855">
    <p class='ocr_par' dir='ltr' id='par_1_9' title="bbox 559 781 2189 855">
     <span class='ocr_line' id='line_1_9' title="bbox 559 781 2189 855; baseline -0.009 -9"><span class='ocrx_word' id='word_1_51' title='bbox 559 788 826 846; x_wconf 89' lang='lat' dir='ltr'>eumdem</span> <span class='ocrx_word' id='word_1_52' title='bbox 873 789 1055 842; x_wconf 89' lang='lat' dir='ltr'>locum</span> <span class='ocrx_word' id='word_1_53' title='bbox 1096 787 1352 855; x_wconf 88' lang='lat' dir='ltr'>allegans</span> <span class='ocrx_word' id='word_1_54' title='bbox 1393 787 1496 853; x_wconf 80' lang='lat' dir='ltr'>(t2)</span> <span class='ocrx_word' id='word_1_55' title='bbox 1534 801 1547 838; x_wconf 91' lang='lat'><strong>:</strong></span> <span class='ocrx_word' id='word_1_56' title='bbox 1603 806 1628 833; x_wconf 87' lang='grc'><em>‹‹</em></span> <span class='ocrx_word' id='word_1_57' title='bbox 1672 784 1726 839; x_wconf 91' lang='lat' dir='ltr'>Si</span> <span class='ocrx_word' id='word_1_58' title='bbox 1776 781 2189 853; x_wconf 83' lang='lat' dir='ltr'>dereliquerint</span> 
     </span>
    </p>
   </div>
   <div class='ocr_carea' id='block_1_10' title="bbox 558 875 2183 953">
    <p class='ocr_par' dir='ltr' id='par_1_10' title="bbox 558 875 2183 953">
     <span class='ocr_line' id='line_1_10' title="bbox 558 875 2183 953; baseline -0.007 -15"><span class='ocrx_word' id='word_1_59' title='bbox 558 883 753 953; x_wconf 80' lang='lat' dir='ltr'>legem</span> <span class='ocrx_word' id='word_1_60' title='bbox 782 897 1000 950; x_wconf 87' lang='lat' dir='ltr'>meam,</span> <span class='ocrx_word' id='word_1_61' title='bbox 1026 884 1081 934; x_wconf 90' lang='lat' dir='ltr'>et</span> <span class='ocrx_word' id='word_1_62' title='bbox 1103 880 1159 933; x_wconf 91' lang='lat' dir='ltr'>in</span> <span class='ocrx_word' id='word_1_63' title='bbox 1184 878 1416 949; x_wconf 81' lang='lat' dir='ltr'>judiciis</span> <span class='ocrx_word' id='word_1_64' title='bbox 1439 878 1581 931; x_wconf 85' lang='lat' dir='ltr'>meis</span> <span class='ocrx_word' id='word_1_65' title='bbox 1606 894 1715 931; x_wconf 93' lang='lat' dir='ltr'>non</span> <span class='ocrx_word' id='word_1_66' title='bbox 1740 875 2183 940; x_wconf 81' lang='lat' dir='ltr'>ambulaverint;</span> 
     </span>
    </p>
   </div>
   <div class='ocr_carea' id='block_1_11' title="bbox 561 971 2187 1046">
    <p class='ocr_par' dir='ltr' id='par_1_11' title="bbox 561 971 2187 1046">
     <span class='ocr_line' id='line_1_11' title="bbox 561 971 2187 1046; baseline -0.006 -16"><span class='ocrx_word' id='word_1_67' title='bbox 561 978 609 1030; x_wconf 88' lang='lat' dir='ltr'>si</span> <span class='ocrx_word' id='word_1_68' title='bbox 645 974 1088 1046; x_wconf 84' lang='lat' dir='ltr'>justificationes</span> <span class='ocrx_word' id='word_1_69' title='bbox 1134 989 1289 1028; x_wconf 76' lang='lat' dir='ltr'>meas</span> <span class='ocrx_word' id='word_1_70' title='bbox 1335 971 1779 1042; x_wconf 78' lang='lat' dir='ltr'>profanaverint,</span> <span class='ocrx_word' id='word_1_71' title='bbox 1810 974 1865 1023; x_wconf 81' lang='lat' dir='ltr'>et</span> <span class='ocrx_word' id='word_1_72' title='bbox 1904 975 2187 1039; x_wconf 74' lang='lat' dir='ltr'>praecepta</span> 
     </span>
    </p>
   </div>
   <div class='ocr_carea' id='block_1_12' title="bbox 563 1062 2187 1139">
    <p class='ocr_par' dir='ltr' id='par_1_12' title="bbox 563 1062 2187 1139">
     <span class='ocr_line' id='line_1_12' title="bbox 563 1062 2187 1139; baseline -0.006 -15"><span class='ocrx_word' id='word_1_73' title='bbox 563 1085 689 1125; x_wconf 88' lang='lat' dir='ltr'>mea</span> <span class='ocrx_word' id='word_1_74' title='bbox 738 1085 852 1122; x_wconf 90' lang='lat' dir='ltr'>non</span> <span class='ocrx_word' id='word_1_75' title='bbox 908 1066 1102 1139; x_wconf 79' lang='grc'>843</span> <span class='ocrx_word' id='word_1_76' title='bbox 1153 1064 1589 1131; x_wconf 86' lang='lat' dir='ltr'>observaverint,</span> <span class='ocrx_word' id='word_1_77' title='bbox 1638 1063 1873 1119; x_wconf 80' lang='lat' dir='ltr'>visitabo</span> <span class='ocrx_word' id='word_1_78' title='bbox 1929 1063 1986 1117; x_wconf 90' lang='lat' dir='ltr'>in</span> <span class='ocrx_word' id='word_1_79' title='bbox 2033 1062 2187 1133; x_wconf 85' lang='lat' dir='ltr'>virga</span> 
     </span>
    </p>
   </div>
   <div class='ocr_carea' id='block_1_13' title="bbox 562 1156 2183 1229">
    <p class='ocr_par' dir='ltr' id='par_1_13' title="bbox 562 1156 2183 1229">
     <span class='ocr_line' id='line_1_13' title="bbox 562 1156 2183 1229; baseline -0.004 -12"><span class='ocrx_word' id='word_1_80' title='bbox 562 1162 815 1217; x_wconf 80' lang='lat' dir='ltr'>facinora</span> <span class='ocrx_word' id='word_1_81' title='bbox 842 1178 1062 1228; x_wconf 89' lang='lat' dir='ltr'>eorum,</span> <span class='ocrx_word' id='word_1_82' title='bbox 1093 1166 1147 1214; x_wconf 89' lang='lat' dir='ltr'>et</span> <span class='ocrx_word' id='word_1_83' title='bbox 1178 1160 1230 1213; x_wconf 92' lang='lat' dir='ltr'>in</span> <span class='ocrx_word' id='word_1_84' title='bbox 1255 1158 1492 1229; x_wconf 87' lang='lat' dir='ltr'>ﬂagellis</span> <span class='ocrx_word' id='word_1_85' title='bbox 1518 1158 1724 1212; x_wconf 89' lang='lat' dir='ltr'>delicta</span> <span class='ocrx_word' id='word_1_86' title='bbox 1753 1173 1948 1212; x_wconf 90' lang='lat' dir='ltr'>eorum</span> <span class='ocrx_word' id='word_1_87' title='bbox 1972 1175 1983 1209; x_wconf 89' lang='lat'>:</span> <span class='ocrx_word' id='word_1_88' title='bbox 2013 1156 2183 1211; x_wconf 87' lang='lat' dir='ltr'>mise-</span> 
     </span>
    </p>
   </div>
   <div class='ocr_carea' id='block_1_14' title="bbox 562 1250 2183 1321">
    <p class='ocr_par' dir='ltr' id='par_1_14' title="bbox 562 1250 2183 1321">
     <span class='ocr_line' id='line_1_14' title="bbox 562 1250 2183 1321; baseline -0.004 -11"><span class='ocrx_word' id='word_1_89' title='bbox 562 1254 871 1310; x_wconf 88' lang='lat' dir='ltr'>ricordiam</span> <span class='ocrx_word' id='word_1_90' title='bbox 900 1262 1087 1309; x_wconf 87' lang='lat' dir='ltr'>autem</span> <span class='ocrx_word' id='word_1_91' title='bbox 1115 1270 1301 1307; x_wconf 83' lang='lat' dir='ltr'>meam</span> <span class='ocrx_word' id='word_1_92' title='bbox 1330 1268 1443 1306; x_wconf 90' lang='lat' dir='ltr'>non</span> <span class='ocrx_word' id='word_1_93' title='bbox 1477 1252 1797 1321; x_wconf 79' lang='lat' dir='ltr'>dispergam</span> <span class='ocrx_word' id='word_1_94' title='bbox 1821 1250 1890 1303; x_wconf 87' lang='lat' dir='ltr'>ab</span> <span class='ocrx_word' id='word_1_95' title='bbox 1914 1250 2059 1315; x_wconf 80' lang='lat' dir='ltr'>eis,»</span> <span class='ocrx_word' id='word_1_96' title='bbox 2077 1255 2183 1304; x_wconf 91' lang='lat' dir='ltr'>etc.</span> 
     </span>
    </p>
   </div>
   <div class='ocr_carea' id='block_1_15' title="bbox 632 1343 2187 1417">
    <p class='ocr_par' dir='ltr' id='par_1_15' title="bbox 632 1343 2187 1417">
     <span class='ocr_line' id='line_1_15' title="bbox 632 1343 2187 1417; baseline -0.005 -15"><span class='ocrx_word' id='word_1_97' title='bbox 632 1349 838 1402; x_wconf 82' lang='lat' dir='ltr'>Mirum</span> <span class='ocrx_word' id='word_1_98' title='bbox 885 1364 1054 1417; x_wconf 90' lang='lat' dir='ltr'>porro</span> <span class='ocrx_word' id='word_1_99' title='bbox 1110 1362 1221 1400; x_wconf 90' lang='lat' dir='ltr'>non</span> <span class='ocrx_word' id='word_1_100' title='bbox 1266 1350 1371 1411; x_wconf 89' lang='lat' dir='ltr'>est,</span> <span class='ocrx_word' id='word_1_101' title='bbox 1416 1344 1463 1398; x_wconf 92' lang='lat' dir='ltr'>si</span> <span class='ocrx_word' id='word_1_102' title='bbox 1508 1344 1695 1414; x_wconf 89' lang='lat' dir='ltr'>primo</span> <span class='ocrx_word' id='word_1_103' title='bbox 1748 1343 1981 1412; x_wconf 85' lang='lat' dir='ltr'>quidem</span> <span class='ocrx_word' id='word_1_104' title='bbox 2033 1343 2187 1396; x_wconf 91' lang='lat' dir='ltr'>locus</span> 
     </span>
    </p>
   </div>
   <div class='ocr_carea' id='block_1_16' title="bbox 564 1435 2190 1505">
    <p class='ocr_par' dir='ltr' id='par_1_16' title="bbox 564 1435 2190 1505">
     <span class='ocr_line' id='line_1_16' title="bbox 564 1435 2190 1505; baseline -0.004 -10"><span class='ocrx_word' id='word_1_105' title='bbox 564 1441 655 1495; x_wconf 85' lang='lat' dir='ltr'>hic</span> <span class='ocrx_word' id='word_1_106' title='bbox 681 1442 983 1495; x_wconf 64' lang='lat' dir='ltr'>efferatur:</span> <span class='ocrx_word' id='word_1_107' title='bbox 1014 1439 1224 1494; x_wconf 90' lang='lat' dir='ltr'>etenim</span> <span class='ocrx_word' id='word_1_108' title='bbox 1255 1438 1612 1492; x_wconf 80' lang='lat' dir='ltr'>severitatem</span> <span class='ocrx_word' id='word_1_109' title='bbox 1641 1436 1863 1490; x_wconf 90' lang='lat' dir='ltr'>illorum</span> <span class='ocrx_word' id='word_1_110' title='bbox 1895 1435 2190 1505; x_wconf 82' lang='lat' dir='ltr'>redarguit</span> 
     </span>
    </p>
   </div>
   <div class='ocr_carea' id='block_1_17' title="bbox 564 1528 2186 1605">
    <p class='ocr_par' dir='ltr' id='par_1_17' title="bbox 564 1528 2186 1605">
     <span class='ocr_line' id='line_1_17' title="bbox 564 1528 2186 1605; baseline -0.004 -17"><span class='ocrx_word' id='word_1_111' title='bbox 564 1535 686 1605; x_wconf 88' lang='lat' dir='ltr'>qui,</span> <span class='ocrx_word' id='word_1_112' title='bbox 731 1533 908 1588; x_wconf 91' lang='lat' dir='ltr'>nimio</span> <span class='ocrx_word' id='word_1_113' title='bbox 965 1533 1090 1602; x_wconf 90' lang='lat' dir='ltr'>plus</span> <span class='ocrx_word' id='word_1_114' title='bbox 1144 1532 1374 1595; x_wconf 79' lang='lat' dir='ltr'>austeri,</span> <span class='ocrx_word' id='word_1_115' title='bbox 1427 1531 1683 1601; x_wconf 86' lang='lat' dir='ltr'>recipere</span> <span class='ocrx_word' id='word_1_116' title='bbox 1740 1530 2073 1600; x_wconf 64' lang='lat' dir='ltr'>poenitentes</span> <span class='ocrx_word' id='word_1_117' title='bbox 2130 1528 2186 1581; x_wconf 91' lang='lat' dir='ltr'>in</span> 
     </span>
    </p>
   </div>
   <div class='ocr_carea' id='block_1_18' title="bbox 562 1622 2185 1681">
    <p class='ocr_par' dir='ltr' id='par_1_18' title="bbox 562 1622 2185 1681">
     <span class='ocr_line' id='line_1_18' title="bbox 562 1622 2185 1681; baseline -0.004 0"><span class='ocrx_word' id='word_1_118' title='bbox 562 1627 864 1681; x_wconf 89' lang='lat' dir='ltr'>Ecclesiam</span> <span class='ocrx_word' id='word_1_119' title='bbox 901 1625 1192 1679; x_wconf 85' lang='lat' dir='ltr'>nolebant.</span> <span class='ocrx_word' id='word_1_120' title='bbox 1230 1625 1366 1679; x_wconf 84' lang='lat' dir='ltr'>Hinc</span> <span class='ocrx_word' id='word_1_121' title='bbox 1413 1630 1612 1679; x_wconf 85' lang='lat' dir='ltr'>auctor</span> <span class='ocrx_word' id='word_1_122' title='bbox 1656 1624 1784 1678; x_wconf 88' lang='lat' dir='ltr'>libri</span> <span class='ocrx_word' id='word_1_123' title='bbox 1817 1623 1890 1677; x_wconf 89' lang='lat' dir='ltr'>ad</span> <span class='ocrx_word' id='word_1_124' title='bbox 1928 1622 2185 1677; x_wconf 86' lang='lat' dir='ltr'>Novatia—</span> 
     </span>
    </p>
   </div>
   <div class='ocr_carea' id='block_1_19' title="bbox 559 1717 2187 1789">
    <p class='ocr_par' dir='ltr' id='par_1_19' title="bbox 559 1717 2187 1789">
     <span class='ocr_line' id='line_1_19' title="bbox 559 1717 2187 1789; baseline -0.002 -15"><span class='ocrx_word' id='word_1_125' title='bbox 559 1736 697 1774; x_wconf 89' lang='lat' dir='ltr'>num</span> <span class='ocrx_word' id='word_1_126' title='bbox 754 1719 1082 1773; x_wconf 72' lang='lat' dir='ltr'>haareticum</span> <span class='ocrx_word' id='word_1_127' title='bbox 1138 1718 1217 1789; x_wconf 89' lang='lat' dir='ltr'>(p.</span> <span class='ocrx_word' id='word_1_128' title='bbox 1257 1717 1382 1789; x_wconf 73' lang='lat'>11):</span> <span class='ocrx_word' id='word_1_129' title='bbox 1433 1740 1460 1766; x_wconf 79' lang='grc' dir='ltr'>(ι</span> <span class='ocrx_word' id='word_1_130' title='bbox 1494 1719 1761 1781; x_wconf 68' lang='grc' dir='ltr'>Ουαιηειη]</span> <span class='ocrx_word' id='word_1_131' title='bbox 1814 1723 1896 1771; x_wconf 88' lang='lat' dir='ltr'>est</span> <span class='ocrx_word' id='word_1_132' title='bbox 1934 1721 2050 1783; x_wconf 87' lang='lat' dir='ltr'>tua,</span> <span class='ocrx_word' id='word_1_133' title='bbox 2084 1717 2187 1771; x_wconf 90' lang='lat' dir='ltr'>No-</span> 
     </span>
    </p>
   </div>
   <div class='ocr_carea' id='block_1_20' title="bbox 2294 499 3869 570">
    <p class='ocr_par' dir='ltr' id='par_1_20' title="bbox 2294 499 3869 570">
     <span class='ocr_line' id='line_1_20' title="bbox 2294 499 3869 570; baseline 0.005 -17"><span class='ocrx_word' id='word_1_134' title='bbox 2294 501 2384 565; x_wconf 92' lang='lat' dir='ltr'>tis,</span> <span class='ocrx_word' id='word_1_135' title='bbox 2418 499 2705 570; x_wconf 89' lang='lat' dir='ltr'>punientis</span> <span class='ocrx_word' id='word_1_136' title='bbox 2732 506 2795 553; x_wconf 89' lang='lat' dir='ltr'>ut</span> <span class='ocrx_word' id='word_1_137' title='bbox 2822 499 3092 569; x_wconf 88' lang='lat' dir='ltr'>corrigat,</span> <span class='ocrx_word' id='word_1_138' title='bbox 3124 502 3336 554; x_wconf 89' lang='lat' dir='ltr'>etcum</span> <span class='ocrx_word' id='word_1_139' title='bbox 3374 503 3682 570; x_wconf 79' lang='lat' dir='ltr'>correxerit,</span> <span class='ocrx_word' id='word_1_140' title='bbox 3713 521 3869 561; x_wconf 85' lang='lat' dir='ltr'>reser-</span> 
     </span>
    </p>
   </div>
   <div class='ocr_carea' id='block_1_21' title="bbox 2286 592 3869 667">
    <p class='ocr_par' dir='ltr' id='par_1_21' title="bbox 2286 592 3869 667">
     <span class='ocr_line' id='line_1_21' title="bbox 2286 592 3869 667; baseline 0.004 -20"><span class='ocrx_word' id='word_1_141' title='bbox 2286 594 2504 647; x_wconf 89' lang='lat' dir='ltr'>vantis:</span> <span class='ocrx_word' id='word_1_142' title='bbox 2537 614 2564 641; x_wconf 87' lang='grc'><strong>‹‹</strong></span> <span class='ocrx_word' id='word_1_143' title='bbox 2588 593 2857 660; x_wconf 88' lang='lat' dir='ltr'>Visitabo,</span> <span class='ocrx_word' id='word_1_144' title='bbox 2886 592 3094 663; x_wconf 81' lang='lat' dir='ltr'>inquit,</span> <span class='ocrx_word' id='word_1_145' title='bbox 3124 594 3184 648; x_wconf 90' lang='lat' dir='ltr'>in</span> <span class='ocrx_word' id='word_1_146' title='bbox 3207 593 3370 661; x_wconf 84' lang='lat' dir='ltr'>virga</span> <span class='ocrx_word' id='word_1_147' title='bbox 3393 594 3643 651; x_wconf 84' lang='lat' dir='ltr'>facinora</span> <span class='ocrx_word' id='word_1_148' title='bbox 3666 614 3869 667; x_wconf 86' lang='lat' dir='ltr'>eorum,</span> 
     </span>
    </p>
   </div>
   <div class='ocr_carea' id='block_1_22' title="bbox 2288 686 3873 757">
    <p class='ocr_par' dir='ltr' id='par_1_22' title="bbox 2288 686 3873 757">
     <span class='ocr_line' id='line_1_22' title="bbox 2288 686 3873 757; baseline 0.005 -17"><span class='ocrx_word' id='word_1_149' title='bbox 2288 692 2344 742; x_wconf 87' lang='lat' dir='ltr'>et</span> <span class='ocrx_word' id='word_1_150' title='bbox 2378 687 2437 740; x_wconf 91' lang='lat' dir='ltr'>in</span> <span class='ocrx_word' id='word_1_151' title='bbox 2467 687 2707 757; x_wconf 87' lang='lat' dir='ltr'>ﬂagellis</span> <span class='ocrx_word' id='word_1_152' title='bbox 2746 686 2953 742; x_wconf 86' lang='lat' dir='ltr'>delicta</span> <span class='ocrx_word' id='word_1_153' title='bbox 2991 703 3210 742; x_wconf 90' lang='lat' dir='ltr'>eorum.</span> <span class='ocrx_word' id='word_1_154' title='bbox 3246 688 3678 744; x_wconf 79' lang='lat' dir='ltr'>Misericordiam</span> <span class='ocrx_word' id='word_1_155' title='bbox 3707 698 3873 748; x_wconf 85' lang='lat' dir='ltr'>autem</span> 
     </span>
    </p>
   </div>
   <div class='ocr_carea' id='block_1_23' title="bbox 2288 780 3282 852">
    <p class='ocr_par' dir='ltr' id='par_1_23' title="bbox 2288 780 3282 852">
     <span class='ocr_line' id='line_1_23' title="bbox 2288 780 3282 852; baseline -0.002 -18"><span class='ocrx_word' id='word_1_156' title='bbox 2288 796 2481 835; x_wconf 87' lang='lat' dir='ltr'>meam</span> <span class='ocrx_word' id='word_1_157' title='bbox 2510 796 2623 834; x_wconf 93' lang='lat' dir='ltr'>non</span> <span class='ocrx_word' id='word_1_158' title='bbox 2655 780 2988 852; x_wconf 79' lang='lat' dir='ltr'>dispergam</span> <span class='ocrx_word' id='word_1_159' title='bbox 3016 781 3090 835; x_wconf 90' lang='lat' dir='ltr'>ab</span> <span class='ocrx_word' id='word_1_160' title='bbox 3117 782 3218 836; x_wconf 90' lang='lat' dir='ltr'>eis.</span> <span class='ocrx_word' id='word_1_161' title='bbox 3252 804 3282 833; x_wconf 91' lang='grc'><strong>››</strong></span> 
     </span>
    </p>
   </div>
   <div class='ocr_carea' id='block_1_24' title="bbox 2357 873 3874 945">
    <p class='ocr_par' dir='ltr' id='par_1_24' title="bbox 2357 873 3874 945">
     <span class='ocr_line' id='line_1_24' title="bbox 2357 873 3874 945; baseline 0.004 -17"><span class='ocrx_word' id='word_1_162' title='bbox 2357 874 2418 928; x_wconf 92' lang='lat' dir='ltr'>Il.</span> <span class='ocrx_word' id='word_1_163' title='bbox 2449 875 2587 927; x_wconf 86' lang='lat' dir='ltr'>Item</span> <span class='ocrx_word' id='word_1_164' title='bbox 2616 873 2769 944; x_wconf 85' lang='lat' dir='ltr'>apud</span> <span class='ocrx_word' id='word_1_165' title='bbox 2799 874 3001 928; x_wconf 90' lang='lat' dir='ltr'>Isaiam</span> <span class='ocrx_word' id='word_1_166' title='bbox 3041 878 3188 945; x_wconf 78' lang='lat' dir='ltr'><strong>(xxx,</strong></span> <span class='ocrx_word' id='word_1_167' title='bbox 3234 876 3319 943; x_wconf 97' lang='grc'>15)</span> <span class='ocrx_word' id='word_1_168' title='bbox 3353 892 3368 930; x_wconf 89' lang='lat'><strong>:</strong></span> <span class='ocrx_word' id='word_1_169' title='bbox 3402 897 3429 924; x_wconf 84' lang='lat'><strong>«</strong></span> <span class='ocrx_word' id='word_1_170' title='bbox 3469 875 3618 932; x_wconf 88' lang='lat' dir='ltr'>Sicut</span> <span class='ocrx_word' id='word_1_171' title='bbox 3640 877 3764 932; x_wconf 88' lang='lat' dir='ltr'>dicit</span> <span class='ocrx_word' id='word_1_172' title='bbox 3786 881 3874 934; x_wconf 85' lang='lat' dir='ltr'>Do-</span> 
     </span>
    </p>
   </div>
   <div class='ocr_carea' id='block_1_25' title="bbox 2287 961 3870 1037">
    <p class='ocr_par' dir='ltr' id='par_1_25' title="bbox 2287 961 3870 1037">
     <span class='ocr_line' id='line_1_25' title="bbox 2287 961 3870 1037; baseline 0.005 -21"><span class='ocrx_word' id='word_1_173' title='bbox 2287 961 2475 1016; x_wconf 89' lang='lat' dir='ltr'>minus</span> <span class='ocrx_word' id='word_1_174' title='bbox 2501 966 2722 1016; x_wconf 83' lang='lat' dir='ltr'>sanctus</span> <span class='ocrx_word' id='word_1_175' title='bbox 2750 963 2917 1017; x_wconf 89' lang='lat' dir='ltr'>Israel</span> <span class='ocrx_word' id='word_1_176' title='bbox 2947 982 2961 1018; x_wconf 89' lang='lat'><strong>:</strong></span> <span class='ocrx_word' id='word_1_177' title='bbox 3002 964 3143 1018; x_wconf 88' lang='lat' dir='ltr'>Cum</span> <span class='ocrx_word' id='word_1_178' title='bbox 3179 980 3483 1018; x_wconf 89' lang='lat' dir='ltr'>conversus</span> <span class='ocrx_word' id='word_1_179' title='bbox 3530 964 3870 1037; x_wconf 87' lang='lat' dir='ltr'>ingemueris,</span> 
     </span>
    </p>
   </div>
   <div class='ocr_carea' id='block_1_26' title="bbox 2289 1056 3455 1122">
    <p class='ocr_par' dir='ltr' id='par_1_26' title="bbox 2289 1056 3455 1122">
     <span class='ocr_line' id='line_1_26' title="bbox 2289 1056 3455 1122; baseline 0.004 -13"><span class='ocrx_word' id='word_1_180' title='bbox 2289 1059 2423 1110; x_wconf 90' lang='lat' dir='ltr'>tunc</span> <span class='ocrx_word' id='word_1_181' title='bbox 2442 1056 2624 1110; x_wconf 89' lang='lat' dir='ltr'>salvus</span> <span class='ocrx_word' id='word_1_182' title='bbox 2655 1056 2784 1122; x_wconf 90' lang='lat' dir='ltr'>eris,</span> <span class='ocrx_word' id='word_1_183' title='bbox 2824 1060 2879 1110; x_wconf 89' lang='lat' dir='ltr'>et</span> <span class='ocrx_word' id='word_1_184' title='bbox 2901 1056 3042 1111; x_wconf 90' lang='lat' dir='ltr'>scies</span> <span class='ocrx_word' id='word_1_185' title='bbox 3072 1058 3167 1111; x_wconf 89' lang='lat' dir='ltr'>ubi</span> <span class='ocrx_word' id='word_1_186' title='bbox 3196 1057 3390 1113; x_wconf 84' lang='lat' dir='ltr'>fueris.</span> <span class='ocrx_word' id='word_1_187' title='bbox 3428 1079 3455 1106; x_wconf 75' lang='grc' dir='ltr'><strong>η</strong></span> 
     </span>
    </p>
   </div>
   <div class='ocr_carea' id='block_1_27' title="bbox 2357 1149 3871 1223">
    <p class='ocr_par' dir='ltr' id='par_1_27' title="bbox 2357 1149 3871 1223">
     <span class='ocr_line' id='line_1_27' title="bbox 2357 1149 3871 1223; baseline 0.005 -21"><span class='ocrx_word' id='word_1_188' title='bbox 2357 1149 2674 1203; x_wconf 88' lang='lat' dir='ltr'>lnvitantur</span> <span class='ocrx_word' id='word_1_189' title='bbox 2724 1149 2813 1203; x_wconf 88' lang='lat' dir='ltr'>bis</span> <span class='ocrx_word' id='word_1_190' title='bbox 2865 1150 3053 1205; x_wconf 88' lang='lat' dir='ltr'>verbis</span> <span class='ocrx_word' id='word_1_191' title='bbox 3104 1151 3401 1206; x_wconf 88' lang='lat' dir='ltr'>Novatiani</span> <span class='ocrx_word' id='word_1_192' title='bbox 3457 1151 3527 1206; x_wconf 86' lang='lat' dir='ltr'>ad</span> <span class='ocrx_word' id='word_1_193' title='bbox 3575 1152 3871 1223; x_wconf 67' lang='lat' dir='ltr'>Ecclesium,</span> 
     </span>
    </p>
   </div>
   <div class='ocr_carea' id='block_1_28' title="bbox 2286 1242 3873 1315">
    <p class='ocr_par' dir='ltr' id='par_1_28' title="bbox 2286 1242 3873 1315">
     <span class='ocr_line' id='line_1_28' title="bbox 2286 1242 3873 1315; baseline 0.004 -20"><span class='ocrx_word' id='word_1_194' title='bbox 2286 1246 2566 1313; x_wconf 83' lang='lat' dir='ltr'>quatenus</span> <span class='ocrx_word' id='word_1_195' title='bbox 2598 1242 2732 1296; x_wconf 84' lang='lat' dir='ltr'>certi</span> <span class='ocrx_word' id='word_1_196' title='bbox 2762 1243 3097 1309; x_wconf 85' lang='lat' dir='ltr'>redduntur,</span> <span class='ocrx_word' id='word_1_197' title='bbox 3130 1244 3175 1297; x_wconf 88' lang='lat' dir='ltr'>si</span> <span class='ocrx_word' id='word_1_198' title='bbox 3216 1245 3622 1315; x_wconf 88' lang='lat' dir='ltr'>ingemuerint,</span> <span class='ocrx_word' id='word_1_199' title='bbox 3650 1246 3699 1299; x_wconf 85' lang='lat' dir='ltr'>id</span> <span class='ocrx_word' id='word_1_200' title='bbox 3735 1252 3811 1300; x_wconf 90' lang='lat' dir='ltr'>cst</span> <span class='ocrx_word' id='word_1_201' title='bbox 3833 1250 3873 1302; x_wconf 90' lang='lat' dir='ltr'>si</span> 
     </span>
    </p>
   </div>
   <div class='ocr_carea' id='block_1_29' title="bbox 2288 1336 3870 1409">
    <p class='ocr_par' dir='ltr' id='par_1_29' title="bbox 2288 1336 3870 1409">
     <span class='ocr_line' id='line_1_29' title="bbox 2288 1336 3870 1409; baseline 0.004 -20"><span class='ocrx_word' id='word_1_202' title='bbox 2288 1336 2358 1390; x_wconf 92' lang='lat' dir='ltr'>de</span> <span class='ocrx_word' id='word_1_203' title='bbox 2402 1336 2703 1390; x_wconf 82' lang='lat' dir='ltr'>schismate</span> <span class='ocrx_word' id='word_1_204' title='bbox 2749 1341 2805 1390; x_wconf 91' lang='lat' dir='ltr'>et</span> <span class='ocrx_word' id='word_1_205' title='bbox 2849 1336 3181 1392; x_wconf 88' lang='lat' dir='ltr'>criminibus</span> <span class='ocrx_word' id='word_1_206' title='bbox 3235 1338 3470 1409; x_wconf 85' lang='lat' dir='ltr'>reliquis</span> <span class='ocrx_word' id='word_1_207' title='bbox 3518 1339 3870 1409; x_wconf 64' lang='lat' dir='ltr'>paenitentiam</span> 
     </span>
    </p>
   </div>
   <div class='ocr_carea' id='block_1_30' title="bbox 2287 1429 3871 1498">
    <p class='ocr_par' dir='ltr' id='par_1_30' title="bbox 2287 1429 3871 1498">
     <span class='ocr_line' id='line_1_30' title="bbox 2287 1429 3871 1498; baseline 0.003 -16"><span class='ocrx_word' id='word_1_208' title='bbox 2287 1429 2533 1498; x_wconf 82' lang='lat' dir='ltr'>egerint,</span> <span class='ocrx_word' id='word_1_209' title='bbox 2563 1429 2859 1484; x_wconf 86' lang='lat' dir='ltr'>salvandos</span> <span class='ocrx_word' id='word_1_210' title='bbox 2890 1429 3028 1485; x_wconf 84' lang='lat' dir='ltr'>fore.</span> <span class='ocrx_word' id='word_1_211' title='bbox 3064 1430 3331 1486; x_wconf 80' lang='lat' dir='ltr'>Restituti</span> <span class='ocrx_word' id='word_1_212' title='bbox 3369 1447 3505 1486; x_wconf 89' lang='lat' dir='ltr'>vero</span> <span class='ocrx_word' id='word_1_213' title='bbox 3545 1432 3787 1488; x_wconf 78' lang='lat' dir='ltr'>Ecclesiae</span> <span class='ocrx_word' id='word_1_214' title='bbox 3826 1440 3871 1486; x_wconf 87' lang='lat' dir='ltr'>et</span> 
     </span>
    </p>
   </div>
   <div class='ocr_carea' id='block_1_31' title="bbox 2287 1522 3873 1594">
    <p class='ocr_par' dir='ltr' id='par_1_31' title="bbox 2287 1522 3873 1594">
     <span class='ocr_line' id='line_1_31' title="bbox 2287 1522 3873 1594; baseline 0.004 -20"><span class='ocrx_word' id='word_1_215' title='bbox 2287 1522 2516 1575; x_wconf 89' lang='lat' dir='ltr'>salutari</span> <span class='ocrx_word' id='word_1_216' title='bbox 2544 1522 2873 1592; x_wconf 74' lang='lat' dir='ltr'>pmniteutia</span> <span class='ocrx_word' id='word_1_217' title='bbox 2901 1523 3185 1593; x_wconf 87' lang='lat' dir='ltr'>prioribus</span> <span class='ocrx_word' id='word_1_218' title='bbox 3212 1524 3500 1579; x_wconf 89' lang='lat' dir='ltr'>erroribus</span> <span class='ocrx_word' id='word_1_219' title='bbox 3534 1525 3743 1594; x_wconf 86' lang='lat' dir='ltr'>deletis,</span> <span class='ocrx_word' id='word_1_220' title='bbox 3772 1531 3873 1581; x_wconf 91' lang='lat' dir='ltr'>tum</span> 
     </span>
    </p>
   </div>
   <div class='ocr_carea' id='block_1_32' title="bbox 2287 1615 3875 1689">
    <p class='ocr_par' dir='ltr' id='par_1_32' title="bbox 2287 1615 3875 1689">
     <span class='ocr_line' id='line_1_32' title="bbox 2287 1615 3875 1689; baseline 0.003 -21"><span class='ocrx_word' id='word_1_221' title='bbox 2287 1615 2534 1686; x_wconf 85' lang='lat' dir='ltr'>denique</span> <span class='ocrx_word' id='word_1_222' title='bbox 2580 1620 2892 1687; x_wconf 81' lang='lat' dir='ltr'>agnoscent</span> <span class='ocrx_word' id='word_1_223' title='bbox 2935 1617 3249 1673; x_wconf 86' lang='lat' dir='ltr'>schismatis</span> <span class='ocrx_word' id='word_1_224' title='bbox 3297 1622 3469 1689; x_wconf 89' lang='lat' dir='ltr'>atque</span> <span class='ocrx_word' id='word_1_225' title='bbox 3515 1619 3749 1685; x_wconf 70' lang='lat' dir='ltr'>haeresis,</span> <span class='ocrx_word' id='word_1_226' title='bbox 3784 1637 3875 1689; x_wconf 84' lang='lat' dir='ltr'>qua</span> 
     </span>
    </p>
   </div>
   <div class='ocr_carea' id='block_1_33' title="bbox 2287 1708 3877 1781">
    <p class='ocr_par' dir='ltr' id='par_1_33' title="bbox 2287 1708 3877 1781">
     <span class='ocr_line' id='line_1_33' title="bbox 2287 1708 3877 1781; baseline 0.004 -20"><span class='ocrx_word' id='word_1_227' title='bbox 2287 1711 2422 1762; x_wconf 86' lang='lat' dir='ltr'>ante</span> <span class='ocrx_word' id='word_1_228' title='bbox 2480 1708 2681 1765; x_wconf 90' lang='lat' dir='ltr'>irretiti</span> <span class='ocrx_word' id='word_1_229' title='bbox 2733 1709 2994 1774; x_wconf 88' lang='lat' dir='ltr'>fuerant,</span> <span class='ocrx_word' id='word_1_230' title='bbox 3052 1711 3395 1781; x_wconf 86' lang='lat' dir='ltr'>gravitatem</span> <span class='ocrx_word' id='word_1_231' title='bbox 3453 1728 3465 1766; x_wconf 91' lang='lat'><strong>:</strong></span> <span class='ocrx_word' id='word_1_232' title='bbox 3515 1714 3584 1767; x_wconf 78' lang='lat' dir='ltr'>Et</span> <span class='ocrx_word' id='word_1_233' title='bbox 3632 1716 3752 1768; x_wconf 82' lang='lat' dir='ltr'>scies</span> <span class='ocrx_word' id='word_1_234' title='bbox 3798 1714 3877 1767; x_wconf 82' lang='lat' dir='ltr'>ubi</span> 
     </span>
    </p>
   </div>
   <div class='ocr_carea' id='block_1_34' title="bbox 559 1782 2473 1877">
    <p class='ocr_par' dir='ltr' id='par_1_34' title="bbox 559 1782 2473 1877">
     <span class='ocr_line' id='line_1_34' title="bbox 559 1782 2473 1877; baseline -0.002 -16"><span class='ocrx_word' id='word_1_235' title='bbox 559 1809 808 1870; x_wconf 87' lang='lat' dir='ltr'>vatiane,</span> <span class='ocrx_word' id='word_1_236' title='bbox 841 1807 1152 1874; x_wconf 85' lang='lat' dir='ltr'>dementia,</span> <span class='ocrx_word' id='word_1_237' title='bbox 1186 1812 1244 1861; x_wconf 91' lang='lat' dir='ltr'>ut</span> <span class='ocrx_word' id='word_1_238' title='bbox 1288 1807 1407 1868; x_wconf 84' lang='lat' dir='ltr'>illa.</span> <span class='ocrx_word' id='word_1_239' title='bbox 1438 1823 1565 1877; x_wconf 63' lang='lat' dir='ltr'>quas</span> <span class='ocrx_word' id='word_1_240' title='bbox 1605 1806 1673 1860; x_wconf 90' lang='lat' dir='ltr'>ad</span> <span class='ocrx_word' id='word_1_241' title='bbox 1723 1806 1965 1861; x_wconf 83' lang='lat' dir='ltr'>exitium</span> <span class='ocrx_word' id='word_1_242' title='bbox 1994 1782 2262 1860; x_wconf 84' lang='lat' dir='ltr'>salutisB</span> <span class='ocrx_word' id='word_1_243' title='bbox 2284 1803 2473 1869; x_wconf 77' lang='lat' dir='ltr'>fueris.</span> 
     </span>
    </p>
   </div>
   <div class='ocr_carea' id='block_1_35' title="bbox 562 1900 2186 1973">
    <p class='ocr_par' dir='ltr' id='par_1_35' title="bbox 562 1900 2186 1973">
     <span class='ocr_line' id='line_1_35' title="bbox 562 1900 2186 1973; baseline -0.001 -18"><span class='ocrx_word' id='word_1_244' title='bbox 562 1902 910 1973; x_wconf 88' lang='lat' dir='ltr'>pertineant,</span> <span class='ocrx_word' id='word_1_245' title='bbox 937 1906 1159 1954; x_wconf 87' lang='lat' dir='ltr'>tantum</span> <span class='ocrx_word' id='word_1_246' title='bbox 1191 1900 1368 1970; x_wconf 86' lang='lat' dir='ltr'>legas,</span> <span class='ocrx_word' id='word_1_247' title='bbox 1398 1907 1454 1953; x_wconf 90' lang='lat' dir='ltr'>et</span> <span class='ocrx_word' id='word_1_248' title='bbox 1478 1916 1604 1971; x_wconf 76' lang='lat' dir='ltr'>qum</span> <span class='ocrx_word' id='word_1_249' title='bbox 1634 1900 1704 1953; x_wconf 91' lang='lat' dir='ltr'>ad</span> <span class='ocrx_word' id='word_1_250' title='bbox 1734 1900 2186 1955; x_wconf 86' lang='lat' dir='ltr'>misericordiam</span> 
     </span>
    </p>
   </div>
   <div class='ocr_carea' id='block_1_36' title="bbox 563 1992 2184 2066">
    <p class='ocr_par' dir='ltr' id='par_1_36' title="bbox 563 1992 2184 2066">
     <span class='ocr_line' id='line_1_36' title="bbox 563 1992 2184 2066; baseline 0 -18"><span class='ocrx_word' id='word_1_251' title='bbox 563 1993 917 2066; x_wconf 82' lang='lat' dir='ltr'>praetereas?</span> <span class='ocrx_word' id='word_1_252' title='bbox 959 1995 1244 2048; x_wconf 87' lang='lat' dir='ltr'>clamante</span> <span class='ocrx_word' id='word_1_253' title='bbox 1274 1993 1561 2064; x_wconf 85' lang='lat' dir='ltr'>Scriptura</span> <span class='ocrx_word' id='word_1_254' title='bbox 1601 1996 1657 2046; x_wconf 82' lang='lat' dir='ltr'>et</span> <span class='ocrx_word' id='word_1_255' title='bbox 1695 1992 1919 2047; x_wconf 86' lang='lat' dir='ltr'>dicente</span> <span class='ocrx_word' id='word_1_256' title='bbox 1953 2011 1965 2046; x_wconf 92' lang='lat'>:</span> <span class='ocrx_word' id='word_1_257' title='bbox 2007 1995 2184 2048; x_wconf 78' lang='lat' dir='ltr'>Pceni-</span> 
     </span>
    </p>
   </div>
   <div class='ocr_carea' id='block_1_37' title="bbox 567 2086 2191 2157">
    <p class='ocr_par' dir='ltr' id='par_1_37' title="bbox 567 2086 2191 2157">
     <span class='ocr_line' id='line_1_37' title="bbox 567 2086 2191 2157; baseline -0.002 -14"><span class='ocrx_word' id='word_1_258' title='bbox 567 2091 795 2143; x_wconf 81' lang='lat' dir='ltr'>tentiam</span> <span class='ocrx_word' id='word_1_259' title='bbox 825 2089 1085 2155; x_wconf 79' lang='lat' dir='ltr'>agite.....</span> <span class='ocrx_word' id='word_1_260' title='bbox 1116 2086 1275 2141; x_wconf 84' lang='lat' dir='ltr'>Adeo</span> <span class='ocrx_word' id='word_1_261' title='bbox 1309 2087 1444 2157; x_wconf 86' lang='lat' dir='ltr'>quia</span> <span class='ocrx_word' id='word_1_262' title='bbox 1472 2087 1668 2140; x_wconf 77' lang='lat' dir='ltr'>multae</span> <span class='ocrx_word' id='word_1_263' title='bbox 1695 2086 2077 2141; x_wconf 87' lang='lat' dir='ltr'>miserationis</span> <span class='ocrx_word' id='word_1_264' title='bbox 2105 2090 2191 2140; x_wconf 88' lang='lat' dir='ltr'>est</span> 
     </span>
    </p>
   </div>
   <div class='ocr_carea' id='block_1_38' title="bbox 564 2180 2188 2250">
    <p class='ocr_par' dir='ltr' id='par_1_38' title="bbox 564 2180 2188 2250">
     <span class='ocr_line' id='line_1_38' title="bbox 564 2180 2188 2250; baseline -0.001 -14"><span class='ocrx_word' id='word_1_265' title='bbox 564 2182 861 2247; x_wconf 82' lang='lat' dir='ltr'>Dominus,</span> <span class='ocrx_word' id='word_1_266' title='bbox 919 2180 1279 2246; x_wconf 81' lang='lat' dir='ltr'>audivimus;</span> <span class='ocrx_word' id='word_1_267' title='bbox 1335 2180 1629 2235; x_wconf 88' lang='lat' dir='ltr'>audiamus</span> <span class='ocrx_word' id='word_1_268' title='bbox 1678 2181 1814 2250; x_wconf 89' lang='lat' dir='ltr'>quid</span> <span class='ocrx_word' id='word_1_269' title='bbox 1866 2198 1967 2250; x_wconf 87' lang='lat' dir='ltr'>per</span> <span class='ocrx_word' id='word_1_270' title='bbox 2017 2180 2188 2234; x_wconf 88' lang='lat' dir='ltr'>David</span> 
     </span>
    </p>
   </div>
   <div class='ocr_carea' id='block_1_39' title="bbox 565 2274 2191 2345">
    <p class='ocr_par' dir='ltr' id='par_1_39' title="bbox 565 2274 2191 2345">
     <span class='ocr_line' id='line_1_39' title="bbox 565 2274 2191 2345; baseline -0.002 -15"><span class='ocrx_word' id='word_1_271' title='bbox 565 2278 913 2329; x_wconf 88' lang='lat' dir='ltr'>contestatur</span> <span class='ocrx_word' id='word_1_272' title='bbox 960 2274 1200 2345; x_wconf 85' lang='lat' dir='ltr'>Spiritus</span> <span class='ocrx_word' id='word_1_273' title='bbox 1243 2277 1517 2329; x_wconf 86' lang='lat' dir='ltr'>sanctus:</span> <span class='ocrx_word' id='word_1_274' title='bbox 1562 2276 1623 2330; x_wconf 76' lang='lat' dir='ltr'>Si</span> <span class='ocrx_word' id='word_1_275' title='bbox 1664 2274 2046 2343; x_wconf 74' lang='lat' dir='ltr'>dercliquerint</span> <span class='ocrx_word' id='word_1_276' title='bbox 2086 2275 2191 2342; x_wconf 81' lang='lat' dir='ltr'>ﬁlii</span> 
     </span>
    </p>
   </div>
   <div class='ocr_carea' id='block_1_40' title="bbox 564 2367 2191 2439">
    <p class='ocr_par' dir='ltr' id='par_1_40' title="bbox 564 2367 2191 2439">
     <span class='ocr_line' id='line_1_40' title="bbox 564 2367 2191 2439; baseline -0.001 -17"><span class='ocrx_word' id='word_1_277' title='bbox 564 2370 695 2437; x_wconf 69' lang='lat' dir='ltr'>ejus,</span> <span class='ocrx_word' id='word_1_278' title='bbox 766 2373 874 2423; x_wconf 88' lang='lat' dir='ltr'>etc.</span> <span class='ocrx_word' id='word_1_279' title='bbox 942 2389 968 2418; x_wconf 76' lang='lat' dir='ltr'>u</span> <span class='ocrx_word' id='word_1_280' title='bbox 1030 2367 1335 2421; x_wconf 78' lang='lat' dir='ltr'>Bacbarius</span> <span class='ocrx_word' id='word_1_281' title='bbox 1397 2384 1649 2439; x_wconf 88' lang='lat' dir='ltr'>quoque,</span> <span class='ocrx_word' id='word_1_282' title='bbox 1714 2368 1873 2422; x_wconf 85' lang='lat' dir='ltr'>valde</span> <span class='ocrx_word' id='word_1_283' title='bbox 1938 2372 2191 2422; x_wconf 86' lang='lat' dir='ltr'>vetustus</span> 
     </span>
    </p>
   </div>
   <div class='ocr_carea' id='block_1_41' title="bbox 570 2460 2188 2533">
    <p class='ocr_par' dir='ltr' id='par_1_41' title="bbox 570 2460 2188 2533">
     <span class='ocr_line' id='line_1_41' title="bbox 570 2460 2188 2533; baseline 0.001 -19"><span class='ocrx_word' id='word_1_284' title='bbox 570 2463 803 2533; x_wconf 86' lang='lat' dir='ltr'>(quippe</span> <span class='ocrx_word' id='word_1_285' title='bbox 839 2461 933 2531; x_wconf 89' lang='lat' dir='ltr'>qui</span> <span class='ocrx_word' id='word_1_286' title='bbox 980 2461 1228 2515; x_wconf 91' lang='lat' dir='ltr'>creditur</span> <span class='ocrx_word' id='word_1_287' title='bbox 1267 2461 1571 2531; x_wconf 79' lang='lat' dir='ltr'>Augustini</span> <span class='ocrx_word' id='word_1_288' title='bbox 1615 2460 1869 2531; x_wconf 83' lang='lat' dir='ltr'>aequalis)</span> <span class='ocrx_word' id='word_1_289' title='bbox 1921 2464 1979 2515; x_wconf 93' lang='lat' dir='ltr'>et</span> <span class='ocrx_word' id='word_1_290' title='bbox 2028 2462 2188 2516; x_wconf 88' lang='lat' dir='ltr'>valde</span> 
     </span>
    </p>
   </div>
   <div class='ocr_carea' id='block_1_42' title="bbox 565 2554 2188 2626">
    <p class='ocr_par' dir='ltr' id='par_1_42' title="bbox 565 2554 2188 2626">
     <span class='ocr_line' id='line_1_42' title="bbox 565 2554 2188 2626; baseline -0.001 -17"><span class='ocrx_word' id='word_1_291' title='bbox 565 2554 872 2626; x_wconf 83' lang='lat' dir='ltr'>probabilis</span> <span class='ocrx_word' id='word_1_292' title='bbox 925 2554 1183 2624; x_wconf 87' lang='lat' dir='ltr'>scriptor,</span> <span class='ocrx_word' id='word_1_293' title='bbox 1238 2554 1438 2608; x_wconf 82' lang='lat' dir='ltr'>iisdem</span> <span class='ocrx_word' id='word_1_294' title='bbox 1490 2555 1705 2625; x_wconf 86' lang='lat' dir='ltr'>pariter</span> <span class='ocrx_word' id='word_1_295' title='bbox 1756 2554 1942 2608; x_wconf 87' lang='lat' dir='ltr'>verbis</span> <span class='ocrx_word' id='word_1_296' title='bbox 1989 2571 2188 2609; x_wconf 88' lang='lat' dir='ltr'>eorum</span> 
     </span>
    </p>
   </div>
   <div class='ocr_carea' id='block_1_43' title="bbox 569 2646 2187 2719">
    <p class='ocr_par' dir='ltr' id='par_1_43' title="bbox 569 2646 2187 2719">
     <span class='ocr_line' id='line_1_43' title="bbox 569 2646 2187 2719; baseline 0 -18"><span class='ocrx_word' id='word_1_297' title='bbox 569 2648 926 2702; x_wconf 87' lang='lat' dir='ltr'>severitatem</span> <span class='ocrx_word' id='word_1_298' title='bbox 979 2648 1220 2714; x_wconf 89' lang='lat' dir='ltr'>refellit,</span> <span class='ocrx_word' id='word_1_299' title='bbox 1277 2646 1374 2718; x_wconf 92' lang='lat' dir='ltr'>qui</span> <span class='ocrx_word' id='word_1_300' title='bbox 1423 2647 1779 2717; x_wconf 85' lang='lat' dir='ltr'>gravioribus</span> <span class='ocrx_word' id='word_1_301' title='bbox 1846 2648 2187 2719; x_wconf 87' lang='lat' dir='ltr'>quibusdam</span> 
     </span>
    </p>
   </div>
   <div class='ocr_carea' id='block_1_44' title="bbox 566 2741 2188 2813">
    <p class='ocr_par' dir='ltr' id='par_1_44' title="bbox 566 2741 2188 2813">
     <span class='ocr_line' id='line_1_44' title="bbox 566 2741 2188 2813; baseline -0.001 -17"><span class='ocrx_word' id='word_1_302' title='bbox 566 2741 812 2813; x_wconf 86' lang='lat' dir='ltr'>peccatis</span> <span class='ocrx_word' id='word_1_303' title='bbox 856 2741 1203 2812; x_wconf 63' lang='lat' dir='ltr'>poenitentiae</span> <span class='ocrx_word' id='word_1_304' title='bbox 1252 2742 1436 2795; x_wconf 90' lang='lat' dir='ltr'>locum</span> <span class='ocrx_word' id='word_1_305' title='bbox 1504 2741 1861 2811; x_wconf 84' lang='lat' dir='ltr'>denegabant</span> <span class='ocrx_word' id='word_1_306' title='bbox 1915 2761 1928 2795; x_wconf 91' lang='lat'><strong>:</strong></span> <span class='ocrx_word' id='word_1_307' title='bbox 1984 2763 2013 2792; x_wconf 87' lang='grc'>‹‹</span> <span class='ocrx_word' id='word_1_308' title='bbox 2074 2747 2188 2813; x_wconf 84' lang='lat' dir='ltr'>Age</span> 
     </span>
    </p>
   </div>
   <div class='ocr_carea' id='block_1_45' title="bbox 569 2834 2191 2907">
    <p class='ocr_par' dir='ltr' id='par_1_45' title="bbox 569 2834 2191 2907">
     <span class='ocr_line' id='line_1_45' title="bbox 569 2834 2191 2907; baseline 0.001 -18"><span class='ocrx_word' id='word_1_309' title='bbox 569 2851 726 2907; x_wconf 88' lang='lat' dir='ltr'>ergo,</span> <span class='ocrx_word' id='word_1_310' title='bbox 757 2835 959 2901; x_wconf 89' lang='lat' dir='ltr'>amice,</span> <span class='ocrx_word' id='word_1_311' title='bbox 991 2835 1176 2906; x_wconf 86' lang='lat' dir='ltr'>inquit</span> <span class='ocrx_word' id='word_1_312' title='bbox 1219 2834 1310 2888; x_wconf 91' lang='lat' dir='ltr'>ille</span> <span class='ocrx_word' id='word_1_313' title='bbox 1346 2836 1453 2906; x_wconf 83' lang='lat' dir='ltr'>(l3)</span> <span class='ocrx_word' id='word_1_314' title='bbox 1498 2834 1555 2888; x_wconf 91' lang='lat' dir='ltr'>in</span> <span class='ocrx_word' id='word_1_315' title='bbox 1601 2836 1839 2905; x_wconf 84' lang='lat' dir='ltr'>epistola</span> <span class='ocrx_word' id='word_1_316' title='bbox 1879 2835 1947 2890; x_wconf 92' lang='lat' dir='ltr'>ad</span> <span class='ocrx_word' id='word_1_317' title='bbox 1985 2837 2191 2890; x_wconf 83' lang='lat' dir='ltr'>Janua-</span> 
     </span>
    </p>
   </div>
   <div class='ocr_carea' id='block_1_46' title="bbox 2360 1894 3873 1970">
    <p class='ocr_par' dir='ltr' id='par_1_46' title="bbox 2360 1894 3873 1970">
     <span class='ocr_line' id='line_1_46' title="bbox 2360 1894 3873 1970; baseline 0.001 -17"><span class='ocrx_word' id='word_1_318' title='bbox 2360 1894 2557 1967; x_wconf 82' lang='grc'>844</span> <span class='ocrx_word' id='word_1_319' title='bbox 2590 1898 2872 1953; x_wconf 76' lang='lat' dir='ltr'>Caeterum</span> <span class='ocrx_word' id='word_1_320' title='bbox 2901 1898 2954 1952; x_wconf 91' lang='lat' dir='ltr'>id</span> <span class='ocrx_word' id='word_1_321' title='bbox 2989 1898 3174 1969; x_wconf 87' lang='lat' dir='ltr'>ipsum</span> <span class='ocrx_word' id='word_1_322' title='bbox 3204 1899 3359 1970; x_wconf 88' lang='lat' dir='ltr'>quod</span> <span class='ocrx_word' id='word_1_323' title='bbox 3396 1916 3468 1954; x_wconf 90' lang='lat' dir='ltr'><strong>ex</strong></span> <span class='ocrx_word' id='word_1_324' title='bbox 3517 1901 3764 1970; x_wconf 76' lang='lat' dir='ltr'>proxime</span> <span class='ocrx_word' id='word_1_325' title='bbox 3798 1917 3873 1955; x_wconf 86' lang='lat' dir='ltr'>su-</span> 
     </span>
    </p>
   </div>
   <div class='ocr_carea' id='block_1_47' title="bbox 2288 1989 3880 2059">
    <p class='ocr_par' dir='ltr' id='par_1_47' title="bbox 2288 1989 3880 2059">
     <span class='ocr_line' id='line_1_47' title="bbox 2288 1989 3880 2059; baseline 0.004 -18"><span class='ocrx_word' id='word_1_326' title='bbox 2288 1989 2515 2059; x_wconf 87' lang='lat' dir='ltr'>periore</span> <span class='ocrx_word' id='word_1_327' title='bbox 2531 1990 2858 2045; x_wconf 89' lang='lat' dir='ltr'>testimonio</span> <span class='ocrx_word' id='word_1_328' title='bbox 2877 1991 3406 2058; x_wconf 87' lang='lat' dir='ltr'>deduximus,facile</span> <span class='ocrx_word' id='word_1_329' title='bbox 3424 1993 3596 2049; x_wconf 88' lang='lat' dir='ltr'>etiam</span> <span class='ocrx_word' id='word_1_330' title='bbox 3616 1994 3880 2049; x_wconf 85' lang='lat' dir='ltr'>deducitur</span> 
     </span>
    </p>
   </div>
   <div class='ocr_carea' id='block_1_48' title="bbox 2290 2083 3878 2157">
    <p class='ocr_par' dir='ltr' id='par_1_48' title="bbox 2290 2083 3878 2157">
     <span class='ocr_line' id='line_1_48' title="bbox 2290 2083 3878 2157; baseline 0.004 -22"><span class='ocrx_word' id='word_1_331' title='bbox 2290 2097 2355 2136; x_wconf 86' lang='lat' dir='ltr'><strong>ex</strong></span> <span class='ocrx_word' id='word_1_332' title='bbox 2384 2099 2450 2136; x_wconf 90' lang='lat' dir='ltr'>eo</span> <span class='ocrx_word' id='word_1_333' title='bbox 2478 2083 2627 2154; x_wconf 91' lang='lat' dir='ltr'>quod</span> <span class='ocrx_word' id='word_1_334' title='bbox 2656 2083 2748 2137; x_wconf 90' lang='lat' dir='ltr'>hic</span> <span class='ocrx_word' id='word_1_335' title='bbox 2776 2084 3129 2155; x_wconf 76' lang='lat' dir='ltr'>allegemus;</span> <span class='ocrx_word' id='word_1_336' title='bbox 3164 2085 3333 2140; x_wconf 87' lang='lat' dir='ltr'>debet</span> <span class='ocrx_word' id='word_1_337' title='bbox 3358 2086 3517 2141; x_wconf 90' lang='lat' dir='ltr'>enim</span> <span class='ocrx_word' id='word_1_338' title='bbox 3538 2087 3878 2157; x_wconf 82' lang='lat' dir='ltr'>ingemiscere</span> 
     </span>
    </p>
   </div>
   <div class='ocr_carea' id='block_1_49' title="bbox 2292 2174 3879 2251">
    <p class='ocr_par' dir='ltr' id='par_1_49' title="bbox 2292 2174 3879 2251">
     <span class='ocr_line' id='line_1_49' title="bbox 2292 2174 3879 2251; baseline 0.004 -24"><span class='ocrx_word' id='word_1_339' title='bbox 2292 2175 2371 2243; x_wconf 94' lang='lat' dir='ltr'>(id</span> <span class='ocrx_word' id='word_1_340' title='bbox 2410 2180 2495 2230; x_wconf 89' lang='lat' dir='ltr'>est</span> <span class='ocrx_word' id='word_1_341' title='bbox 2536 2192 2748 2243; x_wconf 88' lang='lat' dir='ltr'>veram,</span> <span class='ocrx_word' id='word_1_342' title='bbox 2794 2174 2911 2231; x_wconf 82' lang='lat' dir='ltr'>non</span> <span class='ocrx_word' id='word_1_343' title='bbox 2956 2178 3227 2247; x_wconf 80' lang='lat' dir='ltr'>fucatam,</span> <span class='ocrx_word' id='word_1_344' title='bbox 3278 2180 3669 2249; x_wconf 70' lang='lat' dir='ltr'>pmnitentiam</span> <span class='ocrx_word' id='word_1_345' title='bbox 3714 2182 3879 2251; x_wconf 83' lang='lat' dir='ltr'>agere)</span> 
     </span>
    </p>
   </div>
   <div class='ocr_carea' id='block_1_50' title="bbox 2290 2269 3883 2345">
    <p class='ocr_par' dir='ltr' id='par_1_50' title="bbox 2290 2269 3883 2345">
     <span class='ocr_line' id='line_1_50' title="bbox 2290 2269 3883 2345; baseline 0.003 -23"><span class='ocrx_word' id='word_1_346' title='bbox 2290 2270 2336 2322; x_wconf 89' lang='lat' dir='ltr'>is</span> <span class='ocrx_word' id='word_1_347' title='bbox 2366 2269 2466 2339; x_wconf 92' lang='lat' dir='ltr'>qui</span> <span class='ocrx_word' id='word_1_348' title='bbox 2491 2269 2564 2323; x_wconf 89' lang='lat' dir='ltr'>ad</span> <span class='ocrx_word' id='word_1_349' title='bbox 2586 2270 2765 2324; x_wconf 89' lang='lat' dir='ltr'>Deum</span> <span class='ocrx_word' id='word_1_350' title='bbox 2792 2270 3161 2326; x_wconf 88' lang='lat' dir='ltr'>convertitur.</span> <span class='ocrx_word' id='word_1_351' title='bbox 3184 2272 3244 2327; x_wconf 90' lang='lat' dir='ltr'>Id</span> <span class='ocrx_word' id='word_1_352' title='bbox 3266 2272 3311 2326; x_wconf 87' lang='lat' dir='ltr'>si</span> <span class='ocrx_word' id='word_1_353' title='bbox 3339 2272 3883 2345; x_wconf 80' lang='lat' dir='ltr'>peraget,salvabitur</span> 
     </span>
    </p>
   </div>
   <div class='ocr_carea' id='block_1_51' title="bbox 2289 2363 3881 2436">
    <p class='ocr_par' dir='ltr' id='par_1_51' title="bbox 2289 2363 3881 2436">
     <span class='ocr_line' id='line_1_51' title="bbox 2289 2363 3881 2436; baseline 0.003 -20"><span class='ocrx_word' id='word_1_354' title='bbox 2289 2378 2322 2416; x_wconf 93' lang='lat' dir='ltr'>a</span> <span class='ocrx_word' id='word_1_355' title='bbox 2346 2363 2611 2432; x_wconf 89' lang='lat' dir='ltr'>Domino,</span> <span class='ocrx_word' id='word_1_356' title='bbox 2641 2371 3046 2435; x_wconf 89' lang='lat' dir='ltr'>agnoscetque,</span> <span class='ocrx_word' id='word_1_357' title='bbox 3080 2381 3210 2420; x_wconf 89' lang='lat' dir='ltr'>cum</span> <span class='ocrx_word' id='word_1_358' title='bbox 3239 2366 3587 2436; x_wconf 84' lang='lat' dir='ltr'>paenituerit,</span> <span class='ocrx_word' id='word_1_359' title='bbox 3615 2367 3881 2421; x_wconf 84' lang='lat' dir='ltr'>detestabi-</span> 
     </span>
    </p>
   </div>
   <div class='ocr_carea' id='block_1_52' title="bbox 2290 2456 3884 2528">
    <p class='ocr_par' dir='ltr' id='par_1_52' title="bbox 2290 2456 3884 2528">
     <span class='ocr_line' id='line_1_52' title="bbox 2290 2456 3884 2528; baseline 0.003 -19"><span class='ocrx_word' id='word_1_360' title='bbox 2290 2456 2403 2510; x_wconf 86' lang='lat' dir='ltr'>lem</span> <span class='ocrx_word' id='word_1_361' title='bbox 2456 2460 2665 2511; x_wconf 88' lang='lat' dir='ltr'>statum</span> <span class='ocrx_word' id='word_1_362' title='bbox 2729 2458 2789 2512; x_wconf 91' lang='lat' dir='ltr'>in</span> <span class='ocrx_word' id='word_1_363' title='bbox 2840 2474 2952 2528; x_wconf 89' lang='lat' dir='ltr'>quo</span> <span class='ocrx_word' id='word_1_364' title='bbox 3005 2462 3174 2514; x_wconf 89' lang='lat' dir='ltr'>antea</span> <span class='ocrx_word' id='word_1_365' title='bbox 3222 2461 3408 2516; x_wconf 87' lang='lat' dir='ltr'>fuerat</span> <span class='ocrx_word' id='word_1_366' title='bbox 3460 2477 3474 2514; x_wconf 90' lang='lat'><strong>:</strong></span> <span class='ocrx_word' id='word_1_367' title='bbox 3522 2462 3592 2515; x_wconf 80' lang='lat' dir='ltr'>Et</span> <span class='ocrx_word' id='word_1_368' title='bbox 3637 2463 3758 2516; x_wconf 80' lang='lat' dir='ltr'>scies</span> <span class='ocrx_word' id='word_1_369' title='bbox 3806 2460 3884 2513; x_wconf 81' lang='lat' dir='ltr'>ubi</span> 
     </span>
    </p>
   </div>
   <div class='ocr_carea' id='block_1_53' title="bbox 2287 2552 2481 2617">
    <p class='ocr_par' dir='ltr' id='par_1_53' title="bbox 2287 2552 2481 2617">
     <span class='ocr_line' id='line_1_53' title="bbox 2287 2552 2481 2617; baseline 0.005 -14"><span class='ocrx_word' id='word_1_370' title='bbox 2287 2552 2481 2617; x_wconf 63' lang='lat' dir='ltr'>fueris.</span> 
     </span>
    </p>
   </div>
   <div class='ocr_carea' id='block_1_54' title="bbox 2361 2643 3883 2718">
    <p class='ocr_par' dir='ltr' id='par_1_54' title="bbox 2361 2643 3883 2718">
     <span class='ocr_line' id='line_1_54' title="bbox 2361 2643 3883 2718; baseline 0.002 -21"><span class='ocrx_word' id='word_1_371' title='bbox 2361 2646 2430 2697; x_wconf 86' lang='lat' dir='ltr'>At</span> <span class='ocrx_word' id='word_1_372' title='bbox 2466 2643 2627 2698; x_wconf 90' lang='lat' dir='ltr'>facile</span> <span class='ocrx_word' id='word_1_373' title='bbox 2668 2660 2887 2715; x_wconf 90' lang='lat' dir='ltr'>posces,</span> <span class='ocrx_word' id='word_1_374' title='bbox 2919 2645 3157 2700; x_wconf 89' lang='lat' dir='ltr'>ubinam</span> <span class='ocrx_word' id='word_1_375' title='bbox 3196 2650 3425 2701; x_wconf 80' lang='lat' dir='ltr'>exstent</span> <span class='ocrx_word' id='word_1_376' title='bbox 3468 2647 3703 2718; x_wconf 82' lang='lat' dir='ltr'>allegata</span> <span class='ocrx_word' id='word_1_377' title='bbox 3740 2646 3883 2702; x_wconf 84' lang='lat' dir='ltr'>verba</span> 
     </span>
    </p>
   </div>
   <div class='ocr_carea' id='block_1_55' title="bbox 2292 2737 3882 2811">
    <p class='ocr_par' dir='ltr' id='par_1_55' title="bbox 2292 2737 3882 2811">
     <span class='ocr_line' id='line_1_55' title="bbox 2292 2737 3882 2811; baseline 0.003 -21"><span class='ocrx_word' id='word_1_378' title='bbox 2292 2752 2420 2807; x_wconf 71' lang='lat' dir='ltr'>quas</span> <span class='ocrx_word' id='word_1_379' title='bbox 2449 2737 2695 2791; x_wconf 87' lang='lat' dir='ltr'>citantur</span> <span class='ocrx_word' id='word_1_380' title='bbox 2721 2739 2898 2793; x_wconf 87' lang='lat' dir='ltr'>etiam</span> <span class='ocrx_word' id='word_1_381' title='bbox 2924 2755 2959 2792; x_wconf 87' lang='lat' dir='ltr'>a</span> <span class='ocrx_word' id='word_1_382' title='bbox 2987 2739 3401 2811; x_wconf 60' lang='lat' dir='ltr'>Cyprianoﬂé)</span> <span class='ocrx_word' id='word_1_383' title='bbox 3429 2745 3491 2796; x_wconf 88' lang='lat' dir='ltr'>et</span> <span class='ocrx_word' id='word_1_384' title='bbox 3514 2741 3746 2796; x_wconf 85' lang='lat' dir='ltr'>Paciano</span> <span class='ocrx_word' id='word_1_385' title='bbox 3769 2740 3882 2810; x_wconf 80' lang='grc'>(15),</span> 
     </span>
    </p>
   </div>
   <div class='ocr_carea' id='block_1_56' title="bbox 2289 2830 3871 2905">
    <p class='ocr_par' dir='ltr' id='par_1_56' title="bbox 2289 2830 3871 2905">
     <span class='ocr_line' id='line_1_56' title="bbox 2289 2830 3871 2905; baseline 0.002 -21"><span class='ocrx_word' id='word_1_386' title='bbox 2289 2836 2458 2900; x_wconf 87' lang='lat' dir='ltr'>atque</span> <span class='ocrx_word' id='word_1_387' title='bbox 2487 2830 2647 2897; x_wconf 91' lang='lat' dir='ltr'>adeo,</span> <span class='ocrx_word' id='word_1_388' title='bbox 2679 2831 2727 2884; x_wconf 90' lang='lat' dir='ltr'>si</span> <span class='ocrx_word' id='word_1_389' title='bbox 2752 2832 2984 2903; x_wconf 89' lang='lat' dir='ltr'>egregio</span> <span class='ocrx_word' id='word_1_390' title='bbox 3014 2834 3269 2888; x_wconf 90' lang='lat' dir='ltr'>Calmeto</span> <span class='ocrx_word' id='word_1_391' title='bbox 3296 2834 3504 2903; x_wconf 84' lang='lat' dir='ltr'>credis,</span> <span class='ocrx_word' id='word_1_392' title='bbox 3535 2834 3605 2888; x_wconf 89' lang='lat' dir='ltr'>ab</span> <span class='ocrx_word' id='word_1_393' title='bbox 3633 2833 3871 2905; x_wconf 85' lang='lat' dir='ltr'>Origene,</span> 
     </span>
    </p>
   </div>
   <div class='ocr_carea' id='block_1_57' title="bbox 568 2924 3881 2999">
    <p class='ocr_par' dir='ltr' id='par_1_57' title="bbox 568 2924 3881 2999">
     <span class='ocr_line' id='line_1_57' title="bbox 568 2924 3881 2999; baseline -0.001 -16"><span class='ocrx_word' id='word_1_394' title='bbox 568 2928 738 2997; x_wconf 90' lang='lat' dir='ltr'>rium,</span> <span class='ocrx_word' id='word_1_395' title='bbox 792 2944 1093 2999; x_wconf 87' lang='lat' dir='ltr'>consurge,</span> <span class='ocrx_word' id='word_1_396' title='bbox 1134 2933 1211 2996; x_wconf 90' lang='lat' dir='ltr'>et,</span> <span class='ocrx_word' id='word_1_397' title='bbox 1261 2928 1487 2998; x_wconf 88' lang='lat' dir='ltr'>perdita</span> <span class='ocrx_word' id='word_1_398' title='bbox 1538 2929 1689 2982; x_wconf 90' lang='lat' dir='ltr'>inter</span> <span class='ocrx_word' id='word_1_399' title='bbox 1740 2928 1949 2983; x_wconf 88' lang='lat' dir='ltr'>ﬂuctus</span> <span class='ocrx_word' id='word_1_400' title='bbox 2001 2929 2190 2983; x_wconf 78' lang='lat' dir='ltr'>saeculi</span> <span class='ocrx_word' id='word_1_401' title='bbox 2293 2924 2639 2994; x_wconf 80' lang='lat' dir='ltr'>Hieronymo</span> <span class='ocrx_word' id='word_1_402' title='bbox 2683 2930 2739 2979; x_wconf 89' lang='lat' dir='ltr'>et</span> <span class='ocrx_word' id='word_1_403' title='bbox 2784 2926 3128 2995; x_wconf 85' lang='lat' dir='ltr'>Fulgentio?</span> <span class='ocrx_word' id='word_1_404' title='bbox 3174 2927 3424 2998; x_wconf 82' lang='lat' dir='ltr'>Require</span> <span class='ocrx_word' id='word_1_405' title='bbox 3473 2944 3543 2983; x_wconf 89' lang='lat' dir='ltr'>ea</span> <span class='ocrx_word' id='word_1_406' title='bbox 3591 2928 3648 2982; x_wconf 92' lang='lat' dir='ltr'>in</span> <span class='ocrx_word' id='word_1_407' title='bbox 3690 2930 3881 2982; x_wconf 79' lang='lat' dir='ltr'>vetusta</span> 
     </span>
    </p>
   </div>
   <div class='ocr_carea' id='block_1_58' title="bbox 568 3017 3884 3093">
    <p class='ocr_par' dir='ltr' id='par_1_58' title="bbox 568 3017 3884 3093">
     <span class='ocr_line' id='line_1_58' title="bbox 568 3017 3884 3093; baseline 0.001 -24"><span class='ocrx_word' id='word_1_408' title='bbox 568 3021 848 3090; x_wconf 66' lang='lat' dir='ltr'>mercede,</span> <span class='ocrx_word' id='word_1_409' title='bbox 889 3027 1059 3093; x_wconf 75' lang='lat' dir='ltr'>atque</span> <span class='ocrx_word' id='word_1_410' title='bbox 1103 3021 1419 3076; x_wconf 76' lang='lat' dir='ltr'>substantia</span> <span class='ocrx_word' id='word_1_411' title='bbox 1458 3022 1611 3076; x_wconf 66' lang='lat' dir='ltr'>Velut,</span> <span class='ocrx_word' id='word_1_412' title='bbox 1659 3024 1968 3093; x_wconf 70' lang='lat' dir='ltr'>naufragus</span> <span class='ocrx_word' id='word_1_413' title='bbox 2016 3023 2187 3077; x_wconf 76' lang='lat' dir='ltr'>imam</span> <span class='ocrx_word' id='word_1_414' title='bbox 2292 3017 2545 3072; x_wconf 87' lang='lat' dir='ltr'>versione</span> <span class='ocrx_word' id='word_1_415' title='bbox 2593 3018 2964 3089; x_wconf 90' lang='lat' dir='ltr'>Septuaginta</span> <span class='ocrx_word' id='word_1_416' title='bbox 3011 3020 3420 3091; x_wconf 87' lang='lat' dir='ltr'>interpretibus</span> <span class='ocrx_word' id='word_1_417' title='bbox 3462 3022 3800 3087; x_wconf 67' lang='lat' dir='ltr'>adhaerente,</span> <span class='ocrx_word' id='word_1_418' title='bbox 3840 3026 3884 3073; x_wconf 88' lang='lat' dir='ltr'>et</span> 
     </span>
    </p>
   </div>
   <div class='ocr_carea' id='block_1_59' title="bbox 571 3110 3883 3223">
    <p class='ocr_par' dir='ltr' id='par_1_59' title="bbox 571 3110 3883 3223">
     <span class='ocr_line' id='line_1_59' title="bbox 571 3110 3883 3223; baseline 0.001 -55"><span class='ocrx_word' id='word_1_419' title='bbox 571 3115 847 3183; x_wconf 88' lang='lat' dir='ltr'>tabulam,</span> <span class='ocrx_word' id='word_1_420' title='bbox 885 3116 993 3170; x_wconf 85' lang='lat' dir='ltr'>hoc</span> <span class='ocrx_word' id='word_1_421' title='bbox 1045 3118 1131 3169; x_wconf 91' lang='lat' dir='ltr'>est</span> <span class='ocrx_word' id='word_1_422' title='bbox 1168 3115 1460 3171; x_wconf 88' lang='lat' dir='ltr'>scientiam</span> <span class='ocrx_word' id='word_1_423' title='bbox 1503 3116 1678 3170; x_wconf 91' lang='lat' dir='ltr'>divini</span> <span class='ocrx_word' id='word_1_424' title='bbox 1723 3118 1986 3180; x_wconf 88' lang='lat' dir='ltr'>Canonis,</span> <span class='ocrx_word' id='word_1_425' title='bbox 2034 3110 2546 3223; x_wconf 73' lang='lat' dir='ltr'>tene,CinVenies</span> <span class='ocrx_word' id='word_1_426' title='bbox 2595 3112 2654 3165; x_wconf 88' lang='lat' dir='ltr'>in</span> <span class='ocrx_word' id='word_1_427' title='bbox 2697 3113 2972 3168; x_wconf 82' lang='lat' dir='ltr'>versiculo</span> <span class='ocrx_word' id='word_1_428' title='bbox 3031 3117 3094 3168; x_wconf 88' lang='grc'>15</span> <span class='ocrx_word' id='word_1_429' title='bbox 3144 3115 3348 3185; x_wconf 88' lang='lat' dir='ltr'>capitis</span> <span class='ocrx_word' id='word_1_430' title='bbox 3402 3132 3512 3172; x_wconf 88' lang='lat' dir='ltr'>xxx</span> <span class='ocrx_word' id='word_1_431' title='bbox 3561 3116 3731 3171; x_wconf 68' lang='lat' dir='ltr'>Isaiae.</span> <span class='ocrx_word' id='word_1_432' title='bbox 3779 3115 3883 3169; x_wconf 62' lang='lat' dir='ltr'>Herc</span> 
     </span>
    </p>
   </div>
   <div class='ocr_carea' id='block_1_60' title="bbox 570 3209 2191 3283">
    <p class='ocr_par' dir='ltr' id='par_1_60' title="bbox 570 3209 2191 3283">
     <span class='ocr_line' id='line_1_60' title="bbox 570 3209 2191 3283; baseline 0.001 -20"><span class='ocrx_word' id='word_1_433' title='bbox 570 3226 700 3282; x_wconf 67' lang='lat' dir='ltr'>quae</span> <span class='ocrx_word' id='word_1_434' title='bbox 730 3215 783 3264; x_wconf 85' lang='lat' dir='ltr'>te</span> <span class='ocrx_word' id='word_1_435' title='bbox 815 3209 1057 3264; x_wconf 89' lang='lat' dir='ltr'>adducat</span> <span class='ocrx_word' id='word_1_436' title='bbox 1083 3209 1157 3263; x_wconf 90' lang='lat' dir='ltr'>ad</span> <span class='ocrx_word' id='word_1_437' title='bbox 1202 3210 1381 3278; x_wconf 89' lang='lat' dir='ltr'>littus,</span> <span class='ocrx_word' id='word_1_438' title='bbox 1414 3209 1512 3263; x_wconf 85' lang='lat' dir='ltr'>ubi</span> <span class='ocrx_word' id='word_1_439' title='bbox 1555 3210 1672 3265; x_wconf 85' lang='lat' dir='ltr'>ait:</span> <span class='ocrx_word' id='word_1_440' title='bbox 1710 3231 1737 3257; x_wconf 91' lang='grc'><em>‹‹</em></span> <span class='ocrx_word' id='word_1_441' title='bbox 1781 3210 1839 3264; x_wconf 91' lang='lat' dir='ltr'>Si</span> <span class='ocrx_word' id='word_1_442' title='bbox 1876 3211 2191 3283; x_wconf 89' lang='lat' dir='ltr'>derelique-</span> 
     </span>
    </p>
   </div>
   <div class='ocr_carea' id='block_1_61' title="bbox 568 3302 2188 3373">
    <p class='ocr_par' dir='ltr' id='par_1_61' title="bbox 568 3302 2188 3373">
     <span class='ocr_line' id='line_1_61' title="bbox 568 3302 2188 3373; baseline 0.002 -17"><span class='ocrx_word' id='word_1_443' title='bbox 568 3303 689 3357; x_wconf 89' lang='lat' dir='ltr'>rint</span> <span class='ocrx_word' id='word_1_444' title='bbox 711 3302 814 3357; x_wconf 85' lang='lat' dir='ltr'>ﬁlii</span> <span class='ocrx_word' id='word_1_445' title='bbox 842 3302 963 3373; x_wconf 89' lang='lat' dir='ltr'>ejus</span> <span class='ocrx_word' id='word_1_446' title='bbox 990 3303 1181 3372; x_wconf 87' lang='lat' dir='ltr'>legem</span> <span class='ocrx_word' id='word_1_447' title='bbox 1212 3318 1419 3367; x_wconf 90' lang='lat' dir='ltr'>meam,</span> <span class='ocrx_word' id='word_1_448' title='bbox 1452 3306 1508 3356; x_wconf 90' lang='lat' dir='ltr'>et</span> <span class='ocrx_word' id='word_1_449' title='bbox 1534 3303 1591 3358; x_wconf 93' lang='lat' dir='ltr'>in</span> <span class='ocrx_word' id='word_1_450' title='bbox 1626 3302 1858 3373; x_wconf 88' lang='lat' dir='ltr'>judiciis</span> <span class='ocrx_word' id='word_1_451' title='bbox 1900 3305 2041 3359; x_wconf 89' lang='lat' dir='ltr'>meis</span> <span class='ocrx_word' id='word_1_452' title='bbox 2077 3322 2188 3360; x_wconf 91' lang='lat' dir='ltr'>non</span> 
     </span>
    </p>
   </div>
   <div class='ocr_carea' id='block_1_62' title="bbox 568 3396 2191 3469">
    <p class='ocr_par' dir='ltr' id='par_1_62' title="bbox 568 3396 2191 3469">
     <span class='ocr_line' id='line_1_62' title="bbox 568 3396 2191 3469; baseline 0.002 -19"><span class='ocrx_word' id='word_1_453' title='bbox 568 3397 1028 3465; x_wconf 79' lang='lat' dir='ltr'>ambulaverint;</span> <span class='ocrx_word' id='word_1_454' title='bbox 1083 3396 1125 3449; x_wconf 84' lang='lat' dir='ltr'>si</span> <span class='ocrx_word' id='word_1_455' title='bbox 1167 3396 1605 3466; x_wconf 86' lang='lat' dir='ltr'>justiﬂcationes</span> <span class='ocrx_word' id='word_1_456' title='bbox 1658 3413 1818 3450; x_wconf 87' lang='lat' dir='ltr'>meas</span> <span class='ocrx_word' id='word_1_457' title='bbox 1860 3398 2191 3469; x_wconf 83' lang='lat' dir='ltr'>profanave-</span> 
     </span>
    </p>
   </div>
   <div class='ocr_carea' id='block_1_63' title="bbox 567 3488 2189 3557">
    <p class='ocr_par' dir='ltr' id='par_1_63' title="bbox 567 3488 2189 3557">
     <span class='ocr_line' id='line_1_63' title="bbox 567 3488 2189 3557; baseline 0.002 -12"><span class='ocrx_word' id='word_1_458' title='bbox 567 3490 706 3557; x_wconf 85' lang='lat' dir='ltr'>rint,</span> <span class='ocrx_word' id='word_1_459' title='bbox 757 3493 814 3543; x_wconf 88' lang='lat' dir='ltr'>et</span> <span class='ocrx_word' id='word_1_460' title='bbox 858 3488 1127 3545; x_wconf 87' lang='lat' dir='ltr'>mandata</span> <span class='ocrx_word' id='word_1_461' title='bbox 1180 3506 1311 3545; x_wconf 89' lang='lat' dir='ltr'>mea</span> <span class='ocrx_word' id='word_1_462' title='bbox 1366 3506 1479 3543; x_wconf 90' lang='lat' dir='ltr'>non</span> <span class='ocrx_word' id='word_1_463' title='bbox 1524 3490 1914 3557; x_wconf 87' lang='lat' dir='ltr'>custodierint,</span> <span class='ocrx_word' id='word_1_464' title='bbox 1954 3491 2189 3549; x_wconf 85' lang='lat' dir='ltr'>visitabo</span> 
     </span>
    </p>
   </div>
   <div class='ocr_carea' id='block_1_64' title="bbox 569 3583 2187 3657">
    <p class='ocr_par' dir='ltr' id='par_1_64' title="bbox 569 3583 2187 3657">
     <span class='ocr_line' id='line_1_64' title="bbox 569 3583 2187 3657; baseline 0.001 -18"><span class='ocrx_word' id='word_1_465' title='bbox 569 3585 630 3639; x_wconf 92' lang='lat' dir='ltr'>in</span> <span class='ocrx_word' id='word_1_466' title='bbox 660 3584 820 3655; x_wconf 90' lang='lat' dir='ltr'>virga</span> <span class='ocrx_word' id='word_1_467' title='bbox 865 3583 1201 3654; x_wconf 87' lang='lat' dir='ltr'>iniquitates</span> <span class='ocrx_word' id='word_1_468' title='bbox 1230 3600 1450 3651; x_wconf 89' lang='lat' dir='ltr'>eorum,</span> <span class='ocrx_word' id='word_1_469' title='bbox 1480 3587 1536 3638; x_wconf 90' lang='lat' dir='ltr'>et</span> <span class='ocrx_word' id='word_1_470' title='bbox 1578 3584 1637 3638; x_wconf 91' lang='lat' dir='ltr'>in</span> <span class='ocrx_word' id='word_1_471' title='bbox 1687 3584 2018 3639; x_wconf 85' lang='lat' dir='ltr'>verberibus</span> <span class='ocrx_word' id='word_1_472' title='bbox 2056 3603 2187 3657; x_wconf 87' lang='lat' dir='ltr'>pec-</span> 
     </span>
    </p>
   </div>
   <div class='ocr_carea' id='block_1_65' title="bbox 571 3676 2189 3747">
    <p class='ocr_par' dir='ltr' id='par_1_65' title="bbox 571 3676 2189 3747">
     <span class='ocr_line' id='line_1_65' title="bbox 571 3676 2189 3747; baseline 0.002 -14"><span class='ocrx_word' id='word_1_473' title='bbox 571 3683 695 3733; x_wconf 90' lang='lat' dir='ltr'>cata</span> <span class='ocrx_word' id='word_1_474' title='bbox 733 3694 931 3733; x_wconf 90' lang='lat' dir='ltr'>eorum</span> <span class='ocrx_word' id='word_1_475' title='bbox 955 3694 973 3747; x_wconf 85' lang='lat'><strong>;</strong></span> <span class='ocrx_word' id='word_1_476' title='bbox 1002 3676 1454 3732; x_wconf 88' lang='lat' dir='ltr'>misericordiam</span> <span class='ocrx_word' id='word_1_477' title='bbox 1486 3680 1680 3732; x_wconf 88' lang='lat' dir='ltr'>autem</span> <span class='ocrx_word' id='word_1_478' title='bbox 1710 3693 1897 3733; x_wconf 82' lang='lat' dir='ltr'>meam</span> <span class='ocrx_word' id='word_1_479' title='bbox 1929 3696 2043 3734; x_wconf 90' lang='lat' dir='ltr'>non</span> <span class='ocrx_word' id='word_1_480' title='bbox 2077 3682 2189 3736; x_wconf 87' lang='lat' dir='ltr'>dis-</span> 
     </span>
    </p>
   </div>
   <div class='ocr_carea' id='block_1_66' title="bbox 570 3771 2189 3844">
    <p class='ocr_par' dir='ltr' id='par_1_66' title="bbox 570 3771 2189 3844">
     <span class='ocr_line' id='line_1_66' title="bbox 570 3771 2189 3844; baseline 0 -17"><span class='ocrx_word' id='word_1_481' title='bbox 570 3788 813 3844; x_wconf 89' lang='lat' dir='ltr'>pergam</span> <span class='ocrx_word' id='word_1_482' title='bbox 852 3771 922 3826; x_wconf 91' lang='lat' dir='ltr'>ab</span> <span class='ocrx_word' id='word_1_483' title='bbox 963 3771 1063 3838; x_wconf 90' lang='lat' dir='ltr'>eis,</span> <span class='ocrx_word' id='word_1_484' title='bbox 1108 3787 1292 3843; x_wconf 88' lang='lat' dir='ltr'>neque</span> <span class='ocrx_word' id='word_1_485' title='bbox 1335 3772 1553 3826; x_wconf 89' lang='lat' dir='ltr'>nocebo</span> <span class='ocrx_word' id='word_1_486' title='bbox 1596 3773 1655 3826; x_wconf 89' lang='lat' dir='ltr'>in</span> <span class='ocrx_word' id='word_1_487' title='bbox 1700 3773 1939 3829; x_wconf 86' lang='lat' dir='ltr'>veritate</span> <span class='ocrx_word' id='word_1_488' title='bbox 1985 3791 2128 3829; x_wconf 83' lang='lat' dir='ltr'>mea.</span> <span class='ocrx_word' id='word_1_489' title='bbox 2162 3795 2189 3827; x_wconf 68' lang='grc' dir='ltr'><strong>η</strong></span> 
     </span>
    </p>
   </div>
   <div class='ocr_carea' id='block_1_67' title="bbox 570 3864 2193 3937">
    <p class='ocr_par' dir='ltr' id='par_1_67' title="bbox 570 3864 2193 3937">
     <span class='ocr_line' id='line_1_67' title="bbox 570 3864 2193 3937; baseline 0.002 -16"><span class='ocrx_word' id='word_1_490' title='bbox 570 3867 648 3921; x_wconf 90' lang='lat' dir='ltr'>De</span> <span class='ocrx_word' id='word_1_491' title='bbox 681 3866 844 3937; x_wconf 89' lang='lat' dir='ltr'>cujus</span> <span class='ocrx_word' id='word_1_492' title='bbox 885 3865 994 3921; x_wconf 89' lang='lat' dir='ltr'>hoc</span> <span class='ocrx_word' id='word_1_493' title='bbox 1034 3864 1163 3919; x_wconf 84' lang='lat' dir='ltr'>ﬁliis</span> <span class='ocrx_word' id='word_1_494' title='bbox 1207 3864 1460 3920; x_wconf 74' lang='lat' dir='ltr'>dicitur?</span> <span class='ocrx_word' id='word_1_495' title='bbox 1507 3866 1699 3921; x_wconf 87' lang='lat' dir='ltr'>Nonne</span> <span class='ocrx_word' id='word_1_496' title='bbox 1744 3868 1973 3924; x_wconf 88' lang='lat' dir='ltr'>Domini</span> <span class='ocrx_word' id='word_1_497' title='bbox 2016 3869 2193 3924; x_wconf 89' lang='lat' dir='ltr'>nostri</span> 
     </span>
    </p>
   </div>
   <div class='ocr_carea' id='block_1_68' title="bbox 570 3958 2195 4031">
    <p class='ocr_par' dir='ltr' id='par_1_68' title="bbox 570 3958 2195 4031">
     <span class='ocr_line' id='line_1_68' title="bbox 570 3958 2195 4031; baseline 0.002 -16"><span class='ocrx_word' id='word_1_498' title='bbox 570 3962 700 4016; x_wconf 88' lang='lat' dir='ltr'>Jesu</span> <span class='ocrx_word' id='word_1_499' title='bbox 755 3959 982 4029; x_wconf 88' lang='lat' dir='ltr'>Christi,</span> <span class='ocrx_word' id='word_1_500' title='bbox 1042 3976 1185 4031; x_wconf 90' lang='lat' dir='ltr'>quos</span> <span class='ocrx_word' id='word_1_501' title='bbox 1240 3958 1605 4014; x_wconf 83' lang='lat' dir='ltr'>Ecclesiastici</span> <span class='ocrx_word' id='word_1_502' title='bbox 1672 3961 1840 4016; x_wconf 89' lang='lat' dir='ltr'>fontis</span> <span class='ocrx_word' id='word_1_503' title='bbox 1892 3968 2089 4018; x_wconf 88' lang='lat' dir='ltr'>uterus</span> <span class='ocrx_word' id='word_1_504' title='bbox 2140 3967 2195 4018; x_wconf 89' lang='lat' dir='ltr'>et</span> 
     </span>
    </p>
   </div>
   <div class='ocr_carea' id='block_1_69' title="bbox 574 4053 2194 4129">
    <p class='ocr_par' dir='ltr' id='par_1_69' title="bbox 574 4053 2194 4129">
     <span class='ocr_line' id='line_1_69' title="bbox 574 4053 2194 4129; baseline 0.003 -21"><span class='ocrx_word' id='word_1_505' title='bbox 574 4053 775 4110; x_wconf 90' lang='lat' dir='ltr'>secreti</span> <span class='ocrx_word' id='word_1_506' title='bbox 803 4070 867 4109; x_wconf 89' lang='lat' dir='ltr'>ac</span> <span class='ocrx_word' id='word_1_507' title='bbox 895 4053 1148 4125; x_wconf 86' lang='lat' dir='ltr'>perplexi</span> <span class='ocrx_word' id='word_1_508' title='bbox 1188 4053 1354 4108; x_wconf 90' lang='lat' dir='ltr'>vulva</span> <span class='ocrx_word' id='word_1_509' title='bbox 1396 4054 1650 4125; x_wconf 86' lang='lat' dir='ltr'>mysterii</span> <span class='ocrx_word' id='word_1_510' title='bbox 1680 4056 2018 4126; x_wconf 87' lang='lat' dir='ltr'>parturivit;</span> <span class='ocrx_word' id='word_1_511' title='bbox 2050 4074 2194 4129; x_wconf 91' lang='lat' dir='ltr'>quos</span> 
     </span>
    </p>
   </div>
   <div class='ocr_carea' id='block_1_70' title="bbox 571 4147 2195 4221">
    <p class='ocr_par' dir='ltr' id='par_1_70' title="bbox 571 4147 2195 4221">
     <span class='ocr_line' id='line_1_70' title="bbox 571 4147 2195 4221; baseline 0.002 -18"><span class='ocrx_word' id='word_1_512' title='bbox 571 4151 733 4204; x_wconf 88' lang='lat' dir='ltr'>natos</span> <span class='ocrx_word' id='word_1_513' title='bbox 795 4147 977 4202; x_wconf 90' lang='lat' dir='ltr'>crucis</span> <span class='ocrx_word' id='word_1_514' title='bbox 1037 4164 1183 4202; x_wconf 88' lang='lat' dir='ltr'>cuna</span> <span class='ocrx_word' id='word_1_515' title='bbox 1244 4147 1525 4218; x_wconf 89' lang='lat' dir='ltr'>suscepit,</span> <span class='ocrx_word' id='word_1_516' title='bbox 1585 4150 1866 4221; x_wconf 79' lang='lat' dir='ltr'>Evangelii</span> <span class='ocrx_word' id='word_1_517' title='bbox 1938 4151 2195 4207; x_wconf 88' lang='lat' dir='ltr'>mamilla</span> 
     </span>
    </p>
   </div>
   <div class='ocr_carea' id='block_1_71' title="bbox 571 4241 2197 4314">
    <p class='ocr_par' dir='ltr' id='par_1_71' title="bbox 571 4241 2197 4314">
     <span class='ocr_line' id='line_1_71' title="bbox 571 4241 2197 4314; baseline 0.003 -17"><span class='ocrx_word' id='word_1_518' title='bbox 571 4241 846 4297; x_wconf 80' lang='lat' dir='ltr'>lactavit?</span> <span class='ocrx_word' id='word_1_519' title='bbox 890 4242 982 4295; x_wconf 89' lang='lat' dir='ltr'>Vis</span> <span class='ocrx_word' id='word_1_520' title='bbox 1021 4241 1163 4295; x_wconf 91' lang='lat' dir='ltr'>scire</span> <span class='ocrx_word' id='word_1_521' title='bbox 1209 4241 1345 4314; x_wconf 87' lang='lat' dir='ltr'>quia</span> <span class='ocrx_word' id='word_1_522' title='bbox 1381 4241 1672 4313; x_wconf 87' lang='lat' dir='ltr'>baptizati,</span> <span class='ocrx_word' id='word_1_523' title='bbox 1719 4259 1834 4299; x_wconf 89' lang='lat' dir='ltr'>non</span> <span class='ocrx_word' id='word_1_524' title='bbox 1874 4248 2065 4301; x_wconf 87' lang='lat' dir='ltr'>autem</span> <span class='ocrx_word' id='word_1_525' title='bbox 2107 4263 2197 4302; x_wconf 91' lang='lat' dir='ltr'>ca-</span> 
     </span>
    </p>
   </div>
   <div class='ocr_carea' id='block_1_72' title="bbox 574 4334 2192 4412">
    <p class='ocr_par' dir='ltr' id='par_1_72' title="bbox 574 4334 2192 4412">
     <span class='ocr_line' id='line_1_72' title="bbox 574 4334 2192 4412; baseline 0.002 -21"><span class='ocrx_word' id='word_1_526' title='bbox 574 4334 902 4390; x_wconf 83' lang='lat' dir='ltr'>techumcni</span> <span class='ocrx_word' id='word_1_527' title='bbox 923 4334 1025 4389; x_wconf 90' lang='lat' dir='ltr'>tilii</span> <span class='ocrx_word' id='word_1_528' title='bbox 1053 4335 1415 4406; x_wconf 90' lang='lat' dir='ltr'>appellantur</span> <span class='ocrx_word' id='word_1_529' title='bbox 1434 4335 1461 4388; x_wconf 84' lang='lat'><strong><em>?</em></strong></span> <span class='ocrx_word' id='word_1_530' title='bbox 1488 4335 1685 4407; x_wconf 87' lang='lat' dir='ltr'>Aspice</span> <span class='ocrx_word' id='word_1_531' title='bbox 1716 4337 1872 4408; x_wconf 88' lang='lat' dir='ltr'>quod</span> <span class='ocrx_word' id='word_1_532' title='bbox 1896 4338 2016 4410; x_wconf 88' lang='lat' dir='ltr'>ipse</span> <span class='ocrx_word' id='word_1_533' title='bbox 2044 4343 2192 4412; x_wconf 87' lang='lat' dir='ltr'>Apo-</span> 
     </span>
    </p>
   </div>
   <div class='ocr_carea' id='block_1_73' title="bbox 576 4428 2195 4501">
    <p class='ocr_par' dir='ltr' id='par_1_73' title="bbox 576 4428 2195 4501">
     <span class='ocr_line' id='line_1_73' title="bbox 576 4428 2195 4501; baseline 0.004 -19"><span class='ocrx_word' id='word_1_534' title='bbox 576 4428 731 4483; x_wconf 89' lang='lat' dir='ltr'>stolis</span> <span class='ocrx_word' id='word_1_535' title='bbox 763 4428 878 4483; x_wconf 85' lang='lat' dir='ltr'>suis</span> <span class='ocrx_word' id='word_1_536' title='bbox 906 4428 1040 4484; x_wconf 90' lang='lat' dir='ltr'>dicit</span> <span class='ocrx_word' id='word_1_537' title='bbox 1072 4446 1083 4483; x_wconf 90' lang='lat'><strong>:</strong></span> <span class='ocrx_word' id='word_1_538' title='bbox 1122 4449 1149 4479; x_wconf 77' lang='grc' dir='ltr'>κ</span> <span class='ocrx_word' id='word_1_539' title='bbox 1178 4430 1303 4484; x_wconf 83' lang='lat' dir='ltr'>Jam</span> <span class='ocrx_word' id='word_1_540' title='bbox 1349 4446 1466 4485; x_wconf 93' lang='lat' dir='ltr'>non</span> <span class='ocrx_word' id='word_1_541' title='bbox 1498 4430 1681 4485; x_wconf 90' lang='lat' dir='ltr'>dicam</span> <span class='ocrx_word' id='word_1_542' title='bbox 1715 4448 1811 4487; x_wconf 91' lang='lat' dir='ltr'>vos</span> <span class='ocrx_word' id='word_1_543' title='bbox 1851 4449 2061 4501; x_wconf 90' lang='lat' dir='ltr'>servos,</span> <span class='ocrx_word' id='word_1_544' title='bbox 2093 4434 2195 4489; x_wconf 89' lang='lat' dir='ltr'>sed</span> 
     </span>
    </p>
   </div>
   <div class='ocr_carea' id='block_1_74' title="bbox 572 4521 803 4577">
    <p class='ocr_par' dir='ltr' id='par_1_74' title="bbox 572 4521 803 4577">
     <span class='ocr_line' id='line_1_74' title="bbox 572 4521 803 4577; baseline 0.004 -1"><span class='ocrx_word' id='word_1_545' title='bbox 572 4521 740 4577; x_wconf 81' lang='lat' dir='ltr'>ﬁlios.</span> <span class='ocrx_word' id='word_1_546' title='bbox 775 4544 803 4571; x_wconf 71' lang='grc' dir='ltr'>ι)</span> 
     </span>
    </p>
   </div>
   <div class='ocr_carea' id='block_1_75' title="bbox 647 4618 2200 4690">
    <p class='ocr_par' dir='ltr' id='par_1_75' title="bbox 647 4618 2200 4690">
     <span class='ocr_line' id='line_1_75' title="bbox 647 4618 2200 4690; baseline 0.004 -19"><span class='ocrx_word' id='word_1_547' title='bbox 647 4618 856 4673; x_wconf 87' lang='lat' dir='ltr'>Eorum</span> <span class='ocrx_word' id='word_1_548' title='bbox 895 4634 1124 4690; x_wconf 88' lang='lat' dir='ltr'>quoque</span> <span class='ocrx_word' id='word_1_549' title='bbox 1169 4618 1461 4674; x_wconf 88' lang='lat' dir='ltr'>lenitatem</span> <span class='ocrx_word' id='word_1_550' title='bbox 1505 4619 1658 4674; x_wconf 88' lang='lat' dir='ltr'>locus</span> <span class='ocrx_word' id='word_1_551' title='bbox 1705 4620 1811 4676; x_wconf 89' lang='lat' dir='ltr'>iste</span> <span class='ocrx_word' id='word_1_552' title='bbox 1851 4621 2200 4678; x_wconf 84' lang='lat' dir='ltr'>facilitatem-</span> 
     </span>
    </p>
   </div>
   <div class='ocr_carea' id='block_1_76' title="bbox 575 4712 2201 4788">
    <p class='ocr_par' dir='ltr' id='par_1_76' title="bbox 575 4712 2201 4788">
     <span class='ocr_line' id='line_1_76' title="bbox 575 4712 2201 4788; baseline 0.004 -22"><span class='ocrx_word' id='word_1_553' title='bbox 575 4728 684 4784; x_wconf 91' lang='lat' dir='ltr'>que</span> <span class='ocrx_word' id='word_1_554' title='bbox 735 4712 961 4779; x_wconf 77' lang='lat' dir='ltr'>refellit,</span> <span class='ocrx_word' id='word_1_555' title='bbox 1013 4714 1109 4784; x_wconf 87' lang='lat' dir='ltr'>qui</span> <span class='ocrx_word' id='word_1_556' title='bbox 1166 4713 1287 4767; x_wconf 88' lang='lat' dir='ltr'>sine</span> <span class='ocrx_word' id='word_1_557' title='bbox 1346 4712 1457 4767; x_wconf 87' lang='lat' dir='ltr'>ulla</span> <span class='ocrx_word' id='word_1_558' title='bbox 1516 4714 1845 4784; x_wconf 75' lang='lat' dir='ltr'>pcenitentia</span> <span class='ocrx_word' id='word_1_559' title='bbox 1906 4717 2201 4788; x_wconf 86' lang='lat' dir='ltr'>prolapsos</span> 
     </span>
    </p>
   </div>
   <div class='ocr_carea' id='block_1_77' title="bbox 573 4804 2196 4879">
    <p class='ocr_par' dir='ltr' id='par_1_77' title="bbox 573 4804 2196 4879">
     <span class='ocr_line' id='line_1_77' title="bbox 573 4804 2196 4879; baseline 0.002 -19"><span class='ocrx_word' id='word_1_560' title='bbox 573 4808 631 4860; x_wconf 87' lang='lat' dir='ltr'>in</span> <span class='ocrx_word' id='word_1_561' title='bbox 663 4804 905 4860; x_wconf 89' lang='lat' dir='ltr'>crimina</span> <span class='ocrx_word' id='word_1_562' title='bbox 934 4805 1279 4876; x_wconf 88' lang='lat' dir='ltr'>recipiebant</span> <span class='ocrx_word' id='word_1_563' title='bbox 1308 4807 1365 4861; x_wconf 89' lang='lat' dir='ltr'>in</span> <span class='ocrx_word' id='word_1_564' title='bbox 1399 4808 1728 4863; x_wconf 89' lang='lat' dir='ltr'>Ecclesiam.</span> <span class='ocrx_word' id='word_1_565' title='bbox 1760 4812 1843 4864; x_wconf 84' lang='lat' dir='ltr'>Au</span> <span class='ocrx_word' id='word_1_566' title='bbox 1886 4826 2001 4865; x_wconf 95' lang='lat' dir='ltr'>non</span> <span class='ocrx_word' id='word_1_567' title='bbox 2035 4810 2196 4879; x_wconf 85' lang='lat' dir='ltr'>Deus,</span> 
     </span>
    </p>
   </div>
   <div class='ocr_carea' id='block_1_78' title="bbox 577 4899 2197 4975">
    <p class='ocr_par' dir='ltr' id='par_1_78' title="bbox 577 4899 2197 4975">
     <span class='ocr_line' id='line_1_78' title="bbox 577 4899 2197 4975; baseline 0.004 -22"><span class='ocrx_word' id='word_1_568' title='bbox 577 4899 715 4954; x_wconf 90' lang='lat' dir='ltr'>dum</span> <span class='ocrx_word' id='word_1_569' title='bbox 770 4899 1218 4954; x_wconf 78' lang='lat' dir='ltr'>misericordiam</span> <span class='ocrx_word' id='word_1_570' title='bbox 1265 4900 1566 4972; x_wconf 90' lang='lat' dir='ltr'>nepotibus</span> <span class='ocrx_word' id='word_1_571' title='bbox 1607 4902 1832 4957; x_wconf 89' lang='lat' dir='ltr'>Davidis</span> <span class='ocrx_word' id='word_1_572' title='bbox 1869 4904 2197 4975; x_wconf 89' lang='lat' dir='ltr'>pollicetur,</span> 
     </span>
    </p>
   </div>
   <div class='ocr_carea' id='block_1_79' title="bbox 572 4993 2200 5067">
    <p class='ocr_par' dir='ltr' id='par_1_79' title="bbox 572 4993 2200 5067">
     <span class='ocr_line' id='line_1_79' title="bbox 572 4993 2200 5067; baseline 0.002 -18"><span class='ocrx_word' id='word_1_573' title='bbox 572 4993 970 5065; x_wconf 64' lang='lat' dir='ltr'>paenitentiam</span> <span class='ocrx_word' id='word_1_574' title='bbox 994 4994 1074 5047; x_wconf 90' lang='lat' dir='ltr'>eis</span> <span class='ocrx_word' id='word_1_575' title='bbox 1105 5011 1165 5047; x_wconf 88' lang='lat' dir='ltr'>se</span> <span class='ocrx_word' id='word_1_576' title='bbox 1193 4994 1550 5050; x_wconf 86' lang='lat' dir='ltr'>inﬂicturum</span> <span class='ocrx_word' id='word_1_577' title='bbox 1581 5012 1703 5051; x_wconf 88' lang='lat' dir='ltr'>esse</span> <span class='ocrx_word' id='word_1_578' title='bbox 1731 4997 2200 5067; x_wconf 76' lang='lat' dir='ltr'>prornittit?aVi-</span> 
     </span>
    </p>
   </div>
   <div class='ocr_carea' id='block_1_80' title="bbox 573 5086 2200 5157">
    <p class='ocr_par' dir='ltr' id='par_1_80' title="bbox 573 5086 2200 5157">
     <span class='ocr_line' id='line_1_80' title="bbox 573 5086 2200 5157; baseline 0.003 -15"><span class='ocrx_word' id='word_1_579' title='bbox 573 5086 758 5142; x_wconf 88' lang='lat' dir='ltr'>sitabo</span> <span class='ocrx_word' id='word_1_580' title='bbox 790 5086 846 5141; x_wconf 89' lang='lat' dir='ltr'>in</span> <span class='ocrx_word' id='word_1_581' title='bbox 875 5086 1104 5157; x_wconf 89' lang='lat' dir='ltr'>virga...</span> <span class='ocrx_word' id='word_1_582' title='bbox 1139 5088 1589 5144; x_wconf 88' lang='lat' dir='ltr'>misericordiam</span> <span class='ocrx_word' id='word_1_583' title='bbox 1617 5092 1811 5145; x_wconf 87' lang='lat' dir='ltr'>autem</span> <span class='ocrx_word' id='word_1_584' title='bbox 1844 5108 2037 5147; x_wconf 88' lang='lat' dir='ltr'>meam</span> <span class='ocrx_word' id='word_1_585' title='bbox 2082 5107 2200 5147; x_wconf 88' lang='lat' dir='ltr'>non</span> 
     </span>
    </p>
   </div>
   <div class='ocr_carea' id='block_1_81' title="bbox 553 5179 2195 5257">
    <p class='ocr_par' dir='ltr' id='par_1_81' title="bbox 553 5179 2195 5257">
     <span class='ocr_line' id='line_1_81' title="bbox 553 5179 2195 5257; baseline 0.005 -24"><span class='ocrx_word' id='word_1_586' title='bbox 553 5179 916 5252; x_wconf 90' lang='lat' dir='ltr'>.dispergam.</span> <span class='ocrx_word' id='word_1_587' title='bbox 950 5200 978 5233; x_wconf 89' lang='lat'>»</span> <span class='ocrx_word' id='word_1_588' title='bbox 1007 5181 1248 5236; x_wconf 89' lang='lat' dir='ltr'>Pulchre</span> <span class='ocrx_word' id='word_1_589' title='bbox 1279 5182 1593 5253; x_wconf 85' lang='lat' dir='ltr'>Cyprianus</span> <span class='ocrx_word' id='word_1_590' title='bbox 1620 5184 1808 5256; x_wconf 89' lang='lat' dir='ltr'>(epist.</span> <span class='ocrx_word' id='word_1_591' title='bbox 1838 5189 1925 5253; x_wconf 82' lang='lat'>52,</span> <span class='ocrx_word' id='word_1_592' title='bbox 1948 5203 2005 5257; x_wconf 90' lang='lat' dir='ltr'>p.</span> <span class='ocrx_word' id='word_1_593' title='bbox 2030 5187 2157 5256; x_wconf 87' lang='grc'>155)</span> <span class='ocrx_word' id='word_1_594' title='bbox 2183 5202 2195 5241; x_wconf 89' lang='lat'><strong>:</strong></span> 
     </span>
    </p>
   </div>
   <div class='ocr_carea' id='block_1_82' title="bbox 576 5274 2201 5352">
    <p class='ocr_par' dir='ltr' id='par_1_82' title="bbox 576 5274 2201 5352">
     <span class='ocr_line' id='line_1_82' title="bbox 576 5274 2201 5352; baseline 0.004 -23"><span class='ocrx_word' id='word_1_595' title='bbox 576 5296 605 5322; x_wconf 87' lang='grc'><em>‹‹</em></span> <span class='ocrx_word' id='word_1_596' title='bbox 654 5276 717 5329; x_wconf 90' lang='lat' dir='ltr'>In</span> <span class='ocrx_word' id='word_1_597' title='bbox 760 5274 992 5331; x_wconf 84' lang='lat' dir='ltr'>Psalmis</span> <span class='ocrx_word' id='word_1_598' title='bbox 1033 5275 1204 5331; x_wconf 88' lang='lat' dir='ltr'>etiam</span> <span class='ocrx_word' id='word_1_599' title='bbox 1254 5276 1500 5348; x_wconf 87' lang='lat' dir='ltr'>legimus</span> <span class='ocrx_word' id='word_1_600' title='bbox 1538 5295 1839 5334; x_wconf 89' lang='lat' dir='ltr'>censuram</span> <span class='ocrx_word' id='word_1_601' title='bbox 1875 5281 2111 5352; x_wconf 86' lang='lat' dir='ltr'>pariter,</span> <span class='ocrx_word' id='word_1_602' title='bbox 2143 5286 2201 5336; x_wconf 88' lang='lat' dir='ltr'>et</span> 
     </span>
    </p>
   </div>
   <div class='ocr_carea' id='block_1_83' title="bbox 628 5453 2201 5527">
    <p class='ocr_par' dir='ltr' id='par_1_83' title="bbox 628 5453 2201 5527">
     <span class='ocr_line' id='line_1_83' title="bbox 628 5453 2201 5527; baseline 0.007 -25"><span class='ocrx_word' id='word_1_603' title='bbox 628 5453 730 5516; x_wconf 73' lang='grc'>(12)</span> <span class='ocrx_word' id='word_1_604' title='bbox 775 5454 838 5504; x_wconf 93' lang='lat' dir='ltr'>In</span> <span class='ocrx_word' id='word_1_605' title='bbox 886 5455 1042 5527; x_wconf 84' lang='lat' dir='ltr'>epist.</span> <span class='ocrx_word' id='word_1_606' title='bbox 1084 5456 1132 5518; x_wconf 91' lang='lat'>7,</span> <span class='ocrx_word' id='word_1_607' title='bbox 1178 5470 1230 5521; x_wconf 91' lang='lat' dir='ltr'>p.</span> <span class='ocrx_word' id='word_1_608' title='bbox 1263 5457 1346 5519; x_wconf 65' lang='grc' dir='ltr'>ιιι,</span> <span class='ocrx_word' id='word_1_609' title='bbox 1387 5461 1443 5507; x_wconf 91' lang='lat' dir='ltr'>et</span> <span class='ocrx_word' id='word_1_610' title='bbox 1481 5458 1539 5508; x_wconf 88' lang='lat' dir='ltr'>in</span> <span class='ocrx_word' id='word_1_611' title='bbox 1575 5461 1735 5523; x_wconf 87' lang='lat' dir='ltr'>epist.</span> <span class='ocrx_word' id='word_1_612' title='bbox 1782 5461 1863 5523; x_wconf 61' lang='lat'>£52,</span> <span class='ocrx_word' id='word_1_613' title='bbox 1906 5475 1957 5527; x_wconf 91' lang='lat' dir='ltr'>p.</span> <span class='ocrx_word' id='word_1_614' title='bbox 2004 5462 2114 5525; x_wconf 83' lang='grc'>155,</span> <span class='ocrx_word' id='word_1_615' title='bbox 2146 5466 2201 5515; x_wconf 90' lang='lat' dir='ltr'>et</span> 
     </span>
    </p>
   </div>
   <div class='ocr_carea' id='block_1_84' title="bbox 572 5525 1575 5593">
    <p class='ocr_par' dir='ltr' id='par_1_84' title="bbox 572 5525 1575 5593">
     <span class='ocr_line' id='line_1_84' title="bbox 572 5525 1575 5593; baseline 0.003 -19"><span class='ocrx_word' id='word_1_616' title='bbox 572 5537 766 5575; x_wconf 89' lang='lat' dir='ltr'>rursus</span> <span class='ocrx_word' id='word_1_617' title='bbox 800 5526 858 5575; x_wconf 93' lang='lat' dir='ltr'>in</span> <span class='ocrx_word' id='word_1_618' title='bbox 893 5525 1034 5576; x_wconf 89' lang='lat' dir='ltr'>libro</span> <span class='ocrx_word' id='word_1_619' title='bbox 1058 5527 1122 5576; x_wconf 86' lang='lat' dir='ltr'>de</span> <span class='ocrx_word' id='word_1_620' title='bbox 1148 5527 1349 5592; x_wconf 79' lang='lat' dir='ltr'>Lapsis,</span> <span class='ocrx_word' id='word_1_621' title='bbox 1380 5543 1431 5593; x_wconf 91' lang='lat' dir='ltr'>p.</span> <span class='ocrx_word' id='word_1_622' title='bbox 1464 5530 1575 5580; x_wconf 80' lang='lat' dir='ltr'>3H.</span> 
     </span>
    </p>
   </div>
   <div class='ocr_carea' id='block_1_85' title="bbox 635 5597 2199 5667">
    <p class='ocr_par' dir='ltr' id='par_1_85' title="bbox 635 5597 2199 5667">
     <span class='ocr_line' id='line_1_85' title="bbox 635 5597 2199 5667; baseline 0.008 -21"><span class='ocrx_word' id='word_1_623' title='bbox 635 5597 732 5661; x_wconf 90' lang='lat' dir='ltr'>(t3)</span> <span class='ocrx_word' id='word_1_624' title='bbox 759 5597 915 5647; x_wconf 90' lang='lat' dir='ltr'>Tom.</span> <span class='ocrx_word' id='word_1_625' title='bbox 952 5597 1025 5648; x_wconf 85' lang='lat' dir='ltr'>III</span> <span class='ocrx_word' id='word_1_626' title='bbox 1055 5597 1318 5650; x_wconf 89' lang='lat' dir='ltr'>Biblioth.</span> <span class='ocrx_word' id='word_1_627' title='bbox 1349 5600 1517 5651; x_wconf 84' lang='lat' dir='ltr'>Paris.</span> <span class='ocrx_word' id='word_1_628' title='bbox 1548 5603 1690 5653; x_wconf 87' lang='lat' dir='ltr'>Patr.</span> <span class='ocrx_word' id='word_1_629' title='bbox 1723 5616 1776 5667; x_wconf 89' lang='lat' dir='ltr'>p.</span> <span class='ocrx_word' id='word_1_630' title='bbox 1811 5604 1937 5666; x_wconf 75' lang='lat'>125;</span> <span class='ocrx_word' id='word_1_631' title='bbox 1984 5606 2040 5655; x_wconf 90' lang='lat' dir='ltr'>in</span> <span class='ocrx_word' id='word_1_632' title='bbox 2076 5605 2199 5658; x_wconf 89' lang='lat' dir='ltr'>edi-</span> 
     </span>
    </p>
   </div>
   <div class='ocr_carea' id='block_1_86' title="bbox 564 5669 1920 5739">
    <p class='ocr_par' dir='ltr' id='par_1_86' title="bbox 564 5669 1920 5739">
     <span class='ocr_line' id='line_1_86' title="bbox 564 5669 1920 5739; baseline 0.005 -20"><span class='ocrx_word' id='word_1_633' title='bbox 564 5670 711 5720; x_wconf 88' lang='lat' dir='ltr'>tione</span> <span class='ocrx_word' id='word_1_634' title='bbox 741 5669 1029 5721; x_wconf 83' lang='lat' dir='ltr'>Francisci</span> <span class='ocrx_word' id='word_1_635' title='bbox 1061 5671 1247 5733; x_wconf 86' lang='lat' dir='ltr'>Florii,</span> <span class='ocrx_word' id='word_1_636' title='bbox 1275 5674 1355 5723; x_wconf 89' lang='lat' dir='ltr'>uti</span> <span class='ocrx_word' id='word_1_637' title='bbox 1386 5674 1521 5736; x_wconf 88' lang='lat' dir='ltr'>dixi,</span> <span class='ocrx_word' id='word_1_638' title='bbox 1551 5690 1602 5739; x_wconf 91' lang='lat' dir='ltr'>p.</span> <span class='ocrx_word' id='word_1_639' title='bbox 1629 5676 1739 5739; x_wconf 89' lang='grc'>115,</span> <span class='ocrx_word' id='word_1_640' title='bbox 1766 5690 1819 5726; x_wconf 91' lang='lat' dir='ltr'>n.</span> <span class='ocrx_word' id='word_1_641' title='bbox 1846 5678 1920 5727; x_wconf 73' lang='lat'>22.</span> 
     </span>
    </p>
   </div>
   <div class='ocr_carea' id='block_1_87' title="bbox 625 5741 1535 5809">
    <p class='ocr_par' dir='ltr' id='par_1_87' title="bbox 625 5741 1535 5809">
     <span class='ocr_line' id='line_1_87' title="bbox 625 5741 1535 5809; baseline -0.001 -13"><span class='ocrx_word' id='word_1_642' title='bbox 625 5744 729 5803; x_wconf 71' lang='grc'>(14)</span> <span class='ocrx_word' id='word_1_643' title='bbox 757 5744 816 5793; x_wconf 92' lang='lat' dir='ltr'>In</span> <span class='ocrx_word' id='word_1_644' title='bbox 846 5741 983 5791; x_wconf 91' lang='lat' dir='ltr'>libro</span> <span class='ocrx_word' id='word_1_645' title='bbox 1013 5743 1075 5792; x_wconf 84' lang='lat' dir='ltr'>de</span> <span class='ocrx_word' id='word_1_646' title='bbox 1099 5744 1304 5809; x_wconf 80' lang='lat' dir='ltr'>Lapsis,</span> <span class='ocrx_word' id='word_1_647' title='bbox 1338 5760 1389 5809; x_wconf 92' lang='lat' dir='ltr'>p.</span> <span class='ocrx_word' id='word_1_648' title='bbox 1426 5746 1535 5797; x_wconf 85' lang='lat'>386.</span> 
     </span>
    </p>
   </div>
   <div class='ocr_carea' id='block_1_88' title="bbox 625 5814 2194 5879">
    <p class='ocr_par' dir='ltr' id='par_1_88' title="bbox 625 5814 2194 5879">
     <span class='ocr_line' id='line_1_88' title="bbox 625 5814 2194 5879; baseline 0.006 -15"><span class='ocrx_word' id='word_1_649' title='bbox 625 5816 724 5879; x_wconf 80' lang='lat' dir='ltr'>(t5)</span> <span class='ocrx_word' id='word_1_650' title='bbox 768 5814 972 5868; x_wconf 85' lang='lat' dir='ltr'>Contra</span> <span class='ocrx_word' id='word_1_651' title='bbox 1015 5819 1166 5870; x_wconf 86' lang='lat' dir='ltr'>tract.</span> <span class='ocrx_word' id='word_1_652' title='bbox 1216 5816 1499 5871; x_wconf 88' lang='lat' dir='ltr'>Novatian.</span> <span class='ocrx_word' id='word_1_653' title='bbox 1549 5824 1603 5870; x_wconf 89' lang='lat' dir='ltr'>et</span> <span class='ocrx_word' id='word_1_654' title='bbox 1643 5821 1774 5871; x_wconf 89' lang='lat' dir='ltr'>tom.</span> <span class='ocrx_word' id='word_1_655' title='bbox 1817 5820 1889 5871; x_wconf 90' lang='lat' dir='ltr'>III</span> <span class='ocrx_word' id='word_1_656' title='bbox 1935 5820 2194 5874; x_wconf 83' lang='lat' dir='ltr'>Biblioth.</span> 
     </span>
    </p>
   </div>
   <div class='ocr_carea' id='block_1_89' title="bbox 2293 3204 3881 3279">
    <p class='ocr_par' dir='ltr' id='par_1_89' title="bbox 2293 3204 3881 3279">
     <span class='ocr_line' id='line_1_89' title="bbox 2293 3204 3881 3279; baseline 0.004 -22"><span class='ocrx_word' id='word_1_657' title='bbox 2293 3221 2460 3275; x_wconf 88' lang='lat' dir='ltr'>porro</span> <span class='ocrx_word' id='word_1_658' title='bbox 2498 3222 2567 3259; x_wconf 90' lang='lat' dir='ltr'>eo</span> <span class='ocrx_word' id='word_1_659' title='bbox 2604 3204 2877 3260; x_wconf 88' lang='lat' dir='ltr'>libentius</span> <span class='ocrx_word' id='word_1_660' title='bbox 2914 3207 3185 3262; x_wconf 86' lang='lat' dir='ltr'>annotavi</span> <span class='ocrx_word' id='word_1_661' title='bbox 3218 3209 3373 3279; x_wconf 88' lang='lat' dir='ltr'>quod</span> <span class='ocrx_word' id='word_1_662' title='bbox 3416 3210 3656 3264; x_wconf 89' lang='lat' dir='ltr'>viderim</span> <span class='ocrx_word' id='word_1_663' title='bbox 3688 3210 3739 3263; x_wconf 87' lang='lat' dir='ltr'>in</span> <span class='ocrx_word' id='word_1_664' title='bbox 3783 3207 3881 3264; x_wconf 85' lang='lat' dir='ltr'>edi-</span> 
     </span>
    </p>
   </div>
   <div class='ocr_carea' id='block_1_90' title="bbox 2289 3298 3883 3371">
    <p class='ocr_par' dir='ltr' id='par_1_90' title="bbox 2289 3298 3883 3371">
     <span class='ocr_line' id='line_1_90' title="bbox 2289 3298 3883 3371; baseline 0.003 -20"><span class='ocrx_word' id='word_1_665' title='bbox 2289 3298 2443 3352; x_wconf 90' lang='lat' dir='ltr'>tione</span> <span class='ocrx_word' id='word_1_666' title='bbox 2470 3299 2759 3369; x_wconf 84' lang='lat' dir='ltr'>Cypriani,</span> <span class='ocrx_word' id='word_1_667' title='bbox 2792 3316 2965 3370; x_wconf 86' lang='lat' dir='ltr'>quam</span> <span class='ocrx_word' id='word_1_668' title='bbox 3008 3301 3307 3357; x_wconf 87' lang='lat' dir='ltr'>adornavit</span> <span class='ocrx_word' id='word_1_669' title='bbox 3348 3303 3627 3371; x_wconf 85' lang='lat' dir='ltr'>Baluzius,</span> <span class='ocrx_word' id='word_1_670' title='bbox 3655 3302 3801 3357; x_wconf 85' lang='lat' dir='ltr'>citari</span> <span class='ocrx_word' id='word_1_671' title='bbox 3839 3303 3883 3355; x_wconf 87' lang='lat' dir='ltr'>in</span> 
     </span>
    </p>
   </div>
   <div class='ocr_carea' id='block_1_91' title="bbox 2293 3393 3885 3466">
    <p class='ocr_par' dir='ltr' id='par_1_91' title="bbox 2293 3393 3885 3466">
     <span class='ocr_line' id='line_1_91' title="bbox 2293 3393 3885 3466; baseline 0.001 -19"><span class='ocrx_word' id='word_1_672' title='bbox 2293 3393 2594 3463; x_wconf 87' lang='lat' dir='ltr'>margine:</span> <span class='ocrx_word' id='word_1_673' title='bbox 2640 3394 2862 3460; x_wconf 85' lang='lat' dir='ltr'>Ezech.,</span> <span class='ocrx_word' id='word_1_674' title='bbox 2895 3410 3023 3450; x_wconf 86' lang='lat' dir='ltr'>xvni</span> <span class='ocrx_word' id='word_1_675' title='bbox 3065 3400 3120 3450; x_wconf 90' lang='lat' dir='ltr'>et</span> <span class='ocrx_word' id='word_1_676' title='bbox 3171 3410 3363 3452; x_wconf 74' lang='lat' dir='ltr'><strong>xxxiii.</strong></span> <span class='ocrx_word' id='word_1_677' title='bbox 3405 3398 3483 3452; x_wconf 87' lang='lat' dir='ltr'>Ex</span> <span class='ocrx_word' id='word_1_678' title='bbox 3534 3397 3672 3451; x_wconf 87' lang='lat' dir='ltr'>Isaia</span> <span class='ocrx_word' id='word_1_679' title='bbox 3711 3396 3885 3466; x_wconf 83' lang='lat' dir='ltr'>allegat</span> 
     </span>
    </p>
   </div>
   <div class='ocr_carea' id='block_1_92' title="bbox 2292 3485 3324 3558">
    <p class='ocr_par' dir='ltr' id='par_1_92' title="bbox 2292 3485 3324 3558">
     <span class='ocr_line' id='line_1_92' title="bbox 2292 3485 3324 3558; baseline 0.003 -16"><span class='ocrx_word' id='word_1_680' title='bbox 2292 3485 2687 3557; x_wconf 81' lang='lat' dir='ltr'>Hieronymus,</span> <span class='ocrx_word' id='word_1_681' title='bbox 2720 3504 2891 3558; x_wconf 88' lang='lat' dir='ltr'>quem</span> <span class='ocrx_word' id='word_1_682' title='bbox 2922 3505 2981 3543; x_wconf 90' lang='lat' dir='ltr'>n.</span> <span class='ocrx_word' id='word_1_683' title='bbox 3008 3489 3039 3542; x_wconf 77' lang='grc'><strong>4</strong></span> <span class='ocrx_word' id='word_1_684' title='bbox 3065 3489 3324 3545; x_wconf 76' lang='lat' dir='ltr'>afferam.</span> 
     </span>
    </p>
   </div>
   <div class='ocr_carea' id='block_1_93' title="bbox 2364 3580 3886 3653">
    <p class='ocr_par' dir='ltr' id='par_1_93' title="bbox 2364 3580 3886 3653">
     <span class='ocr_line' id='line_1_93' title="bbox 2364 3580 3886 3653; baseline -0.001 -18"><span class='ocrx_word' id='word_1_685' title='bbox 2364 3581 2458 3635; x_wconf 91' lang='grc'><strong>111.</strong></span> <span class='ocrx_word' id='word_1_686' title='bbox 2492 3581 2630 3634; x_wconf 89' lang='lat' dir='ltr'>ltem</span> <span class='ocrx_word' id='word_1_687' title='bbox 2664 3580 2778 3634; x_wconf 92' lang='lat' dir='ltr'>illic</span> <span class='ocrx_word' id='word_1_688' title='bbox 2814 3583 2961 3652; x_wconf 85' lang='lat' dir='ltr'><strong>(xxx,</strong></span> <span class='ocrx_word' id='word_1_689' title='bbox 2994 3582 3045 3653; x_wconf 93' lang='grc'>1)</span> <span class='ocrx_word' id='word_1_690' title='bbox 3074 3599 3087 3636; x_wconf 89' lang='lat'>:</span> <span class='ocrx_word' id='word_1_691' title='bbox 3143 3585 3255 3645; x_wconf 62' lang='grc' dir='ltr'>γε,</span> <span class='ocrx_word' id='word_1_692' title='bbox 3282 3584 3389 3653; x_wconf 76' lang='lat' dir='ltr'>ﬁlii</span> <span class='ocrx_word' id='word_1_693' title='bbox 3428 3585 3753 3644; x_wconf 80' lang='lat' dir='ltr'>desertionis,</span> <span class='ocrx_word' id='word_1_694' title='bbox 3778 3582 3886 3636; x_wconf 79' lang='lat' dir='ltr'>dicit</span> 
     </span>
    </p>
   </div>
   <div class='ocr_carea' id='block_1_94' title="bbox 2291 3674 3883 3749">
    <p class='ocr_par' dir='ltr' id='par_1_94' title="bbox 2291 3674 3883 3749">
     <span class='ocr_line' id='line_1_94' title="bbox 2291 3674 3883 3749; baseline 0.003 -23"><span class='ocrx_word' id='word_1_695' title='bbox 2291 3674 2571 3738; x_wconf 77' lang='lat' dir='ltr'>Dominus,</span> <span class='ocrx_word' id='word_1_696' title='bbox 2598 3675 2804 3741; x_wconf 73' lang='lat' dir='ltr'>fecistis</span> <span class='ocrx_word' id='word_1_697' title='bbox 2825 3676 3110 3732; x_wconf 73' lang='lat' dir='ltr'>comitium</span> <span class='ocrx_word' id='word_1_698' title='bbox 3136 3692 3250 3732; x_wconf 85' lang='lat' dir='ltr'>non</span> <span class='ocrx_word' id='word_1_699' title='bbox 3268 3693 3369 3748; x_wconf 77' lang='lat' dir='ltr'>per</span> <span class='ocrx_word' id='word_1_700' title='bbox 3392 3694 3478 3734; x_wconf 86' lang='lat' dir='ltr'>me</span> <span class='ocrx_word' id='word_1_701' title='bbox 3506 3685 3558 3733; x_wconf 79' lang='lat' dir='ltr'>et</span> <span class='ocrx_word' id='word_1_702' title='bbox 3588 3679 3883 3749; x_wconf 79' lang='lat' dir='ltr'>sponsionem</span> 
     </span>
    </p>
   </div>
   <div class='ocr_carea' id='block_1_95' title="bbox 2291 3770 3885 3841">
    <p class='ocr_par' dir='ltr' id='par_1_95' title="bbox 2291 3770 3885 3841">
     <span class='ocr_line' id='line_1_95' title="bbox 2291 3770 3885 3841; baseline 0.003 -21"><span class='ocrx_word' id='word_1_703' title='bbox 2291 3781 2484 3829; x_wconf 83' lang='lat' dir='ltr'>meum.</span> <span class='ocrx_word' id='word_1_704' title='bbox 2534 3783 2641 3821; x_wconf 85' lang='lat' dir='ltr'>non</span> <span class='ocrx_word' id='word_1_705' title='bbox 2681 3784 2780 3839; x_wconf 83' lang='lat' dir='ltr'>per</span> <span class='ocrx_word' id='word_1_706' title='bbox 2821 3770 3089 3839; x_wconf 81' lang='lat' dir='ltr'>Spiritum</span> <span class='ocrx_word' id='word_1_707' title='bbox 3128 3787 3323 3839; x_wconf 88' lang='lat' dir='ltr'>meum,</span> <span class='ocrx_word' id='word_1_708' title='bbox 3368 3771 3605 3841; x_wconf 78' lang='lat' dir='ltr'>adjicere</span> <span class='ocrx_word' id='word_1_709' title='bbox 3642 3775 3885 3841; x_wconf 81' lang='lat' dir='ltr'>peccatum</span> 
     </span>
    </p>
   </div>
   <div class='ocr_carea' id='block_1_96' title="bbox 2289 3864 2773 3930">
    <p class='ocr_par' dir='ltr' id='par_1_96' title="bbox 2289 3864 2773 3930">
     <span class='ocr_line' id='line_1_96' title="bbox 2289 3864 2773 3930; baseline 0.006 -17"><span class='ocrx_word' id='word_1_710' title='bbox 2289 3874 2453 3930; x_wconf 86' lang='lat' dir='ltr'>super</span> <span class='ocrx_word' id='word_1_711' title='bbox 2477 3864 2773 3930; x_wconf 81' lang='lat' dir='ltr'>peccatum.</span> 
     </span>
    </p>
   </div>
   <div class='ocr_carea' id='block_1_97' title="bbox 2367 3958 3884 4034">
    <p class='ocr_par' dir='ltr' id='par_1_97' title="bbox 2367 3958 3884 4034">
     <span class='ocr_line' id='line_1_97' title="bbox 2367 3958 3884 4034; baseline 0 -22"><span class='ocrx_word' id='word_1_712' title='bbox 2367 3959 2543 4013; x_wconf 82' lang='lat' dir='ltr'>Locus</span> <span class='ocrx_word' id='word_1_713' title='bbox 2598 3958 2701 4013; x_wconf 87' lang='lat' dir='ltr'>iste</span> <span class='ocrx_word' id='word_1_714' title='bbox 2763 3958 2858 4015; x_wconf 88' lang='lat' dir='ltr'>ille</span> <span class='ocrx_word' id='word_1_715' title='bbox 2902 3960 3024 4032; x_wconf 88' lang='lat' dir='ltr'>ipse</span> <span class='ocrx_word' id='word_1_716' title='bbox 3066 3965 3170 4031; x_wconf 87' lang='lat' dir='ltr'>est,</span> <span class='ocrx_word' id='word_1_717' title='bbox 3217 3962 3417 4034; x_wconf 91' lang='lat' dir='ltr'>procul</span> <span class='ocrx_word' id='word_1_718' title='bbox 3474 3963 3668 4028; x_wconf 88' lang='lat' dir='ltr'>dubio,</span> <span class='ocrx_word' id='word_1_719' title='bbox 3708 3961 3795 4033; x_wconf 79' lang='lat' dir='ltr'>qui</span> <span class='ocrx_word' id='word_1_720' title='bbox 3839 3960 3884 4012; x_wconf 86' lang='lat' dir='ltr'>in</span> 
     </span>
    </p>
   </div>
   <div class='ocr_carea' id='block_1_98' title="bbox 2295 4052 3883 4129">
    <p class='ocr_par' dir='ltr' id='par_1_98' title="bbox 2295 4052 3883 4129">
     <span class='ocr_line' id='line_1_98' title="bbox 2295 4052 3883 4129; baseline 0 -23"><span class='ocrx_word' id='word_1_721' title='bbox 2295 4052 2534 4122; x_wconf 85' lang='lat' dir='ltr'>Vulgata</span> <span class='ocrx_word' id='word_1_722' title='bbox 2559 4054 2739 4129; x_wconf 82' lang='lat' dir='ltr'>exstat</span> <span class='ocrx_word' id='word_1_723' title='bbox 2780 4054 3104 4110; x_wconf 81' lang='lat' dir='ltr'>versiculot</span> <span class='ocrx_word' id='word_1_724' title='bbox 3146 4056 3347 4127; x_wconf 86' lang='lat' dir='ltr'>capitis</span> <span class='ocrx_word' id='word_1_725' title='bbox 3385 4072 3500 4111; x_wconf 88' lang='lat' dir='ltr'>xxx</span> <span class='ocrx_word' id='word_1_726' title='bbox 3553 4057 3725 4121; x_wconf 58' lang='lat' dir='ltr'>Isaia,</span> <span class='ocrx_word' id='word_1_727' title='bbox 3753 4053 3883 4109; x_wconf 85' lang='lat' dir='ltr'>sicin</span> 
     </span>
    </p>
   </div>
   <div class='ocr_carea' id='block_1_99' title="bbox 2295 4146 3886 4220">
    <p class='ocr_par' dir='ltr' id='par_1_99' title="bbox 2295 4146 3886 4220">
     <span class='ocr_line' id='line_1_99' title="bbox 2295 4146 3886 4220; baseline 0 -20"><span class='ocrx_word' id='word_1_728' title='bbox 2295 4146 2560 4201; x_wconf 89' lang='lat' dir='ltr'>Latinum</span> <span class='ocrx_word' id='word_1_729' title='bbox 2592 4162 2788 4202; x_wconf 88' lang='lat' dir='ltr'>versus</span> <span class='ocrx_word' id='word_1_730' title='bbox 2819 4164 2833 4201; x_wconf 88' lang='lat'><strong>:</strong></span> <span class='ocrx_word' id='word_1_731' title='bbox 2865 4167 2894 4196; x_wconf 85' lang='lat'><strong><em>«</em></strong></span> <span class='ocrx_word' id='word_1_732' title='bbox 2927 4149 3042 4218; x_wconf 70' lang='lat' dir='ltr'>Vas,</span> <span class='ocrx_word' id='word_1_733' title='bbox 3076 4149 3176 4203; x_wconf 88' lang='lat' dir='ltr'>ﬂlii</span> <span class='ocrx_word' id='word_1_734' title='bbox 3204 4149 3548 4220; x_wconf 88' lang='lat' dir='ltr'>desertores,</span> <span class='ocrx_word' id='word_1_735' title='bbox 3571 4149 3703 4204; x_wconf 87' lang='lat' dir='ltr'>dicit</span> <span class='ocrx_word' id='word_1_736' title='bbox 3731 4148 3886 4202; x_wconf 84' lang='lat' dir='ltr'>Domi-</span> 
     </span>
    </p>
   </div>
   <div class='ocr_carea' id='block_1_100' title="bbox 2298 4240 3888 4313">
    <p class='ocr_par' dir='ltr' id='par_1_100' title="bbox 2298 4240 3888 4313">
     <span class='ocr_line' id='line_1_100' title="bbox 2298 4240 3888 4313; baseline -0.001 -18"><span class='ocrx_word' id='word_1_737' title='bbox 2298 4256 2422 4308; x_wconf 89' lang='lat' dir='ltr'>nus,</span> <span class='ocrx_word' id='word_1_738' title='bbox 2451 4243 2517 4294; x_wconf 90' lang='lat' dir='ltr'>ut</span> <span class='ocrx_word' id='word_1_739' title='bbox 2543 4240 2789 4295; x_wconf 74' lang='lat' dir='ltr'>feceritis</span> <span class='ocrx_word' id='word_1_740' title='bbox 2827 4242 3149 4311; x_wconf 89' lang='lat' dir='ltr'>consilium,</span> <span class='ocrx_word' id='word_1_741' title='bbox 3179 4249 3236 4298; x_wconf 88' lang='lat' dir='ltr'>et</span> <span class='ocrx_word' id='word_1_742' title='bbox 3279 4260 3397 4300; x_wconf 91' lang='lat' dir='ltr'>non</span> <span class='ocrx_word' id='word_1_743' title='bbox 3426 4260 3499 4300; x_wconf 89' lang='lat' dir='ltr'><strong>ex</strong></span> <span class='ocrx_word' id='word_1_744' title='bbox 3542 4262 3654 4313; x_wconf 88' lang='lat' dir='ltr'>me,</span> <span class='ocrx_word' id='word_1_745' title='bbox 3683 4249 3736 4299; x_wconf 90' lang='lat' dir='ltr'>ct</span> <span class='ocrx_word' id='word_1_746' title='bbox 3769 4241 3888 4297; x_wconf 83' lang='lat' dir='ltr'>ordi-</span> 
     </span>
    </p>
   </div>
   <div class='ocr_carea' id='block_1_101' title="bbox 2296 4333 3883 4409">
    <p class='ocr_par' dir='ltr' id='par_1_101' title="bbox 2296 4333 3883 4409">
     <span class='ocr_line' id='line_1_101' title="bbox 2296 4333 3883 4409; baseline 0.001 -21"><span class='ocrx_word' id='word_1_747' title='bbox 2296 4333 2500 4389; x_wconf 89' lang='lat' dir='ltr'>remini</span> <span class='ocrx_word' id='word_1_748' title='bbox 2527 4334 2723 4403; x_wconf 88' lang='lat' dir='ltr'>telam,</span> <span class='ocrx_word' id='word_1_749' title='bbox 2755 4338 2814 4390; x_wconf 89' lang='lat' dir='ltr'>et</span> <span class='ocrx_word' id='word_1_750' title='bbox 2840 4352 2956 4392; x_wconf 90' lang='lat' dir='ltr'>non</span> <span class='ocrx_word' id='word_1_751' title='bbox 2982 4353 3086 4407; x_wconf 82' lang='lat' dir='ltr'>per</span> <span class='ocrx_word' id='word_1_752' title='bbox 3109 4337 3385 4409; x_wconf 91' lang='lat' dir='ltr'>Spiritum</span> <span class='ocrx_word' id='word_1_753' title='bbox 3412 4354 3632 4407; x_wconf 88' lang='lat' dir='ltr'>meum,</span> <span class='ocrx_word' id='word_1_754' title='bbox 3658 4345 3715 4393; x_wconf 90' lang='lat' dir='ltr'>ut</span> <span class='ocrx_word' id='word_1_755' title='bbox 3743 4336 3883 4392; x_wconf 76' lang='lat' dir='ltr'>adde-</span> 
     </span>
    </p>
   </div>
   <div class='ocr_carea' id='block_1_102' title="bbox 2297 4428 3365 4501">
    <p class='ocr_par' dir='ltr' id='par_1_102' title="bbox 2297 4428 3365 4501">
     <span class='ocr_line' id='line_1_102' title="bbox 2297 4428 3365 4501; baseline 0.001 -19"><span class='ocrx_word' id='word_1_756' title='bbox 2297 4428 2433 4483; x_wconf 90' lang='lat' dir='ltr'>retis</span> <span class='ocrx_word' id='word_1_757' title='bbox 2458 4432 2753 4501; x_wconf 83' lang='lat' dir='ltr'>peccatum</span> <span class='ocrx_word' id='word_1_758' title='bbox 2781 4446 2952 4501; x_wconf 86' lang='lat' dir='ltr'>super</span> <span class='ocrx_word' id='word_1_759' title='bbox 2981 4437 3300 4501; x_wconf 89' lang='lat' dir='ltr'>peccatum.</span> <span class='ocrx_word' id='word_1_760' title='bbox 3338 4454 3365 4483; x_wconf 82' lang='lat'><strong>»</strong></span> 
     </span>
    </p>
   </div>
   <div class='ocr_carea' id='block_1_103' title="bbox 2222 4522 3883 4596">
    <p class='ocr_par' dir='ltr' id='par_1_103' title="bbox 2222 4522 3883 4596">
     <span class='ocr_line' id='line_1_103' title="bbox 2222 4522 3883 4596; baseline 0 -20"><span class='ocrx_word' id='word_1_761' title='bbox 2222 4522 2279 4594; x_wconf 76' lang='grc' dir='ltr'>ι)</span> <span class='ocrx_word' id='word_1_762' title='bbox 2372 4522 2644 4593; x_wconf 89' lang='lat' dir='ltr'>Sequitur</span> <span class='ocrx_word' id='word_1_763' title='bbox 2695 4540 2864 4594; x_wconf 91' lang='lat' dir='ltr'>porro</span> <span class='ocrx_word' id='word_1_764' title='bbox 2909 4526 3149 4595; x_wconf 86' lang='lat' dir='ltr'>scriptor</span> <span class='ocrx_word' id='word_1_765' title='bbox 3191 4532 3406 4596; x_wconf 90' lang='lat' dir='ltr'>noster,</span> <span class='ocrx_word' id='word_1_766' title='bbox 3444 4534 3697 4582; x_wconf 75' lang='lat' dir='ltr'>veterum</span> <span class='ocrx_word' id='word_1_767' title='bbox 3738 4538 3883 4587; x_wconf 86' lang='lat' dir='ltr'>more,</span> 
     </span>
    </p>
   </div>
   <div class='ocr_carea' id='block_1_104' title="bbox 2300 4617 3882 4689">
    <p class='ocr_par' dir='ltr' id='par_1_104' title="bbox 2300 4617 3882 4689">
     <span class='ocr_line' id='line_1_104' title="bbox 2300 4617 3882 4689; baseline 0 -17"><span class='ocrx_word' id='word_1_768' title='bbox 2300 4617 2668 4688; x_wconf 86' lang='lat' dir='ltr'>Septuaginta</span> <span class='ocrx_word' id='word_1_769' title='bbox 2712 4618 3071 4689; x_wconf 88' lang='lat' dir='ltr'>interpretes.</span> <span class='ocrx_word' id='word_1_770' title='bbox 3114 4621 3342 4676; x_wconf 86' lang='lat' dir='ltr'>Videtur</span> <span class='ocrx_word' id='word_1_771' title='bbox 3381 4625 3574 4678; x_wconf 87' lang='lat' dir='ltr'>autem</span> <span class='ocrx_word' id='word_1_772' title='bbox 3619 4621 3742 4676; x_wconf 87' lang='lat' dir='ltr'>ideo</span> <span class='ocrx_word' id='word_1_773' title='bbox 3775 4618 3882 4674; x_wconf 78' lang='lat' dir='ltr'>alla-</span> 
     </span>
    </p>
   </div>
   <div class='ocr_carea' id='block_1_105' title="bbox 2299 4710 3881 4788">
    <p class='ocr_par' dir='ltr' id='par_1_105' title="bbox 2299 4710 3881 4788">
     <span class='ocr_line' id='line_1_105' title="bbox 2299 4710 3881 4788; baseline 0.001 -24"><span class='ocrx_word' id='word_1_774' title='bbox 2299 4713 2390 4765; x_wconf 91' lang='lat' dir='ltr'>tus</span> <span class='ocrx_word' id='word_1_775' title='bbox 2420 4710 2513 4765; x_wconf 86' lang='lat' dir='ltr'>hic</span> <span class='ocrx_word' id='word_1_776' title='bbox 2544 4710 2715 4781; x_wconf 87' lang='lat' dir='ltr'>locus,</span> <span class='ocrx_word' id='word_1_777' title='bbox 2744 4720 2808 4767; x_wconf 90' lang='lat' dir='ltr'>ut</span> <span class='ocrx_word' id='word_1_778' title='bbox 2849 4729 3251 4781; x_wconf 89' lang='lat' dir='ltr'>moneremur,</span> <span class='ocrx_word' id='word_1_779' title='bbox 3281 4732 3396 4770; x_wconf 93' lang='lat' dir='ltr'>non</span> <span class='ocrx_word' id='word_1_780' title='bbox 3421 4716 3722 4788; x_wconf 84' lang='lat' dir='ltr'>approbari</span> <span class='ocrx_word' id='word_1_781' title='bbox 3744 4730 3775 4768; x_wconf 86' lang='lat' dir='ltr'>a</span> <span class='ocrx_word' id='word_1_782' title='bbox 3796 4714 3881 4766; x_wconf 85' lang='lat' dir='ltr'>Deo</span> 
     </span>
    </p>
   </div>
   <div class='ocr_carea' id='block_1_106' title="bbox 2300 4805 3884 4882">
    <p class='ocr_par' dir='ltr' id='par_1_106' title="bbox 2300 4805 3884 4882">
     <span class='ocr_line' id='line_1_106' title="bbox 2300 4805 3884 4882; baseline -0.001 -24"><span class='ocrx_word' id='word_1_783' title='bbox 2300 4805 2596 4859; x_wconf 91' lang='lat' dir='ltr'>consilium</span> <span class='ocrx_word' id='word_1_784' title='bbox 2663 4821 2862 4860; x_wconf 91' lang='lat' dir='ltr'>eorum</span> <span class='ocrx_word' id='word_1_785' title='bbox 2930 4808 3049 4879; x_wconf 87' lang='lat' dir='ltr'>qui,</span> <span class='ocrx_word' id='word_1_786' title='bbox 3106 4814 3170 4862; x_wconf 91' lang='lat' dir='ltr'>ut</span> <span class='ocrx_word' id='word_1_787' title='bbox 3231 4809 3416 4864; x_wconf 88' lang='lat' dir='ltr'>verbis</span> <span class='ocrx_word' id='word_1_788' title='bbox 3477 4808 3731 4882; x_wconf 89' lang='lat' dir='ltr'>Cypriani</span> <span class='ocrx_word' id='word_1_789' title='bbox 3783 4809 3884 4859; x_wconf 79' lang='lat' dir='ltr'>utar</span> 
     </span>
    </p>
   </div>
   <div class='ocr_carea' id='block_1_107' title="bbox 2302 4898 3881 4974">
    <p class='ocr_par' dir='ltr' id='par_1_107' title="bbox 2302 4898 3881 4974">
     <span class='ocr_line' id='line_1_107' title="bbox 2302 4898 3881 4974; baseline 0.001 -22"><span class='ocrx_word' id='word_1_790' title='bbox 2302 4898 2487 4971; x_wconf 92' lang='lat' dir='ltr'>(epist.</span> <span class='ocrx_word' id='word_1_791' title='bbox 2534 4902 2622 4966; x_wconf 88' lang='lat'>55,</span> <span class='ocrx_word' id='word_1_792' title='bbox 2667 4916 2724 4970; x_wconf 91' lang='lat' dir='ltr'>p.</span> <span class='ocrx_word' id='word_1_793' title='bbox 2757 4902 2901 4971; x_wconf 85' lang='grc'>181),</span> <span class='ocrx_word' id='word_1_794' title='bbox 2934 4923 2962 4952; x_wconf 90' lang='grc'><em>‹‹</em></span> <span class='ocrx_word' id='word_1_795' title='bbox 3002 4904 3209 4958; x_wconf 87' lang='lat' dir='ltr'>Contra</span> <span class='ocrx_word' id='word_1_796' title='bbox 3251 4904 3433 4959; x_wconf 89' lang='lat' dir='ltr'>Deum</span> <span class='ocrx_word' id='word_1_797' title='bbox 3476 4903 3747 4974; x_wconf 77' lang='lat' dir='ltr'>sacrilegi,</span> <span class='ocrx_word' id='word_1_798' title='bbox 3771 4914 3881 4955; x_wconf 88' lang='lat' dir='ltr'>con-</span> 
     </span>
    </p>
   </div>
   <div class='ocr_carea' id='block_1_108' title="bbox 2299 4991 3883 5069">
    <p class='ocr_par' dir='ltr' id='par_1_108' title="bbox 2299 4991 3883 5069">
     <span class='ocr_line' id='line_1_108' title="bbox 2299 4991 3883 5069; baseline 0.003 -23"><span class='ocrx_word' id='word_1_799' title='bbox 2299 4998 2388 5048; x_wconf 88' lang='lat' dir='ltr'>tra</span> <span class='ocrx_word' id='word_1_800' title='bbox 2440 4995 2763 5050; x_wconf 86' lang='lat' dir='ltr'>sacerdotes</span> <span class='ocrx_word' id='word_1_801' title='bbox 2828 4995 2929 5051; x_wconf 89' lang='lat' dir='ltr'>Dei</span> <span class='ocrx_word' id='word_1_802' title='bbox 2993 4997 3173 5069; x_wconf 88' lang='lat' dir='ltr'>impio</span> <span class='ocrx_word' id='word_1_803' title='bbox 3238 4999 3429 5053; x_wconf 89' lang='lat' dir='ltr'>furore</span> <span class='ocrx_word' id='word_1_804' title='bbox 3489 4996 3784 5061; x_wconf 87' lang='lat' dir='ltr'>temerarii,</span> <span class='ocrx_word' id='word_1_805' title='bbox 3828 4991 3883 5046; x_wconf 80' lang='lat' dir='ltr'>de</span> 
     </span>
    </p>
   </div>
   <div class='ocr_carea' id='block_1_109' title="bbox 2300 5084 3882 5164">
    <p class='ocr_par' dir='ltr' id='par_1_109' title="bbox 2300 5084 3882 5164">
     <span class='ocr_line' id='line_1_109' title="bbox 2300 5084 3882 5164; baseline -0.001 -23"><span class='ocrx_word' id='word_1_806' title='bbox 2300 5087 2549 5143; x_wconf 88' lang='lat' dir='ltr'>Ecclesia</span> <span class='ocrx_word' id='word_1_807' title='bbox 2575 5088 2910 5145; x_wconf 88' lang='lat' dir='ltr'>recedentes</span> <span class='ocrx_word' id='word_1_808' title='bbox 2937 5093 2995 5146; x_wconf 84' lang='lat' dir='ltr'>et</span> <span class='ocrx_word' id='word_1_809' title='bbox 3009 5096 3208 5147; x_wconf 88' lang='lat' dir='ltr'>contra</span> <span class='ocrx_word' id='word_1_810' title='bbox 3232 5092 3543 5149; x_wconf 86' lang='lat' dir='ltr'>Ecclesiam</span> <span class='ocrx_word' id='word_1_811' title='bbox 3570 5084 3882 5164; x_wconf 72' lang='lat' dir='ltr'>parricidalis</span> 
     </span>
    </p>
   </div>
   <div class='ocr_carea' id='block_1_110' title="bbox 2301 5177 3882 5259">
    <p class='ocr_par' dir='ltr' id='par_1_110' title="bbox 2301 5177 3882 5259">
     <span class='ocr_line' id='line_1_110' title="bbox 2301 5177 3882 5259; baseline -0.001 -22"><span class='ocrx_word' id='word_1_812' title='bbox 2301 5199 2461 5237; x_wconf 91' lang='lat' dir='ltr'>arma</span> <span class='ocrx_word' id='word_1_813' title='bbox 2512 5183 2799 5254; x_wconf 88' lang='lat' dir='ltr'>tollentes,</span> <span class='ocrx_word' id='word_1_814' title='bbox 2849 5184 3147 5241; x_wconf 88' lang='lat' dir='ltr'>elaborant</span> <span class='ocrx_word' id='word_1_815' title='bbox 3190 5190 3254 5241; x_wconf 89' lang='lat' dir='ltr'>ut</span> <span class='ocrx_word' id='word_1_816' title='bbox 3301 5203 3445 5259; x_wconf 89' lang='lat' dir='ltr'>opus</span> <span class='ocrx_word' id='word_1_817' title='bbox 3495 5202 3658 5241; x_wconf 91' lang='lat' dir='ltr'>suum</span> <span class='ocrx_word' id='word_1_818' title='bbox 3708 5177 3882 5238; x_wconf 82' lang='lat' dir='ltr'>diaboli</span> 
     </span>
    </p>
   </div>
   <div class='ocr_carea' id='block_1_111' title="bbox 2299 5276 3877 5351">
    <p class='ocr_par' dir='ltr' id='par_1_111' title="bbox 2299 5276 3877 5351">
     <span class='ocr_line' id='line_1_111' title="bbox 2299 5276 3877 5351; baseline -0.003 -18"><span class='ocrx_word' id='word_1_819' title='bbox 2299 5276 2516 5333; x_wconf 87' lang='lat' dir='ltr'>malitia</span> <span class='ocrx_word' id='word_1_820' title='bbox 2540 5285 2964 5351; x_wconf 87' lang='lat' dir='ltr'>consumment,</span> <span class='ocrx_word' id='word_1_821' title='bbox 2992 5296 3063 5336; x_wconf 88' lang='lat' dir='ltr'>ne</span> <span class='ocrx_word' id='word_1_822' title='bbox 3108 5281 3431 5337; x_wconf 87' lang='lat' dir='ltr'>vulneratos</span> <span class='ocrx_word' id='word_1_823' title='bbox 3458 5281 3645 5337; x_wconf 85' lang='lat' dir='ltr'>divina</span> <span class='ocrx_word' id='word_1_824' title='bbox 3667 5278 3877 5332; x_wconf 83' lang='lat' dir='ltr'>clemen-</span> 
     </span>
    </p>
   </div>
   <div class='ocr_carea' id='block_1_112' title="bbox 2302 5455 3878 5533">
    <p class='ocr_par' dir='ltr' id='par_1_112' title="bbox 2302 5455 3878 5533">
     <span class='ocr_line' id='line_1_112' title="bbox 2302 5455 3878 5533; baseline 0.001 -25"><span class='ocrx_word' id='word_1_825' title='bbox 2302 5459 2471 5533; x_wconf 76' lang='lat' dir='ltr'>Paris.</span> <span class='ocrx_word' id='word_1_826' title='bbox 2510 5459 2675 5523; x_wconf 90' lang='lat' dir='ltr'>Patr.,</span> <span class='ocrx_word' id='word_1_827' title='bbox 2706 5475 2758 5525; x_wconf 87' lang='lat' dir='ltr'>p.</span> <span class='ocrx_word' id='word_1_828' title='bbox 2799 5461 2879 5513; x_wconf 88' lang='grc'>61.</span> <span class='ocrx_word' id='word_1_829' title='bbox 2912 5460 3061 5525; x_wconf 87' lang='lat' dir='ltr'>Quid</span> <span class='ocrx_word' id='word_1_830' title='bbox 3097 5464 3144 5514; x_wconf 89' lang='lat' dir='ltr'>si</span> <span class='ocrx_word' id='word_1_831' title='bbox 3192 5463 3517 5528; x_wconf 88' lang='lat' dir='ltr'>adjecissem</span> <span class='ocrx_word' id='word_1_832' title='bbox 3558 5459 3685 5512; x_wconf 89' lang='lat' dir='ltr'>illud</span> <span class='ocrx_word' id='word_1_833' title='bbox 3716 5455 3878 5533; x_wconf 60' lang='lat' dir='ltr'>Isaiae:</span> 
     </span>
    </p>
   </div>
   <div class='ocr_carea' id='block_1_113' title="bbox 2305 5530 3878 5597">
    <p class='ocr_par' dir='ltr' id='par_1_113' title="bbox 2305 5530 3878 5597">
     <span class='ocr_line' id='line_1_113' title="bbox 2305 5530 3878 5597; baseline -0.002 -18"><span class='ocrx_word' id='word_1_834' title='bbox 2305 5530 2431 5580; x_wconf 87' lang='lat' dir='ltr'>Cum</span> <span class='ocrx_word' id='word_1_835' title='bbox 2476 5544 2753 5583; x_wconf 76' lang='lat' dir='ltr'>conversus</span> <span class='ocrx_word' id='word_1_836' title='bbox 2798 5533 3133 5597; x_wconf 75' lang='lat' dir='ltr'>ingemueris,</span> <span class='ocrx_word' id='word_1_837' title='bbox 3180 5538 3301 5585; x_wconf 85' lang='lat' dir='ltr'>tunc</span> <span class='ocrx_word' id='word_1_838' title='bbox 3347 5534 3652 5592; x_wconf 70' lang='lat' dir='ltr'>salvaberis,</span> <span class='ocrx_word' id='word_1_839' title='bbox 3695 5534 3737 5579; x_wconf 74' lang='lat' dir='ltr'>et</span> <span class='ocrx_word' id='word_1_840' title='bbox 3776 5530 3878 5597; x_wconf 54' lang='lat' dir='ltr'>se}:</span> 
     </span>
    </p>
   </div>
   <div class='ocr_carea' id='block_1_114' title="bbox 2300 5594 3878 5672">
    <p class='ocr_par' dir='ltr' id='par_1_114' title="bbox 2300 5594 3878 5672">
     <span class='ocr_line' id='line_1_114' title="bbox 2300 5594 3878 5672; baseline -0.004 -22"><span class='ocrx_word' id='word_1_841' title='bbox 2300 5601 2392 5651; x_wconf 89' lang='lat' dir='ltr'>ubi</span> <span class='ocrx_word' id='word_1_842' title='bbox 2436 5602 2620 5664; x_wconf 78' lang='lat' dir='ltr'>fueris.</span> <span class='ocrx_word' id='word_1_843' title='bbox 2675 5603 2745 5654; x_wconf 87' lang='lat' dir='ltr'>Et</span> <span class='ocrx_word' id='word_1_844' title='bbox 2789 5594 3130 5667; x_wconf 45' lang='lat' dir='ltr'>in&#39;Paraan.,</span> <span class='ocrx_word' id='word_1_845' title='bbox 3182 5607 3254 5657; x_wconf 85' lang='lat' dir='ltr'>ad</span> <span class='ocrx_word' id='word_1_846' title='bbox 3295 5607 3496 5672; x_wconf 61' lang='lat' dir='ltr'>posuit,</span> <span class='ocrx_word' id='word_1_847' title='bbox 3536 5618 3651 5669; x_wconf 88' lang='lat' dir='ltr'>pag.</span> <span class='ocrx_word' id='word_1_848' title='bbox 3686 5600 3788 5672; x_wconf 59' lang='lat'>75;</span> <span class='ocrx_word' id='word_1_849' title='bbox 3824 5594 3878 5672; x_wconf 71' lang='lat' dir='ltr'>Et</span> 
     </span>
    </p>
   </div>
   <div class='ocr_carea' id='block_1_115' title="bbox 2302 5664 3876 5743">
    <p class='ocr_par' dir='ltr' id='par_1_115' title="bbox 2302 5664 3876 5743">
     <span class='ocr_line' id='line_1_115' title="bbox 2302 5664 3876 5743; baseline -0.002 -22"><span class='ocrx_word' id='word_1_850' title='bbox 2302 5674 2488 5723; x_wconf 83' lang='lat' dir='ltr'>iterum</span> <span class='ocrx_word' id='word_1_851' title='bbox 2531 5688 2644 5724; x_wconf 88' lang='lat' dir='ltr'>cum</span> <span class='ocrx_word' id='word_1_852' title='bbox 2688 5688 2961 5728; x_wconf 80' lang='lat' dir='ltr'>conversus</span> <span class='ocrx_word' id='word_1_853' title='bbox 3009 5664 3342 5743; x_wconf 68' lang='lat' dir='ltr'>ingenium-is,</span> <span class='ocrx_word' id='word_1_854' title='bbox 3383 5664 3501 5729; x_wconf 77' lang='lat' dir='ltr'>tunc</span> <span class='ocrx_word' id='word_1_855' title='bbox 3533 5664 3876 5728; x_wconf 56' lang='lat' dir='ltr'>intueberis,“</span> 
     </span>
    </p>
   </div>
   <div class='ocr_carea' id='block_1_116' title="bbox 2300 5744 2759 5810">
    <p class='ocr_par' dir='ltr' id='par_1_116' title="bbox 2300 5744 2759 5810">
     <span class='ocr_line' id='line_1_116' title="bbox 2300 5744 2759 5810; baseline 0.004 -14"><span class='ocrx_word' id='word_1_856' title='bbox 2300 5748 2430 5797; x_wconf 79' lang='lat' dir='ltr'>scies</span> <span class='ocrx_word' id='word_1_857' title='bbox 2459 5746 2554 5797; x_wconf 80' lang='lat' dir='ltr'>ubi</span> <span class='ocrx_word' id='word_1_858' title='bbox 2577 5744 2759 5810; x_wconf 69' lang='lat' dir='ltr'>fuam.</span> 
     </span>
    </p>
   </div>
  </div>
