4032 6180
234 271 333 328 877

1263 264 1659 322 SUPEBIORIS
1697 263 2018 322 OPUSCULI
2051 256 2530 317 ARGUMENTUM.

3478 246 3581 309 878

233 401 303 455 tia
342 400 404 454 in
446 399 690 455 Ecclesia
738 414 841 452 sua
881 402 1059 452 curet.
1104 396 1434 453 Miserorum
1470 397 1854 469 pcenitentiam
1883 392 2211 483 Adulitatis
2248 392 2520 445 indicium
2564 390 2652 443 sit.
2686 388 2788 452 Qui
2831 387 2982 442 enim
3022 387 3283 458 desperat
3319 385 3585 451 salutem,

231 493 663 550 mendaciorum
697 509 935 547 suorum
978 492 1178 546 fraude
1207 498 1597 563 corrumpunt,
1627 509 1700 545 ne
1748 494 1858 546 Deo

230 587 556 659 indignanti
596 586 853 642 satisﬁat.
883 607 910 635 »
943 584 1156 650 Quibus
1197 586 1425 656 quidem
1461 585 1644 640 verbis
1682 586 1856 639 Nova-

234 684 432 749 tianos,
469 687 527 735 ut
572 686 734 752 puto,
779 680 987 745 innuit,
1032 680 1130 751 qui
1178 684 1240 733 ut
1279 680 1618 735 asseclarum
1667 696 1860 734 nume-

234 793 361 831 rum
387 780 691 845 augerent,
715 776 900 846 lapsos
928 776 985 827 et
1014 774 1344 828 criminosus
1374 774 1429 828 in
1457 777 1663 828 coetum
1693 790 1857 828 suum

232 870 398 924 facile
443 869 809 939 recipiebant,
852 884 953 923 nec
997 868 1067 922 ab
1106 868 1189 922 eis
1230 884 1427 939 preces
1467 884 1561 921 eas
1600 866 1856 923 afflictio-

233 980 445 1034 uesque
499 962 915 1033 exposcebant,
979 979 1117 1032 quas
1188 961 1529 1032 exposcebat
1585 962 1859 1015 catholica

230 1057 495 1112 Ecclesia.
543 1057 880 1126 Quanquam
932 1055 1103 1110 etiam
1151 1054 1415 1121 arbitror,
1466 1055 1693 1109 eosdem
1748 1055 1856 1108 No-

230 1151 486 1204 vatianos
512 1151 817 1221 propterea
858 1164 1081 1219 quoque
1111 1148 1456 1219 reprehendi
1489 1150 1641 1219 quod
1675 1149 1857 1203 desci-

230 1245 443 1297 vissent
504 1242 572 1296 ab
639 1242 901 1308 Ecclesia,
956 1241 1331 1295 schismaticis
1382 1242 1716 1312 prtesidibus
1756 1242 1857 1295 ad-

232 1354 427 1391 versus
507 1335 812 1391 catholicos
894 1335 1227 1389 constitutis.
1299 1335 1358 1389 Id
1433 1352 1566 1389 sane
1646 1335 1862 1389 indicat

233 1432 570 1502 Cyprianus,
624 1446 755 1484 cum
819 1429 941 1483 haec
1004 1428 1085 1482 ait
1138 1429 1324 1498 (epist.
1382 1432 1470 1493 55,
1539 1447 1595 1500 p.
1665 1428 1785 1495 178)
1843 1445 1856 1481 :

237 1546 263 1576 α
306 1526 473 1579 Plane
512 1524 762 1596 episc0pi
806 1541 921 1578 non
966 1523 1037 1577 de
1081 1523 1368 1577 voluntate
1412 1522 1505 1576 Dei
1551 1522 1714 1589 fiunt,
1763 1522 1861 1577 sed

234 1620 331 1689 qui
373 1624 534 1673 extra
578 1618 878 1675 Ecclesiam
921 1618 1085 1683 fiunt,
1125 1617 1220 1672 sed
1262 1616 1360 1686 qui
1399 1620 1598 1670 contra
1632 1616 1861 1687 disposi-

230 1713 448 1766 tionem
493 1715 550 1766 et
595 1712 958 1766 traditionem
998 1710 1289 1782 Evangelii
1338 1710 1506 1779 fiunt,
1555 1711 1697 1764 sicut
1740 1710 1859 1779 ipse

231 1807 504 1861 Dominus
553 1806 611 1859 in
662 1805 960 1860 duodecim
1008 1804 1303 1876 prophetis
1350 1804 1509 1875 ponit
1556 1806 1613 1859 et
1660 1803 1794 1857 dicit

234 1923 258 1949 α
297 1900 681 1970 Sibimetipsis
733 1915 930 1969 regem
983 1900 1438 1965 constituerunt,
1486 1905 1542 1951 et
1587 1913 1701 1951 non
1758 1914 1859 1967 per

230 2009 344 2047 me.
396 2016 425 2041 »
467 1994 530 2047 l-It
567 1993 819 2046 iterum:
856 2013 882 2041 ‹‹
925 1992 1208 2046 Sacrificia
1247 1989 1440 2063 845
1489 2005 1688 2044 eorum
1740 1995 1854 2043 tan-

226 2104 403 2158 quam
432 2086 597 2157 panis
623 2088 842 2151 luctus;
874 2102 1074 2139 omnes
1116 2086 1213 2156 qui
1251 2085 1594 2139 manducent
1623 2099 1689 2138 ea
1726 2100 1858 2138 con-

227 2180 678 2235 taminabuntur.
722 2201 750 2229 ››
792 2182 858 2235 Et
897 2196 998 2249 per
1039 2180 1239 2233 Isaiam
1279 2194 1505 2249 quoque
1546 2178 1690 2248 (cap.
1735 2180 1857 2244 xxx)

229 2275 478 2345 Spiritus
517 2277 741 2328 sanctus
776 2275 1001 2339 clamat.
1035 2278 1092 2327 et
1130 2272 1265 2327 dicit
1305 2289 1316 2326 :
1360 2294 1387 2321 ι(
1420 2273 1511 2326 Va:
1544 2272 1723 2339 vobis,
1756 2272 1856 2325 ﬁlii

228 2370 575 2423 desertores.
627 2369 752 2422 liae
800 2366 933 2421 dicit
978 2367 1252 2421 Dominus
1299 2384 1310 2420 :
1361 2367 1640 2421 Habuistis
1679 2367 1858 2421 consi-

230 2463 396 2529 lium,
429 2466 484 2516 et
522 2478 634 2515 non
676 2478 778 2533 per
819 2478 930 2530 me,
967 2466 1020 2515 et
1055 2461 1260 2515 fecistis
1302 2462 1756 2527 conventionem,
1801 2466 1857 2515 et

232 2572 347 2610 non
392 2572 498 2626 per
539 2555 813 2626 Spiritum
860 2571 1073 2622 meum,
1120 2554 1366 2625 adjicere
1415 2561 1645 2624 peccata
1688 2570 1859 2625 super

228 2655 481 2720 peccata.
516 2668 544 2702 »

301 2743 517 2798 Eodem
563 2759 789 2814 quoque
837 2744 1090 2813 spectare
1136 2742 1358 2797 videtur
1397 2741 1444 2795 is
1489 2758 1662 2812 quem
1709 2758 1857 2813 saepe

226 2838 501 2909 allegavi,
553 2843 751 2891 auctor
803 2835 931 2890 libri
984 2837 1058 2889 ad
1111 2838 1479 2892 Novatianum
1523 2838 1853 2897 haereticum,

229 2933 351 2987 haec
381 2931 604 3002 scriptis
634 2931 860 2985 tradens
887 2932 965 3001 (p.
995 2930 1047 3000 8)
1075 2948 1087 2982 :
1117 2952 1143 2978 ‹‹
1172 2930 1309 2994 Quia
1337 2930 1434 2999 qui
1465 2946 1581 2983 non
1608 2929 1859 2983 introivit

226 3042 333 3098 per
370 3025 579 3079 ostium
607 3024 665 3079 in
702 3024 844 3079 ovile
875 3023 1086 3090 ovium,
1128 3024 1222 3078 sed
1254 3022 1547 3077 descendit
1585 3039 1689 3093 per
1718 3024 1853 3077 alte-

228 3136 356 3174 ram
398 3123 639 3190 partem,
673 3118 766 3173 ille
799 3119 889 3172 fur
927 3122 984 3172 et
1018 3119 1163 3171 latro
1194 3121 1296 3171 est.
1333 3136 1358 3167 »
1394 3119 1527 3170 Item
1560 3116 1619 3169 in
1659 3117 1855 3170 eodem
1880 3152 1934 3225 Ο

228 3213 537 3285 Evangelio
568 3229 789 3285 quoque
827 3214 943 3266 ait:
980 3233 1008 3259 «
1052 3212 1258 3266 Omnes
1300 3212 1396 3281 qui
1436 3214 1730 3278 venerunt,
1765 3212 1852 3263 fu-

227 3324 321 3361 res
362 3313 498 3361 sunt
539 3311 596 3360 et
624 3307 888 3360 latrones.
933 3330 958 3354 η
1000 3307 1107 3369 Qui
1148 3305 1239 3359 isti
1276 3311 1429 3371 sunt,
1461 3305 1565 3359 nisi
1603 3305 1856 3358 deserto-

229 3418 318 3456 res
348 3400 505 3467 fidei,
544 3407 599 3455 et
620 3406 1071 3471 transgressores
1098 3400 1353 3455 Ecclesim
1381 3400 1500 3469 Dei,
1535 3399 1635 3470 qui
1662 3402 1858 3454 contra

225 3494 645 3549 ordinationem
688 3494 784 3549 Dei
830 3495 1129 3548 nituntur?
1169 3494 1322 3557 Quos
1368 3494 1571 3548 merito
1616 3493 1856 3565 Spiritus

225 3595 456 3644 sanctus
486 3605 590 3659 per
620 3590 961 3660 prophetam
1000 3588 1272 3659 increpat,
1307 3588 1495 3642 dicens
1526 3605 1539 3643 :
1574 3609 1600 3637 α
1634 3587 1856 3643 Fecistis

224 3682 527 3737 consilium
570 3699 685 3737 non
730 3699 832 3753 per
872 3698 982 3750 me,
1025 3685 1083 3737 et
1127 3682 1555 3735 conventionem
1596 3698 1708 3735 non
1754 3698 1857 3753 per

221 3777 499 3847 Spiritum
544 3792 760 3841 meum,
797 3775 1040 3845 adjicere
1081 3779 1309 3846 peccata
1340 3792 1510 3846 super
1538 3784 1786 3847 peccata.
1824 3800 1850 3828 ››

220 3872 375 3936 Quid
391 3871 463 3924 ad
486 3872 589 3925 ista
608 3870 1415 3942 respondeantperversissimi
1436 3872 1525 3924 isti
1542 3872 1852 3939 Novatiani,

223 3967 309 4021 vel
345 3982 498 4019 nunc
539 3964 909 4021 infelicissimi
946 3964 1128 4035 pauci,
1162 3966 1260 4037 qui
1293 3965 1362 4018 ad
1398 3969 1615 4020 tantam
1647 3966 1856 4021 furoris

223 4060 576 4115 dementiam
624 4063 1027 4131 proruperunt,
1074 4062 1136 4114 ut
1174 4077 1279 4113 nec
1320 4062 1453 4128 Deo,
1490 4077 1591 4113 nec
1636 4060 1854 4117 homini

222 4154 610 4209 reverentiam
642 4153 947 4209 habuerint
963 4154 990 4207 Ἰ

303 4254 387 4308 lV.
438 4254 575 4307 item
619 4252 770 4322 apud
816 4253 1123 4307 Jeremiam
1164 4254 1245 4325 (u,
1294 4256 1361 4307 25
1403 4270 1413 4306 :
1452 4257 1703 4309 Avertere
1745 4256 1851 4326 (16)

217 4348 416 4417 pedem
460 4352 614 4400 tuum
658 4347 724 4399 ab
762 4361 958 4416 aSpera
997 4350 1111 4412 via,
1155 4352 1205 4401 et
1242 4349 1439 4414 faciem
1481 4353 1629 4402 tuam
1670 4366 1704 4402 α
1732 4351 1852 4415 siti,-

222 4443 331 4494 itla
375 4456 498 4494 vero
543 4441 685 4495 dixit
722 4459 735 4494 :
777 4462 803 4489 ‹‹
848 4442 1223 4507 Confortabor;
1263 4442 1380 4494 volo
1430 4457 1442 4493 :
1492 4444 1623 4511 quia
1667 4443 1854 4513 dilige-

224 4536 322 4589 bat
350 4535 571 4604 alienos,
599 4539 651 4588 et
677 4535 793 4590 ibat
817 4541 939 4605 post
966 4536 1111 4589 illos.
1156 4556 1183 4583 ι)

300 4629 382 4682 Ad
410 4629 848 4683 Novatiauorum
879 4629 1253 4700 pertinaciam
1292 4631 1704 4686 retundendam
1740 4633 1854 4702 plu-

224 4724 439 4776 rimum
472 4722 619 4775 valet
656 4721 812 4776 locus
851 4723 942 4777 ille
972 4723 1252 4793 .leremiaz,
1284 4726 1382 4795 qui
1420 4741 1569 4779 nunc
1602 4725 1853 4794 aifertur,

223 4824 284 4870 et
318 4831 491 4886 quem
536 4817 593 4869 in
640 4817 874 4888 Vulgata
919 4817 997 4871 sic
1036 4819 1195 4888 leges
1238 4834 1249 4871 :
1298 4841 1323 4867 «
1372 4820 1611 4873 Prohibe
1654 4823 1852 4889 pedem

225 4918 395 4964 tuum
438 4926 471 4962 a
504 4910 759 4965 nuditate
792 4915 847 4965 et
883 4914 1081 4982 guttur
1112 4917 1274 4967 tuum
1306 4930 1337 4966 a
1374 4913 1501 4980 siti;
1535 4918 1592 4967 et
1626 4914 1807 4967 dixisti
1840 4931 1852 4967 :

223 5005 558 5075 Desperavi,
614 5019 972 5076 nequaquam
1017 5006 1218 5060 faciam
1272 5024 1283 5061 :
1341 5008 1596 5061 adamavi
1648 5010 1857 5079 quippe

220 5098 470 5167 alienos,
513 5102 570 5153 et
614 5106 740 5169 post
782 5117 875 5155 eos
918 5100 1239 5155 ambulabo.
1290 5122 1317 5149 ››
1362 5102 1550 5155 Utitur
1592 5102 1696 5156 hoc
1739 5103 1857 5156 loco

221 5194 303 5248 ad
350 5192 705 5248 invitandum
747 5195 816 5249 ad
858 5196 1256 5267 pmnitentiam
1304 5197 1594 5251 Rusticum
1636 5198 1854 5267 lapsum

220 5288 621 5359 Hieronymus,
666 5289 785 5343 haec
833 5290 900 5344 ad
946 5307 1080 5344 eum
1126 5290 1378 5344 scribens
1417 5292 1526 5362 (l7)
1570 5308 1582 5344 :
1632 5312 1658 5339 ‹‹
1708 5290 1858 5344 Nihil

220 5383 311 5437 ita
359 5381 593 5438 offendit
647 5384 828 5439 Deum
884 5401 1057 5455 quam
1109 5386 1506 5457 desperatione
1552 5386 1855 5440 meliorum

221 5478 450 5533 haerere
495 5478 781 5550 pejoribus
822 5496 833 5534 :
869 5480 1002 5534 licet
1047 5482 1103 5535 et
1145 5480 1266 5552 ipsa
1304 5480 1627 5553 desperatio
1672 5479 1855 5533 incre-

295 5692 391 5756 (16)
418 5690 733 5757 Legendum
764 5698 899 5758 puto
929 5710 939 5744 :
972 5697 1181 5746 Arcrte.

220 5849 262 5903 Ρ
296 5766 408 5890 (ἒέἒς
443 5766 616 5830 Epist.
650 5766 782 5818 olim
817 5768 879 5820 46
925 5769 981 5818 in
1032 5769 1235 5820 Veron.
1285 5768 1527 5821 Edition.
1574 5770 1683 5831 122,
1712 5781 1765 5819 n.
1814 5770 1857 5831 i,

1842 1784 1937 1856 :B

1958 506 2073 543 non
2109 492 2265 557 putat
2307 487 2559 539 futurum
2595 500 2713 535 esse
2738 482 3037 551 judicium.
3075 480 3233 544 Quod
3281 480 3325 531 si
3368 484 3584 532 metue-

1958 586 2065 651 ret,
2113 581 2305 651 utique
2355 578 2517 632 bonis
2563 576 2829 646 operibus
2879 592 2933 628 se
2983 574 3159 644 judici
3211 579 3582 644 praepararet.

1959 674 2271 729 Audiamus
2317 690 2419 743 per
2455 672 2757 727 Jeremiam
2801 670 3129 738 loquentem
3184 668 3359 720 Deum
3407 683 3419 719 :
3457 667 3587 721 Con-

1958 775 2103 825 verte
2139 770 2328 838 pcdem
2377 772 2530 820 tuum
2574 781 2607 816 It
2648 766 2739 816 ria
2784 778 2997 830 aspera,
3043 767 3089 814 ct
3137 766 3321 827 guttur
3361 767 3513 813 tuum
3550 776 3583 812 α

1958 866 2071 918 siti.
2104 865 2170 918 Et
2214 862 2417 915 iterum
2447 876 2460 912 :
2490 857 2767 927 Numquid
2808 858 2903 924 qui
2942 855 3107 913 cadit,
3152 870 3253 906 non
3294 860 3531 919 resurget
3567 869 3581 903 :

1960 962 2059 1012 aut
2097 959 2193 1026 qui
2228 970 2445 1009 aversus
2472 958 2570 1018 est,
2609 968 2713 1004 non
2745 954 3043 1003 revertetur
3066 952 3092 999 ί)
3120 948 3183 999 Et
3215 963 3312 1016 per
3342 946 3532 998 lsaiam
3569 962 3580 999 :

1962 1051 2188 1117 Quando
2243 1061 2517 1103 conversus
2568 1044 2909 1113 ingemueris,
2963 1047 3087 1094 tunc
3139 1040 3322 1092 salvus
3362 1041 3482 1106 eris,
3540 1043 3588 1090 ct

1961 1149 2090 1200 scies
2118 1146 2212 1198 ubi
2239 1145 2350 1209 fuci
2369 1145 2430 1195 is.

2036 1267 2093 1319 V.
2140 1268 2279 1319 item
2333 1262 2482 1331 apud
2531 1260 2730 1313 lsaiam
2778 1275 2790 1311 :
2839 1257 3245 1321 Convertimini,
3296 1256 3428 1323 quia
3478 1254 3585 1323 {18)

1963 1361 2131 1413 altam
2154 1360 2530 1426 cogitationem
2558 1355 2802 1420 coyitutis
2827 1358 2876 1405 et
2900 1353 3143 1418 iniquam
3166 1350 3320 1418 (Isa.,
3347 1350 3582 1415 ΧΧΧ1,1ῑ).

2032 1471 2171 1522 Tum
2211 1469 2277 1522 ad
2317 1466 2590 1519 vocandas
2635 1466 2952 1534 peccatores
2994 1461 3065 1515 ad
3112 1476 3325 1526 veram,
3359 1477 3470 1513 non
3517 1460 3585 1513 ad

1964 1564 2235 1625 fucatam,
2267 1559 2680 1631 ptenitentiam,
2718 1560 2837 1609 tum
2876 1556 2943 1608 ad
2976 1554 3320 1609 revocandos
3351 1571 3383 1606 a
3411 1553 3583 1605 schis-

1962 1661 2112 1709 mate
2157 1656 2224 1707 ad
2272 1653 2578 1708 Ecclesian
2629 1650 2986 1713 Novatiauos,
3026 1649 3177 1701 valet
3219 1648 3373 1700 locus
3422 1647 3524 1698 iste
3571 1664 3582 1699 :

1963 1750 2051 1803 cui
2099 1748 2418 1801 simillimus
2456 1752 2537 1799 est
2579 1746 2740 1808 alter,
2784 1758 2956 1813 quem
2997 1759 3059 1794 ex
3100 1742 3249 1794 Joele
3292 1742 3452 1793 atl'ert
3487 1743 3586 1808 Cy-

1962 1844 2197 1913 prianus
2240 1841 2294 1894 in
2334 1840 2476 1892 libro
2519 1839 2582 1891 de
2622 1839 2809 1906 Lapsis
2847 1836 2997 1904 (12)):
3038 1856 3062 1882 ‹‹
3109 1833 3468 1888 llevertimini
3513 1834 3583 1886 ad

1959 1937 2266 1992 Dominum
2298 1936 2469 1987 Deum
2500 1935 2766 1994 vestrum,
2794 1952 2817 1977 η
2852 1937 2956 1983 etc.

2034 2052 2191 2102 Notat
2232 2052 2419 2101 autem
2459 2047 2592 2099 clar.
2644 2045 2863 2097 (Ialmet
2908 2043 3094 2095 locum
3144 2042 3312 2095 istum
3346 2058 3377 2093 a
3420 2044 3579 2110 Sym-

1962 2144 2168 2197 macho
2201 2142 2269 2194 ad
2310 2141 2461 2193 hunc
2492 2138 2729 2192 modum
2768 2136 2936 2190 fuisse
2982 2135 3321 2205 explicatum
3358 2150 3369 2187 :
3406 2156 3432 2181 ‹‹
3474 2135 3587 2187 Ρω-

1958 2237 2259 2290 nitentiam
2292 2233 2466 2303 agite,
2507 2232 2654 2285 sicut
2689 2230 2975 2301 profunda
3015 2228 3458 2298 transgressione
3496 2245 3582 2281 re-

1959 2329 2199 2384 cessistis
2241 2345 2271 2381 a
2316 2328 2446 2380 Deo.
2498 2348 2524 2373 ››
2574 2324 2947 2394 Septuaginta
2991 2339 3124 2376 vero
3166 2339 3178 2376 :
3216 2342 3243 2370 κ
3287 2324 3582 2377 Converti-

1961 2424 2124 2491 mini,
2175 2423 2271 2492 qui
2324 2420 2667 2490 profundum
2722 2414 2913 2487 846
2965 2417 3266 2469 consilium
3306 2416 3587 2469 consulta-

1961 2517 2109 2571 batis
2153 2519 2208 2568 et
2240 2515 2525 2583 iniquum.
2574 2533 2601 2560 ››
2644 2512 2755 2563 Vox
2806 2510 2995 2579 itaque
3038 2509 3138 2563 illa
3182 2511 3352 2563 altum
3391 2510 3585 2579 (altum

1960 2612 2363 2679 cegitationem)
2402 2606 2493 2659 hic
2538 2606 2687 2658 idem
2732 2604 3034 2673 significat,
3076 2619 3160 2669 ac,
3198 2604 3534 2672 profundam
3568 2620 3583 2653 :

1959 2720 2072 2776 qua
2116 2704 2347 2774 quidem
2388 2699 2799 2771 significatione
2840 2697 2971 2749 alibi
3014 2699 3207 2766 etiam,
3244 2698 3434 2766 judice
3478 2700 3585 2751 Au-

1961 2798 2207 2868 gustino,
2255 2796 2500 2850 sumitur
2538 2811 2550 2846 ε
2592 2793 2672 2846 sic
2705 2792 2858 2845 enim
2909 2797 3132 2843 sanctus
3177 2791 3373 2844 doctor
3411 2792 3583 2843 versi-

1958 2893 2146 2945 culum
2178 2890 2484 2961 septimum
2520 2886 2721 2958 psalmi
2750 2884 3087 2953 sexagesimi
3128 2884 3318 2937 tertii:
3354 2906 3381 2933 ι(
3419 2888 3583 2939 Acce-

1961 2987 2055 3040 det
2087 2986 2261 3038 homo
2292 2984 2359 3037 ad
2388 2999 2485 3036 cor
2509 2982 2706 3045 altum,
2737 3000 2765 3027 ››
2801 2983 2931 3043 etc.,
2962 2978 3205 3048 explicat
3234 2995 3246 3031 :
3280 2998 3306 3026 «
3337 2979 3584 3033 Accessit

1961 3081 2129 3135 homo
2166 3078 2234 3132 ad
2267 3093 2364 3131 cor
2388 3078 2585 3140 altum,
2626 3074 2681 3128 id
2719 3078 2802 3127 est
2831 3088 2927 3125 cor
2955 3074 3239 3125 secretum
3280 3072 3583 3142 (secretum

1962 3189 2092 3227 vero
2135 3172 2226 3227 hic
2268 3172 2417 3226 idem
2453 3168 2776 3238 significare
2815 3166 3039 3220 videtur
3076 3181 3141 3219 ac
3190 3167 3583 3235 profundum),

1962 3267 2236 3337 objiciens
2309 3264 2627 3334 aspectibus
2713 3260 3043 3327 hominem,
3127 3274 3364 3313 servans
3430 3260 3581 3313 intus

1962 3365 2156 3418 Deum.
2200 3382 2226 3409 ››

2031 3480 2113 3534 Vl.
2157 3477 2292 3531 item
2342 3476 2449 3530 illic
2498 3478 2664 3542 (xmn,
2710 3474 2797 3543 25‘)
2838 3474 2988 3540 :Ego
3028 3489 3165 3533 sum,
3201 3488 3290 3538 ego
3330 3486 3447 3525 sum
3487 3470 3581 3541 qui

1961 3577 2105 3629 deleo
2147 3573 2444 3641 injustitias
2477 3574 2620 3630 tuas,
2662 3575 2709 3622 et
2751 3585 2854 3621 non
2891 3567 3213 3621 recordabar
3253 3586 3267 3619 :
3306 3572 3363 3620 tu
3403 3572 3582 3621 autem

1960 3669 2269 3727 recordare,
2325 3674 2372 3719 et
2427 3665 2735 3733 judiccmur
2785 3663 2966 3716 simul.
3022 3664 3117 3715 Dic
3176 3667 3232 3714 tu
3283 3661 3584 3729 iujustitias

1959 3771 2080 3819 tuas
2109 3765 2280 3834 prius.

2032 3875 2270 3946 Vulgata
2316 3873 2434 3927 limo
2478 3871 2695 3926 habet:
2739 3891 2763 3917 (ι
2805 3872 2920 3941 Ego
2967 3888 3110 3936 sum,
3151 3887 3256 3941 ego
3296 3887 3420 3925 sum
3466 3871 3584 3943 ipse

1957 3972 2053 4042 qui
2097 3968 2257 4023 deleo
2293 3967 2615 4038 iniquitates
2654 3969 2782 4018 tuas
2813 3968 3046 4037 propter
3084 3981 3196 4033 me,
3239 3974 3294 4018 et
3324 3971 3580 4037 peccato-

1959 4080 2087 4117 rum
2134 4070 2362 4117 tuorum
2411 4077 2523 4113 non
2569 4058 2937 4114 recordabor.
2985 4058 3177 4112 Reduc
3222 4076 3311 4115 me
3356 4060 3414 4114 in
3467 4078 3584 4115 mc-

1959 4158 2220 4225 moriam,
2252 4155 2651 4225 etjudicemur
2681 4152 2847 4206 simul
2880 4171 2893 4207 :
2926 4169 2993 4207 11;;
3024 4172 3113 4213 in,
3152 4154 3196 4208 si
3225 4155 3361 4225 quid
3390 4156 3579 4225 habes,

1957 4259 2021 4308 ut
2051 4251 2393 4322 justiiiceris.
2446 4272 2471 4297 ››
2520 4252 2587 4303 At
2633 4247 2891 4319 scriptori
2937 4254 3122 4301 ηοοὶιυ
3160 4248 3280 4303 fere
3322 4252 3583 4322 congruit

1956 4348 2021 4415 is,
2056 4362 2222 4418 quem
2260 4344 2464 4414 saepius
2495 4343 2736 4409 laudavi,
2770 4350 2966 4395 auctor
3001 4342 3169 4395 libelli
3210 4343 3277 4397 ad
3318 4345 3578 4401 Novatia-

1960 4458 2096 4494 num
2119 4438 2469 4493 hiereticum.
2490 4438 2569 4491 En
2590 4435 2878 4506 quomodo
2902 4436 3085 4489 locum
3110 4437 3413 4509 hunclegit
3442 4442 3571 4511 (‘20):

1875 4531 1933 4603 Ι)
1962 4560 1986 4583 ι(
2018 4537 2129 4605 ligo
2161 4549 2308 4600 sum,
2339 4548 2446 4602 ego
2478 4548 2599 4584 sum
2631 4530 2727 4600 qui
2757 4530 2919 4584 deleo
2957 4529 3207 4584 facinora
3234 4537 3348 4599 tua,
3381 4540 3435 4587 et
3462 4552 3578 4588 non

1958 4626 2445 4684 conmiemorahor
2488 4632 2539 4679 te
2583 4644 2592 4677 :
2630 4629 2685 4677 tu
2731 4627 2921 4678 autem
2963 4623 3018 4678 in
3068 4627 3262 4679 mente
3307 4626 3478 4696 habe,
3525 4636 3579 4683 et

1951 4724 2295 4794 judieemus.
2330 4721 2423 4775 Dic
2466 4723 2523 4772 tu
2562 4718 2811 4772 facinora
2856 4719 3031 4788 prius,
3074 4721 3138 4772 ut
3172 4718 3514 4788 justificeris.
3551 4746 3578 4773 ››

2030 4820 2237 4876 Eadem
2276 4820 2441 4889 plane
2474 4817 2615 4871 mihi
2646 4816 2869 4870 videtur
2897 4818 3000 4872 loci
3037 4818 3205 4888 hujus
3239 4824 3384 4873 meta
3410 4826 3578 4892 atque

1958 4933 2024 4970 ea
2068 4930 2239 4985 quam
2281 4914 2386 4966 loci
2424 4910 2680 4966 Jeremia'.
2712 4912 2877 4981 paulo
2923 4918 3052 4965 ante
3090 4914 3247 4966 allati
3287 4931 3406 4969 esse
3446 4916 3575 4970 dixi.

1957 5010 2099 5064 Sane
2133 5025 2198 5061 eo
2242 5006 2478 5061 recitato
2516 5010 2710 5059 auctor
2742 5005 2914 5059 libelli
2953 5006 3026 5061 ad
3058 5008 3430 5063 Novatianum
3459 5010 3580 5064 hzec

1956 5103 2140 5157 statim
2166 5100 2387 5154 subdit:
2413 5122 2437 5148 υ
2461 5101 2602 5152 Dum
2627 5100 2803 5169 patet,
2828 5099 3049 5167 fratres,
3076 5100 3448 5173 indulgentim
3470 5104 3582 5159 adi-

1958 5202 2065 5263 tus,
2089 5196 2267 5249 Deum
2287 5195 2469 5265 plenis
2488 5192 2961 5247 satisfactionibus
2983 5194 3584 5269 deprecemm'.Depre-

1958 5308 2154 5345 cemur
2185 5306 2305 5356 nos,
2342 5294 2401 5342 ut
2432 5288 2663 5343 exaltari
2690 5289 2988 5359 possimus.
3021 5310 3048 5338 »
3079 5291 3381 5363 Propterea
3412 5293 3581 5347 etiam

1959 5387 2158 5441 allatus
2177 5384 2401 5439 videtur
2426 5384 2580 5437 locus
2601 5383 2727 5450 iste,
2754 5387 2810 5437 ut
2835 5383 3147 5439 doceamur
3169 5386 3581 5457 copiosissime,

1959 5489 2011 5536 et
2053 5498 2277 5533 summa
2330 5496 2460 5534 eum
2513 5477 2839 5533 liberalitate
2883 5478 3056 5533 nostri
3108 5481 3365 5536 misereri
3410 5482 3586 5536 Deum

2028 5690 2120 5757 (i8)
2156 5688 2269 5755 Οιιί,
2293 5688 2400 5743 nisi
2430 5687 2731 5757 probabilis
2758 5688 3079 5754 conjectura
3104 5700 3192 5739 me
3220 5686 3377 5741 fallit.

2022 5769 2119 5828 (19)
2152 5767 2277 5829 Pag.
2312 5765 2421 5815 386.

2026 5836 2126 5903 (i0)
2155 5839 2284 5903 Pag.
2320 5838 2396 5888 16.
