4032 6180
498 283 600 348 879

1232 287 1322 341 AD
1361 285 1588 341 OPERA
1621 287 1673 338 S.
1717 284 2038 340 CYPRIANI
2077 282 2370 341 GENUINA
2413 280 2707 342 APPEND.
2740 279 3091 342 l—DUBIA.
3706 296 3792 351 880

500 417 636 470 dum
689 417 1088 486 peccatorum,
1149 412 1216 465 de
1275 411 1479 482 quibus
1533 410 1824 475 dolemus,
1883 409 2438 493 omninoAdonatis
2483 428 2637 479 eum,
2688 413 2784 484 qui
2829 411 3115 483 allegatur
3155 411 3270 479 hic,
3299 411 3513 481 locum;
3548 417 3600 468 at
3625 416 3798 475 frustra

499 509 863 566 obliviscitur.
895 508 1083 562 Monet
1112 511 1326 570 tamen,
1361 509 1424 559 ut
1458 521 1560 558 uos
1604 520 1803 557 eorum
1838 503 2116 557 memine—

499 605 702 669 rimus,
732 602 992 655 deﬂendo
1030 601 1256 654 scilicet.
1299 600 1482 653 Monet
1521 599 1756 670 pariter,
1803 603 1862 650 ut
1896 599 2123 667 peccata

497 700 689 750 nostra
747 694 901 766 prius
952 695 1263 747 deﬂeamus
1309 708 1481 763 quam
1532 708 1732 746 eorum
1783 691 2000 744 veniam
2053 689 2122 742 ab

501 789 745 844 Ecclesia
793 804 1176 859 exposcamus.
1213 789 1309 840 Dic
1351 793 1407 839 tu
1452 786 1750 854 injustitias
1791 791 1910 837 tuas
1947 786 2120 853 prius,

499 887 605 939 etc.
660 885 1089 952 Prwproperam
1142 881 1330 950 itaque
1387 879 1788 932 nonnullorum
1841 877 2120 946 poeniten-

500 977 638 1030 tiam
670 979 726 1029 et
751 974 987 1028 nimiam
1029 973 1407 1044 quorumdam
1441 971 1902 1041 presbyterorum
1942 968 2121 1022 facili-

504 1073 678 1124 tatem
716 1069 774 1122 in
815 1067 1188 1137 impertienda
1219 1065 1388 1136 lapsis
1422 1064 1608 1128 venia,
1639 1063 1806 1116 verba
1846 1063 1950 1116 ista
1995 1078 2126 1116 con-

504 1164 799 1216 demnant.
831 1163 1036 1214 Locum
1065 1160 1218 1212 hunc
1249 1159 1318 1212 ad
1356 1156 1704 1228 paenitentia:
1733 1157 2125 1210 necessitatem

502 1256 896 1310 inculcandam
923 1253 1152 1308 adducit
1177 1251 1348 1306 etiam
1383 1252 1764 1304 Damascenus
1795 1252 1928 1318 (2t).

573 1364 685 1417 VII.
717 1364 854 1415 Item
889 1360 997 1414 illic
1030 1361 1181 1429 (Isu.,
1208 1375 1294 1426 LV,
1324 1358 1375 1423 6)
1409 1376 1420 1411 :
1453 1357 1684 1422 Quaerite
1714 1360 1902 1418 Deum,
1933 1363 2128 1412 etcum

501 1459 809 1512 inveneritis
843 1472 980 1517 eum,
1022 1456 1285 1509 invocata.
1316 1454 1392 1508 At
1419 1454 1514 1507 ubi
1551 1456 2010 1523 appropinquavit
2043 1468 2128 1506 vo-

505 1553 600 1612 bis,
649 1550 990 1618 derelinquat
1044 1551 1240 1618 impius
1293 1550 1412 1602 vias
1467 1562 1613 1612 suas,
1666 1553 1716 1600 et
1774 1549 1860 1600 vir
1912 1549 2128 1615 iniquus

501 1646 849 1712 cogitationes
901 1657 1050 1704 suas,
1101 1645 1150 1695 et
1199 1645 1544 1695 convertatur
1595 1640 1669 1693 ad
1722 1642 2028 1701 Dominum,
2079 1645 2129 1692 et

500 1736 871 1791 misericordia
913 1738 962 1789 ei
997 1736 1420 1804 prmparabitur,
1461 1736 1590 1803 quia
1631 1749 1738 1788 non
1779 1735 2014 1787 multum
2043 1748 2124 1786 re-

502 1834 668 1885 mittit
692 1836 917 1900 peccata
947 1834 1145 1884 vestra.

573 1958 755 2025 Atque
784 1956 930 2009 hanc
962 1955 1138 2025 ipsam
1174 1969 1600 2024 praeproperam
1633 1950 2046 2022 paenitentiam,
2078 1955 2129 2004 et

503 2048 738 2104 nimiam
765 2049 1093 2102 facilitatem
1125 2064 1188 2100 ea
1211 2048 1279 2100 de
1303 2047 1506 2116 quibus
1533 2062 1683 2099 nunc
1705 2045 1948 2112 agimus,
1975 2043 2133 2097 Isaia

505 2142 677 2195 verba
717 2141 1124 2194 condemnant.
1167 2141 1432 2203 Quaerere
1477 2139 1688 2192 scilicet
1733 2138 1901 2192 debet
1945 2152 2132 2206 pecca-

505 2243 596 2290 tor
626 2237 820 2300 Deum,
853 2251 1034 2304 eoque
1071 2250 1169 2288 cor
1194 2233 1451 2302 ejusdem
1486 2232 1796 2302 peccatoris
1828 2230 2004 2300 gratia
2033 2246 2133 2282 sua

510 2330 869 2394 illustrante,
922 2344 985 2380 ac
1049 2331 1454 2397 permovente,
1513 2326 1906 2394 derelinquere
1965 2323 2134 2377 debet

508 2425 660 2477 viam
701 2438 897 2487 suam;
939 2425 1058 2474 tum
1105 2438 1238 2474 vero
1281 2420 1661 2475 misericordia
1691 2419 1740 2472 ei
1783 2417 2129 2488 praeparabi-

511 2520 622 2582 tur,
667 2533 835 2586 quam
886 2517 1118 2585 quidem
1171 2532 1283 2568 non
1329 2515 1448 2568 sine
1507 2514 1782 2584 precibus,
1827 2517 1882 2565 et
1932 2510 2129 2581 pcenis,

508 2611 714 2681 quibus
769 2614 1032 2681 peccator
1088 2609 1299 2675 subsit,
1361 2609 1620 2678 indulget
1676 2607 1845 2672 Deus,
1901 2605 1997 2676 qui
2050 2607 2133 2675 (ut

508 2705 796 2774 scriptoris
841 2704 1015 2757 nostri
1048 2703 1236 2756 verbis
1275 2702 1525 2771 utamur)
1559 2717 1665 2755 non
1696 2701 1926 2753 multum
1956 2701 2134 2752 remit-

509 2801 605 2863 tit;
637 2797 694 2851 id
725 2801 808 2851 est
849 2814 965 2851 non
1006 2797 1127 2850 sine
1171 2797 1360 2866 aliquo
1399 2801 1588 2848 nostro
1631 2793 1904 2864 supplicio
1949 2798 2006 2846 et
2045 2792 2131 2845 af-

509 2891 781 2946 ﬂictione.
809 2891 961 2944 Alios
993 2891 1164 2944 etiam
1198 2906 1395 2943 sensus
1425 2888 1587 2942 verba
1617 2904 1726 2941 non
1769 2888 1992 2940 multum
2030 2885 2134 2938 ha-

505 2985 643 3039 bere
681 2986 913 3039 fortasse
956 2987 1210 3054 possunt,
1251 2983 1347 3036 sed
1381 2985 1530 3035 certe
1571 2982 1741 3035 hosce
1775 2980 1936 3034 duos.
1982 2980 2135 3033 Prior

506 3080 599 3132 hic
628 3082 713 3134 est
746 3096 758 3132 :
790 3078 980 3134 statim
1013 3094 1077 3132 ac
1112 3083 1374 3149 peccator
1401 3093 1466 3130 ex
1499 3075 1666 3129 corde
1697 3075 1903 3129 defleat
1933 3090 2130 3143 pecca-

504 3179 624 3227 tum
656 3189 842 3240 suum,
879 3172 1132 3226 remittet
1168 3171 1312 3225 Deus
1355 3185 1706 3240 quaecunque
1747 3167 1940 3240 847
1980 3151 2208 3224 erra-C

507 3268 604 3334 vit,
637 3266 780 3321 adeo
821 3269 886 3319 ut
927 3281 1034 3319 non
1073 3265 1308 3319 multum
1337 3262 1482 3317 orari
1527 3280 1587 3316 se
1622 3262 1790 3327 sinat,
1822 3265 1886 3315 ut
1911 3261 2132 3316 veniam

507 3361 823 3429 indulgeat.
858 3359 1014 3412 Alter
1045 3374 1057 3412 :
1087 3358 1224 3411 dum
1264 3357 1404 3410 Deus
1433 3362 1605 3426 atque
1646 3355 1892 3409 Ecclesia
1929 3371 2022 3408 vos
2061 3354 2129 3408 ad

509 3471 566 3508 se
599 3457 778 3519 vocat,
821 3469 852 3505 ο
885 3449 1198 3516 Novatiani,
1236 3451 1456 3503 vocanti
1500 3452 1716 3519 parete,
1753 3465 1936 3519 neque
1978 3449 2132 3503 enim

507 3549 603 3602 diu
644 3548 774 3616 (non
803 3544 1055 3612 multum)
1088 3544 1464 3615 pertinaciam
1503 3548 1745 3596 vestram
1776 3548 1941 3613 atque
1980 3543 2130 3596 inso-

505 3640 746 3695 lentiam
780 3639 1064 3693 tolerabit.
1107 3639 1329 3692 Calmet
1378 3641 1676 3708 postrema:
1725 3637 1856 3690 huic
1903 3637 2136 3706 explica-

509 3735 650 3789 tioni
680 3735 848 3802 favet,
892 3732 1029 3787 dum
1078 3733 1350 3786 lectorem
1399 3739 1612 3798 monet,
1656 3733 1716 3784 ut
1757 3730 2010 3784 conferat
2052 3731 2129 3784 lo-

509 3845 639 3883 cum
693 3828 845 3881 hunc
891 3843 1022 3880 cum
1069 3825 1245 3880 altero
1283 3826 1518 3880 Joannis
1560 3843 1656 3893 xu,
1705 3828 1767 3879 35
1814 3842 1827 3878 :
1865 3844 1892 3875 «
1939 3824 2135 3878 Adhuc

509 3921 799 3978 modicum
850 3922 1048 3974 lumen
1094 3920 1148 3973 in
1193 3920 1353 3974 vobis
1392 3925 1495 3986 est,
1539 3920 1826 3973 ambulate
1871 3919 2010 3973 dum
2057 3919 2136 3972 lu-

508 4032 640 4072 men
669 4015 907 4070 habetis.
939 4037 965 4064 »
1013 4015 1331 4084 Utcumque
1362 4013 1450 4080 sit,
1484 4013 1635 4079 audi,
1675 4013 1964 4084 quomodo
2003 4012 2131 4066 Vul-

509 4114 674 4182 gatus
702 4109 985 4179 interpres
1016 4109 1155 4178 haec,
1187 4108 1257 4162 de
1295 4108 1500 4176 quibus
1536 4107 1778 4178 agimus,
1809 4107 1972 4160 verba
2001 4106 2132 4160 lati-

509 4205 686 4260 nitate
719 4203 948 4257 donarit
976 4218 988 4255 :
1023 4225 1050 4252 «
1080 4201 1327 4265 Quaerite
1369 4201 1691 4268 dominum,
1721 4201 1860 4254 dum
1895 4199 2135 4254 inveniri

508 4301 730 4369 potest;
788 4297 1046 4350 invocata
1098 4312 1249 4361 eum,
1298 4295 1434 4348 dum
1490 4311 1664 4365 prope
1721 4300 1837 4362 est;
1895 4294 2138 4348 derelin-

509 4397 644 4463 quat
676 4389 888 4461 impius
915 4389 1064 4443 viam
1092 4406 1276 4459 suam,
1307 4392 1362 4443 et
1390 4389 1473 4442 vir
1501 4388 1727 4458 iniquus
1757 4387 2135 4458 cogitationes

510 4501 673 4551 suas,
720 4488 776 4538 et
820 4485 1138 4538 revertatur
1178 4483 1248 4537 ad
1293 4483 1629 4551 Dominum,
1672 4485 1728 4535 et
1775 4482 2137 4536 miserebitur

512 4580 653 4650 ejus,
685 4585 742 4633 et
771 4579 839 4632 ad
872 4579 1051 4632 Deum
1087 4580 1368 4644 nostrum,
1402 4576 1672 4648 quoniam
1712 4577 1922 4630 multus
1948 4581 2030 4630 est
2067 4578 2134 4631 ad

510 4672 944 4742 ignoscendum.
980 4692 1007 4719 η
1047 4672 1165 4725 Non
1209 4669 1460 4742 praeterit
1490 4671 1672 4724 locum
1717 4671 1869 4724 hunc
1910 4676 2137 4724 sanctus

509 4766 782 4823 Pacianus
819 4766 1085 4820 adversus
1127 4765 1457 4819 Novatinnos
1499 4765 1792 4834 disputans
1833 4765 2017 4835 (epist.
2058 4765 2134 4834 3),

511 4877 698 4932 neque
738 4860 908 4915 etiam
948 4861 1201 4930 praeterit
1239 4860 1612 4913 Damascenus
1639 4861 1891 4931 (Parall.,
1924 4861 2033 4913 litt.
2084 4883 2135 4929 μ,

510 4955 598 5010 tit.
631 4957 729 5023 ιιι).

577 5077 715 5130 VIII.
767 5077 906 5130 Item
954 5075 1067 5128 illic
1114 5077 1266 5145 (Isa.,
1316 5091 1461 5141 xuv,
1516 5077 1561 5143 l)
1616 5092 1627 5128 :
1676 5077 1974 5131 Recordare
2009 5077 2133 5139 haec,

507 5172 669 5225 Iacob
695 5175 745 5224 et
771 5170 960 5236 Israel,
999 5172 1128 5237 quia
1158 5185 1294 5238 puer
1322 5185 1468 5222 meus
1498 5185 1582 5236 es;
1612 5172 1801 5224 vocavi
1836 5176 1884 5225 te
1907 5187 2136 5239 puerum

509 5281 701 5330 meum,
747 5269 796 5316 et
843 5269 922 5330 tu,
969 5265 1156 5324 Israel,
1201 5265 1315 5316 noli
1357 5264 1601 5316 oblivisci
1645 5267 1796 5318 mei:
1839 5281 1950 5318 ecce
1995 5268 2137 5320 enim

509 5359 735 5412 ubstersi
778 5361 1034 5412 sicut.....
1093 5358 1396 5425 injustitias
1438 5363 1578 5421 tuas,
1632 5365 1681 5413 et
1733 5363 1870 5414 sicut
1912 5361 2136 5414 imbrem

500 5459 725 5524 peccata
753 5458 869 5507 tua.
907 5455 1222 5510 Convertere
1251 5452 1326 5506 ad
1351 5469 1450 5519 me,
1493 5459 1541 5507 et
1567 5454 1829 5508 redimam
1861 5459 1928 5509 te.

579 5560 682 5616 Diu
723 5559 1032 5632 perquisivi
1075 5566 1196 5614 tum
1236 5561 1294 5614 in
1326 5561 1562 5631 Vulgata
1591 5562 1867 5628 versione,
1913 5564 2036 5616 tum
2075 5563 2133 5617 in

509 5654 699 5712 Bibliis
763 5672 830 5710 ex
897 5655 1364 5726 interpretatione
1429 5656 1802 5728 Septuaginta
1855 5656 2132 5712 latinitate

2226 3314 2388 3384 juxta
2444 3314 2896 3384 praeterﬂuentes
2943 3331 3135 3385 aquas.
3193 3317 3298 3370 Iste
3363 3314 3517 3368 dicet
3575 3331 3588 3368 :

2225 505 2550 576 perquisivi.
2605 508 2962 577 Quamquam
3016 505 3171 560 enim
3229 505 3438 576 aliquid
3489 507 3610 562 huic
3657 511 3802 567 afﬁne

2224 601 2423 666 exstat,
2473 600 2653 670 capite
2696 616 2801 666 xu,
2849 602 2881 654 8
2927 605 2983 654 et
3026 602 3078 667 9,
3128 603 3184 652 et
3226 615 3348 670 cap.
3388 615 3511 668 xLu,
3557 605 3600 666 I;
3642 620 3804 660 rursus

2225 708 2348 762 cap.
2397 709 2547 759 xuu,
2601 698 2620 746 l
2675 699 2731 748 et
2779 697 2831 762 5,
2879 696 2936 746 et
2977 692 3112 746 alibi
3157 693 3362 760 etiam;
3406 692 3510 747 alia
3550 700 3721 750 tamen
3758 700 3805 754 in

2226 787 2313 839 his
2346 786 2478 840 locis
2518 787 2792 856 invenies,
2835 803 2965 858 qua:
3003 786 3074 841 ab
3108 786 3292 841 allatis
3321 786 3504 840 verbis
3538 789 3804 858 plurimum

2227 880 2460 934 distant.
2517 881 2786 952 Suspicor
2850 881 3040 952 itaque
3099 881 3190 934 hic
3252 879 3460 934 adduci
3511 897 3574 935 ex
3625 888 3811 940 vetusta

2228 973 2418 1044 aliqua
2464 973 2935 1044 interpretatione
2977 973 3319 1028 versiculum
3362 974 3618 1043 primum,
3644 993 3808 1032 secun-

2229 1066 2364 1119 dum
2409 1071 2464 1121 et
2503 1067 2735 1121 tertium
2775 1067 2971 1138 capitis
3013 1084 3143 1121 xmu
3187 1067 3364 1134 Isaiae,
3395 1067 3491 1138 qui
3522 1085 3580 1121 ex
3609 1069 3813 1126 lectione

2228 1159 2607 1231 Septuaginta
2650 1160 2728 1214 sic
2771 1161 2971 1215 Latine
3002 1161 3244 1215 vertitur
3276 1177 3289 1212 :
3324 1180 3351 1212 α
3391 1163 3456 1216 Et
3486 1177 3623 1216 nunc
3658 1163 3723 1217 sic
3753 1166 3816 1219 di-

2227 1253 2300 1307 cit
2332 1254 2602 1308 Dominus
2648 1255 2809 1320 Deus,
2855 1254 2955 1324 qui
2995 1255 3126 1309 fecit
3162 1259 3237 1321 te,
3281 1255 3474 1322 Iacob,
3508 1261 3561 1310 et
3599 1257 3684 1328 qui
3722 1259 3814 1312 for-

2227 1347 2404 1401 mavit
2432 1351 2508 1415 te,
2545 1349 2710 1402 Israel
2741 1364 2753 1402 :
2785 1349 2905 1402 Noli
2945 1347 3168 1418 timere,
3209 1349 3478 1419 quoniam
3521 1351 3717 1404 redemi
3742 1357 3816 1417 te;

2225 1442 2419 1495 vocavi
2457 1447 2511 1496 te
2547 1441 2776 1496 nomine
2817 1448 2939 1497 tuo.
2980 1443 3133 1498 Meus
3173 1459 3231 1496 es
3273 1445 3335 1496 tu
3369 1458 3383 1496 :
3419 1448 3473 1497 et
3502 1443 3544 1496 si
3573 1444 3821 1498 transieris

2228 1552 2331 1606 per
2355 1551 2586 1606 aquam,
2622 1539 2808 1590 tecum
2841 1552 2990 1602 sum,
3024 1541 3079 1590 et
3104 1535 3345 1590 ﬂumina
3385 1553 3502 1590 non
3537 1537 3824 1608 cooperient

2231 1632 2306 1682 te.
2357 1629 2424 1682 Et
2476 1629 2523 1682 si
2575 1629 2865 1683 transieris
2908 1645 3012 1700 per
3055 1629 3268 1701 ignem,
3325 1645 3441 1684 non
3489 1631 3815 1698 combureris,

2230 1722 2466 1776 ﬂamma
2515 1739 2629 1777 non
2685 1727 2884 1777 exuret
2930 1729 3007 1790 te,
3058 1724 3193 1794 quia
3242 1739 3352 1794 ego
3402 1723 3661 1778 Dominus
3701 1722 3820 1777 Deus

2233 1821 2362 1870 tuus
2385 1819 2632 1884 sanctus,
2656 1817 2845 1883 Israel,
2869 1817 3122 1872 Salvator
3145 1823 3293 1871 tuus.
3314 1839 3340 1865 »
3359 1819 3434 1871 At
3453 1817 3514 1871 in
3531 1818 3744 1887 Vulgata
3759 1817 3821 1869 le-

2236 1909 2390 1980 gitur
2411 1910 2479 1964 ad
2507 1910 2657 1964 hunc
2681 1910 2914 1964 modum
2941 1927 2954 1964 :
2985 1932 3013 1961 ‹‹
3034 1911 3100 1964 Et
3122 1926 3274 1965 nunc
3295 1909 3417 1965 haec
3439 1909 3569 1964 dicit
3588 1911 3823 1964 Dominus

2234 2019 2434 2056 creans
2462 2006 2539 2068 te,
2567 2004 2759 2070 Iacob,
2788 2008 2844 2058 et
2870 2005 3125 2058 formans
3150 2009 3224 2070 te,
3255 2003 3429 2058 Israel
3452 2020 3464 2057 :
3492 2003 3609 2057 Noli
3636 2004 3820 2067 timere,

2234 2096 2366 2167 quia
2396 2096 2617 2150 redemi
2648 2102 2721 2162 te,
2764 2101 2820 2151 et
2848 2097 3041 2151 vocavi
3079 2103 3135 2151 te
3172 2097 3414 2152 nomine
3455 2103 3570 2151 tuo.
3611 2099 3747 2152 Meus
3778 2113 3824 2149 es

2232 2191 2315 2242 tu.
2341 2189 2484 2243 Cum
2514 2189 2802 2244 transieris
2829 2206 2934 2260 per
2961 2206 3157 2260 aquas,
3183 2195 3371 2244 tecum
3395 2205 3518 2254 ero,
3547 2192 3601 2242 et
3625 2189 3825 2242 ﬂumina

2233 2298 2345 2336 non
2376 2283 2632 2353 aperient
2663 2288 2736 2337 te.
2782 2305 2808 2333 »
2849 2286 2962 2338 Aut
3005 2284 3192 2355 potius
3233 2283 3442 2338 adduci
3480 2282 3568 2337 hic
3608 2283 3828 2353 suspicor

2233 2376 2485 2446 quinque
2525 2377 2740 2446 priores
2785 2378 3094 2431 versiculos
3139 2376 3332 2448 capitis
3379 2392 3500 2431 xuv
3544 2377 3705 2443 Isaias,
3749 2375 3826 2445 qui

2233 2473 2423 2522 tamen
2469 2470 2524 2522 in
2564 2471 2800 2540 Vulgata
2846 2472 3026 2525 multo
3071 2472 3238 2524 aliter
3273 2471 3561 2541 leguntur,
3606 2469 3671 2524 ad
3703 2469 3828 2522 hunc

2235 2563 2445 2617 scilicet
2474 2563 2711 2618 modum
2739 2586 2749 2616 :
2782 2586 2810 2614 ‹‹
2839 2565 2904 2620 Et
2929 2582 3081 2619 nunc
3110 2564 3262 2632 audi,
3282 2564 3474 2632 Iacob,
3496 2579 3652 2618 serve
3673 2578 3826 2628 meus,

2234 2663 2288 2710 et
2323 2657 2485 2711 Israel
2519 2674 2686 2728 quem
2718 2658 2887 2729 elegi.
2923 2660 3048 2712 Ilzec
3086 2658 3222 2712 dicit
3259 2658 3536 2713 Dominus
3566 2658 3760 2711 faciens
3786 2659 3830 2708 et

2236 2751 2488 2804 formans
2524 2755 2599 2820 te,
2638 2751 2705 2805 ab
2747 2756 2904 2806 utero
2941 2752 3246 2806 auxiliator
3274 2758 3405 2806 tuus
3439 2770 3450 2806 :
3483 2752 3602 2807 Noli
3638 2750 3828 2813 timere,

2235 2860 2392 2897 serve
2451 2861 2607 2899 meus
2655 2846 2852 2914 Iacob,
2919 2851 2973 2899 et
3040 2845 3370 2914 rectissime,
3443 2861 3610 2917 quem
3668 2843 3830 2913 elegi;

2235 2937 2524 2991 effundam
2573 2938 2725 2992 enim
2773 2956 2946 3009 aquas
2988 2955 3158 3010 super
3199 2939 3511 3004 sitientem,
3555 2943 3607 2992 et
3647 2938 3830 2990 ﬂuenta

2235 3047 2406 3101 super
2447 3032 2665 3086 aridam
2717 3049 2729 3086 :
2782 3032 3070 3086 eﬂ'undam
3118 3033 3400 3104 Spiritum
3452 3047 3644 3086 meum
3691 3045 3835 3100 super

2235 3141 2426 3180 semen
2450 3128 2635 3192 tuum,
2663 3131 2719 3180 et
2741 3125 3194 3181 benedictionem
3216 3141 3409 3180 meam
3435 3141 3607 3197 super
3630 3125 3832 3194 stirpem

2233 3225 2409 3274 tuam.
2459 3221 2526 3274 Et
2576 3220 2986 3290 germinabunt
3032 3222 3181 3274 inter
3225 3219 3434 3275 herbas
3477 3220 3636 3292 quasi
3681 3218 3836 3272 silices

3645 3310 3831 3367 Domini

2235 3423 2341 3478 ego
2371 3423 2496 3461 sum
2535 3425 2548 3461 :
2587 3411 2644 3462 et.
2677 3408 2769 3462 ille
2811 3407 3034 3462 vocabit
3072 3407 3128 3462 in
3171 3407 3406 3463 nomine
3447 3406 3637 3475 Iacob,
3679 3409 3731 3459 et
3765 3404 3836 3457 hic

2234 3501 2439 3556 scribet
2481 3518 2653 3555 manu
2699 3519 2798 3556 sua
2841 3519 2854 3556 :
2899 3502 3258 3557 Domino.....
3302 3504 3420 3557 Rex
3465 3502 3636 3555 Israel
3676 3505 3727 3553 et
3764 3514 3834 3551 re-

2236 3595 2497 3666 demptor
2534 3595 2674 3666 ejus.
2721 3617 2748 3645 »
2784 3596 3183 3667 Interpretatio
3227 3612 3396 3666 porro
3449 3595 3647 3661 latina,
3689 3593 3837 3647 inter-

2235 3689 2535 3760 pretationi
2598 3689 2969 3762 Septuaginta
3023 3687 3217 3762 848
3281 3706 3489 3744 senum
3542 3689 3836 3750 adbmrens,

2235 3784 2314 3837 sic
2342 3783 2529 3838 reddit
2558 3800 2570 3838 :
2603 3805 2630 3832 ‹‹
2671 3787 2830 3840 Nunc
2870 3787 3060 3838 autem
3092 3784 3244 3851 audi,
3275 3784 3468 3849 Iacob,
3507 3799 3647 3854 puer
3686 3796 3836 3844 meus,

2236 3883 2292 3931 et
2322 3879 2513 3947 Israel,
2548 3895 2718 3950 quem
2758 3878 2904 3949 elegi
2936 3894 2949 3933 :
2980 3877 3059 3933 sic
3097 3877 3231 3933 dicit
3267 3878 3548 3933 Dominus
3593 3878 3728 3932 Deus
3763 3872 3840 3943 qui

2235 3971 2371 4026 fecit
2413 3978 2488 4040 te,
2538 3976 2596 4026 et
2642 3973 2740 4044 qui
2789 3972 3071 4027 adamavit
3121 3977 3176 4027 te
3230 3971 3299 4026 de
3351 3976 3556 4026 ventre
3612 3988 3625 4024 :
3672 3968 3840 4024 Adhuc

2235 4065 2474 4120 habebis
2516 4066 2811 4120 auxilium.
2861 4066 2981 4120 Noli
3027 4065 3247 4132 timere,
3288 4082 3435 4136 puer
3481 4081 3640 4118 meus
3678 4061 3838 4127 Iacob,

2235 4162 2292 4214 et
2317 4160 2521 4214 dilecte
2551 4161 2742 4228 Israel,
2776 4176 2946 4230 quem
2977 4160 3141 4230 elegi.
3174 4158 3316 4222 Quia
3342 4175 3452 4231 ego
3481 4159 3633 4213 dabo
3663 4171 3841 4227 aquam

2237 4254 2295 4307 in
2328 4253 2438 4321 siti,
2467 4254 2534 4308 iis
2562 4254 2662 4325 qui
2687 4254 2984 4308 ambulant
3014 4253 3070 4307 in
3100 4269 3332 4324 aquosa,
3362 4253 3665 4324 imponam
3697 4248 3841 4320 Spiri-

2237 4353 2358 4402 tum
2406 4364 2599 4402 meum
2648 4364 2819 4418 super
2867 4364 3058 4401 semen
3110 4350 3296 4414 tuum,
3344 4350 3401 4402 et
3445 4344 3842 4401 benedictiones

2240 4458 2398 4496 meas
2447 4458 2615 4513 super
2657 4441 2801 4496 ﬁlios
2845 4445 2991 4496 tuos.
3040 4443 3104 4495 Et
3147 4441 3405 4496 orientur
3454 4445 3516 4494 ut
3572 4440 3630 4494 in
3679 4435 3840 4492 medio

2156 4521 2214 4594 D
2238 4552 2403 4607 aqua:
2441 4536 2680 4604 foenum,
2720 4541 2778 4590 et
2805 4537 2947 4590 sicut
2985 4535 3124 4590 salix
3167 4551 3337 4607 super
3375 4533 3840 4606 prteterﬂuentem

2237 4647 2461 4700 aquam.
2507 4633 2612 4683 Iste
2658 4629 2809 4684 dicet
2846 4647 2858 4684 :
2894 4630 2994 4684 Dei
3036 4647 3161 4683 sum
3203 4647 3215 4684 :
3253 4635 3308 4684 et
3347 4629 3455 4683 iste
3503 4625 3762 4682 clamabit
3797 4623 3842 4674 in

2238 4725 2470 4780 nomine
2516 4724 2707 4790 Iacob,
2753 4727 2810 4778 et
2847 4725 2987 4778 alius
3027 4723 3230 4778 scribet
3277 4723 3334 4777 in
3379 4740 3559 4778 manu
3607 4739 3721 4787 sua,
3763 4715 3842 4772 Dei

2237 4835 2384 4886 sum,
2435 4823 2492 4873 et
2544 4819 2602 4872 in
2649 4818 2877 4873 nomine
2930 4819 3098 4873 Israel
3143 4817 3426 4872 clamabit.
3480 4840 3508 4867 υ
3560 4813 3839 4872 Discrimen

2239 4919 2429 4968 autem
2481 4913 2627 4985 quod
2676 4913 2775 4966 has
2825 4913 2974 4966 inter
3027 4913 3532 4984 interpretationes
3588 4926 3696 4964 non
3743 4906 3842 4960 leve

2236 5007 2493 5074 interest,
2523 5007 2692 5062 retuli
2721 5008 2778 5060 in
2809 5007 3174 5078 exemplaria,
3199 5023 3328 5078 quae
3356 5006 3561 5061 habuit
3590 5005 3840 5072 interpres

2235 5102 2351 5171 ille,
2399 5118 2568 5173 quem
2616 5101 2896 5156 consuluit
2940 5105 3136 5156 nOster
3174 5102 3438 5173 scriptor,
3490 5099 3590 5170 qui
3633 5099 3839 5152 fortasse

2238 5197 2408 5251 etiam
2442 5213 2545 5268 per
2575 5213 2632 5252 se
2676 5197 2795 5267 ipse
2832 5196 3121 5266 superiora
3161 5195 3334 5250 verba
3369 5196 3426 5249 in
3473 5194 3707 5249 Hebraeo
3741 5191 3836 5248 aut,

2237 5291 2282 5345 si
2315 5291 2412 5359 vis,
2443 5292 2503 5345 in
2531 5294 2720 5347 Graeco
2751 5291 3011 5345 nonnihil
3051 5290 3320 5361 ambigua
3352 5289 3424 5344 ad
3459 5304 3594 5343 eum
3629 5282 3838 5340 modum

2237 5386 2561 5455 transtulit,
2612 5402 2783 5458 quem
2836 5383 2978 5438 vidit
3023 5390 3222 5456 aptum
3275 5383 3345 5438 ad
3392 5379 3733 5436 revocandos
3777 5373 3834 5428 ad

2238 5479 2541 5534 Ecclesium
2592 5483 2865 5534 errantes.
2914 5481 3214 5545 Caeterum,
3260 5478 3306 5531 si
3350 5477 3446 5543 vis,
3498 5474 3666 5530 verba
3705 5469 3830 5524 illa:

2237 5593 2265 5623 ‹‹
2293 5574 2635 5628 Convertere
2665 5572 2736 5627 ad
2766 5590 2854 5627 me
2877 5578 2934 5627 et
2959 5573 3237 5628 redimam
3262 5576 3338 5640 te,
3364 5592 3388 5619 n
3414 5570 3714 5638 desumpta
3735 5575 3830 5617 esse

2237 5684 2300 5724 ex
2333 5669 2444 5724 alio
2470 5669 2773 5742 Scriptura;
2801 5669 2941 5738 loco,
2971 5684 3144 5740 quem
3176 5667 3472 5743 negligens
3497 5654 3829 5720 amanuensis

571 5845 667 5914 (at)
702 5845 958 5900 Parallel.
1007 5849 1107 5901 litt.
1142 5866 1194 5916 μ,
1243 5851 1322 5903 tit.
1355 5863 1431 5917 ιιι,
1477 5867 1531 5919 p.
1578 5854 1691 5916 57s,
1723 5859 1760 5907 t.
1811 5856 1860 5908 II
1911 5855 2040 5910 edit.
2092 5857 2142 5912 le
2174 5855 2376 5928 Quian.
