4032 6180
222 242 310 306 881

220 472 374 527 uimc
402 471 695 527 obsistam.

288 567 369 620 IX.
399 568 543 620 Item
569 566 685 621 illic
716 568 870 635 (Isa.,
908 583 1057 635 XLVI,
1091 567 1146 637 8)
1186 583 1199 622 :
1234 569 1299 621 In
1338 573 1514 622 mente
1538 568 1721 623 habete
1744 568 1852 623 hac

229 667 275 714 et
302 662 493 729 gemitc
523 679 538 714 :
566 662 905 731 panitemini
939 662 1035 730 qui
1075 661 1284 715 seducti
1326 662 1476 728 estis,
1503 664 1554 715 et
1582 663 1845 715 converti-

222 756 358 808 mini
376 754 531 809 corde
559 755 635 808 ad
658 770 760 823 me,
791 758 840 809 et
882 756 939 809 in
967 759 1141 811 mente
1184 754 1369 810 habete
1400 756 1589 826 priora
1631 754 1846 822 saecula,

216 850 347 918 quia
375 863 468 916 ego
497 852 652 903 Deus.

286 943 351 996 In
380 941 619 1012 Vulgata
648 940 728 997 sic
767 941 1088 997 redduntur
1125 943 1296 997 verba
1335 943 1458 997 hazc
1486 959 1500 998 :
1540 964 1566 992 α
1597 943 1848 997 Memen-

217 1038 333 1090 tote
374 1035 551 1102 istud,
585 1041 644 1090 et
682 1035 1144 1105 confundamini;
1176 1036 1357 1091 redite
1384 1036 1852 1108 praevaricatores

216 1128 285 1183 ad
328 1145 444 1182 cor.
491 1129 890 1185 Recordamini
940 1130 1146 1200 prioris
1189 1130 1398 1197 seaculi,
1442 1130 1709 1200 quoniam
1743 1146 1851 1199 ego

214 1240 339 1277 sum
366 1225 529 1278 Deus.
564 1244 592 1273 ››
639 1223 751 1278 Sed
795 1226 990 1278 noster
1030 1223 1271 1294 scriptor
1316 1223 1564 1279 versioni
1611 1224 1847 1293 Septua-

212 1317 370 1387 ginta
391 1316 689 1371 adhazrens
717 1316 888 1386 paulo
920 1316 1086 1370 aliter
1118 1316 1311 1371 vertit.
1340 1316 1423 1373 Ad
1447 1332 1640 1370 veram
1671 1314 1847 1385 poeni-

214 1412 453 1465 tentiam
486 1410 655 1464 vcrha
697 1410 814 1465 haec
851 1410 1094 1465 invitant
1124 1427 1224 1466 eos
1264 1409 1363 1481 qui
1404 1409 1461 1464 in
1509 1409 1703 1481 gravia
1736 1409 1849 1463 cri-

213 1503 365 1558 mina
389 1504 702 1559 inciderant
728 1502 1146 1575 (Convertimini
1179 1504 1333 1559 corde
1367 1503 1441 1558 ad
1470 1504 1597 1573 me),
1628 1502 1850 1573 illisque

208 1604 536 1652 memorant
614 1596 873 1667 priorum
949 1598 1406 1652 Christianorum
1489 1595 1850 1665 disciplinam

207 1698 260 1745 et
291 1690 513 1760 judicia
558 1691 680 1757 Dei,
727 1690 827 1761 qui
874 1690 1059 1745 inulla
1098 1706 1213 1745 non
1256 1690 1391 1744 sinit
1419 1689 1695 1744 crimina:
1730 1710 1758 1737 ‹‹
1786 1688 1849 1742 In

1276 246 1676 306 SUPERIORIS
1700 245 2027 306 OPUSCULI
2057 248 2536 309 ARGUMENTUM.

221 375 458 433 minime
487 374 825 447 designavit,
854 392 960 433 nec
987 375 1232 449 sejunxit
1259 392 1292 432 a
1313 378 1719 450 superioribus,
1748 378 1853 433 mi-
1874 393 1931 468 Α
1952 381 2195 449 minum,
2241 381 2431 436 dicens
2471 398 2486 436 :

3478 243 3581 303 882

2532 401 2560 431 α
2603 379 2855 437 Emenda
2900 395 3027 447 nos,
3074 374 3332 450 Domine,
3374 377 3470 434 sed
3518 378 3581 433 in

1952 475 2162 543 judicio
2195 480 2253 528 et
2277 490 2394 528 non
2421 474 2481 528 in
2518 473 2619 541 ira,
2650 491 2722 529 ne
2754 491 2962 545 paucos
2986 474 3156 529 facias
3185 489 3326 547 nos;
3357 494 3385 525 ››
3414 473 3578 543 adje-

1952 567 2045 635 cit,
2095 572 2152 622 et
2195 567 2337 622 dixit
2374 566 2548 622 Isaias
2594 584 2607 622 :
2662 587 2690 615 ι(
2730 570 2967 639 Pr0pter
3011 573 3310 639 peccatum
3357 566 3578 622 modice

1952 660 2280 717 contristavi
2322 676 2478 727 eum,
2507 663 2563 714 et
2602 662 2853 731 percussi
2895 678 3049 728 eum,
3080 667 3135 716 et
3162 661 3338 715 averti
3375 660 3579 714 faciem

1953 772 2139 811 meam
2180 756 2250 810 ab
2291 772 2379 824 eo,
2414 760 2471 811 et
2508 754 2876 810 contristatus
2907 758 3009 821 est,
3042 758 3099 808 et
3141 754 3279 808 abiit
3318 754 3489 808 tristis
3518 754 3574 807 in

1952 849 2055 903 viis
2081 849 2225 916 suis;
2258 871 2285 901 »
2316 853 2375 905 et
2399 850 2536 922 quia
2558 852 2845 920 operatur,
2873 847 3081 917 adjecit
3106 851 3163 901 et
3193 848 3335 901 dixit
3359 864 3371 902 :
3398 869 3425 894 ιι
3451 848 3579 901 Vias

1954 944 2077 1013 ejus
2104 944 2241 1010 vidi,
2276 951 2332 999 et
2362 945 2555 999 curavi
2592 958 2747 1010 eum,
2782 947 2839 995 et
2876 940 3007 995 dedi
3045 941 3095 995 ei
3132 940 3577 995 exhortationem

1953 1054 2165 1107 veram,
2198 1055 2394 1109 pacem
2424 1054 2596 1108 super
2618 1052 2838 1108 pacem,
2857 1058 2884 1084 ››
2921 1033 3345 1105 pii-nitentibus,
3374 1034 3576 1103 depre-

1953 1132 2216 1187 cantibus
2247 1139 2303 1187 et
2346 1132 2734 1203 operantibus,
2767 1129 2985 1184 restitui
3029 1144 3194 1200 posse
3234 1127 3385 1199 quod
3424 1128 3574 1181 male

1954 1226 2254 1296 perierint,
2288 1226 2508 1297 quodve
2537 1243 2570 1279 a
2594 1225 2816 1279 Christo
2846 1222 3276 1278 declinaverint.
3306 1243 3332 1270 »

2024 1320 2260 1389 Vulgata
2317 1335 2482 1390 porro
2526 1319 2605 1373 sic
2650 1320 2837 1373 locum
2884 1318 3034 1372 hunc
3080 1314 3265 1371 reddit
3305 1332 3319 1370 :
3372 1336 3401 1365 ‹‹
3451 1315 3580 1369 Haec

1952 1412 2095 1467 dixit
2140 1414 2421 1480 Excelsus,
2464 1418 2519 1467 et
2561 1412 2816 1467 sublimis
2863 1411 3131 1465 habitans
3169 1409 3576 1477 aeternitatem,

1952 1512 2008 1561 et
2050 1510 2308 1561 sanctum
2352 1522 2563 1560 nomen
2604 1506 2756 1576 ejus;
2803 1506 2861 1560 in
2913 1504 3134 1558 excelso
3179 1505 3236 1557 et
3273 1502 3334 1555 in
3383 1511 3577 1557 sancto

1951 1598 2233 1665 habitans,
2263 1606 2320 1653 et
2347 1616 2476 1653 cum
2509 1599 2752 1654 contrito
2781 1604 2837 1653 et
2864 1597 3075 1652 humili
3096 1595 3318 1667 spiritu,
3351 1600 3413 1649 ut
3440 1595 3574 1648 vivi-

1952 1690 2080 1747 ﬁcet
2109 1692 2377 1762 spiritum
2419 1691 2747 1759 humilium,
2793 1694 2849 1746 et
2888 1690 3127 1745 viviﬁcet
3163 1705 3262 1743 cor
3307 1688 3573 1742 contrito-

207 1787 404 1838 mente
434 1784 645 1838 habete
674 1783 864 1855 priora
892 1785 1117 1851 saecula,
1145 1783 1275 1855 quia
1305 1799 1412 1853 ego
1441 1784 1604 1838 Deus.
1634 1805 1661 1834 ››
1696 1770 1913 1841 lnvi-B
1936 1801 2067 1839 rum
2095 1802 2108 1840 :
2143 1786 2265 1840 Non
2306 1786 2462 1839 enim
2512 1784 2572 1839 in
2612 1785 3032 1855 sempiternum
3084 1782 3339 1853 litigabo,
3385 1796 3573 1850 neque

205 1883 335 1932 tant
362 1876 574 1944 etiam,
616 1878 663 1932 si
693 1878 795 1945 vis,
835 1877 1170 1933 Novatianos
1196 1877 1269 1931 ad
1296 1876 1624 1946 Ecclesium,
1657 1892 1834 1948 quam

210 1971 664 2043 dereliquerant,
703 1988 914 2045 eosque
942 1977 1184 2027 monent
1219 1988 1293 2026 ne
1321 1973 1499 2026 Deum
1529 1972 1689 2026 novis
1715 1987 1834 2026 sce-

203 2065 422 2120 leribus
449 2069 507 2120 et
530 2066 845 2137 pertinacia
871 2065 930 2119 in
966 2071 1228 2136 suscepto
1261 2064 1581 2133 schismate,
1610 2065 1837 2120 irritare

202 2159 390 2213 adhuc
416 2162 680 2230 pergant.

274 2254 343 2307 Χ.
375 2255 515 2307 Item
544 2253 655 2307 illic
683 2254 835 2323 (Isa.,
864 2269 972 2320 Liv,
1002 2256 1054 2323 8)
1085 2271 1098 2308 :
1137 2257 1390 2324 Tempore
1413 2255 1621 2324 pusillo
1647 2254 1841 2309 dereli—

205 2348 324 2415 qui,
375 2352 428 2401 et
477 2362 597 2400 cum
644 2348 1015 2402 misericordia
1062 2361 1267 2415 magna
1308 2348 1594 2402 miserebor
1634 2350 1735 2401 tui.
1773 2350 1840 2401 In

200 2441 397 2506 furore
422 2441 622 2509 pusillo
651 2444 829 2494 averti
863 2442 1061 2508 faciem
1086 2456 1260 2495 meum
1301 2442 1395 2496 abs
1422 2446 1472 2496 te
1499 2458 1511 2495 :
1545 2444 1604 2495 in
1630 2443 1839 2495 miseri-

203 2530 409 2587 cordia
422 2537 622 2588 aeterna
652 2534 937 2589 miserebor
966 2537 1067 2589 tui.

282 2626 521 2693 Iudicat,
569 2626 678 2681 nisi
731 2627 1005 2693 fallimur,
1055 2627 1213 2683 locus
1267 2628 1397 2697 iste,
1448 2644 1555 2700 per
1604 2628 1836 2682 brevem

206 2719 634 2790 paenitentiam,
671 2721 730 2774 in
774 2737 886 2792 qua
912 2721 1160 2777 Ecclesia
1193 2721 1590 2793 derelinquere
1620 2721 1846 2776 videtur

207 2830 355 2882 reos,
413 2829 541 2867 cum
600 2830 634 2867 a
684 2815 1092 2869 communione
1140 2818 1197 2869 et
1245 2815 1501 2869 fidelium
1552 2820 1698 2869 ccetu
1743 2831 1842 2869 eos

206 2905 446 2973 avertit,
497 2906 841 2962 uberrimam
897 2908 1341 2978 diuturnamque
1391 2907 1847 2963 misericordiam

204 2998 329 3052 illos
367 2998 493 3053 fore
531 3004 957 3055 consecuturos.
1008 3000 1226 3055 Iudicat
1271 3000 1468 3067 etiam,
1501 3000 1546 3054 si
1586 3001 1687 3068 vis,
1728 3017 1846 3055 non

206 3091 537 3163 derelinqui
566 3093 805 3148 omnino
834 3110 868 3149 a
891 3096 1003 3149 Deo
1032 3098 1382 3165 peccatores,
1405 3093 1523 3165 qui,
1555 3094 1602 3148 si
1623 3094 1844 3149 vocanti

203 3186 525 3255 paruerint,
576 3186 1022 3243 misericordiam
1066 3187 1418 3242 uberrimam
1480 3186 1842 3243 obtinebunt.

204 3279 448 3349 Vulgata
476 3279 596 3333 haec
624 3280 704 3334 sic
730 3280 936 3335 habet:
966 3303 994 3330 ‹‹
1020 3282 1082 3335 In
1106 3288 1401 3336 momento
1429 3281 1848 3353 indignationis

201 3372 484 3426 abscondi
508 3373 709 3428 faciem
742 3391 928 3429 meam
950 3391 1263 3446 parumper
1286 3392 1320 3429 a
1346 3380 1423 3444 te,
1451 3381 1508 3431 et
1535 3375 1594 3430 in
1622 3375 1845 3431 miseri-

202 3466 401 3520 cordia
432 3467 788 3537 sempiterna
816 3469 1081 3524 misertus
1108 3486 1234 3523 sum
1266 3469 1369 3524 tui.
1401 3491 1431 3519 η

273 3561 369 3615 XI.
407 3562 544 3615 Item
577 3561 689 3616 illic
728 3560 885 3633 (Isa.,
925 3579 1053 3630 Lvn,
1091 3563 1176 3632 15)
1208 3580 1221 3617 :
1269 3565 1393 3618 Hec
1423 3564 1569 3618 ducit
1594 3565 1851 3619 Excetsus

199 3658 263 3708 in
296 3655 521 3709 excelsis
546 3656 803 3710 habitans
832 3658 893 3710 in
937 3662 1217 3724 aeternum,
1250 3656 1485 3713 Sanctus
1514 3660 1571 3711 in
1606 3660 1848 3724 sanctis;

206 3764 405 3801 nomen
447 3754 524 3802 est
567 3750 617 3802 ei
653 3750 935 3814 Dominus,
981 3751 1241 3805 Emeelsus
1296 3754 1355 3805 in
1391 3753 1591 3805 sanctis
1634 3753 1847 3821 requie-

201 3856 387 3907 scens,
415 3846 465 3895 et
500 3843 872 3911 pusillaminis
898 3845 1034 3899 dans
1062 3846 1236 3898 animi
1265 3847 1596 3914 aequitatem,
1634 3851 1687 3900 et
1711 3845 1850 3900 dans

196 3938 383 3989 vitam
411 3935 796 3990 contributatis
821 3937 976 3991 corde
1013 3953 1025 3991 :
1064 3939 1184 3993 Non
1211 3940 1271 3991 in
1302 3940 1690 4007 sempiternum
1715 3940 1852 3993 iras-

195 4045 290 4083 cor
338 4028 510 4090 vobis,
557 4044 650 4082 nec
695 4027 889 4101 849
929 4046 1033 4100 per
1068 4033 1249 4085 omnia
1292 4032 1582 4086 vindicabo
1620 4034 1682 4086 in
1715 4047 1806 4086 vos
1830 4050 1849 4087 :

196 4123 440 4191 spiritus
471 4124 610 4175 enim
652 4139 688 4176 a
731 4139 811 4177 me
849 4124 1087 4193 prodiet.
1119 4130 1169 4178 et
1212 4126 1627 4193 inspirationem
1651 4140 1853 4180 omnem

192 4230 294 4284 ego
347 4216 472 4281 feci,
527 4220 576 4269 et
620 4221 842 4285 propter
880 4222 1181 4286 peccatum,
1226 4218 1495 4286 pusillum
1541 4215 1857 4275 contristavi

193 4324 344 4375 eum,
378 4313 429 4362 et
470 4311 646 4363 auerti
682 4311 878 4376 faciem
921 4326 1095 4365 meam
1131 4312 1201 4365 ab
1243 4326 1321 4377 eo,
1352 4317 1403 4366 et
1436 4312 1595 4365 uilem
1637 4326 1828 4380 passus

197 4408 314 4470 est,
352 4408 401 4455 et
442 4402 579 4456 abiit
616 4404 787 4457 tristis
824 4405 885 4457 in
1074 4406 1204 4460 Vias
1244 4405 1359 4472 ejus
1393 4406 1530 4470 vidi,
1558 4410 1608 4459 et
1635 4406 1834 4459 sanavi

1936 1895 2127 1950 usque
2169 1879 2242 1934 ad
2276 1878 2451 1934 ﬁnem
2491 1879 2723 1945 irascar,
2754 1878 2890 1948 quia
2926 1877 3159 1948 spiritus
3196 1892 3228 1929 a
3267 1873 3407 1929 facie
3445 1889 3576 1927 mea

1936 1972 2292 2043 egredietur,
2323 1976 2381 2027 et
2415 1973 2581 2027 ﬂatus
2624 1988 2733 2042 ego
2773 1972 3003 2025 faciam.
3036 1971 3273 2040 Pr0pter
3297 1966 3570 2038 iniquita-

1936 2075 2055 2122 tem
2102 2067 2363 2121 avaritias
2406 2067 2528 2137 ejus
2574 2066 2751 2120 iratus
2797 2081 2947 2134 sum,
2993 2068 3049 2118 et
3098 2061 3347 2134 percussi
3399 2077 3530 2115 eum
3555 2076 3573 2128 ;

1938 2161 2209 2216 abscondi
2235 2178 2267 2215 a
2296 2165 2352 2215 te
2385 2161 2587 2216 faciem
2617 2175 2811 2214 meam
2861 2162 2917 2213 et
2953 2157 3291 2229 indignatus
3320 2171 3488 2224 sum;
3519 2159 3579 2209 et

1939 2254 2079 2309 abiit
2117 2270 2291 2324 vagus
2331 2254 2391 2308 in
2445 2254 2534 2307 via
2583 2253 2772 2307 cordis
2826 2252 2936 2306 sui.
2982 2250 3109 2305 Vias
3154 2249 3278 2320 ejus
3327 2248 3471 2316 vidi,
3519 2253 3577 2301 et

1940 2347 2135 2403 sanavi
2164 2364 2315 2414 eum,
2340 2352 2398 2401 et
2424 2346 2619 2401 reduxi
2647 2361 2800 2412 eum,
2821 2347 2879 2399 et
2907 2343 3131 2398 reddidi
3157 2341 3578 2397 consolationes

1941 2441 2046 2513 ipsi
2094 2448 2151 2496 et
2193 2441 2523 2511 lugentibus
2562 2440 2705 2508 ejus.
2754 2438 2951 2494 Creavi
2994 2438 3246 2492 fructum
3294 2435 3580 2490 labiorum

1942 2551 2164 2606 pacem,
2195 2550 2390 2605 pacem
2425 2534 2477 2588 ei
2506 2533 2605 2604 qui
2646 2532 2817 2604 longe
2850 2536 2952 2600 est,
2987 2534 3045 2585 et
3074 2531 3173 2601 qui
3201 2546 3402 2601 prope,
3432 2529 3578 2583 dixit

1944 2629 2234 2696 Dominus,
2265 2634 2322 2683 et
2347 2626 2543 2681 sanavi
2582 2643 2736 2680 eum.
2768 2624 2934 2695 [mpii
2970 2627 3186 2690 autem,
3222 2622 3387 2693 quasi
3419 2638 3572 2676 mare

1943 2721 2189 2788 fervens,
2221 2720 2374 2793 quod
2421 2720 2713 2791 quiescere
2760 2734 2875 2773 non
2914 2722 3116 2788 potest,
3154 2723 3209 2770 et
3250 2715 3581 2770 redundant

1944 2815 2151 2869 ﬂuctus
2196 2816 2319 2885 ejus
2365 2814 2423 2868 in
2470 2812 2961 2867 conculcationem
3002 2814 3060 2864 et
3098 2811 3306 2863 lutum.
3334 2810 3459 2864 Non
3494 2812 3581 2862 est

1947 2925 2056 2979 pax
2087 2908 2297 2978 impiis,
2334 2907 2471 2962 dicit
2495 2906 2771 2961 Dominus
2815 2906 2981 2960 Deus.
3017 2927 3046 2955 ››
3079 2904 3213 2958 Vide
3240 2904 3580 2975 interpretes

1946 3001 2007 3055 in
2032 3002 2220 3055 locum
2251 3001 2421 3054 hunc.

2018 3096 2129 3150 XII.
2178 3096 2319 3149 Item
2373 3093 2523 3164 apud
2578 3092 2879 3148 Jeremiam
2933 3093 3079 3163 (cap.
3131 3106 3188 3159 ιι,
3234 3107 3377 3145 vers.
3423 3090 3511 3159 32)
3562 3106 3583 3144 ι

1947 3190 2225 3258 Numquid
2251 3189 2594 3243 obliviscetur
2617 3202 2813 3256 sponsa
2846 3188 3150 3240 ornamenti
3173 3187 3278 3247 sui,
3308 3190 3403 3238 aut
3429 3185 3580 3251 virgo

1945 3284 2135 3350 fasciae
2165 3282 2463 3351 pectoralis
2503 3296 2616 3339 sum
2635 3283 2662 3333 ?
2685 3280 2927 3350 Populus
2955 3295 3078 3334 vero
3104 3293 3254 3333 meus
3281 3278 3480 3332 oblitus
3506 3280 3582 3332 est

1947 3379 2052 3430 mei
2078 3376 2284 3430 dierum
2316 3373 2429 3446 (22)
2455 3389 2685 3443 quorum
2714 3390 2821 3427 non
2848 3377 2926 3428 est
2954 3388 3227 3427 numerus.

2021 3469 2076 3523 Si
2139 3468 2406 3523 adversus
2469 3467 2829 3531 Novatianos,
2879 3466 2979 3538 qui
3016 3466 3137 3536 jam
3198 3464 3268 3518 ab
3333 3464 3579 3519 Ecclesia

1950 3562 2298 3628 defecerant,
2328 3560 2703 3633 plurimisque
2736 3578 2795 3615 se
2819 3560 3190 3615 devinxerant
3216 3557 3575 3625 criminibus,

1949 3656 2158 3711 librum
2187 3655 2339 3709 hunc
2365 3656 2636 3726 scriptum
2662 3661 2849 3725 putas,
2875 3653 3037 3708 facile
3068 3652 3229 3708 vides
3257 3668 3369 3723 quo
3394 3651 3573 3722 respi-

1949 3750 2103 3804 ciant
2152 3749 2366 3803 monita
2408 3749 2567 3815 haec;
2615 3748 2825 3803 scilicet
2875 3756 2939 3802 ut
2983 3763 3182 3802 eorum
3233 3745 3475 3800 crimina
3522 3749 3580 3799 et

1951 3842 2322 3913 pertinaciam
2370 3842 2642 3909 indicent,
2687 3842 3043 3912 doceantque
3097 3840 3268 3894 stulte
3323 3838 3452 3892 illos
3505 3838 3575 3892 ab

1951 3936 2193 3990 Ecclesia
2237 3936 2537 4003 defecisse,
2589 3951 2717 4004 quas
2763 3935 2944 3990 multo
2991 3934 3114 4004 jam
3168 3937 3429 4003 tempore
3483 3947 3577 3985 eos

1951 4029 2308 4099 exspectabat
2358 4027 2749 4099 invitabatque
2806 4028 2879 4081 ad
2934 4025 3357 4099 ptenitentiam,
3410 4024 3576 4078 stulte

1953 4139 2181 4193 quoque
2221 4125 2340 4176 tam
2378 4122 2474 4176 diu
2508 4122 2730 4193 (diebus
2768 4120 3104 4191 innumeris)
3133 4119 3191 4174 in
3220 4135 3415 4174 errore
3444 4135 3575 4188 per-

1953 4216 2174 4270 sistere.
2213 4215 2273 4271 Si
2301 4232 2432 4270 vero
2461 4215 2840 4287 conscriptum
2870 4221 3057 4286 putas,
3086 4218 3150 4268 ut
3182 4213 3385 4268 lenitas
3414 4230 3445 4266 a
3470 4215 3576 4281 Cy-

1953 4310 2155 4381 priano
2186 4308 2417 4362 inducta
2437 4310 2891 4376 conﬁrmaretur,
2915 4307 3047 4362 ideo
3070 4308 3261 4362 afferri
3292 4306 3484 4375 dicito,
3518 4307 3582 4359 ut

1954 4403 2148 4477 850
2191 4403 2523 4458 ostendatur
2560 4418 2766 4472 cupere
2804 4403 3001 4467 Deum,
3045 4405 3108 4456 ut
3144 4402 3191 4456 si
3230 4400 3359 4472 quis
3394 4400 3464 4454 ab
3511 4415 3578 4453 eo

195 4513 364 4565 eum,
396 4503 446 4551 et
475 4497 783 4551 consolatus
805 4511 925 4551 sum
965 4512 1078 4564 ego,
1108 4503 1159 4551 et
1183 4498 1311 4552 dedi
1347 4500 1398 4552 ei
1436 4495 1928 4567 consolatioan
1953 4497 2265 4564 defecisset,
2301 4496 2373 4551 ad
2408 4513 2537 4551 eum
2578 4496 2822 4567 denique
2861 4498 3275 4561 reverteretur;
3309 4498 3369 4548 et
3404 4510 3575 4564 prop-

190 4605 415 4655 veram,
447 4596 497 4645 et
522 4606 713 4660 pacem
741 4605 905 4659 super
926 4606 1119 4661 pacem
1144 4593 1213 4645 iis
1250 4593 1347 4661 qui
1374 4593 1548 4661 longe,
1578 4598 1629 4646 et
1653 4594 1723 4646 iis
1753 4594 1851 4661 qui

189 4700 391 4756 prope.
419 4686 489 4739 Et
532 4684 679 4738 dixit
719 4686 979 4739 Dominus
1008 4703 1024 4738 :
1057 4684 1269 4739 Sanavi
1299 4700 1383 4740 eos
1414 4704 1431 4739 :
1462 4687 1643 4754 iniqui
1670 4689 1850 4739 autem

192 4786 265 4834 ut
312 4792 465 4832 mare
508 4782 845 4845 commotum,
895 4780 970 4832 sic
1019 4778 1445 4847 ﬂuctuabantur,
1491 4783 1541 4832 et
1585 4780 1850 4848 quiescere

194 4889 320 4928 non
371 4876 618 4941 possunt.
668 4872 791 4927 Non
836 4876 911 4927 est
962 4872 1197 4940 gaudere
1238 4874 1436 4943 impiis,
1491 4872 1621 4927 dicit
1672 4874 1850 4927 Domi-

192 4982 335 5021 nus.

276 5058 528 5114 Afﬁnem
580 5059 863 5130 superiori
925 5059 1368 5130 explicationem
1430 5060 1643 5131 excipit
1694 5061 1850 5115 locus

190 5155 336 5220 iste,
370 5168 485 5223 quo
523 5152 592 5206 ad
638 5153 892 5208 divinam
926 5154 1198 5223 pietatem
1241 5169 1377 5225 erga
1416 5153 1647 5225 iniquos
1686 5170 1852 5224 quos-

190 5262 462 5317 cumque
519 5247 1076 5313 eommendandam,
1135 5262 1348 5317 eosque
1403 5247 1728 5302 invitandos
1779 5247 1850 5302 ad

194 5339 629 5412 paenitentiam,
679 5340 855 5393 utitur
892 5344 1091 5394 auctor
1141 5339 1273 5394 libri
1326 5341 1399 5395 ad
1457 5343 1847 5397 Nocatianum.

201 5457 233 5483 ‹‹
284 5435 356 5488 Et
386 5432 679 5502 quoniam,
712 5433 899 5503 inquit
943 5434 1035 5488 ille
1079 5436 1230 5505 (pag.
1265 5438 1370 5503 Ii),
1404 5434 1683 5489 Jeremias
1713 5451 1836 5505 pro-

195 5528 391 5599 pheta
420 5524 477 5579 in
504 5542 745 5596 persona
783 5527 978 5598 populi
1024 5527 1336 5600 peccatoris
1375 5527 1713 5599 deprecatur
1741 5528 1846 5582 Do-

279 5782 382 5845 (22)
406 5781 612 5846 Diebus,
645 5788 703 5834 ut
726 5789 878 5850 puto.

1950 4600 2104 4646 terea
2132 4590 2328 4646 diebus
2356 4589 2679 4645 innumeris
2700 4592 3052 4659 exspectasse
3083 4604 3096 4641 :
3128 4587 3406 4657 conqueri
3433 4601 3573 4656 quo-

1949 4702 2061 4756 que
2090 4685 2415 4753 Dominum,
2444 4684 2596 4756 quod
2628 4681 2834 4752 impios
2854 4682 3042 4736 videat
3068 4680 3125 4735 in
3154 4680 3351 4750 iniquo
3371 4694 3578 4750 propo-

1951 4779 2057 4833 sito
2125 4778 2421 4850 persistere
2489 4781 2546 4831 et
2614 4776 2792 4830 veteri
2864 4773 3197 4846 pervicacia.
3267 4773 3378 4828 Cur
3438 4789 3576 4842 ergo

1950 4873 2298 4942 repellentur
2329 4870 2406 4939 hi,
2449 4870 2495 4924 si
2540 4869 2770 4925 tandem
2807 4866 3113 4940 aliquando
3161 4865 3233 4921 ad
3271 4864 3579 4921 Ecclesium

1950 4965 2307 5037 confugiant,
2351 4971 2415 5019 ut
2454 4964 2646 5035 priora
2685 4961 2923 5017 crimina
2964 4960 3251 5016 deﬂeant?
3277 4959 3398 5013 Non
3424 4958 3573 5013 mul-

1950 5065 2072 5113 tum
2102 5059 2273 5113 distat
2299 5058 2369 5112 ab
2397 5075 2480 5121 ea,
2510 5074 2624 5129 qua
2645 5056 2824 5110 utitur
2842 5057 3035 5110 noster
3053 5054 3316 5124 scriptor,
3336 5052 3575 5124 Vulgata

1951 5153 2158 5221 versio;
2188 5169 2323 5206 nam
2348 5150 2675 5221 hujusmodi
2694 5154 2776 5204 est
2806 5166 2819 5204 :
2844 5170 2873 5199 ς(
2900 5147 3187 5220 Numquid
3213 5147 3576 5202 obliviscetur

1952 5248 2110 5317 virgo
2153 5245 2471 5300 ornamenti
2506 5244 2613 5312 sui,
2656 5248 2756 5298 aut
2797 5260 3003 5314 sponsa
3045 5241 3234 5297 fascia:
3276 5240 3574 5313 pectoralis

1952 5340 2113 5394 suas?
2156 5339 2402 5410 Populus
2444 5355 2574 5393 vero
2621 5355 2780 5392 meus
2823 5337 3031 5392 oblitus
3074 5342 3155 5391 est
3209 5335 3322 5391 mei
3380 5335 3575 5390 diebus

1951 5433 2283 5488 innumeris.
2316 5454 2344 5482 »

2022 5529 2147 5583 XIII.
2206 5528 2348 5583 Item
2402 5527 2516 5581 illic
2570 5528 2806 5599 (Jerem.,
2855 5542 3015 5594 xvm,
3072 5526 3124 5597 7)
3185 5542 3198 5581 :
3254 5527 3318 5579 In
3368 5537 3574 5579 summa
