  <div class='ocr_page' id='page_1' title='image "/cluster/home/n/w/nwhite01/storage/ocr_20150623/4/hvd.32044073549446/448.png"; bbox 0 0 4032 6180; ppageno 0'>
   <div class='ocr_carea' id='block_1_1' title="bbox 222 256 316 313">
    <p class='ocr_par' dir='ltr' id='par_1_1' title="bbox 222 256 316 313">
     <span class='ocr_line' id='line_1_1' title="bbox 222 256 316 313; baseline 0 0"><span class='ocrx_word' id='word_1_1' title='bbox 222 256 316 313; x_wconf 77' lang='lat'><strong>885</strong></span> 
     </span>
    </p>
   </div>
   <div class='ocr_carea' id='block_1_2' title="bbox 1259 252 2538 316">
    <p class='ocr_par' dir='ltr' id='par_1_2' title="bbox 1259 252 2538 316">
     <span class='ocr_line' id='line_1_2' title="bbox 1259 252 2538 316; baseline -0.005 -1"><span class='ocrx_word' id='word_1_2' title='bbox 1259 254 1662 316; x_wconf 81' lang='lat' dir='ltr'><strong>SUPERIOBIS</strong></span> <span class='ocrx_word' id='word_1_3' title='bbox 1687 257 2011 315; x_wconf 82' lang='lat' dir='ltr'><strong>OPUSCULI</strong></span> <span class='ocrx_word' id='word_1_4' title='bbox 2052 252 2538 314; x_wconf 72' lang='lat' dir='ltr'><strong>ARGUMENTUM.</strong></span> 
     </span>
    </p>
   </div>
   <div class='ocr_carea' id='block_1_3' title="bbox 3466 253 3572 308">
    <p class='ocr_par' dir='ltr' id='par_1_3' title="bbox 3466 253 3572 308">
     <span class='ocr_line' id='line_1_3' title="bbox 3466 253 3572 308; baseline 0.019 -2"><span class='ocrx_word' id='word_1_5' title='bbox 3466 253 3572 308; x_wconf 86' lang='lat'><strong>886</strong></span> 
     </span>
    </p>
   </div>
   <div class='ocr_carea' id='block_1_4' title="bbox 222 374 3570 481">
    <p class='ocr_par' dir='ltr' id='par_1_4' title="bbox 222 374 3570 481">
     <span class='ocr_line' id='line_1_4' title="bbox 222 374 3570 481; baseline -0.001 -45"><span class='ocrx_word' id='word_1_6' title='bbox 222 381 334 436; x_wconf 83' lang='lat' dir='ltr'><strong>ﬁas.</strong></span> <span class='ocrx_word' id='word_1_7' title='bbox 367 380 673 454; x_wconf 88' lang='lat' dir='ltr'><strong>Usquequo</strong></span> <span class='ocrx_word' id='word_1_8' title='bbox 704 380 1076 439; x_wconf 82' lang='lat' dir='ltr'><strong>morabuntur</strong></span> <span class='ocrx_word' id='word_1_9' title='bbox 1120 383 1178 439; x_wconf 90' lang='lat' dir='ltr'><strong>in</strong></span> <span class='ocrx_word' id='word_1_10' title='bbox 1222 388 1276 439; x_wconf 84' lang='lat' dir='ltr'><strong>te</strong></span> <span class='ocrx_word' id='word_1_11' title='bbox 1316 383 1694 456; x_wconf 76' lang='lat' dir='ltr'><strong>cogitationes</strong></span> <span class='ocrx_word' id='word_1_12' title='bbox 1736 400 1833 439; x_wconf 91' lang='lat' dir='ltr'><strong>no-</strong></span> <span class='ocrx_word' id='word_1_13' title='bbox 1864 398 2087 481; x_wconf 80' lang='lat' dir='ltr'><strong>Amas,</strong></span> <span class='ocrx_word' id='word_1_14' title='bbox 2130 384 2186 435; x_wconf 91' lang='lat' dir='ltr'><strong>et</strong></span> <span class='ocrx_word' id='word_1_15' title='bbox 2230 380 2617 452; x_wconf 80' lang='lat' dir='ltr'><strong>unusquisque</strong></span> <span class='ocrx_word' id='word_1_16' title='bbox 2667 379 3001 450; x_wconf 84' lang='lat' dir='ltr'><strong>pravitatem</strong></span> <span class='ocrx_word' id='word_1_17' title='bbox 3050 376 3236 433; x_wconf 77' lang='lat' dir='ltr'><strong>cordis</strong></span> <span class='ocrx_word' id='word_1_18' title='bbox 3291 374 3377 432; x_wconf 90' lang='lat' dir='ltr'><strong>sui</strong></span> <span class='ocrx_word' id='word_1_19' title='bbox 3436 375 3570 433; x_wconf 89' lang='lat' dir='ltr'><strong>mali</strong></span> 
     </span>
    </p>
   </div>
   <div class='ocr_carea' id='block_1_5' title="bbox 220 476 420 530">
    <p class='ocr_par' dir='ltr' id='par_1_5' title="bbox 220 476 420 530">
     <span class='ocr_line' id='line_1_5' title="bbox 220 476 420 530; baseline 0.005 -1"><span class='ocrx_word' id='word_1_20' title='bbox 220 476 322 530; x_wconf 63' lang='lat' dir='ltr'><strong>xire</strong></span> <span class='ocrx_word' id='word_1_21' title='bbox 338 476 368 530; x_wconf 75' lang='grc' dir='ltr'>Ῡ</span> <span class='ocrx_word' id='word_1_22' title='bbox 392 498 420 525; x_wconf 82' lang='grc'><strong>››</strong></span> 
     </span>
    </p>
   </div>
   <div class='ocr_carea' id='block_1_6' title="bbox 285 570 1835 642">
    <p class='ocr_par' dir='ltr' id='par_1_6' title="bbox 285 570 1835 642">
     <span class='ocr_line' id='line_1_6' title="bbox 285 570 1835 642; baseline 0.002 -19"><span class='ocrx_word' id='word_1_23' title='bbox 285 570 466 625; x_wconf 86' lang='lat' dir='ltr'><strong>XVIII.</strong></span> <span class='ocrx_word' id='word_1_24' title='bbox 494 572 635 626; x_wconf 89' lang='lat' dir='ltr'><strong>Item</strong></span> <span class='ocrx_word' id='word_1_25' title='bbox 678 571 793 627; x_wconf 86' lang='lat' dir='ltr'><strong>illic</strong></span> <span class='ocrx_word' id='word_1_26' title='bbox 831 571 1065 642; x_wconf 84' lang='lat' dir='ltr'><strong>(Jerem.,</strong></span> <span class='ocrx_word' id='word_1_27' title='bbox 1097 588 1209 641; x_wconf 85' lang='lat' dir='ltr'><strong>vm,</strong></span> <span class='ocrx_word' id='word_1_28' title='bbox 1239 571 1294 642; x_wconf 77' lang='grc'>4)</span> <span class='ocrx_word' id='word_1_29' title='bbox 1331 588 1345 626; x_wconf 90' lang='lat'><strong>:</strong></span> <span class='ocrx_word' id='word_1_30' title='bbox 1393 575 1516 628; x_wconf 70' lang='lat' dir='ltr'><strong>Haec</strong></span> <span class='ocrx_word' id='word_1_31' title='bbox 1560 573 1695 628; x_wconf 86' lang='lat' dir='ltr'><strong>dicit</strong></span> <span class='ocrx_word' id='word_1_32' title='bbox 1735 574 1835 627; x_wconf 83' lang='lat' dir='ltr'><strong>Do-</strong></span> 
     </span>
    </p>
   </div>
   <div class='ocr_carea' id='block_1_7' title="bbox 216 666 1840 737">
    <p class='ocr_par' dir='ltr' id='par_1_7' title="bbox 216 666 1840 737">
     <span class='ocr_line' id='line_1_7' title="bbox 216 666 1840 737; baseline 0.001 -20"><span class='ocrx_word' id='word_1_33' title='bbox 216 667 389 718; x_wconf 80' lang='lat' dir='ltr'><strong><em>minus</em></strong></span> <span class='ocrx_word' id='word_1_34' title='bbox 416 683 433 718; x_wconf 88' lang='lat'><strong><em>:</em></strong></span> <span class='ocrx_word' id='word_1_35' title='bbox 477 666 742 737; x_wconf 84' lang='lat' dir='ltr'><strong>Nunquid</strong></span> <span class='ocrx_word' id='word_1_36' title='bbox 779 668 874 736; x_wconf 88' lang='lat' dir='ltr'><strong>qui</strong></span> <span class='ocrx_word' id='word_1_37' title='bbox 917 668 1087 729; x_wconf 82' lang='lat' dir='ltr'><strong>cadit,</strong></span> <span class='ocrx_word' id='word_1_38' title='bbox 1119 682 1229 720; x_wconf 88' lang='lat' dir='ltr'><strong>non</strong></span> <span class='ocrx_word' id='word_1_39' title='bbox 1274 673 1556 735; x_wconf 77' lang='lat' dir='ltr'><strong>resurget;</strong></span> <span class='ocrx_word' id='word_1_40' title='bbox 1601 671 1697 721; x_wconf 82' lang='lat' dir='ltr'><strong>aut</strong></span> <span class='ocrx_word' id='word_1_41' title='bbox 1742 668 1840 735; x_wconf 90' lang='lat' dir='ltr'><strong>qui</strong></span> 
     </span>
    </p>
   </div>
   <div class='ocr_carea' id='block_1_8' title="bbox 217 760 1837 832">
    <p class='ocr_par' dir='ltr' id='par_1_8' title="bbox 217 760 1837 832">
     <span class='ocr_line' id='line_1_8' title="bbox 217 760 1837 832; baseline 0.002 -21"><span class='ocrx_word' id='word_1_42' title='bbox 217 762 414 813; x_wconf 83' lang='lat' dir='ltr'><strong>avertit</strong></span> <span class='ocrx_word' id='word_1_43' title='bbox 442 774 514 825; x_wconf 78' lang='lat' dir='ltr'><strong>se,</strong></span> <span class='ocrx_word' id='word_1_44' title='bbox 544 776 653 814; x_wconf 85' lang='lat' dir='ltr'><strong>non</strong></span> <span class='ocrx_word' id='word_1_45' title='bbox 687 765 1029 815; x_wconf 85' lang='lat' dir='ltr'><strong>convertetur</strong></span> <span class='ocrx_word' id='word_1_46' title='bbox 1053 763 1080 813; x_wconf 82' lang='lat'><strong><em>?</em></strong></span> <span class='ocrx_word' id='word_1_47' title='bbox 1120 764 1251 830; x_wconf 88' lang='lat' dir='ltr'><strong>quia</strong></span> <span class='ocrx_word' id='word_1_48' title='bbox 1282 763 1480 815; x_wconf 77' lang='lat' dir='ltr'><strong>avertit</strong></span> <span class='ocrx_word' id='word_1_49' title='bbox 1506 776 1560 815; x_wconf 87' lang='lat' dir='ltr'><strong>se</strong></span> <span class='ocrx_word' id='word_1_50' title='bbox 1597 760 1837 832; x_wconf 84' lang='lat' dir='ltr'><strong>populus</strong></span> 
     </span>
    </p>
   </div>
   <div class='ocr_carea' id='block_1_9' title="bbox 216 854 1838 925">
    <p class='ocr_par' dir='ltr' id='par_1_9' title="bbox 216 854 1838 925">
     <span class='ocr_line' id='line_1_9' title="bbox 216 854 1838 925; baseline 0.002 -20"><span class='ocrx_word' id='word_1_51' title='bbox 216 855 314 906; x_wconf 84' lang='lat' dir='ltr'><strong>iste</strong></span> <span class='ocrx_word' id='word_1_52' title='bbox 342 868 374 905; x_wconf 89' lang='lat' dir='ltr'><strong>a</strong></span> <span class='ocrx_word' id='word_1_53' title='bbox 400 855 603 908; x_wconf 76' lang='lat' dir='ltr'><strong>visione</strong></span> <span class='ocrx_word' id='word_1_54' title='bbox 642 855 907 923; x_wconf 86' lang='lat' dir='ltr'><strong>improba,</strong></span> <span class='ocrx_word' id='word_1_55' title='bbox 935 860 987 908; x_wconf 77' lang='lat' dir='ltr'><strong>et</strong></span> <span class='ocrx_word' id='word_1_56' title='bbox 1034 854 1387 909; x_wconf 84' lang='lat' dir='ltr'><strong>obtinuerunt</strong></span> <span class='ocrx_word' id='word_1_57' title='bbox 1420 856 1838 925; x_wconf 74' lang='lat' dir='ltr'><strong>praesumptione</strong></span> 
     </span>
    </p>
   </div>
   <div class='ocr_carea' id='block_1_10' title="bbox 213 947 1006 1007">
    <p class='ocr_par' dir='ltr' id='par_1_10' title="bbox 213 947 1006 1007">
     <span class='ocr_line' id='line_1_10' title="bbox 213 947 1006 1007; baseline 0.001 -6"><span class='ocrx_word' id='word_1_58' title='bbox 213 961 332 1007; x_wconf 87' lang='lat' dir='ltr'><strong>sua,</strong></span> <span class='ocrx_word' id='word_1_59' title='bbox 364 951 414 1001; x_wconf 87' lang='lat' dir='ltr'><strong>et</strong></span> <span class='ocrx_word' id='word_1_60' title='bbox 440 947 726 1001; x_wconf 83' lang='lat' dir='ltr'><strong>noluerunt</strong></span> <span class='ocrx_word' id='word_1_61' title='bbox 750 950 1006 1002; x_wconf 85' lang='lat' dir='ltr'><strong>converti.</strong></span> 
     </span>
    </p>
   </div>
   <div class='ocr_carea' id='block_1_11' title="bbox 280 1040 1834 1112">
    <p class='ocr_par' dir='ltr' id='par_1_11' title="bbox 280 1040 1834 1112">
     <span class='ocr_line' id='line_1_11' title="bbox 280 1040 1834 1112; baseline 0.001 -18"><span class='ocrx_word' id='word_1_62' title='bbox 280 1040 627 1111; x_wconf 88' lang='lat' dir='ltr'><strong>Ipsissimam</strong></span> <span class='ocrx_word' id='word_1_63' title='bbox 676 1041 1115 1112; x_wconf 78' lang='lat' dir='ltr'><strong>explicationem</strong></span> <span class='ocrx_word' id='word_1_64' title='bbox 1166 1042 1403 1098; x_wconf 80' lang='lat' dir='ltr'><strong>adhibet</strong></span> <span class='ocrx_word' id='word_1_65' title='bbox 1454 1043 1522 1096; x_wconf 92' lang='lat' dir='ltr'><strong>iis</strong></span> <span class='ocrx_word' id='word_1_66' title='bbox 1574 1042 1834 1097; x_wconf 76' lang='lat' dir='ltr'><strong>Jercmite</strong></span> 
     </span>
    </p>
   </div>
   <div class='ocr_carea' id='block_1_12' title="bbox 212 1134 1832 1206">
    <p class='ocr_par' dir='ltr' id='par_1_12' title="bbox 212 1134 1832 1206">
     <span class='ocr_line' id='line_1_12' title="bbox 212 1134 1832 1206; baseline 0.001 -20"><span class='ocrx_word' id='word_1_67' title='bbox 212 1134 395 1189; x_wconf 78' lang='lat' dir='ltr'><strong>verbis</strong></span> <span class='ocrx_word' id='word_1_68' title='bbox 427 1151 555 1206; x_wconf 65' lang='lat' dir='ltr'><strong>quas</strong></span> <span class='ocrx_word' id='word_1_69' title='bbox 584 1135 754 1189; x_wconf 90' lang='lat' dir='ltr'><strong>modo</strong></span> <span class='ocrx_word' id='word_1_70' title='bbox 778 1135 1036 1206; x_wconf 81' lang='lat' dir='ltr'><strong>allegavi,</strong></span> <span class='ocrx_word' id='word_1_71' title='bbox 1069 1134 1393 1190; x_wconf 83' lang='lat' dir='ltr'><strong>Bachiarius</strong></span> <span class='ocrx_word' id='word_1_72' title='bbox 1430 1135 1543 1206; x_wconf 77' lang='lat'><strong>(29)</strong></span> <span class='ocrx_word' id='word_1_73' title='bbox 1570 1136 1692 1189; x_wconf 75' lang='lat' dir='ltr'><strong>haec</strong></span> <span class='ocrx_word' id='word_1_74' title='bbox 1722 1140 1832 1188; x_wconf 88' lang='lat' dir='ltr'><strong>tra-</strong></span> 
     </span>
    </p>
   </div>
   <div class='ocr_carea' id='block_1_13' title="bbox 211 1228 1832 1300">
    <p class='ocr_par' dir='ltr' id='par_1_13' title="bbox 211 1228 1832 1300">
     <span class='ocr_line' id='line_1_13' title="bbox 211 1228 1832 1300; baseline 0 -19"><span class='ocrx_word' id='word_1_75' title='bbox 211 1228 353 1283; x_wconf 86' lang='lat' dir='ltr'><strong>dens</strong></span> <span class='ocrx_word' id='word_1_76' title='bbox 382 1245 394 1283; x_wconf 93' lang='lat'>:</span> <span class='ocrx_word' id='word_1_77' title='bbox 430 1250 456 1277; x_wconf 73' lang='grc' dir='ltr'><strong>ιι</strong></span> <span class='ocrx_word' id='word_1_78' title='bbox 488 1230 554 1283; x_wconf 83' lang='lat' dir='ltr'><strong>Et</strong></span> <span class='ocrx_word' id='word_1_79' title='bbox 579 1228 711 1283; x_wconf 83' lang='lat' dir='ltr'><strong>alibi</strong></span> <span class='ocrx_word' id='word_1_80' title='bbox 746 1245 759 1282; x_wconf 91' lang='lat'>:</span> <span class='ocrx_word' id='word_1_81' title='bbox 793 1229 1064 1299; x_wconf 84' lang='lat' dir='ltr'><strong>Nunquid</strong></span> <span class='ocrx_word' id='word_1_82' title='bbox 1093 1230 1190 1299; x_wconf 85' lang='lat' dir='ltr'><strong>qui</strong></span> <span class='ocrx_word' id='word_1_83' title='bbox 1219 1228 1371 1283; x_wconf 90' lang='lat' dir='ltr'><strong>cadit</strong></span> <span class='ocrx_word' id='word_1_84' title='bbox 1400 1245 1512 1282; x_wconf 91' lang='lat' dir='ltr'><strong>non</strong></span> <span class='ocrx_word' id='word_1_85' title='bbox 1549 1233 1832 1300; x_wconf 77' lang='lat' dir='ltr'><strong>resurget,</strong></span> 
     </span>
    </p>
   </div>
   <div class='ocr_carea' id='block_1_14' title="bbox 208 1322 1834 1377">
    <p class='ocr_par' dir='ltr' id='par_1_14' title="bbox 208 1322 1834 1377">
     <span class='ocr_line' id='line_1_14' title="bbox 208 1322 1834 1377; baseline 0 -2"><span class='ocrx_word' id='word_1_86' title='bbox 208 1330 304 1376; x_wconf 87' lang='lat' dir='ltr'><strong>aut</strong></span> <span class='ocrx_word' id='word_1_87' title='bbox 361 1326 621 1377; x_wconf 72' lang='lat' dir='ltr'><strong>avertens</strong></span> <span class='ocrx_word' id='word_1_88' title='bbox 680 1339 791 1375; x_wconf 90' lang='lat' dir='ltr'><strong>non</strong></span> <span class='ocrx_word' id='word_1_89' title='bbox 844 1322 1231 1377; x_wconf 79' lang='lat' dir='ltr'><strong>convertitur?</strong></span> <span class='ocrx_word' id='word_1_90' title='bbox 1286 1344 1313 1372; x_wconf 83' lang='lat'><strong>»</strong></span> <span class='ocrx_word' id='word_1_91' title='bbox 1368 1322 1452 1377; x_wconf 85' lang='lat' dir='ltr'><strong>Ad</strong></span> <span class='ocrx_word' id='word_1_92' title='bbox 1506 1323 1655 1377; x_wconf 89' lang='lat' dir='ltr'><strong>hunc</strong></span> <span class='ocrx_word' id='word_1_93' title='bbox 1707 1339 1834 1376; x_wconf 84' lang='lat' dir='ltr'><strong>vero</strong></span> 
     </span>
    </p>
   </div>
   <div class='ocr_carea' id='block_1_15' title="bbox 209 1415 1830 1485">
    <p class='ocr_par' dir='ltr' id='par_1_15' title="bbox 209 1415 1830 1485">
     <span class='ocr_line' id='line_1_15' title="bbox 209 1415 1830 1485; baseline 0 -16"><span class='ocrx_word' id='word_1_94' title='bbox 209 1416 449 1470; x_wconf 88' lang='lat' dir='ltr'><strong>modum</strong></span> <span class='ocrx_word' id='word_1_95' title='bbox 509 1415 743 1485; x_wconf 81' lang='lat' dir='ltr'><strong>Vulgata</strong></span> <span class='ocrx_word' id='word_1_96' title='bbox 795 1417 1012 1471; x_wconf 80' lang='lat' dir='ltr'><strong>refert:</strong></span> <span class='ocrx_word' id='word_1_97' title='bbox 1068 1439 1095 1465; x_wconf 88' lang='grc'><strong>‹‹</strong></span> <span class='ocrx_word' id='word_1_98' title='bbox 1146 1418 1271 1471; x_wconf 62' lang='lat' dir='ltr'><strong>Haec</strong></span> <span class='ocrx_word' id='word_1_99' title='bbox 1325 1416 1463 1470; x_wconf 90' lang='lat' dir='ltr'><strong>dicit</strong></span> <span class='ocrx_word' id='word_1_100' title='bbox 1513 1416 1830 1470; x_wconf 90' lang='lat' dir='ltr'><strong>Dominus:</strong></span> 
     </span>
    </p>
   </div>
   <div class='ocr_carea' id='block_1_16' title="bbox 211 1509 1834 1584">
    <p class='ocr_par' dir='ltr' id='par_1_16' title="bbox 211 1509 1834 1584">
     <span class='ocr_line' id='line_1_16' title="bbox 211 1509 1834 1584; baseline 0.001 -21"><span class='ocrx_word' id='word_1_101' title='bbox 211 1510 476 1580; x_wconf 83' lang='lat' dir='ltr'><strong>Nunquid</strong></span> <span class='ocrx_word' id='word_1_102' title='bbox 517 1510 613 1581; x_wconf 87' lang='lat' dir='ltr'><strong>qui</strong></span> <span class='ocrx_word' id='word_1_103' title='bbox 660 1509 813 1565; x_wconf 85' lang='lat' dir='ltr'><strong>cadit</strong></span> <span class='ocrx_word' id='word_1_104' title='bbox 856 1527 973 1565; x_wconf 91' lang='lat' dir='ltr'><strong>non</strong></span> <span class='ocrx_word' id='word_1_105' title='bbox 1024 1510 1327 1584; x_wconf 78' lang='lat' dir='ltr'><strong>resurget?</strong></span> <span class='ocrx_word' id='word_1_106' title='bbox 1358 1514 1415 1566; x_wconf 89' lang='lat' dir='ltr'><strong>et</strong></span> <span class='ocrx_word' id='word_1_107' title='bbox 1458 1509 1556 1582; x_wconf 90' lang='lat' dir='ltr'><strong>qui</strong></span> <span class='ocrx_word' id='word_1_108' title='bbox 1601 1526 1834 1565; x_wconf 89' lang='lat' dir='ltr'><strong>aversus</strong></span> 
     </span>
    </p>
   </div>
   <div class='ocr_carea' id='block_1_17' title="bbox 210 1603 1833 1675">
    <p class='ocr_par' dir='ltr' id='par_1_17' title="bbox 210 1603 1833 1675">
     <span class='ocr_line' id='line_1_17' title="bbox 210 1603 1833 1675; baseline 0.001 -19"><span class='ocrx_word' id='word_1_109' title='bbox 210 1606 314 1671; x_wconf 87' lang='lat' dir='ltr'><strong>est,</strong></span> <span class='ocrx_word' id='word_1_110' title='bbox 343 1619 457 1657; x_wconf 91' lang='lat' dir='ltr'><strong>non</strong></span> <span class='ocrx_word' id='word_1_111' title='bbox 485 1604 840 1659; x_wconf 81' lang='lat' dir='ltr'><strong>revertetur?</strong></span> <span class='ocrx_word' id='word_1_112' title='bbox 863 1603 1052 1667; x_wconf 87' lang='lat' dir='ltr'><strong>Quare</strong></span> <span class='ocrx_word' id='word_1_113' title='bbox 1076 1619 1213 1674; x_wconf 86' lang='lat' dir='ltr'><strong>ergo</strong></span> <span class='ocrx_word' id='word_1_114' title='bbox 1233 1619 1462 1658; x_wconf 85' lang='lat' dir='ltr'><strong>aversus</strong></span> <span class='ocrx_word' id='word_1_115' title='bbox 1487 1606 1573 1657; x_wconf 91' lang='lat' dir='ltr'><strong>est</strong></span> <span class='ocrx_word' id='word_1_116' title='bbox 1592 1604 1833 1675; x_wconf 86' lang='lat' dir='ltr'><strong>populus</strong></span> 
     </span>
    </p>
   </div>
   <div class='ocr_carea' id='block_1_18' title="bbox 204 1695 1546 1752">
    <p class='ocr_par' dir='ltr' id='par_1_18' title="bbox 204 1695 1546 1752">
     <span class='ocr_line' id='line_1_18' title="bbox 204 1695 1546 1752; baseline 0 -4"><span class='ocrx_word' id='word_1_117' title='bbox 204 1695 308 1749; x_wconf 89' lang='lat' dir='ltr'><strong>iste</strong></span> <span class='ocrx_word' id='word_1_118' title='bbox 343 1697 399 1749; x_wconf 90' lang='lat' dir='ltr'><strong>in</strong></span> <span class='ocrx_word' id='word_1_119' title='bbox 432 1698 744 1751; x_wconf 82' lang='lat' dir='ltr'><strong>Jerusalem</strong></span> <span class='ocrx_word' id='word_1_120' title='bbox 770 1697 1067 1752; x_wconf 79' lang='lat' dir='ltr'><strong>aversione</strong></span> <span class='ocrx_word' id='word_1_121' title='bbox 1092 1696 1447 1752; x_wconf 77' lang='lat' dir='ltr'><strong>contentiosa</strong></span> <span class='ocrx_word' id='word_1_122' title='bbox 1466 1697 1494 1751; x_wconf 79' lang='lat'><strong>?</strong></span> <span class='ocrx_word' id='word_1_123' title='bbox 1519 1715 1546 1748; x_wconf 75' lang='grc' dir='ltr'>ιο</span> 
     </span>
    </p>
   </div>
   <div class='ocr_carea' id='block_1_19' title="bbox 1941 475 2302 530">
    <p class='ocr_par' dir='ltr' id='par_1_19' title="bbox 1941 475 2302 530">
     <span class='ocr_line' id='line_1_19' title="bbox 1941 475 2302 530; baseline -0.011 0"><span class='ocrx_word' id='word_1_124' title='bbox 1941 475 2239 530; x_wconf 82' lang='lat' dir='ltr'><strong>faciemus.</strong></span> <span class='ocrx_word' id='word_1_125' title='bbox 2274 496 2302 525; x_wconf 88' lang='grc'><strong>››</strong></span> 
     </span>
    </p>
   </div>
   <div class='ocr_carea' id='block_1_20' title="bbox 2011 566 3569 638">
    <p class='ocr_par' dir='ltr' id='par_1_20' title="bbox 2011 566 3569 638">
     <span class='ocr_line' id='line_1_20' title="bbox 2011 566 3569 638; baseline -0.003 -15"><span class='ocrx_word' id='word_1_126' title='bbox 2011 570 2136 624; x_wconf 95' lang='lat' dir='ltr'><strong>XXI.</strong></span> <span class='ocrx_word' id='word_1_127' title='bbox 2194 571 2332 623; x_wconf 90' lang='lat' dir='ltr'><strong>Item</strong></span> <span class='ocrx_word' id='word_1_128' title='bbox 2387 566 2503 622; x_wconf 91' lang='lat' dir='ltr'><strong>illic</strong></span> <span class='ocrx_word' id='word_1_129' title='bbox 2556 568 2800 638; x_wconf 82' lang='lat' dir='ltr'><strong>(Thren.,</strong></span> <span class='ocrx_word' id='word_1_130' title='bbox 2847 585 2906 635; x_wconf 94' lang='grc' dir='ltr'><strong>ιι,</strong></span> <span class='ocrx_word' id='word_1_131' title='bbox 2957 566 3087 635; x_wconf 84' lang='lat' dir='ltr'><strong>l8):</strong></span> <span class='ocrx_word' id='word_1_132' title='bbox 3143 567 3375 637; x_wconf 83' lang='lat' dir='ltr'><strong>E/funde</strong></span> <span class='ocrx_word' id='word_1_133' title='bbox 3426 567 3569 619; x_wconf 88' lang='lat' dir='ltr'><strong>sicut</strong></span> 
     </span>
    </p>
   </div>
   <div class='ocr_carea' id='block_1_21' title="bbox 1938 662 3564 732">
    <p class='ocr_par' dir='ltr' id='par_1_21' title="bbox 1938 662 3564 732">
     <span class='ocr_line' id='line_1_21' title="bbox 1938 662 3564 732; baseline -0.003 -13"><span class='ocrx_word' id='word_1_134' title='bbox 1938 669 2144 719; x_wconf 76' lang='lat' dir='ltr'><strong>torrens</strong></span> <span class='ocrx_word' id='word_1_135' title='bbox 2172 664 2436 732; x_wconf 84' lang='lat' dir='ltr'><strong>Iacrymas</strong></span> <span class='ocrx_word' id='word_1_136' title='bbox 2463 663 2551 717; x_wconf 90' lang='lat' dir='ltr'><strong>die</strong></span> <span class='ocrx_word' id='word_1_137' title='bbox 2582 677 2645 716; x_wconf 92' lang='lat' dir='ltr'><strong>ac</strong></span> <span class='ocrx_word' id='word_1_138' title='bbox 2670 668 2857 727; x_wconf 84' lang='lat' dir='ltr'><strong>nocte;</strong></span> <span class='ocrx_word' id='word_1_139' title='bbox 2886 662 2999 716; x_wconf 83' lang='lat' dir='ltr'><strong>noti</strong></span> <span class='ocrx_word' id='word_1_140' title='bbox 3022 662 3154 716; x_wconf 85' lang='lat' dir='ltr'><strong>dare</strong></span> <span class='ocrx_word' id='word_1_141' title='bbox 3184 662 3284 715; x_wconf 87' lang='lat' dir='ltr'><strong>tibi</strong></span> <span class='ocrx_word' id='word_1_142' title='bbox 3306 663 3564 730; x_wconf 78' lang='lat' dir='ltr'><strong>requiem,</strong></span> 
     </span>
    </p>
   </div>
   <div class='ocr_carea' id='block_1_22' title="bbox 1936 757 2765 826">
    <p class='ocr_par' dir='ltr' id='par_1_22' title="bbox 1936 757 2765 826">
     <span class='ocr_line' id='line_1_22' title="bbox 1936 757 2765 826; baseline -0.002 -15"><span class='ocrx_word' id='word_1_143' title='bbox 1936 774 2044 811; x_wconf 88' lang='lat' dir='ltr'><strong>non</strong></span> <span class='ocrx_word' id='word_1_144' title='bbox 2069 759 2228 811; x_wconf 76' lang='lat' dir='ltr'><strong>sileat</strong></span> <span class='ocrx_word' id='word_1_145' title='bbox 2249 757 2463 826; x_wconf 82' lang='lat' dir='ltr'><strong>pupilla</strong></span> <span class='ocrx_word' id='word_1_146' title='bbox 2490 757 2634 810; x_wconf 83' lang='lat' dir='ltr'><strong>oculi</strong></span> <span class='ocrx_word' id='word_1_147' title='bbox 2665 758 2765 809; x_wconf 85' lang='lat' dir='ltr'><strong>tui.</strong></span> 
     </span>
    </p>
   </div>
   <div class='ocr_carea' id='block_1_23' title="bbox 2008 847 3563 921">
    <p class='ocr_par' dir='ltr' id='par_1_23' title="bbox 2008 847 3563 921">
     <span class='ocr_line' id='line_1_23' title="bbox 2008 847 3563 921; baseline -0.003 -16"><span class='ocrx_word' id='word_1_148' title='bbox 2008 850 2090 905; x_wconf 79' lang='lat' dir='ltr'><strong>Ad</strong></span> <span class='ocrx_word' id='word_1_149' title='bbox 2120 849 2512 921; x_wconf 77' lang='lat' dir='ltr'><strong>paenitentiam</strong></span> <span class='ocrx_word' id='word_1_150' title='bbox 2539 849 2771 919; x_wconf 85' lang='lat' dir='ltr'><strong>pulchre</strong></span> <span class='ocrx_word' id='word_1_151' title='bbox 2799 848 3039 903; x_wconf 85' lang='lat' dir='ltr'><strong>invitant</strong></span> <span class='ocrx_word' id='word_1_152' title='bbox 3063 847 3184 902; x_wconf 68' lang='lat' dir='ltr'><strong>hanc</strong></span> <span class='ocrx_word' id='word_1_153' title='bbox 3208 848 3400 917; x_wconf 85' lang='lat' dir='ltr'><strong>verba,</strong></span> <span class='ocrx_word' id='word_1_154' title='bbox 3435 863 3563 918; x_wconf 63' lang='lat' dir='ltr'><strong>quae</strong></span> 
     </span>
    </p>
   </div>
   <div class='ocr_carea' id='block_1_24' title="bbox 1935 942 3559 1015">
    <p class='ocr_par' dir='ltr' id='par_1_24' title="bbox 1935 942 3559 1015">
     <span class='ocr_line' id='line_1_24' title="bbox 1935 942 3559 1015; baseline -0.001 -18"><span class='ocrx_word' id='word_1_155' title='bbox 1935 944 2175 1015; x_wconf 81' lang='lat' dir='ltr'><strong>Vulgata</strong></span> <span class='ocrx_word' id='word_1_156' title='bbox 2202 944 2276 998; x_wconf 91' lang='lat' dir='ltr'><strong>sic</strong></span> <span class='ocrx_word' id='word_1_157' title='bbox 2304 943 2478 997; x_wconf 89' lang='lat' dir='ltr'><strong>habet</strong></span> <span class='ocrx_word' id='word_1_158' title='bbox 2510 959 2523 996; x_wconf 94' lang='lat'><strong>:</strong></span> <span class='ocrx_word' id='word_1_159' title='bbox 2559 965 2586 992; x_wconf 75' lang='grc' dir='ltr'>α</span> <span class='ocrx_word' id='word_1_160' title='bbox 2616 942 2803 997; x_wconf 88' lang='lat' dir='ltr'><strong>Deduc</strong></span> <span class='ocrx_word' id='word_1_161' title='bbox 2834 942 2990 1013; x_wconf 87' lang='lat' dir='ltr'><strong>quasi</strong></span> <span class='ocrx_word' id='word_1_162' title='bbox 3034 945 3349 995; x_wconf 83' lang='lat' dir='ltr'><strong>torrentem</strong></span> <span class='ocrx_word' id='word_1_163' title='bbox 3381 943 3559 1011; x_wconf 83' lang='lat' dir='ltr'><strong>lacry-</strong></span> 
     </span>
    </p>
   </div>
   <div class='ocr_carea' id='block_1_25' title="bbox 1938 1034 3564 1108">
    <p class='ocr_par' dir='ltr' id='par_1_25' title="bbox 1938 1034 3564 1108">
     <span class='ocr_line' id='line_1_25' title="bbox 1938 1034 3564 1108; baseline -0.003 -17"><span class='ocrx_word' id='word_1_164' title='bbox 1938 1054 2059 1091; x_wconf 88' lang='lat' dir='ltr'><strong>mas</strong></span> <span class='ocrx_word' id='word_1_165' title='bbox 2106 1052 2209 1108; x_wconf 89' lang='lat' dir='ltr'><strong>per</strong></span> <span class='ocrx_word' id='word_1_166' title='bbox 2236 1037 2387 1091; x_wconf 84' lang='lat' dir='ltr'><strong>diem</strong></span> <span class='ocrx_word' id='word_1_167' title='bbox 2434 1043 2490 1090; x_wconf 89' lang='lat' dir='ltr'><strong>et</strong></span> <span class='ocrx_word' id='word_1_168' title='bbox 2519 1042 2781 1104; x_wconf 87' lang='lat' dir='ltr'><strong>noctem;</strong></span> <span class='ocrx_word' id='word_1_169' title='bbox 2831 1052 2943 1089; x_wconf 87' lang='lat' dir='ltr'><strong>non</strong></span> <span class='ocrx_word' id='word_1_170' title='bbox 2988 1036 3088 1089; x_wconf 91' lang='lat' dir='ltr'><strong>des</strong></span> <span class='ocrx_word' id='word_1_171' title='bbox 3133 1034 3395 1104; x_wconf 84' lang='lat' dir='ltr'><strong>requiem</strong></span> <span class='ocrx_word' id='word_1_172' title='bbox 3443 1034 3564 1103; x_wconf 87' lang='lat' dir='ltr'><strong>tibi,</strong></span> 
     </span>
    </p>
   </div>
   <div class='ocr_carea' id='block_1_26' title="bbox 1936 1127 3565 1202">
    <p class='ocr_par' dir='ltr' id='par_1_26' title="bbox 1936 1127 3565 1202">
     <span class='ocr_line' id='line_1_26' title="bbox 1936 1127 3565 1202; baseline -0.004 -17"><span class='ocrx_word' id='word_1_173' title='bbox 1936 1147 2121 1201; x_wconf 85' lang='lat' dir='ltr'><strong>neque</strong></span> <span class='ocrx_word' id='word_1_174' title='bbox 2163 1135 2349 1185; x_wconf 75' lang='lat' dir='ltr'><strong>taceat</strong></span> <span class='ocrx_word' id='word_1_175' title='bbox 2389 1130 2602 1202; x_wconf 85' lang='lat' dir='ltr'><strong>pupilla</strong></span> <span class='ocrx_word' id='word_1_176' title='bbox 2648 1130 2794 1184; x_wconf 89' lang='lat' dir='ltr'><strong>oculi</strong></span> <span class='ocrx_word' id='word_1_177' title='bbox 2829 1130 2928 1182; x_wconf 84' lang='lat' dir='ltr'><strong>tui.</strong></span> <span class='ocrx_word' id='word_1_178' title='bbox 2964 1151 2993 1178; x_wconf 77' lang='lat'>»</span> <span class='ocrx_word' id='word_1_179' title='bbox 3042 1128 3136 1182; x_wconf 83' lang='lat' dir='ltr'><strong>Hic</strong></span> <span class='ocrx_word' id='word_1_180' title='bbox 3187 1127 3370 1181; x_wconf 86' lang='lat' dir='ltr'><strong>obiter</strong></span> <span class='ocrx_word' id='word_1_181' title='bbox 3413 1133 3565 1194; x_wconf 90' lang='lat' dir='ltr'><strong>noto,</strong></span> 
     </span>
    </p>
   </div>
   <div class='ocr_carea' id='block_1_27' title="bbox 1937 1222 3568 1296">
    <p class='ocr_par' dir='ltr' id='par_1_27' title="bbox 1937 1222 3568 1296">
     <span class='ocr_line' id='line_1_27' title="bbox 1937 1222 3568 1296; baseline -0.002 -17"><span class='ocrx_word' id='word_1_182' title='bbox 1937 1224 2138 1296; x_wconf 87' lang='lat' dir='ltr'><strong>primis</strong></span> <span class='ocrx_word' id='word_1_183' title='bbox 2193 1225 2454 1279; x_wconf 59' lang='lat' dir='ltr'><strong>Ecclesiae.</strong></span> <span class='ocrx_word' id='word_1_184' title='bbox 2523 1223 2741 1278; x_wconf 70' lang='lat' dir='ltr'><strong>saeculis</strong></span> <span class='ocrx_word' id='word_1_185' title='bbox 2801 1222 3065 1277; x_wconf 75' lang='lat' dir='ltr'><strong>Jcremim</strong></span> <span class='ocrx_word' id='word_1_186' title='bbox 3135 1224 3568 1277; x_wconf 75' lang='lat' dir='ltr'><strong>Lamentationes</strong></span> 
     </span>
    </p>
   </div>
   <div class='ocr_carea' id='block_1_28' title="bbox 1936 1316 3570 1388">
    <p class='ocr_par' dir='ltr' id='par_1_28' title="bbox 1936 1316 3570 1388">
     <span class='ocr_line' id='line_1_28' title="bbox 1936 1316 3570 1388; baseline -0.002 -15"><span class='ocrx_word' id='word_1_187' title='bbox 1936 1335 2053 1373; x_wconf 90' lang='lat' dir='ltr'><strong>non</strong></span> <span class='ocrx_word' id='word_1_188' title='bbox 2094 1319 2453 1373; x_wconf 79' lang='lat' dir='ltr'><strong>constituisse</strong></span> <span class='ocrx_word' id='word_1_189' title='bbox 2496 1318 2703 1372; x_wconf 82' lang='lat' dir='ltr'><strong>librum</strong></span> <span class='ocrx_word' id='word_1_190' title='bbox 2761 1317 3110 1388; x_wconf 88' lang='lat' dir='ltr'><strong>peculiarem</strong></span> <span class='ocrx_word' id='word_1_191' title='bbox 3166 1316 3486 1386; x_wconf 86' lang='lat' dir='ltr'><strong>sejunctum</strong></span> <span class='ocrx_word' id='word_1_192' title='bbox 3536 1332 3570 1370; x_wconf 91' lang='lat' dir='ltr'><strong>a</strong></span> 
     </span>
    </p>
   </div>
   <div class='ocr_carea' id='block_1_29' title="bbox 1934 1408 3566 1482">
    <p class='ocr_par' dir='ltr' id='par_1_29' title="bbox 1934 1408 3566 1482">
     <span class='ocr_line' id='line_1_29' title="bbox 1934 1408 3566 1482; baseline -0.002 -16"><span class='ocrx_word' id='word_1_193' title='bbox 1934 1410 2238 1482; x_wconf 80' lang='lat' dir='ltr'><strong>Prophetia.</strong></span> <span class='ocrx_word' id='word_1_194' title='bbox 2281 1412 2485 1465; x_wconf 80' lang='lat' dir='ltr'><strong>Mirum</strong></span> <span class='ocrx_word' id='word_1_195' title='bbox 2534 1411 2724 1482; x_wconf 88' lang='lat' dir='ltr'><strong>itaque</strong></span> <span class='ocrx_word' id='word_1_196' title='bbox 2771 1427 2885 1464; x_wconf 90' lang='lat' dir='ltr'><strong>non</strong></span> <span class='ocrx_word' id='word_1_197' title='bbox 2933 1413 3018 1464; x_wconf 87' lang='lat' dir='ltr'><strong>est</strong></span> <span class='ocrx_word' id='word_1_198' title='bbox 3062 1409 3108 1462; x_wconf 91' lang='lat' dir='ltr'><strong>si</strong></span> <span class='ocrx_word' id='word_1_199' title='bbox 3153 1408 3391 1479; x_wconf 85' lang='lat' dir='ltr'><strong>scriptor</strong></span> <span class='ocrx_word' id='word_1_200' title='bbox 3434 1426 3566 1462; x_wconf 87' lang='lat' dir='ltr'><strong>nos-</strong></span> 
     </span>
    </p>
   </div>
   <div class='ocr_carea' id='block_1_30' title="bbox 1932 1502 3566 1576">
    <p class='ocr_par' dir='ltr' id='par_1_30' title="bbox 1932 1502 3566 1576">
     <span class='ocr_line' id='line_1_30' title="bbox 1932 1502 3566 1576; baseline -0.002 -15"><span class='ocrx_word' id='word_1_201' title='bbox 1932 1510 2023 1561; x_wconf 85' lang='lat' dir='ltr'><strong>ter</strong></span> <span class='ocrx_word' id='word_1_202' title='bbox 2048 1506 2217 1561; x_wconf 87' lang='lat' dir='ltr'><strong>veluti</strong></span> <span class='ocrx_word' id='word_1_203' title='bbox 2249 1523 2359 1560; x_wconf 90' lang='lat' dir='ltr'><strong>uno</strong></span> <span class='ocrx_word' id='word_1_204' title='bbox 2387 1506 2531 1559; x_wconf 90' lang='lat' dir='ltr'><strong>libro</strong></span> <span class='ocrx_word' id='word_1_205' title='bbox 2563 1505 2982 1576; x_wconf 87' lang='lat' dir='ltr'><strong>comprehensa</strong></span> <span class='ocrx_word' id='word_1_206' title='bbox 3012 1502 3135 1556; x_wconf 79' lang='lat' dir='ltr'><strong>haec</strong></span> <span class='ocrx_word' id='word_1_207' title='bbox 3170 1502 3381 1573; x_wconf 83' lang='lat' dir='ltr'><strong>alleget</strong></span> <span class='ocrx_word' id='word_1_208' title='bbox 3415 1507 3566 1573; x_wconf 85' lang='lat' dir='ltr'><strong>(item</strong></span> 
     </span>
    </p>
   </div>
   <div class='ocr_carea' id='block_1_31' title="bbox 1932 1600 2089 1672">
    <p class='ocr_par' dir='ltr' id='par_1_31' title="bbox 1932 1600 2089 1672">
     <span class='ocr_line' id='line_1_31' title="bbox 1932 1600 2089 1672; baseline 0.006 -18"><span class='ocrx_word' id='word_1_209' title='bbox 1932 1600 2089 1672; x_wconf 81' lang='lat' dir='ltr'><strong>illic).</strong></span> 
     </span>
    </p>
   </div>
   <div class='ocr_carea' id='block_1_32' title="bbox 2004 1693 3565 1765">
    <p class='ocr_par' dir='ltr' id='par_1_32' title="bbox 2004 1693 3565 1765">
     <span class='ocr_line' id='line_1_32' title="bbox 2004 1693 3565 1765; baseline -0.003 -16"><span class='ocrx_word' id='word_1_210' title='bbox 2004 1695 2158 1749; x_wconf 89' lang='lat' dir='ltr'><strong>XXII.</strong></span> <span class='ocrx_word' id='word_1_211' title='bbox 2207 1695 2347 1748; x_wconf 90' lang='lat' dir='ltr'><strong>Item</strong></span> <span class='ocrx_word' id='word_1_212' title='bbox 2388 1693 2503 1748; x_wconf 88' lang='lat' dir='ltr'><strong>illic</strong></span> <span class='ocrx_word' id='word_1_213' title='bbox 2547 1693 2794 1765; x_wconf 82' lang='lat' dir='ltr'><strong>(Thren.,</strong></span> <span class='ocrx_word' id='word_1_214' title='bbox 2843 1709 2925 1760; x_wconf 92' lang='grc' dir='ltr'>ιιι,</span> <span class='ocrx_word' id='word_1_215' title='bbox 2975 1693 3065 1763; x_wconf 83' lang='grc'>40)</span> <span class='ocrx_word' id='word_1_216' title='bbox 3101 1709 3114 1747; x_wconf 88' lang='lat'><strong>:</strong></span> <span class='ocrx_word' id='word_1_217' title='bbox 3159 1695 3565 1748; x_wconf 84' lang='lat' dir='ltr'><strong>Perscrutemur</strong></span> 
     </span>
    </p>
   </div>
   <div class='ocr_carea' id='block_1_33' title="bbox 270 1774 3564 1862">
    <p class='ocr_par' dir='ltr' id='par_1_33' title="bbox 270 1774 3564 1862">
     <span class='ocr_line' id='line_1_33' title="bbox 270 1774 3564 1862; baseline -0.002 -18"><span class='ocrx_word' id='word_1_218' title='bbox 270 1791 405 1845; x_wconf 84' lang='lat' dir='ltr'><strong>XIX.</strong></span> <span class='ocrx_word' id='word_1_219' title='bbox 461 1793 603 1846; x_wconf 89' lang='lat' dir='ltr'><strong>Item</strong></span> <span class='ocrx_word' id='word_1_220' title='bbox 646 1790 760 1845; x_wconf 90' lang='lat' dir='ltr'><strong>illic</strong></span> <span class='ocrx_word' id='word_1_221' title='bbox 807 1790 1044 1862; x_wconf 86' lang='lat' dir='ltr'><strong>(Jerem.,</strong></span> <span class='ocrx_word' id='word_1_222' title='bbox 1077 1807 1193 1858; x_wconf 89' lang='lat' dir='ltr'><strong>Vlll,</strong></span> <span class='ocrx_word' id='word_1_223' title='bbox 1237 1792 1289 1859; x_wconf 89' lang='lat'><strong>6)</strong></span> <span class='ocrx_word' id='word_1_224' title='bbox 1323 1807 1336 1845; x_wconf 91' lang='lat'>:</span> <span class='ocrx_word' id='word_1_225' title='bbox 1391 1793 1511 1847; x_wconf 88' lang='lat' dir='ltr'><strong>Non</strong></span> <span class='ocrx_word' id='word_1_226' title='bbox 1565 1795 1642 1845; x_wconf 86' lang='lat' dir='ltr'><strong>est</strong></span> <span class='ocrx_word' id='word_1_227' title='bbox 1684 1792 1835 1845; x_wconf 82' lang='lat' dir='ltr'><strong>homo</strong></span> <span class='ocrx_word' id='word_1_228' title='bbox 1858 1774 1912 1846; x_wconf 88' lang='grc' dir='ltr'>Β</span> <span class='ocrx_word' id='word_1_229' title='bbox 1935 1790 2053 1843; x_wconf 78' lang='lat' dir='ltr'><strong>uias</strong></span> <span class='ocrx_word' id='word_1_230' title='bbox 2080 1793 2291 1843; x_wconf 85' lang='lat' dir='ltr'><strong>nostras</strong></span> <span class='ocrx_word' id='word_1_231' title='bbox 2320 1792 2369 1842; x_wconf 85' lang='lat' dir='ltr'><strong>et</strong></span> <span class='ocrx_word' id='word_1_232' title='bbox 2393 1791 2767 1842; x_wconf 79' lang='lat' dir='ltr'><strong>convertamur</strong></span> <span class='ocrx_word' id='word_1_233' title='bbox 2805 1787 2878 1841; x_wconf 87' lang='lat' dir='ltr'><strong>ad</strong></span> <span class='ocrx_word' id='word_1_234' title='bbox 2907 1788 3212 1841; x_wconf 87' lang='lat' dir='ltr'><strong>Dominum.</strong></span> <span class='ocrx_word' id='word_1_235' title='bbox 3242 1786 3564 1842; x_wconf 82' lang='lat' dir='ltr'><strong>Mundemus</strong></span> 
     </span>
    </p>
   </div>
   <div class='ocr_carea' id='block_1_34' title="bbox 197 1884 1835 1954">
    <p class='ocr_par' dir='ltr' id='par_1_34' title="bbox 197 1884 1835 1954">
     <span class='ocr_line' id='line_1_34' title="bbox 197 1884 1835 1954; baseline 0 -16"><span class='ocrx_word' id='word_1_236' title='bbox 197 1886 576 1954; x_wconf 81' lang='lat' dir='ltr'><strong>pamitentiam</strong></span> <span class='ocrx_word' id='word_1_237' title='bbox 605 1900 769 1954; x_wconf 84' lang='lat' dir='ltr'><strong>agens</strong></span> <span class='ocrx_word' id='word_1_238' title='bbox 796 1898 829 1938; x_wconf 83' lang='grc' dir='ltr'><em>α</em></span> <span class='ocrx_word' id='word_1_239' title='bbox 855 1886 1071 1940; x_wconf 74' lang='lat' dir='ltr'><strong>malitia</strong></span> <span class='ocrx_word' id='word_1_240' title='bbox 1096 1900 1217 1948; x_wconf 84' lang='lat' dir='ltr'><strong>sua,</strong></span> <span class='ocrx_word' id='word_1_241' title='bbox 1255 1885 1436 1939; x_wconf 85' lang='lat' dir='ltr'><strong>dicens</strong></span> <span class='ocrx_word' id='word_1_242' title='bbox 1464 1903 1482 1938; x_wconf 92' lang='lat'><strong><em>:</em></strong></span> <span class='ocrx_word' id='word_1_243' title='bbox 1517 1884 1659 1950; x_wconf 84' lang='lat' dir='ltr'><strong>Quid</strong></span> <span class='ocrx_word' id='word_1_244' title='bbox 1681 1886 1835 1951; x_wconf 81' lang='lat' dir='ltr'><strong>feci?</strong></span> 
     </span>
    </p>
   </div>
   <div class='ocr_carea' id='block_1_35' title="bbox 201 1978 1830 2049">
    <p class='ocr_par' dir='ltr' id='par_1_35' title="bbox 201 1978 1830 2049">
     <span class='ocr_line' id='line_1_35' title="bbox 201 1978 1830 2049; baseline 0.002 -18"><span class='ocrx_word' id='word_1_245' title='bbox 201 1979 409 2043; x_wconf 85' lang='lat' dir='ltr'><strong>Defecit</strong></span> <span class='ocrx_word' id='word_1_246' title='bbox 433 1980 529 2048; x_wconf 87' lang='lat' dir='ltr'><strong>qui</strong></span> <span class='ocrx_word' id='word_1_247' title='bbox 551 1981 725 2033; x_wconf 87' lang='lat' dir='ltr'><strong>currit</strong></span> <span class='ocrx_word' id='word_1_248' title='bbox 753 1994 911 2034; x_wconf 86' lang='lat' dir='ltr'><strong>cursu</strong></span> <span class='ocrx_word' id='word_1_249' title='bbox 935 1994 1051 2042; x_wconf 89' lang='lat' dir='ltr'><strong>suo,</strong></span> <span class='ocrx_word' id='word_1_250' title='bbox 1078 1982 1219 2034; x_wconf 90' lang='lat' dir='ltr'><strong>sicut</strong></span> <span class='ocrx_word' id='word_1_251' title='bbox 1243 1993 1414 2048; x_wconf 79' lang='lat' dir='ltr'><strong>equus</strong></span> <span class='ocrx_word' id='word_1_252' title='bbox 1456 1978 1692 2033; x_wconf 82' lang='lat' dir='ltr'><strong>suadens</strong></span> <span class='ocrx_word' id='word_1_253' title='bbox 1724 1979 1830 2049; x_wconf 86' lang='lat'><strong>(30)</strong></span> 
     </span>
    </p>
   </div>
   <div class='ocr_carea' id='block_1_36' title="bbox 200 2066 656 2123">
    <p class='ocr_par' dir='ltr' id='par_1_36' title="bbox 200 2066 656 2123">
     <span class='ocr_line' id='line_1_36' title="bbox 200 2066 656 2123; baseline 0.004 -3"><span class='ocrx_word' id='word_1_254' title='bbox 200 2068 259 2120; x_wconf 90' lang='lat' dir='ltr'><strong>in</strong></span> <span class='ocrx_word' id='word_1_255' title='bbox 293 2066 521 2122; x_wconf 77' lang='lat' dir='ltr'><strong>hinnitu</strong></span> <span class='ocrx_word' id='word_1_256' title='bbox 541 2083 656 2123; x_wconf 86' lang='lat' dir='ltr'><strong>suo.</strong></span> 
     </span>
    </p>
   </div>
   <div class='ocr_carea' id='block_1_37' title="bbox 265 2158 1834 2233">
    <p class='ocr_par' dir='ltr' id='par_1_37' title="bbox 265 2158 1834 2233">
     <span class='ocr_line' id='line_1_37' title="bbox 265 2158 1834 2233; baseline 0.001 -19"><span class='ocrx_word' id='word_1_257' title='bbox 265 2158 432 2226; x_wconf 82' lang='lat' dir='ltr'><strong>Quod</strong></span> <span class='ocrx_word' id='word_1_258' title='bbox 465 2162 571 2216; x_wconf 91' lang='lat' dir='ltr'><strong>hoc</strong></span> <span class='ocrx_word' id='word_1_259' title='bbox 599 2163 724 2217; x_wconf 90' lang='lat' dir='ltr'><strong>loco</strong></span> <span class='ocrx_word' id='word_1_260' title='bbox 757 2161 1005 2233; x_wconf 87' lang='lat' dir='ltr'><strong>positum</strong></span> <span class='ocrx_word' id='word_1_261' title='bbox 1044 2167 1145 2229; x_wconf 90' lang='lat' dir='ltr'><strong>est,</strong></span> <span class='ocrx_word' id='word_1_262' title='bbox 1178 2163 1325 2217; x_wconf 91' lang='lat' dir='ltr'><strong>istud</strong></span> <span class='ocrx_word' id='word_1_263' title='bbox 1357 2163 1430 2217; x_wconf 89' lang='lat' dir='ltr'><strong>ad</strong></span> <span class='ocrx_word' id='word_1_264' title='bbox 1474 2178 1607 2217; x_wconf 89' lang='lat' dir='ltr'><strong>eum</strong></span> <span class='ocrx_word' id='word_1_265' title='bbox 1648 2163 1834 2217; x_wconf 83' lang='lat' dir='ltr'><strong>ferme</strong></span> 
     </span>
    </p>
   </div>
   <div class='ocr_carea' id='block_1_38' title="bbox 198 2255 1828 2328">
    <p class='ocr_par' dir='ltr' id='par_1_38' title="bbox 198 2255 1828 2328">
     <span class='ocr_line' id='line_1_38' title="bbox 198 2255 1828 2328; baseline 0.001 -20"><span class='ocrx_word' id='word_1_266' title='bbox 198 2255 439 2309; x_wconf 86' lang='lat' dir='ltr'><strong>modum</strong></span> <span class='ocrx_word' id='word_1_267' title='bbox 472 2255 790 2325; x_wconf 79' lang='lat' dir='ltr'><strong>explicatur</strong></span> <span class='ocrx_word' id='word_1_268' title='bbox 815 2272 929 2328; x_wconf 91' lang='lat' dir='ltr'><strong>quo</strong></span> <span class='ocrx_word' id='word_1_269' title='bbox 970 2256 1292 2327; x_wconf 87' lang='lat' dir='ltr'><strong>explicatur</strong></span> <span class='ocrx_word' id='word_1_270' title='bbox 1323 2256 1667 2312; x_wconf 91' lang='lat' dir='ltr'><strong>duodecimo</strong></span> <span class='ocrx_word' id='word_1_271' title='bbox 1699 2255 1828 2311; x_wconf 93' lang='lat' dir='ltr'><strong>loco</strong></span> 
     </span>
    </p>
   </div>
   <div class='ocr_carea' id='block_1_39' title="bbox 198 2349 1829 2421">
    <p class='ocr_par' dir='ltr' id='par_1_39' title="bbox 198 2349 1829 2421">
     <span class='ocr_line' id='line_1_39' title="bbox 198 2349 1829 2421; baseline 0.001 -19"><span class='ocrx_word' id='word_1_272' title='bbox 198 2350 476 2419; x_wconf 86' lang='lat' dir='ltr'><strong>positum.</strong></span> <span class='ocrx_word' id='word_1_273' title='bbox 505 2349 602 2404; x_wconf 84' lang='lat' dir='ltr'><strong>IIic</strong></span> <span class='ocrx_word' id='word_1_274' title='bbox 631 2351 822 2421; x_wconf 86' lang='lat' dir='ltr'><strong>itaque</strong></span> <span class='ocrx_word' id='word_1_275' title='bbox 867 2366 929 2403; x_wconf 89' lang='lat' dir='ltr'><strong>ea</strong></span> <span class='ocrx_word' id='word_1_276' title='bbox 974 2351 1178 2416; x_wconf 88' lang='lat' dir='ltr'><strong>recole,</strong></span> <span class='ocrx_word' id='word_1_277' title='bbox 1212 2366 1340 2421; x_wconf 67' lang='lat' dir='ltr'><strong>quae</strong></span> <span class='ocrx_word' id='word_1_278' title='bbox 1379 2350 1457 2404; x_wconf 91' lang='lat' dir='ltr'><strong>ibi</strong></span> <span class='ocrx_word' id='word_1_279' title='bbox 1499 2356 1632 2404; x_wconf 89' lang='lat' dir='ltr'><strong>sunt</strong></span> <span class='ocrx_word' id='word_1_280' title='bbox 1661 2350 1829 2404; x_wconf 90' lang='lat' dir='ltr'><strong>dicta.</strong></span> 
     </span>
    </p>
   </div>
   <div class='ocr_carea' id='block_1_40' title="bbox 203 2442 1826 2513">
    <p class='ocr_par' dir='ltr' id='par_1_40' title="bbox 203 2442 1826 2513">
     <span class='ocr_line' id='line_1_40' title="bbox 203 2442 1826 2513; baseline 0 -18"><span class='ocrx_word' id='word_1_281' title='bbox 203 2442 444 2511; x_wconf 78' lang='lat' dir='ltr'><strong>Vulgata</strong></span> <span class='ocrx_word' id='word_1_282' title='bbox 472 2443 641 2513; x_wconf 90' lang='lat' dir='ltr'><strong>paulo</strong></span> <span class='ocrx_word' id='word_1_283' title='bbox 662 2443 826 2497; x_wconf 88' lang='lat' dir='ltr'><strong>aliter</strong></span> <span class='ocrx_word' id='word_1_284' title='bbox 852 2461 919 2498; x_wconf 89' lang='lat' dir='ltr'><strong>ea</strong></span> <span class='ocrx_word' id='word_1_285' title='bbox 947 2443 1113 2497; x_wconf 88' lang='lat' dir='ltr'><strong>verba</strong></span> <span class='ocrx_word' id='word_1_286' title='bbox 1140 2443 1331 2498; x_wconf 88' lang='lat' dir='ltr'><strong>reddit</strong></span> <span class='ocrx_word' id='word_1_287' title='bbox 1362 2460 1375 2497; x_wconf 88' lang='lat'><strong>:</strong></span> <span class='ocrx_word' id='word_1_288' title='bbox 1404 2444 1679 2498; x_wconf 89' lang='lat' dir='ltr'><strong>nimirum</strong></span> <span class='ocrx_word' id='word_1_289' title='bbox 1713 2444 1790 2498; x_wconf 87' lang='lat' dir='ltr'><strong>ita</strong></span> <span class='ocrx_word' id='word_1_290' title='bbox 1816 2466 1826 2495; x_wconf 90' lang='lat'>:</span> 
     </span>
    </p>
   </div>
   <div class='ocr_carea' id='block_1_41' title="bbox 203 2537 1829 2609">
    <p class='ocr_par' dir='ltr' id='par_1_41' title="bbox 203 2537 1829 2609">
     <span class='ocr_line' id='line_1_41' title="bbox 203 2537 1829 2609; baseline 0.001 -19"><span class='ocrx_word' id='word_1_291' title='bbox 203 2558 230 2584; x_wconf 75' lang='grc' dir='ltr'>ι(</span> <span class='ocrx_word' id='word_1_292' title='bbox 262 2537 465 2591; x_wconf 79' lang='lat' dir='ltr'><strong>Nullus</strong></span> <span class='ocrx_word' id='word_1_293' title='bbox 504 2541 590 2591; x_wconf 89' lang='lat' dir='ltr'><strong>est</strong></span> <span class='ocrx_word' id='word_1_294' title='bbox 630 2538 727 2608; x_wconf 87' lang='lat' dir='ltr'><strong>qui</strong></span> <span class='ocrx_word' id='word_1_295' title='bbox 768 2543 899 2609; x_wconf 80' lang='lat' dir='ltr'><strong>agat</strong></span> <span class='ocrx_word' id='word_1_296' title='bbox 944 2537 1333 2607; x_wconf 59' lang='lat' dir='ltr'><strong>[annitentiam</strong></span> <span class='ocrx_word' id='word_1_297' title='bbox 1382 2554 1555 2609; x_wconf 87' lang='lat' dir='ltr'><strong>super</strong></span> <span class='ocrx_word' id='word_1_298' title='bbox 1596 2541 1829 2608; x_wconf 84' lang='lat' dir='ltr'><strong>peccato</strong></span> 
     </span>
    </p>
   </div>
   <div class='ocr_carea' id='block_1_42' title="bbox 200 2630 1830 2697">
    <p class='ocr_par' dir='ltr' id='par_1_42' title="bbox 200 2630 1830 2697">
     <span class='ocr_line' id='line_1_42' title="bbox 200 2630 1830 2697; baseline 0 -13"><span class='ocrx_word' id='word_1_299' title='bbox 200 2646 326 2697; x_wconf 88' lang='lat' dir='ltr'><strong>suo,</strong></span> <span class='ocrx_word' id='word_1_300' title='bbox 363 2630 595 2685; x_wconf 86' lang='lat' dir='ltr'><strong>dicens:</strong></span> <span class='ocrx_word' id='word_1_301' title='bbox 644 2631 791 2695; x_wconf 78' lang='lat' dir='ltr'><strong>Quid</strong></span> <span class='ocrx_word' id='word_1_302' title='bbox 835 2631 991 2685; x_wconf 81' lang='lat' dir='ltr'><strong>feci?</strong></span> <span class='ocrx_word' id='word_1_303' title='bbox 1036 2632 1244 2685; x_wconf 87' lang='lat' dir='ltr'><strong>Omnes</strong></span> <span class='ocrx_word' id='word_1_304' title='bbox 1277 2631 1532 2685; x_wconf 84' lang='lat' dir='ltr'><strong>conversi</strong></span> <span class='ocrx_word' id='word_1_305' title='bbox 1579 2637 1711 2685; x_wconf 90' lang='lat' dir='ltr'><strong>sunt</strong></span> <span class='ocrx_word' id='word_1_306' title='bbox 1760 2631 1830 2685; x_wconf 89' lang='lat' dir='ltr'><strong>ad</strong></span> 
     </span>
    </p>
   </div>
   <div class='ocr_carea' id='block_1_43' title="bbox 197 2723 1827 2795">
    <p class='ocr_par' dir='ltr' id='par_1_43' title="bbox 197 2723 1827 2795">
     <span class='ocr_line' id='line_1_43' title="bbox 197 2723 1827 2795; baseline 0.001 -19"><span class='ocrx_word' id='word_1_307' title='bbox 197 2740 435 2777; x_wconf 86' lang='lat' dir='ltr'><strong>cursum</strong></span> <span class='ocrx_word' id='word_1_308' title='bbox 473 2741 661 2790; x_wconf 88' lang='lat' dir='ltr'><strong>suum,</strong></span> <span class='ocrx_word' id='word_1_309' title='bbox 692 2724 849 2795; x_wconf 87' lang='lat' dir='ltr'><strong>quasi</strong></span> <span class='ocrx_word' id='word_1_310' title='bbox 883 2740 1061 2795; x_wconf 87' lang='lat' dir='ltr'><strong>equus</strong></span> <span class='ocrx_word' id='word_1_311' title='bbox 1088 2726 1312 2795; x_wconf 89' lang='lat' dir='ltr'><strong>impetu</strong></span> <span class='ocrx_word' id='word_1_312' title='bbox 1338 2724 1548 2778; x_wconf 88' lang='lat' dir='ltr'><strong>vadens</strong></span> <span class='ocrx_word' id='word_1_313' title='bbox 1586 2723 1657 2777; x_wconf 90' lang='lat' dir='ltr'><strong>ad</strong></span> <span class='ocrx_word' id='word_1_314' title='bbox 1685 2740 1827 2794; x_wconf 67' lang='lat' dir='ltr'><strong>prae-</strong></span> 
     </span>
    </p>
   </div>
   <div class='ocr_carea' id='block_1_44' title="bbox 197 2818 1831 2889">
    <p class='ocr_par' dir='ltr' id='par_1_44' title="bbox 197 2818 1831 2889">
     <span class='ocr_line' id='line_1_44' title="bbox 197 2818 1831 2889; baseline 0 -19"><span class='ocrx_word' id='word_1_315' title='bbox 197 2818 362 2871; x_wconf 89' lang='lat' dir='ltr'><strong>lium.</strong></span> <span class='ocrx_word' id='word_1_316' title='bbox 394 2839 422 2865; x_wconf 83' lang='lat'><strong>»</strong></span> <span class='ocrx_word' id='word_1_317' title='bbox 454 2820 532 2873; x_wconf 83' lang='lat' dir='ltr'><strong>Ea</strong></span> <span class='ocrx_word' id='word_1_318' title='bbox 562 2818 755 2889; x_wconf 87' lang='lat' dir='ltr'><strong>itaque</strong></span> <span class='ocrx_word' id='word_1_319' title='bbox 780 2818 1199 2888; x_wconf 82' lang='lat' dir='ltr'><strong>interpretatio,</strong></span> <span class='ocrx_word' id='word_1_320' title='bbox 1224 2834 1396 2889; x_wconf 87' lang='lat' dir='ltr'><strong>quam</strong></span> <span class='ocrx_word' id='word_1_321' title='bbox 1422 2818 1679 2888; x_wconf 89' lang='lat' dir='ltr'><strong>sequitur</strong></span> <span class='ocrx_word' id='word_1_322' title='bbox 1704 2833 1831 2871; x_wconf 90' lang='lat' dir='ltr'><strong>nos-</strong></span> 
     </span>
    </p>
   </div>
   <div class='ocr_carea' id='block_1_45' title="bbox 194 2910 1824 2983">
    <p class='ocr_par' dir='ltr' id='par_1_45' title="bbox 194 2910 1824 2983">
     <span class='ocr_line' id='line_1_45' title="bbox 194 2910 1824 2983; baseline -0.001 -18"><span class='ocrx_word' id='word_1_323' title='bbox 194 2917 283 2965; x_wconf 84' lang='lat' dir='ltr'><strong>ter</strong></span> <span class='ocrx_word' id='word_1_324' title='bbox 321 2912 587 2981; x_wconf 84' lang='lat' dir='ltr'><strong>scriptor,</strong></span> <span class='ocrx_word' id='word_1_325' title='bbox 616 2929 646 2963; x_wconf 90' lang='lat' dir='ltr'><strong>a</strong></span> <span class='ocrx_word' id='word_1_326' title='bbox 694 2912 1073 2983; x_wconf 80' lang='lat' dir='ltr'><strong>Septuaginta</strong></span> <span class='ocrx_word' id='word_1_327' title='bbox 1116 2911 1526 2982; x_wconf 87' lang='lat' dir='ltr'><strong>interpretibus</strong></span> <span class='ocrx_word' id='word_1_328' title='bbox 1571 2910 1824 2981; x_wconf 86' lang='lat' dir='ltr'><strong>proﬂuit.</strong></span> 
     </span>
    </p>
   </div>
   <div class='ocr_carea' id='block_1_46' title="bbox 194 3004 1828 3075">
    <p class='ocr_par' dir='ltr' id='par_1_46' title="bbox 194 3004 1828 3075">
     <span class='ocr_line' id='line_1_46' title="bbox 194 3004 1828 3075; baseline -0.001 -16"><span class='ocrx_word' id='word_1_329' title='bbox 194 3005 281 3060; x_wconf 89' lang='lat' dir='ltr'><strong>Sic</strong></span> <span class='ocrx_word' id='word_1_330' title='bbox 307 3011 505 3059; x_wconf 86' lang='lat' dir='ltr'><strong>autem</strong></span> <span class='ocrx_word' id='word_1_331' title='bbox 547 3022 612 3059; x_wconf 84' lang='lat' dir='ltr'><strong>ea</strong></span> <span class='ocrx_word' id='word_1_332' title='bbox 659 3004 896 3075; x_wconf 84' lang='lat' dir='ltr'><strong>explicat</strong></span> <span class='ocrx_word' id='word_1_333' title='bbox 942 3005 1326 3060; x_wconf 86' lang='lat' dir='ltr'><strong>Theodoretus</strong></span> <span class='ocrx_word' id='word_1_334' title='bbox 1367 3006 1476 3075; x_wconf 85' lang='lat' dir='ltr'><strong>(3t)</strong></span> <span class='ocrx_word' id='word_1_335' title='bbox 1512 3024 1526 3060; x_wconf 91' lang='lat'><strong>:</strong></span> <span class='ocrx_word' id='word_1_336' title='bbox 1559 3026 1587 3054; x_wconf 73' lang='grc' dir='ltr'>ι(</span> <span class='ocrx_word' id='word_1_337' title='bbox 1636 3006 1828 3075; x_wconf 85' lang='lat' dir='ltr'><strong>Equus</strong></span> 
     </span>
    </p>
   </div>
   <div class='ocr_carea' id='block_1_47' title="bbox 194 3098 1825 3171">
    <p class='ocr_par' dir='ltr' id='par_1_47' title="bbox 194 3098 1825 3171">
     <span class='ocr_line' id='line_1_47' title="bbox 194 3098 1825 3171; baseline 0.001 -19"><span class='ocrx_word' id='word_1_338' title='bbox 194 3100 422 3171; x_wconf 87' lang='lat' dir='ltr'><strong>impetu</strong></span> <span class='ocrx_word' id='word_1_339' title='bbox 470 3105 525 3153; x_wconf 87' lang='lat' dir='ltr'><strong>et</strong></span> <span class='ocrx_word' id='word_1_340' title='bbox 561 3098 790 3153; x_wconf 87' lang='lat' dir='ltr'><strong>hinnitu</strong></span> <span class='ocrx_word' id='word_1_341' title='bbox 824 3115 1079 3163; x_wconf 89' lang='lat' dir='ltr'><strong>currens,</strong></span> <span class='ocrx_word' id='word_1_342' title='bbox 1110 3105 1240 3169; x_wconf 89' lang='lat' dir='ltr'><strong>post</strong></span> <span class='ocrx_word' id='word_1_343' title='bbox 1270 3099 1523 3153; x_wconf 86' lang='lat' dir='ltr'><strong>laborem</strong></span> <span class='ocrx_word' id='word_1_344' title='bbox 1557 3099 1733 3168; x_wconf 86' lang='lat' dir='ltr'><strong>sistit;</strong></span> <span class='ocrx_word' id='word_1_345' title='bbox 1768 3099 1825 3153; x_wconf 90' lang='lat' dir='ltr'><strong>hi</strong></span> 
     </span>
    </p>
   </div>
   <div class='ocr_carea' id='block_1_48' title="bbox 195 3191 1828 3264">
    <p class='ocr_par' dir='ltr' id='par_1_48' title="bbox 195 3191 1828 3264">
     <span class='ocr_line' id='line_1_48' title="bbox 195 3191 1828 3264; baseline 0.001 -21"><span class='ocrx_word' id='word_1_346' title='bbox 195 3209 335 3247; x_wconf 85' lang='lat' dir='ltr'><strong>vero</strong></span> <span class='ocrx_word' id='word_1_347' title='bbox 370 3192 553 3264; x_wconf 89' lang='lat' dir='ltr'><strong>(impii</strong></span> <span class='ocrx_word' id='word_1_348' title='bbox 582 3193 793 3246; x_wconf 89' lang='lat' dir='ltr'><strong>scilicet</strong></span> <span class='ocrx_word' id='word_1_349' title='bbox 818 3196 878 3245; x_wconf 89' lang='lat' dir='ltr'><strong>et</strong></span> <span class='ocrx_word' id='word_1_350' title='bbox 905 3192 1262 3263; x_wconf 89' lang='lat' dir='ltr'><strong>iniquissimi)</strong></span> <span class='ocrx_word' id='word_1_351' title='bbox 1296 3192 1535 3246; x_wconf 89' lang='lat' dir='ltr'><strong>minime</strong></span> <span class='ocrx_word' id='word_1_352' title='bbox 1562 3191 1828 3245; x_wconf 83' lang='lat' dir='ltr'><strong>constite-</strong></span> 
     </span>
    </p>
   </div>
   <div class='ocr_carea' id='block_1_49' title="bbox 196 3286 1826 3342">
    <p class='ocr_par' dir='ltr' id='par_1_49' title="bbox 196 3286 1826 3342">
     <span class='ocr_line' id='line_1_49' title="bbox 196 3286 1826 3342; baseline 0 -3"><span class='ocrx_word' id='word_1_353' title='bbox 196 3292 332 3340; x_wconf 87' lang='lat' dir='ltr'><strong>runt</strong></span> <span class='ocrx_word' id='word_1_354' title='bbox 374 3286 432 3340; x_wconf 89' lang='lat' dir='ltr'><strong>in</strong></span> <span class='ocrx_word' id='word_1_355' title='bbox 473 3287 747 3342; x_wconf 83' lang='lat' dir='ltr'><strong>scelerum</strong></span> <span class='ocrx_word' id='word_1_356' title='bbox 794 3302 1026 3339; x_wconf 91' lang='lat' dir='ltr'><strong>suorum</strong></span> <span class='ocrx_word' id='word_1_357' title='bbox 1083 3302 1269 3340; x_wconf 89' lang='lat' dir='ltr'><strong>cursu.</strong></span> <span class='ocrx_word' id='word_1_358' title='bbox 1329 3306 1355 3334; x_wconf 83' lang='lat'><strong>»</strong></span> <span class='ocrx_word' id='word_1_359' title='bbox 1410 3287 1620 3341; x_wconf 88' lang='lat' dir='ltr'><strong>Locum</strong></span> <span class='ocrx_word' id='word_1_360' title='bbox 1676 3286 1826 3340; x_wconf 90' lang='lat' dir='ltr'><strong>hunc</strong></span> 
     </span>
    </p>
   </div>
   <div class='ocr_carea' id='block_1_50' title="bbox 191 3380 1179 3450">
    <p class='ocr_par' dir='ltr' id='par_1_50' title="bbox 191 3380 1179 3450">
     <span class='ocr_line' id='line_1_50' title="bbox 191 3380 1179 3450; baseline 0 -18"><span class='ocrx_word' id='word_1_361' title='bbox 191 3380 405 3449; x_wconf 79' lang='lat' dir='ltr'><strong>allegat</strong></span> <span class='ocrx_word' id='word_1_362' title='bbox 435 3380 606 3434; x_wconf 88' lang='lat' dir='ltr'><strong>etiam</strong></span> <span class='ocrx_word' id='word_1_363' title='bbox 638 3381 1022 3433; x_wconf 83' lang='lat' dir='ltr'><strong>Damascenus</strong></span> <span class='ocrx_word' id='word_1_364' title='bbox 1048 3380 1179 3450; x_wconf 80' lang='lat'><strong>(32).</strong></span> 
     </span>
    </p>
   </div>
   <div class='ocr_carea' id='block_1_51' title="bbox 264 3473 1826 3545">
    <p class='ocr_par' dir='ltr' id='par_1_51' title="bbox 264 3473 1826 3545">
     <span class='ocr_line' id='line_1_51' title="bbox 264 3473 1826 3545; baseline -0.002 -17"><span class='ocrx_word' id='word_1_365' title='bbox 264 3476 371 3528; x_wconf 86' lang='lat' dir='ltr'><strong>XX.</strong></span> <span class='ocrx_word' id='word_1_366' title='bbox 423 3477 563 3528; x_wconf 85' lang='lat' dir='ltr'><strong>Item</strong></span> <span class='ocrx_word' id='word_1_367' title='bbox 611 3473 722 3527; x_wconf 91' lang='lat' dir='ltr'><strong>illic</strong></span> <span class='ocrx_word' id='word_1_368' title='bbox 765 3474 1000 3545; x_wconf 84' lang='lat' dir='ltr'><strong>(Jerem.,</strong></span> <span class='ocrx_word' id='word_1_369' title='bbox 1044 3489 1198 3542; x_wconf 83' lang='lat' dir='ltr'><strong>xvm,</strong></span> <span class='ocrx_word' id='word_1_370' title='bbox 1234 3476 1319 3541; x_wconf 80' lang='grc' dir='ltr'><strong>Η,</strong></span> <span class='ocrx_word' id='word_1_371' title='bbox 1354 3474 1482 3540; x_wconf 79' lang='lat' dir='ltr'><strong>i2):</strong></span> <span class='ocrx_word' id='word_1_372' title='bbox 1526 3474 1826 3527; x_wconf 78' lang='lat' dir='ltr'><strong>Avertatur</strong></span> 
     </span>
    </p>
   </div>
   <div class='ocr_carea' id='block_1_52' title="bbox 188 3566 1827 3638">
    <p class='ocr_par' dir='ltr' id='par_1_52' title="bbox 188 3566 1827 3638">
     <span class='ocr_line' id='line_1_52' title="bbox 188 3566 1827 3638; baseline -0.001 -15"><span class='ocrx_word' id='word_1_373' title='bbox 188 3585 318 3637; x_wconf 85' lang='lat' dir='ltr'><strong>ergo</strong></span> <span class='ocrx_word' id='word_1_374' title='bbox 366 3571 740 3638; x_wconf 76' lang='lat' dir='ltr'><strong>unusquisque</strong></span> <span class='ocrx_word' id='word_1_375' title='bbox 771 3585 803 3622; x_wconf 92' lang='lat' dir='ltr'><strong>a</strong></span> <span class='ocrx_word' id='word_1_376' title='bbox 831 3571 922 3622; x_wconf 82' lang='lat' dir='ltr'><strong>uia</strong></span> <span class='ocrx_word' id='word_1_377' title='bbox 959 3583 1059 3623; x_wconf 87' lang='lat' dir='ltr'><strong>sua</strong></span> <span class='ocrx_word' id='word_1_378' title='bbox 1102 3569 1270 3629; x_wconf 89' lang='lat' dir='ltr'><strong>mala,</strong></span> <span class='ocrx_word' id='word_1_379' title='bbox 1303 3571 1354 3621; x_wconf 89' lang='lat' dir='ltr'><strong>et</strong></span> <span class='ocrx_word' id='word_1_380' title='bbox 1395 3566 1617 3621; x_wconf 80' lang='lat' dir='ltr'><strong>meliora</strong></span> <span class='ocrx_word' id='word_1_381' title='bbox 1660 3569 1827 3632; x_wconf 84' lang='lat' dir='ltr'><strong>facite</strong></span> 
     </span>
    </p>
   </div>
   <div class='ocr_carea' id='block_1_53' title="bbox 186 3661 1826 3729">
    <p class='ocr_par' dir='ltr' id='par_1_53' title="bbox 186 3661 1826 3729">
     <span class='ocr_line' id='line_1_53' title="bbox 186 3661 1826 3729; baseline -0.001 -13"><span class='ocrx_word' id='word_1_382' title='bbox 186 3664 382 3717; x_wconf 81' lang='lat' dir='ltr'><strong>studia</strong></span> <span class='ocrx_word' id='word_1_383' title='bbox 410 3669 607 3718; x_wconf 81' lang='lat' dir='ltr'><strong>vestra.</strong></span> <span class='ocrx_word' id='word_1_384' title='bbox 638 3666 705 3717; x_wconf 89' lang='lat' dir='ltr'><strong>Et</strong></span> <span class='ocrx_word' id='word_1_385' title='bbox 728 3663 983 3716; x_wconf 53' lang='lat' dir='ltr'><strong>(liberant</strong></span> <span class='ocrx_word' id='word_1_386' title='bbox 1016 3680 1033 3715; x_wconf 93' lang='lat'><strong><em>:</em></strong></span> <span class='ocrx_word' id='word_1_387' title='bbox 1056 3661 1516 3727; x_wconf 86' lang='lat' dir='ltr'><strong>Confortabimur,</strong></span> <span class='ocrx_word' id='word_1_388' title='bbox 1549 3662 1680 3729; x_wconf 82' lang='lat' dir='ltr'><strong>quia</strong></span> <span class='ocrx_word' id='word_1_389' title='bbox 1700 3665 1826 3729; x_wconf 84' lang='lat' dir='ltr'><strong>post</strong></span> 
     </span>
    </p>
   </div>
   <div class='ocr_carea' id='block_1_54' title="bbox 185 3755 1822 3825">
    <p class='ocr_par' dir='ltr' id='par_1_54' title="bbox 185 3755 1822 3825">
     <span class='ocr_line' id='line_1_54' title="bbox 185 3755 1822 3825; baseline -0.003 -14"><span class='ocrx_word' id='word_1_390' title='bbox 185 3758 603 3812; x_wconf 81' lang='lat' dir='ltr'><strong>adinventioues</strong></span> <span class='ocrx_word' id='word_1_391' title='bbox 644 3763 852 3811; x_wconf 83' lang='lat' dir='ltr'><strong>vestras</strong></span> <span class='ocrx_word' id='word_1_392' title='bbox 903 3755 1012 3825; x_wconf 87' lang='lat'>(33)</span> <span class='ocrx_word' id='word_1_393' title='bbox 1066 3757 1278 3822; x_wconf 83' lang='lat' dir='ltr'><strong>ibimus,</strong></span> <span class='ocrx_word' id='word_1_394' title='bbox 1322 3760 1371 3808; x_wconf 84' lang='lat' dir='ltr'><strong>et</strong></span> <span class='ocrx_word' id='word_1_395' title='bbox 1430 3755 1822 3824; x_wconf 83' lang='lat' dir='ltr'><strong>unusquisque,</strong></span> 
     </span>
    </p>
   </div>
   <div class='ocr_carea' id='block_1_55' title="bbox 191 3850 1370 3921">
    <p class='ocr_par' dir='ltr' id='par_1_55' title="bbox 191 3850 1370 3921">
     <span class='ocr_line' id='line_1_55' title="bbox 191 3850 1370 3921; baseline -0.003 -16"><span class='ocrx_word' id='word_1_396' title='bbox 191 3868 318 3920; x_wconf 72' lang='lat' dir='ltr'><strong>qua?</strong></span> <span class='ocrx_word' id='word_1_397' title='bbox 344 3853 565 3921; x_wconf 81' lang='lat' dir='ltr'><strong>placent</strong></span> <span class='ocrx_word' id='word_1_398' title='bbox 593 3851 745 3905; x_wconf 85' lang='lat' dir='ltr'><strong>cordi</strong></span> <span class='ocrx_word' id='word_1_399' title='bbox 770 3865 883 3911; x_wconf 88' lang='lat' dir='ltr'><strong>suo,</strong></span> <span class='ocrx_word' id='word_1_400' title='bbox 913 3850 1062 3903; x_wconf 86' lang='lat' dir='ltr'><strong>mala</strong></span> <span class='ocrx_word' id='word_1_401' title='bbox 1092 3850 1370 3917; x_wconf 84' lang='lat' dir='ltr'><strong>faciemus.</strong></span> 
     </span>
    </p>
   </div>
   <div class='ocr_carea' id='block_1_56' title="bbox 262 3938 1823 4010">
    <p class='ocr_par' dir='ltr' id='par_1_56' title="bbox 262 3938 1823 4010">
     <span class='ocr_line' id='line_1_56' title="bbox 262 3938 1823 4010; baseline -0.002 -16"><span class='ocrx_word' id='word_1_402' title='bbox 262 3940 326 3995; x_wconf 90' lang='lat' dir='ltr'><strong>Si</strong></span> <span class='ocrx_word' id='word_1_403' title='bbox 374 3956 577 3994; x_wconf 88' lang='lat' dir='ltr'><strong>eorum</strong></span> <span class='ocrx_word' id='word_1_404' title='bbox 612 3938 959 4007; x_wconf 90' lang='lat' dir='ltr'><strong>memineris,</strong></span> <span class='ocrx_word' id='word_1_405' title='bbox 993 3955 1121 4010; x_wconf 77' lang='lat' dir='ltr'><strong>quae</strong></span> <span class='ocrx_word' id='word_1_406' title='bbox 1165 3938 1237 3992; x_wconf 89' lang='lat' dir='ltr'><strong>ad</strong></span> <span class='ocrx_word' id='word_1_407' title='bbox 1266 3938 1456 3992; x_wconf 91' lang='lat' dir='ltr'><strong>locum</strong></span> <span class='ocrx_word' id='word_1_408' title='bbox 1501 3953 1595 4005; x_wconf 84' lang='lat' dir='ltr'><strong>xu,</strong></span> <span class='ocrx_word' id='word_1_409' title='bbox 1625 3953 1823 3992; x_wconf 89' lang='lat' dir='ltr'><strong>eorum</strong></span> 
     </span>
    </p>
   </div>
   <div class='ocr_carea' id='block_1_57' title="bbox 184 4031 1820 4105">
    <p class='ocr_par' dir='ltr' id='par_1_57' title="bbox 184 4031 1820 4105">
     <span class='ocr_line' id='line_1_57' title="bbox 184 4031 1820 4105; baseline -0.004 -16"><span class='ocrx_word' id='word_1_410' title='bbox 184 4049 451 4105; x_wconf 86' lang='lat' dir='ltr'><strong>quoque,</strong></span> <span class='ocrx_word' id='word_1_411' title='bbox 479 4050 608 4105; x_wconf 74' lang='lat' dir='ltr'><strong>qum</strong></span> <span class='ocrx_word' id='word_1_412' title='bbox 645 4034 713 4087; x_wconf 88' lang='lat' dir='ltr'><strong>ad</strong></span> <span class='ocrx_word' id='word_1_413' title='bbox 742 4049 853 4099; x_wconf 68' lang='lat' dir='ltr'><strong>xxv,</strong></span> <span class='ocrx_word' id='word_1_414' title='bbox 884 4049 949 4086; x_wconf 83' lang='lat' dir='ltr'><strong>xv</strong></span> <span class='ocrx_word' id='word_1_415' title='bbox 975 4039 1032 4088; x_wconf 88' lang='lat' dir='ltr'><strong>et</strong></span> <span class='ocrx_word' id='word_1_416' title='bbox 1082 4032 1487 4103; x_wconf 87' lang='lat' dir='ltr'><strong>subsequentes</strong></span> <span class='ocrx_word' id='word_1_417' title='bbox 1528 4031 1820 4086; x_wconf 85' lang='lat' dir='ltr'><strong>annotavi-</strong></span> 
     </span>
    </p>
   </div>
   <div class='ocr_carea' id='block_1_58' title="bbox 186 4125 1818 4198">
    <p class='ocr_par' dir='ltr' id='par_1_58' title="bbox 186 4125 1818 4198">
     <span class='ocr_line' id='line_1_58' title="bbox 186 4125 1818 4198; baseline -0.002 -16"><span class='ocrx_word' id='word_1_418' title='bbox 186 4147 344 4194; x_wconf 88' lang='lat' dir='ltr'><strong>mus,</strong></span> <span class='ocrx_word' id='word_1_419' title='bbox 370 4128 534 4181; x_wconf 87' lang='lat' dir='ltr'><strong>facile</strong></span> <span class='ocrx_word' id='word_1_420' title='bbox 554 4127 829 4198; x_wconf 88' lang='lat' dir='ltr'><strong>percipies</strong></span> <span class='ocrx_word' id='word_1_421' title='bbox 850 4143 964 4198; x_wconf 91' lang='lat' dir='ltr'><strong>quo</strong></span> <span class='ocrx_word' id='word_1_422' title='bbox 987 4126 1284 4197; x_wconf 88' lang='lat' dir='ltr'><strong>superiora</strong></span> <span class='ocrx_word' id='word_1_423' title='bbox 1311 4125 1482 4180; x_wconf 84' lang='lat' dir='ltr'><strong>verba</strong></span> <span class='ocrx_word' id='word_1_424' title='bbox 1495 4126 1818 4180; x_wconf 84' lang='lat' dir='ltr'><strong>collineant.</strong></span> 
     </span>
    </p>
   </div>
   <div class='ocr_carea' id='block_1_59' title="bbox 184 4219 1824 4293">
    <p class='ocr_par' dir='ltr' id='par_1_59' title="bbox 184 4219 1824 4293">
     <span class='ocr_line' id='line_1_59' title="bbox 184 4219 1824 4293; baseline -0.002 -16"><span class='ocrx_word' id='word_1_425' title='bbox 184 4225 505 4293; x_wconf 82' lang='lat' dir='ltr'><strong>Propterea</strong></span> <span class='ocrx_word' id='word_1_426' title='bbox 548 4238 713 4291; x_wconf 90' lang='lat' dir='ltr'><strong>porro</strong></span> <span class='ocrx_word' id='word_1_427' title='bbox 743 4238 810 4274; x_wconf 88' lang='lat' dir='ltr'><strong>ea</strong></span> <span class='ocrx_word' id='word_1_428' title='bbox 850 4220 1018 4275; x_wconf 85' lang='lat' dir='ltr'><strong>allata</strong></span> <span class='ocrx_word' id='word_1_429' title='bbox 1066 4220 1156 4273; x_wconf 89' lang='lat' dir='ltr'><strong>hic</strong></span> <span class='ocrx_word' id='word_1_430' title='bbox 1198 4225 1360 4291; x_wconf 88' lang='lat' dir='ltr'><strong>puto,</strong></span> <span class='ocrx_word' id='word_1_431' title='bbox 1394 4224 1455 4272; x_wconf 91' lang='lat' dir='ltr'><strong>ut</strong></span> <span class='ocrx_word' id='word_1_432' title='bbox 1503 4220 1647 4273; x_wconf 88' lang='lat' dir='ltr'><strong>sicut</strong></span> <span class='ocrx_word' id='word_1_433' title='bbox 1687 4219 1824 4273; x_wconf 90' lang='lat' dir='ltr'><strong>olim</strong></span> 
     </span>
    </p>
   </div>
   <div class='ocr_carea' id='block_1_60' title="bbox 186 4312 1823 4385">
    <p class='ocr_par' dir='ltr' id='par_1_60' title="bbox 186 4312 1823 4385">
     <span class='ocr_line' id='line_1_60' title="bbox 186 4312 1823 4385; baseline -0.003 -15"><span class='ocrx_word' id='word_1_434' title='bbox 186 4315 426 4371; x_wconf 84' lang='lat' dir='ltr'><strong>vocanti</strong></span> <span class='ocrx_word' id='word_1_435' title='bbox 453 4315 694 4370; x_wconf 90' lang='lat' dir='ltr'><strong>Domino</strong></span> <span class='ocrx_word' id='word_1_436' title='bbox 725 4315 794 4368; x_wconf 89' lang='lat' dir='ltr'><strong>ad</strong></span> <span class='ocrx_word' id='word_1_437' title='bbox 828 4313 1223 4385; x_wconf 73' lang='lat' dir='ltr'><strong>pcenitentiam</strong></span> <span class='ocrx_word' id='word_1_438' title='bbox 1262 4312 1533 4366; x_wconf 67' lang='lat' dir='ltr'><strong>Hebraeus</strong></span> <span class='ocrx_word' id='word_1_439' title='bbox 1577 4312 1823 4382; x_wconf 90' lang='lat' dir='ltr'><strong>populus</strong></span> 
     </span>
    </p>
   </div>
   <div class='ocr_carea' id='block_1_61' title="bbox 182 4405 1819 4477">
    <p class='ocr_par' dir='ltr' id='par_1_61' title="bbox 182 4405 1819 4477">
     <span class='ocr_line' id='line_1_61' title="bbox 182 4405 1819 4477; baseline -0.002 -13"><span class='ocrx_word' id='word_1_440' title='bbox 182 4410 501 4464; x_wconf 86' lang='lat' dir='ltr'><strong>sceleribus</strong></span> <span class='ocrx_word' id='word_1_441' title='bbox 540 4409 655 4462; x_wconf 88' lang='lat' dir='ltr'><strong>suis</strong></span> <span class='ocrx_word' id='word_1_442' title='bbox 705 4407 1006 4461; x_wconf 89' lang='lat' dir='ltr'><strong>obstrictus</strong></span> <span class='ocrx_word' id='word_1_443' title='bbox 1054 4422 1254 4477; x_wconf 89' lang='lat' dir='ltr'><strong>parere</strong></span> <span class='ocrx_word' id='word_1_444' title='bbox 1303 4405 1612 4471; x_wconf 86' lang='lat' dir='ltr'><strong>recusabat,</strong></span> <span class='ocrx_word' id='word_1_445' title='bbox 1648 4406 1819 4460; x_wconf 87' lang='lat' dir='ltr'><strong>male-</strong></span> 
     </span>
    </p>
   </div>
   <div class='ocr_carea' id='block_1_62' title="bbox 1847 3143 1902 3218">
    <p class='ocr_par' dir='ltr' id='par_1_62' title="bbox 1847 3143 1902 3218">
     <span class='ocr_line' id='line_1_62' title="bbox 1847 3143 1902 3218; baseline 0 0"><span class='ocrx_word' id='word_1_446' title='bbox 1847 3143 1902 3218; x_wconf 86' lang='lat' dir='ltr'>C</span> 
     </span>
    </p>
   </div>
   <div class='ocr_carea' id='block_1_63' title="bbox 1935 1879 3564 1951">
    <p class='ocr_par' dir='ltr' id='par_1_63' title="bbox 1935 1879 3564 1951">
     <span class='ocr_line' id='line_1_63' title="bbox 1935 1879 3564 1951; baseline -0.002 -14"><span class='ocrx_word' id='word_1_447' title='bbox 1935 1883 2102 1937; x_wconf 87' lang='lat' dir='ltr'><strong>corda</strong></span> <span class='ocrx_word' id='word_1_448' title='bbox 2127 1887 2312 1938; x_wconf 87' lang='lat' dir='ltr'><strong>nostra</strong></span> <span class='ocrx_word' id='word_1_449' title='bbox 2338 1898 2454 1937; x_wconf 89' lang='lat' dir='ltr'><strong>cum</strong></span> <span class='ocrx_word' id='word_1_450' title='bbox 2480 1882 2729 1936; x_wconf 89' lang='lat' dir='ltr'><strong>manibus</strong></span> <span class='ocrx_word' id='word_1_451' title='bbox 2758 1883 2980 1943; x_wconf 85' lang='lat' dir='ltr'><strong>nostris,</strong></span> <span class='ocrx_word' id='word_1_452' title='bbox 3015 1886 3065 1935; x_wconf 86' lang='lat' dir='ltr'><strong>et</strong></span> <span class='ocrx_word' id='word_1_453' title='bbox 3104 1882 3451 1951; x_wconf 80' lang='lat' dir='ltr'><strong>respiciamus</strong></span> <span class='ocrx_word' id='word_1_454' title='bbox 3490 1879 3564 1933; x_wconf 83' lang='lat' dir='ltr'><strong>ad</strong></span> 
     </span>
    </p>
   </div>
   <div class='ocr_carea' id='block_1_64' title="bbox 1933 1975 3563 2046">
    <p class='ocr_par' dir='ltr' id='par_1_64' title="bbox 1933 1975 3563 2046">
     <span class='ocr_line' id='line_1_64' title="bbox 1933 1975 3563 2046; baseline -0.003 -15"><span class='ocrx_word' id='word_1_455' title='bbox 1933 1978 2241 2040; x_wconf 87' lang='lat' dir='ltr'><strong>Dominum,</strong></span> <span class='ocrx_word' id='word_1_456' title='bbox 2288 1978 2383 2046; x_wconf 89' lang='lat' dir='ltr'><strong>qui</strong></span> <span class='ocrx_word' id='word_1_457' title='bbox 2420 1976 2634 2030; x_wconf 80' lang='lat' dir='ltr'><strong>habitat</strong></span> <span class='ocrx_word' id='word_1_458' title='bbox 2672 1977 2731 2029; x_wconf 88' lang='lat' dir='ltr'><strong>in</strong></span> <span class='ocrx_word' id='word_1_459' title='bbox 2771 1976 2934 2029; x_wconf 66' lang='lat' dir='ltr'><strong>caelis.</strong></span> <span class='ocrx_word' id='word_1_460' title='bbox 2982 1975 3089 2030; x_wconf 90' lang='lat' dir='ltr'><strong>Nos</strong></span> <span class='ocrx_word' id='word_1_461' title='bbox 3131 1976 3483 2044; x_wconf 80' lang='lat' dir='ltr'><strong>peccauimus,</strong></span> <span class='ocrx_word' id='word_1_462' title='bbox 3512 1976 3563 2027; x_wconf 88' lang='lat' dir='ltr'><strong>et</strong></span> 
     </span>
    </p>
   </div>
   <div class='ocr_carea' id='block_1_65' title="bbox 1934 2071 3053 2140">
    <p class='ocr_par' dir='ltr' id='par_1_65' title="bbox 1934 2071 3053 2140">
     <span class='ocr_line' id='line_1_65' title="bbox 1934 2071 3053 2140; baseline -0.003 -15"><span class='ocrx_word' id='word_1_463' title='bbox 1934 2073 2293 2133; x_wconf 81' lang='lat' dir='ltr'><strong>irritavimus,</strong></span> <span class='ocrx_word' id='word_1_464' title='bbox 2325 2076 2375 2125; x_wconf 89' lang='lat' dir='ltr'><strong>et</strong></span> <span class='ocrx_word' id='word_1_465' title='bbox 2402 2075 2461 2124; x_wconf 82' lang='lat' dir='ltr'><strong>tu</strong></span> <span class='ocrx_word' id='word_1_466' title='bbox 2489 2085 2597 2125; x_wconf 88' lang='lat' dir='ltr'><strong>non</strong></span> <span class='ocrx_word' id='word_1_467' title='bbox 2626 2085 2677 2125; x_wconf 88' lang='lat' dir='ltr'><strong>es</strong></span> <span class='ocrx_word' id='word_1_468' title='bbox 2696 2071 3053 2140; x_wconf 78' lang='lat' dir='ltr'><strong>propitiatus.</strong></span> 
     </span>
    </p>
   </div>
   <div class='ocr_carea' id='block_1_66' title="bbox 2003 2161 3559 2236">
    <p class='ocr_par' dir='ltr' id='par_1_66' title="bbox 2003 2161 3559 2236">
     <span class='ocr_line' id='line_1_66' title="bbox 2003 2161 3559 2236; baseline -0.003 -17"><span class='ocrx_word' id='word_1_469' title='bbox 2003 2166 2177 2219; x_wconf 91' lang='lat' dir='ltr'><strong>Voces</strong></span> <span class='ocrx_word' id='word_1_470' title='bbox 2221 2164 2550 2236; x_wconf 65' lang='lat' dir='ltr'><strong>paenitentis</strong></span> <span class='ocrx_word' id='word_1_471' title='bbox 2592 2164 2663 2218; x_wconf 92' lang='lat' dir='ltr'><strong>ad</strong></span> <span class='ocrx_word' id='word_1_472' title='bbox 2714 2164 2897 2217; x_wconf 90' lang='lat' dir='ltr'><strong>Deum</strong></span> <span class='ocrx_word' id='word_1_473' title='bbox 2935 2162 3236 2217; x_wconf 89' lang='lat' dir='ltr'><strong>clamantis</strong></span> <span class='ocrx_word' id='word_1_474' title='bbox 3281 2164 3451 2234; x_wconf 89' lang='lat' dir='ltr'><strong>atque</strong></span> <span class='ocrx_word' id='word_1_475' title='bbox 3487 2161 3559 2215; x_wconf 92' lang='lat' dir='ltr'><strong>ab</strong></span> 
     </span>
    </p>
   </div>
   <div class='ocr_carea' id='block_1_67' title="bbox 1933 2256 3559 2327">
    <p class='ocr_par' dir='ltr' id='par_1_67' title="bbox 1933 2256 3559 2327">
     <span class='ocr_line' id='line_1_67' title="bbox 1933 2256 3559 2327; baseline -0.002 -13"><span class='ocrx_word' id='word_1_476' title='bbox 1933 2275 1999 2314; x_wconf 86' lang='lat' dir='ltr'><strong>eo</strong></span> <span class='ocrx_word' id='word_1_477' title='bbox 2028 2258 2253 2313; x_wconf 82' lang='lat' dir='ltr'><strong>veniam</strong></span> <span class='ocrx_word' id='word_1_478' title='bbox 2281 2264 2336 2313; x_wconf 87' lang='lat' dir='ltr'><strong>et</strong></span> <span class='ocrx_word' id='word_1_479' title='bbox 2379 2257 2810 2312; x_wconf 88' lang='lat' dir='ltr'><strong>miserationem</strong></span> <span class='ocrx_word' id='word_1_480' title='bbox 2855 2257 3213 2327; x_wconf 81' lang='lat' dir='ltr'><strong>exposeentis</strong></span> <span class='ocrx_word' id='word_1_481' title='bbox 3241 2256 3406 2311; x_wconf 84' lang='lat' dir='ltr'><strong>verba</strong></span> <span class='ocrx_word' id='word_1_482' title='bbox 3438 2256 3559 2310; x_wconf 65' lang='lat' dir='ltr'><strong>haec</strong></span> 
     </span>
    </p>
   </div>
   <div class='ocr_carea' id='block_1_68' title="bbox 1934 2350 3554 2424">
    <p class='ocr_par' dir='ltr' id='par_1_68' title="bbox 1934 2350 3554 2424">
     <span class='ocr_line' id='line_1_68' title="bbox 1934 2350 3554 2424; baseline -0.002 -17"><span class='ocrx_word' id='word_1_483' title='bbox 1934 2354 2281 2424; x_wconf 86' lang='lat' dir='ltr'><strong>exprimunt.</strong></span> <span class='ocrx_word' id='word_1_484' title='bbox 2310 2353 2626 2407; x_wconf 90' lang='lat' dir='ltr'><strong>Invitantur</strong></span> <span class='ocrx_word' id='word_1_485' title='bbox 2652 2351 2838 2422; x_wconf 90' lang='lat' dir='ltr'><strong>itaque</strong></span> <span class='ocrx_word' id='word_1_486' title='bbox 2878 2350 2965 2404; x_wconf 90' lang='lat' dir='ltr'><strong>his</strong></span> <span class='ocrx_word' id='word_1_487' title='bbox 2994 2351 3178 2422; x_wconf 89' lang='lat' dir='ltr'><strong>primo</strong></span> <span class='ocrx_word' id='word_1_488' title='bbox 3210 2353 3554 2421; x_wconf 88' lang='lat' dir='ltr'><strong>peccatores,</strong></span> 
     </span>
    </p>
   </div>
   <div class='ocr_carea' id='block_1_69' title="bbox 1932 2441 3557 2517">
    <p class='ocr_par' dir='ltr' id='par_1_69' title="bbox 1932 2441 3557 2517">
     <span class='ocr_line' id='line_1_69' title="bbox 1932 2441 3557 2517; baseline -0.002 -18"><span class='ocrx_word' id='word_1_489' title='bbox 1932 2447 2255 2517; x_wconf 87' lang='lat' dir='ltr'><strong>quicunque</strong></span> <span class='ocrx_word' id='word_1_490' title='bbox 2299 2445 2530 2500; x_wconf 81' lang='lat' dir='ltr'><strong>tandem</strong></span> <span class='ocrx_word' id='word_1_491' title='bbox 2581 2443 2620 2498; x_wconf 90' lang='lat' dir='ltr'><strong>ii</strong></span> <span class='ocrx_word' id='word_1_492' title='bbox 2665 2444 2797 2512; x_wconf 89' lang='lat' dir='ltr'><strong>sint,</strong></span> <span class='ocrx_word' id='word_1_493' title='bbox 2828 2444 3067 2514; x_wconf 87' lang='lat' dir='ltr'><strong>ideoque</strong></span> <span class='ocrx_word' id='word_1_494' title='bbox 3112 2443 3405 2497; x_wconf 87' lang='lat' dir='ltr'><strong>Novatiani</strong></span> <span class='ocrx_word' id='word_1_495' title='bbox 3450 2441 3557 2512; x_wconf 89' lang='lat' dir='ltr'><strong>ipsi</strong></span> 
     </span>
    </p>
   </div>
   <div class='ocr_carea' id='block_1_70' title="bbox 1933 2537 3555 2609">
    <p class='ocr_par' dir='ltr' id='par_1_70' title="bbox 1933 2537 3555 2609">
     <span class='ocr_line' id='line_1_70' title="bbox 1933 2537 3555 2609; baseline -0.003 -16"><span class='ocrx_word' id='word_1_496' title='bbox 1933 2546 1990 2594; x_wconf 90' lang='lat' dir='ltr'><strong>et</strong></span> <span class='ocrx_word' id='word_1_497' title='bbox 2016 2539 2378 2607; x_wconf 84' lang='lat' dir='ltr'><strong>schismatici,</strong></span> <span class='ocrx_word' id='word_1_498' title='bbox 2411 2538 2482 2592; x_wconf 92' lang='lat' dir='ltr'><strong>ad</strong></span> <span class='ocrx_word' id='word_1_499' title='bbox 2523 2537 2935 2609; x_wconf 65' lang='lat' dir='ltr'><strong>paenitentiam.</strong></span> <span class='ocrx_word' id='word_1_500' title='bbox 2965 2537 3299 2592; x_wconf 87' lang='lat' dir='ltr'><strong>Ostenditur</strong></span> <span class='ocrx_word' id='word_1_501' title='bbox 3328 2551 3555 2608; x_wconf 89' lang='lat' dir='ltr'><strong>quoque</strong></span> 
     </span>
    </p>
   </div>
   <div class='ocr_carea' id='block_1_71' title="bbox 1931 2629 3549 2703">
    <p class='ocr_par' dir='ltr' id='par_1_71' title="bbox 1931 2629 3549 2703">
     <span class='ocr_line' id='line_1_71' title="bbox 1931 2629 3549 2703; baseline -0.002 -17"><span class='ocrx_word' id='word_1_502' title='bbox 1931 2633 2221 2687; x_wconf 83' lang='lat' dir='ltr'><strong>immerito</strong></span> <span class='ocrx_word' id='word_1_503' title='bbox 2252 2631 2525 2703; x_wconf 80' lang='lat' dir='ltr'><strong>praecludi</strong></span> <span class='ocrx_word' id='word_1_504' title='bbox 2556 2631 2701 2685; x_wconf 87' lang='lat' dir='ltr'><strong>viam</strong></span> <span class='ocrx_word' id='word_1_505' title='bbox 2728 2632 2795 2685; x_wconf 90' lang='lat' dir='ltr'><strong>ad</strong></span> <span class='ocrx_word' id='word_1_506' title='bbox 2833 2631 3254 2701; x_wconf 83' lang='lat' dir='ltr'><strong>paenitentiam,</strong></span> <span class='ocrx_word' id='word_1_507' title='bbox 3286 2629 3549 2701; x_wconf 87' lang='lat' dir='ltr'><strong>quando-</strong></span> 
     </span>
    </p>
   </div>
   <div class='ocr_carea' id='block_1_72' title="bbox 1931 2724 3555 2797">
    <p class='ocr_par' dir='ltr' id='par_1_72' title="bbox 1931 2724 3555 2797">
     <span class='ocr_line' id='line_1_72' title="bbox 1931 2724 3555 2797; baseline -0.004 -16"><span class='ocrx_word' id='word_1_508' title='bbox 1931 2727 2158 2797; x_wconf 86' lang='lat' dir='ltr'><strong>quidem</strong></span> <span class='ocrx_word' id='word_1_509' title='bbox 2222 2725 2462 2797; x_wconf 84' lang='lat' dir='ltr'><strong>Spiritus</strong></span> <span class='ocrx_word' id='word_1_510' title='bbox 2522 2732 2746 2780; x_wconf 88' lang='lat' dir='ltr'><strong>sanctus</strong></span> <span class='ocrx_word' id='word_1_511' title='bbox 2808 2741 2909 2795; x_wconf 88' lang='lat' dir='ltr'><strong>per</strong></span> <span class='ocrx_word' id='word_1_512' title='bbox 2970 2724 3278 2779; x_wconf 80' lang='lat' dir='ltr'><strong>Jeremiam</strong></span> <span class='ocrx_word' id='word_1_513' title='bbox 3357 2739 3555 2777; x_wconf 87' lang='lat' dir='ltr'><strong>eorum</strong></span> 
     </span>
    </p>
   </div>
   <div class='ocr_carea' id='block_1_73' title="bbox 1930 2818 3553 2891">
    <p class='ocr_par' dir='ltr' id='par_1_73' title="bbox 1930 2818 3553 2891">
     <span class='ocr_line' id='line_1_73' title="bbox 1930 2818 3553 2891; baseline -0.002 -18"><span class='ocrx_word' id='word_1_514' title='bbox 1930 2821 2215 2891; x_wconf 87' lang='lat' dir='ltr'><strong>proponit,</strong></span> <span class='ocrx_word' id='word_1_515' title='bbox 2251 2836 2316 2873; x_wconf 91' lang='lat' dir='ltr'><strong>ac</strong></span> <span class='ocrx_word' id='word_1_516' title='bbox 2354 2818 2553 2873; x_wconf 90' lang='lat' dir='ltr'><strong>laudat</strong></span> <span class='ocrx_word' id='word_1_517' title='bbox 2578 2820 2861 2890; x_wconf 88' lang='lat' dir='ltr'><strong>exempla,</strong></span> <span class='ocrx_word' id='word_1_518' title='bbox 2895 2818 2994 2889; x_wconf 90' lang='lat' dir='ltr'><strong>qui</strong></span> <span class='ocrx_word' id='word_1_519' title='bbox 3030 2818 3364 2888; x_wconf 88' lang='lat' dir='ltr'><strong>pravitatem</strong></span> <span class='ocrx_word' id='word_1_520' title='bbox 3393 2833 3553 2870; x_wconf 85' lang='lat' dir='ltr'><strong>suam</strong></span> 
     </span>
    </p>
   </div>
   <div class='ocr_carea' id='block_1_74' title="bbox 1931 2911 3554 2984">
    <p class='ocr_par' dir='ltr' id='par_1_74' title="bbox 1931 2911 3554 2984">
     <span class='ocr_line' id='line_1_74' title="bbox 1931 2911 3554 2984; baseline -0.002 -17"><span class='ocrx_word' id='word_1_521' title='bbox 1931 2914 2187 2967; x_wconf 88' lang='lat' dir='ltr'><strong>detestati</strong></span> <span class='ocrx_word' id='word_1_522' title='bbox 2239 2930 2252 2967; x_wconf 89' lang='lat'><strong><em>:</em></strong></span> <span class='ocrx_word' id='word_1_523' title='bbox 2331 2934 2356 2960; x_wconf 75' lang='grc' dir='ltr'>«ι</span> <span class='ocrx_word' id='word_1_524' title='bbox 2419 2914 2775 2980; x_wconf 87' lang='lat' dir='ltr'><strong>Scrutemur,</strong></span> <span class='ocrx_word' id='word_1_525' title='bbox 2827 2912 3097 2984; x_wconf 90' lang='lat' dir='ltr'><strong>inquiunt</strong></span> <span class='ocrx_word' id='word_1_526' title='bbox 3149 2912 3344 2983; x_wconf 80' lang='lat' dir='ltr'><strong>(placet</strong></span> <span class='ocrx_word' id='word_1_527' title='bbox 3399 2911 3554 2966; x_wconf 89' lang='lat' dir='ltr'><strong>enim</strong></span> 
     </span>
    </p>
   </div>
   <div class='ocr_carea' id='block_1_75' title="bbox 1934 3006 3555 3079">
    <p class='ocr_par' dir='ltr' id='par_1_75' title="bbox 1934 3006 3555 3079">
     <span class='ocr_line' id='line_1_75' title="bbox 1934 3006 3555 3079; baseline -0.001 -18"><span class='ocrx_word' id='word_1_528' title='bbox 1934 3009 2239 3079; x_wconf 80' lang='lat' dir='ltr'><strong>Vulgatam</strong></span> <span class='ocrx_word' id='word_1_529' title='bbox 2291 3006 2471 3077; x_wconf 87' lang='lat' dir='ltr'><strong>sequi)</strong></span> <span class='ocrx_word' id='word_1_530' title='bbox 2519 3006 2635 3059; x_wconf 89' lang='lat' dir='ltr'><strong>vias</strong></span> <span class='ocrx_word' id='word_1_531' title='bbox 2688 3012 2929 3075; x_wconf 87' lang='lat' dir='ltr'><strong>nostras,</strong></span> <span class='ocrx_word' id='word_1_532' title='bbox 2984 3012 3040 3059; x_wconf 91' lang='lat' dir='ltr'><strong>et</strong></span> <span class='ocrx_word' id='word_1_533' title='bbox 3102 3021 3439 3077; x_wconf 68' lang='lat' dir='ltr'><strong>qumramus,</strong></span> <span class='ocrx_word' id='word_1_534' title='bbox 3498 3010 3555 3060; x_wconf 88' lang='lat' dir='ltr'><strong>et</strong></span> 
     </span>
    </p>
   </div>
   <div class='ocr_carea' id='block_1_76' title="bbox 1930 3100 3554 3156">
    <p class='ocr_par' dir='ltr' id='par_1_76' title="bbox 1930 3100 3554 3156">
     <span class='ocr_line' id='line_1_76' title="bbox 1930 3100 3554 3156; baseline -0.001 -1"><span class='ocrx_word' id='word_1_535' title='bbox 1930 3106 2282 3156; x_wconf 86' lang='lat' dir='ltr'><strong>revertamur</strong></span> <span class='ocrx_word' id='word_1_536' title='bbox 2329 3100 2403 3154; x_wconf 89' lang='lat' dir='ltr'><strong>ad</strong></span> <span class='ocrx_word' id='word_1_537' title='bbox 2451 3100 2772 3155; x_wconf 89' lang='lat' dir='ltr'><strong>Dominum.</strong></span> <span class='ocrx_word' id='word_1_538' title='bbox 2822 3100 3096 3154; x_wconf 86' lang='lat' dir='ltr'><strong>Levcmus</strong></span> <span class='ocrx_word' id='word_1_539' title='bbox 3145 3100 3320 3154; x_wconf 89' lang='lat' dir='ltr'><strong>corda</strong></span> <span class='ocrx_word' id='word_1_540' title='bbox 3363 3106 3554 3154; x_wconf 86' lang='lat' dir='ltr'><strong>nostra</strong></span> 
     </span>
    </p>
   </div>
   <div class='ocr_carea' id='block_1_77' title="bbox 1928 3193 3553 3265">
    <p class='ocr_par' dir='ltr' id='par_1_77' title="bbox 1928 3193 3553 3265">
     <span class='ocr_line' id='line_1_77' title="bbox 1928 3193 3553 3265; baseline -0.002 -16"><span class='ocrx_word' id='word_1_541' title='bbox 1928 3210 2059 3249; x_wconf 90' lang='lat' dir='ltr'><strong>cum</strong></span> <span class='ocrx_word' id='word_1_542' title='bbox 2089 3194 2349 3249; x_wconf 87' lang='lat' dir='ltr'><strong>manibus</strong></span> <span class='ocrx_word' id='word_1_543' title='bbox 2377 3195 2447 3248; x_wconf 90' lang='lat' dir='ltr'><strong>ad</strong></span> <span class='ocrx_word' id='word_1_544' title='bbox 2475 3193 2777 3248; x_wconf 90' lang='lat' dir='ltr'><strong>Dominum</strong></span> <span class='ocrx_word' id='word_1_545' title='bbox 2806 3194 2865 3247; x_wconf 90' lang='lat' dir='ltr'><strong>in</strong></span> <span class='ocrx_word' id='word_1_546' title='bbox 2883 3194 3071 3249; x_wconf 72' lang='lat' dir='ltr'><strong>caelos.</strong></span> <span class='ocrx_word' id='word_1_547' title='bbox 3091 3194 3407 3265; x_wconf 76' lang='lat' dir='ltr'><strong>Nosiniquc</strong></span> <span class='ocrx_word' id='word_1_548' title='bbox 3434 3194 3553 3263; x_wconf 84' lang='lat' dir='ltr'><strong>egi-</strong></span> 
     </span>
    </p>
   </div>
   <div class='ocr_carea' id='block_1_78' title="bbox 1927 3286 3551 3358">
    <p class='ocr_par' dir='ltr' id='par_1_78' title="bbox 1927 3286 3551 3358">
     <span class='ocr_line' id='line_1_78' title="bbox 1927 3286 3551 3358; baseline -0.001 -16"><span class='ocrx_word' id='word_1_549' title='bbox 1927 3305 2073 3357; x_wconf 87' lang='lat' dir='ltr'><strong>mus,</strong></span> <span class='ocrx_word' id='word_1_550' title='bbox 2120 3293 2173 3341; x_wconf 88' lang='lat' dir='ltr'><strong>et</strong></span> <span class='ocrx_word' id='word_1_551' title='bbox 2217 3287 2289 3343; x_wconf 91' lang='lat' dir='ltr'><strong>ad</strong></span> <span class='ocrx_word' id='word_1_552' title='bbox 2334 3286 2689 3341; x_wconf 89' lang='lat' dir='ltr'><strong>iracundiam</strong></span> <span class='ocrx_word' id='word_1_553' title='bbox 2731 3287 3191 3358; x_wconf 87' lang='lat' dir='ltr'><strong>provocavimus;</strong></span> <span class='ocrx_word' id='word_1_554' title='bbox 3236 3288 3445 3342; x_wconf 91' lang='lat' dir='ltr'><strong>idcirco</strong></span> <span class='ocrx_word' id='word_1_555' title='bbox 3490 3290 3551 3340; x_wconf 89' lang='lat' dir='ltr'><strong>tu</strong></span> 
     </span>
    </p>
   </div>
   <div class='ocr_carea' id='block_1_79' title="bbox 1928 3380 3548 3453">
    <p class='ocr_par' dir='ltr' id='par_1_79' title="bbox 1928 3380 3548 3453">
     <span class='ocr_line' id='line_1_79' title="bbox 1928 3380 3548 3453; baseline 0 -17"><span class='ocrx_word' id='word_1_556' title='bbox 1928 3380 2296 3437; x_wconf 84' lang='lat' dir='ltr'><strong>inexorabilis</strong></span> <span class='ocrx_word' id='word_1_557' title='bbox 2325 3398 2403 3435; x_wconf 88' lang='lat' dir='ltr'><strong>es.</strong></span> <span class='ocrx_word' id='word_1_558' title='bbox 2435 3403 2462 3431; x_wconf 72' lang='grc' dir='ltr'>π</span> <span class='ocrx_word' id='word_1_559' title='bbox 2498 3382 2820 3452; x_wconf 88' lang='lat' dir='ltr'><strong>Suspicatus</strong></span> <span class='ocrx_word' id='word_1_560' title='bbox 2855 3397 2981 3435; x_wconf 89' lang='lat' dir='ltr'><strong>sum</strong></span> <span class='ocrx_word' id='word_1_561' title='bbox 3024 3380 3331 3453; x_wconf 88' lang='lat' dir='ltr'><strong>aliquando</strong></span> <span class='ocrx_word' id='word_1_562' title='bbox 3361 3386 3548 3453; x_wconf 82' lang='lat' dir='ltr'><strong>poste-</strong></span> 
     </span>
    </p>
   </div>
   <div class='ocr_carea' id='block_1_80' title="bbox 1927 3475 3551 3546">
    <p class='ocr_par' dir='ltr' id='par_1_80' title="bbox 1927 3475 3551 3546">
     <span class='ocr_line' id='line_1_80' title="bbox 1927 3475 3551 3546; baseline -0.002 -15"><span class='ocrx_word' id='word_1_563' title='bbox 1927 3477 2172 3531; x_wconf 90' lang='lat' dir='ltr'><strong>rioribus</strong></span> <span class='ocrx_word' id='word_1_564' title='bbox 2201 3476 2267 3529; x_wconf 92' lang='lat' dir='ltr'><strong>iis</strong></span> <span class='ocrx_word' id='word_1_565' title='bbox 2312 3476 2519 3544; x_wconf 86' lang='lat' dir='ltr'><strong>verbis,</strong></span> <span class='ocrx_word' id='word_1_566' title='bbox 2553 3497 2580 3524; x_wconf 72' lang='grc' dir='ltr'><strong>ιι</strong></span> <span class='ocrx_word' id='word_1_567' title='bbox 2624 3491 2725 3529; x_wconf 89' lang='lat' dir='ltr'><strong>nos</strong></span> <span class='ocrx_word' id='word_1_568' title='bbox 2762 3475 3185 3546; x_wconf 84' lang='lat' dir='ltr'><strong>peccavimus...</strong></span> <span class='ocrx_word' id='word_1_569' title='bbox 3219 3479 3277 3530; x_wconf 89' lang='lat' dir='ltr'><strong>et</strong></span> <span class='ocrx_word' id='word_1_570' title='bbox 3323 3480 3385 3530; x_wconf 88' lang='lat' dir='ltr'><strong>tu</strong></span> <span class='ocrx_word' id='word_1_571' title='bbox 3434 3491 3551 3529; x_wconf 88' lang='lat' dir='ltr'><strong>non</strong></span> 
     </span>
    </p>
   </div>
   <div class='ocr_carea' id='block_1_81' title="bbox 1928 3570 3552 3643">
    <p class='ocr_par' dir='ltr' id='par_1_81' title="bbox 1928 3570 3552 3643">
     <span class='ocr_line' id='line_1_81' title="bbox 1928 3570 3552 3643; baseline -0.002 -17"><span class='ocrx_word' id='word_1_572' title='bbox 1928 3589 1988 3626; x_wconf 88' lang='lat' dir='ltr'><strong>es</strong></span> <span class='ocrx_word' id='word_1_573' title='bbox 2020 3571 2377 3643; x_wconf 86' lang='lat' dir='ltr'><strong>propitiatus,</strong></span> <span class='ocrx_word' id='word_1_574' title='bbox 2403 3588 2431 3621; x_wconf 74' lang='grc' dir='ltr'>ι)</span> <span class='ocrx_word' id='word_1_575' title='bbox 2456 3570 2695 3623; x_wconf 88' lang='lat' dir='ltr'><strong>indicari</strong></span> <span class='ocrx_word' id='word_1_576' title='bbox 2724 3585 2970 3636; x_wconf 89' lang='lat' dir='ltr'><strong>causam,</strong></span> <span class='ocrx_word' id='word_1_577' title='bbox 3002 3585 3102 3623; x_wconf 92' lang='lat' dir='ltr'><strong>cur</strong></span> <span class='ocrx_word' id='word_1_578' title='bbox 3134 3570 3552 3641; x_wconf 85' lang='lat' dir='ltr'><strong>exagitarentur</strong></span> 
     </span>
    </p>
   </div>
   <div class='ocr_carea' id='block_1_82' title="bbox 1928 3663 3552 3734">
    <p class='ocr_par' dir='ltr' id='par_1_82' title="bbox 1928 3663 3552 3734">
     <span class='ocr_line' id='line_1_82' title="bbox 1928 3663 3552 3734; baseline -0.002 -13"><span class='ocrx_word' id='word_1_579' title='bbox 1928 3673 2048 3721; x_wconf 91' lang='lat' dir='ltr'><strong>tum</strong></span> <span class='ocrx_word' id='word_1_580' title='bbox 2076 3681 2108 3718; x_wconf 89' lang='lat' dir='ltr'><strong>a</strong></span> <span class='ocrx_word' id='word_1_581' title='bbox 2136 3664 2492 3732; x_wconf 84' lang='lat' dir='ltr'><strong>Christianis,</strong></span> <span class='ocrx_word' id='word_1_582' title='bbox 2529 3668 2649 3717; x_wconf 89' lang='lat' dir='ltr'><strong>tum</strong></span> <span class='ocrx_word' id='word_1_583' title='bbox 2673 3681 2704 3716; x_wconf 93' lang='lat' dir='ltr'><strong>a</strong></span> <span class='ocrx_word' id='word_1_584' title='bbox 2735 3663 3048 3717; x_wconf 87' lang='lat' dir='ltr'><strong>Gentilibus</strong></span> <span class='ocrx_word' id='word_1_585' title='bbox 3087 3665 3222 3734; x_wconf 89' lang='lat' dir='ltr'><strong>ipsis</strong></span> <span class='ocrx_word' id='word_1_586' title='bbox 3260 3665 3552 3720; x_wconf 88' lang='lat' dir='ltr'><strong>Novatiani</strong></span> 
     </span>
    </p>
   </div>
   <div class='ocr_carea' id='block_1_83' title="bbox 1928 3757 3552 3833">
    <p class='ocr_par' dir='ltr' id='par_1_83' title="bbox 1928 3757 3552 3833">
     <span class='ocr_line' id='line_1_83' title="bbox 1928 3757 3552 3833; baseline -0.001 -19"><span class='ocrx_word' id='word_1_587' title='bbox 1928 3760 2087 3833; x_wconf 90' lang='lat' dir='ltr'><strong>(quia</strong></span> <span class='ocrx_word' id='word_1_588' title='bbox 2127 3760 2341 3814; x_wconf 90' lang='lat' dir='ltr'><strong>scilicet</strong></span> <span class='ocrx_word' id='word_1_589' title='bbox 2379 3758 2711 3813; x_wconf 89' lang='lat' dir='ltr'><strong>criminibus</strong></span> <span class='ocrx_word' id='word_1_590' title='bbox 2758 3757 2872 3812; x_wconf 85' lang='lat' dir='ltr'><strong>suis</strong></span> <span class='ocrx_word' id='word_1_591' title='bbox 2916 3761 2973 3813; x_wconf 87' lang='lat' dir='ltr'><strong>et</strong></span> <span class='ocrx_word' id='word_1_592' title='bbox 3018 3758 3320 3813; x_wconf 87' lang='lat' dir='ltr'><strong>schismate</strong></span> <span class='ocrx_word' id='word_1_593' title='bbox 3369 3758 3552 3813; x_wconf 89' lang='lat' dir='ltr'><strong>Deum</strong></span> 
     </span>
    </p>
   </div>
   <div class='ocr_carea' id='block_1_84' title="bbox 1923 3851 3553 3923">
    <p class='ocr_par' dir='ltr' id='par_1_84' title="bbox 1923 3851 3553 3923">
     <span class='ocr_line' id='line_1_84' title="bbox 1923 3851 3553 3923; baseline -0.002 -14"><span class='ocrx_word' id='word_1_594' title='bbox 1923 3854 2317 3919; x_wconf 87' lang='lat' dir='ltr'><strong>irritaverant;</strong></span> <span class='ocrx_word' id='word_1_595' title='bbox 2348 3855 2581 3906; x_wconf 89' lang='lat' dir='ltr'><strong>rectene</strong></span> <span class='ocrx_word' id='word_1_596' title='bbox 2611 3869 2683 3906; x_wconf 88' lang='lat' dir='ltr'><strong>an</strong></span> <span class='ocrx_word' id='word_1_597' title='bbox 2712 3866 2873 3906; x_wconf 88' lang='lat' dir='ltr'><strong>secus</strong></span> <span class='ocrx_word' id='word_1_598' title='bbox 2900 3851 2954 3906; x_wconf 92' lang='lat' dir='ltr'><strong>id</strong></span> <span class='ocrx_word' id='word_1_599' title='bbox 2979 3851 3317 3923; x_wconf 87' lang='lat' dir='ltr'><strong>suspicarer,</strong></span> <span class='ocrx_word' id='word_1_600' title='bbox 3334 3852 3553 3921; x_wconf 82' lang='lat' dir='ltr'><strong>judicet</strong></span> 
     </span>
    </p>
   </div>
   <div class='ocr_carea' id='block_1_85' title="bbox 1929 3948 2153 4014">
    <p class='ocr_par' dir='ltr' id='par_1_85' title="bbox 1929 3948 2153 4014">
     <span class='ocr_line' id='line_1_85' title="bbox 1929 3948 2153 4014; baseline -0.009 -11"><span class='ocrx_word' id='word_1_601' title='bbox 1929 3948 2153 4014; x_wconf 89' lang='lat' dir='ltr'><strong>lector.)</strong></span> 
     </span>
    </p>
   </div>
   <div class='ocr_carea' id='block_1_86' title="bbox 1996 4038 3549 4110">
    <p class='ocr_par' dir='ltr' id='par_1_86' title="bbox 1996 4038 3549 4110">
     <span class='ocr_line' id='line_1_86' title="bbox 1996 4038 3549 4110; baseline 0.001 -15"><span class='ocrx_word' id='word_1_602' title='bbox 1996 4042 2164 4095; x_wconf 88' lang='lat' dir='ltr'><strong>XXIII.</strong></span> <span class='ocrx_word' id='word_1_603' title='bbox 2215 4041 2357 4093; x_wconf 88' lang='lat' dir='ltr'><strong>Item</strong></span> <span class='ocrx_word' id='word_1_604' title='bbox 2399 4038 2515 4093; x_wconf 91' lang='lat' dir='ltr'><strong>illic</strong></span> <span class='ocrx_word' id='word_1_605' title='bbox 2565 4042 2799 4110; x_wconf 81' lang='lat' dir='ltr'><strong>(Jerem.,</strong></span> <span class='ocrx_word' id='word_1_606' title='bbox 2851 4056 2930 4108; x_wconf 89' lang='grc' dir='ltr'>ιιι,</span> <span class='ocrx_word' id='word_1_607' title='bbox 2972 4042 3022 4110; x_wconf 89' lang='lat'>6)</span> <span class='ocrx_word' id='word_1_608' title='bbox 3072 4057 3084 4094; x_wconf 88' lang='lat'><strong>:</strong></span> <span class='ocrx_word' id='word_1_609' title='bbox 3134 4044 3201 4097; x_wconf 89' lang='lat' dir='ltr'><strong>Et</strong></span> <span class='ocrx_word' id='word_1_610' title='bbox 3252 4043 3393 4098; x_wconf 68' lang='lat' dir='ltr'><strong>dixit</strong></span> <span class='ocrx_word' id='word_1_611' title='bbox 3442 4044 3549 4096; x_wconf 91' lang='lat' dir='ltr'><strong>Do-</strong></span> 
     </span>
    </p>
   </div>
   <div class='ocr_carea' id='block_1_87' title="bbox 1924 4134 3552 4207">
    <p class='ocr_par' dir='ltr' id='par_1_87' title="bbox 1924 4134 3552 4207">
     <span class='ocr_line' id='line_1_87' title="bbox 1924 4134 3552 4207; baseline 0.001 -18"><span class='ocrx_word' id='word_1_612' title='bbox 1924 4139 2104 4190; x_wconf 87' lang='lat' dir='ltr'><strong>minus</strong></span> <span class='ocrx_word' id='word_1_613' title='bbox 2148 4136 2221 4188; x_wconf 84' lang='lat' dir='ltr'><strong>ad</strong></span> <span class='ocrx_word' id='word_1_614' title='bbox 2256 4150 2337 4188; x_wconf 90' lang='lat' dir='ltr'><strong>me</strong></span> <span class='ocrx_word' id='word_1_615' title='bbox 2384 4136 2444 4188; x_wconf 91' lang='lat' dir='ltr'><strong>in</strong></span> <span class='ocrx_word' id='word_1_616' title='bbox 2490 4134 2675 4189; x_wconf 83' lang='lat' dir='ltr'><strong>diebus</strong></span> <span class='ocrx_word' id='word_1_617' title='bbox 2718 4135 2877 4189; x_wconf 70' lang='lat' dir='ltr'><strong>Josiae</strong></span> <span class='ocrx_word' id='word_1_618' title='bbox 2930 4137 3071 4204; x_wconf 88' lang='lat' dir='ltr'><strong>regis</strong></span> <span class='ocrx_word' id='word_1_619' title='bbox 3103 4154 3120 4189; x_wconf 93' lang='lat'><strong><em>:</em></strong></span> <span class='ocrx_word' id='word_1_620' title='bbox 3184 4137 3384 4190; x_wconf 81' lang='lat' dir='ltr'><strong>Vidisti</strong></span> <span class='ocrx_word' id='word_1_621' title='bbox 3433 4153 3552 4207; x_wconf 74' lang='lat' dir='ltr'><strong>qua:</strong></span> 
     </span>
    </p>
   </div>
   <div class='ocr_carea' id='block_1_88' title="bbox 1922 4228 3547 4299">
    <p class='ocr_par' dir='ltr' id='par_1_88' title="bbox 1922 4228 3547 4299">
     <span class='ocr_line' id='line_1_88' title="bbox 1922 4228 3547 4299; baseline 0.001 -16"><span class='ocrx_word' id='word_1_622' title='bbox 1922 4231 2051 4297; x_wconf 82' lang='lat' dir='ltr'><strong>fecit</strong></span> <span class='ocrx_word' id='word_1_623' title='bbox 2084 4229 2216 4283; x_wconf 89' lang='lat' dir='ltr'><strong>mihi</strong></span> <span class='ocrx_word' id='word_1_624' title='bbox 2244 4228 2507 4283; x_wconf 83' lang='lat' dir='ltr'><strong>habitatio</strong></span> <span class='ocrx_word' id='word_1_625' title='bbox 2536 4230 2739 4295; x_wconf 78' lang='lat' dir='ltr'><strong>Israel;</strong></span> <span class='ocrx_word' id='word_1_626' title='bbox 2769 4230 2908 4283; x_wconf 86' lang='lat' dir='ltr'><strong>abiit</strong></span> <span class='ocrx_word' id='word_1_627' title='bbox 2947 4244 3109 4299; x_wconf 85' lang='lat' dir='ltr'><strong>super</strong></span> <span class='ocrx_word' id='word_1_628' title='bbox 3146 4246 3351 4285; x_wconf 88' lang='lat' dir='ltr'><strong>omnem</strong></span> <span class='ocrx_word' id='word_1_629' title='bbox 3397 4248 3547 4285; x_wconf 83' lang='lat' dir='ltr'><strong>mon-</strong></span> 
     </span>
    </p>
   </div>
   <div class='ocr_carea' id='block_1_89' title="bbox 1928 4323 3547 4394">
    <p class='ocr_par' dir='ltr' id='par_1_89' title="bbox 1928 4323 3547 4394">
     <span class='ocr_line' id='line_1_89' title="bbox 1928 4323 3547 4394; baseline 0.002 -17"><span class='ocrx_word' id='word_1_630' title='bbox 1928 4328 2030 4377; x_wconf 89' lang='lat' dir='ltr'><strong>tem</strong></span> <span class='ocrx_word' id='word_1_631' title='bbox 2058 4323 2338 4385; x_wconf 71' lang='lat' dir='ltr'><strong>emcelsum,</strong></span> <span class='ocrx_word' id='word_1_632' title='bbox 2369 4328 2419 4377; x_wconf 88' lang='lat' dir='ltr'><strong>et</strong></span> <span class='ocrx_word' id='word_1_633' title='bbox 2446 4323 2613 4377; x_wconf 84' lang='lat' dir='ltr'><strong>subiit</strong></span> <span class='ocrx_word' id='word_1_634' title='bbox 2654 4324 2726 4377; x_wconf 85' lang='lat' dir='ltr'><strong>ad</strong></span> <span class='ocrx_word' id='word_1_635' title='bbox 2760 4339 2911 4378; x_wconf 87' lang='lat' dir='ltr'><strong>omne</strong></span> <span class='ocrx_word' id='word_1_636' title='bbox 2952 4325 3164 4393; x_wconf 83' lang='lat' dir='ltr'><strong>lignum</strong></span> <span class='ocrx_word' id='word_1_637' title='bbox 3194 4340 3547 4394; x_wconf 80' lang='lat' dir='ltr'><strong>nemorosum,</strong></span> 
     </span>
    </p>
   </div>
   <div class='ocr_carea' id='block_1_90' title="bbox 1925 4416 3551 4488">
    <p class='ocr_par' dir='ltr' id='par_1_90' title="bbox 1925 4416 3551 4488">
     <span class='ocr_line' id='line_1_90' title="bbox 1925 4416 3551 4488; baseline 0.001 -17"><span class='ocrx_word' id='word_1_638' title='bbox 1925 4423 1975 4471; x_wconf 86' lang='lat' dir='ltr'><strong>et</strong></span> <span class='ocrx_word' id='word_1_639' title='bbox 2013 4420 2285 4484; x_wconf 81' lang='lat' dir='ltr'><strong>fornicata</strong></span> <span class='ocrx_word' id='word_1_640' title='bbox 2328 4422 2403 4471; x_wconf 87' lang='lat' dir='ltr'><strong>est</strong></span> <span class='ocrx_word' id='word_1_641' title='bbox 2454 4416 2593 4471; x_wconf 80' lang='lat' dir='ltr'><strong>illic.</strong></span> <span class='ocrx_word' id='word_1_642' title='bbox 2641 4419 2709 4472; x_wconf 87' lang='lat' dir='ltr'><strong>Et</strong></span> <span class='ocrx_word' id='word_1_643' title='bbox 2763 4418 2885 4472; x_wconf 68' lang='lat' dir='ltr'><strong>diri</strong></span> <span class='ocrx_word' id='word_1_644' title='bbox 2931 4423 3219 4488; x_wconf 86' lang='lat' dir='ltr'><strong>postquam</strong></span> <span class='ocrx_word' id='word_1_645' title='bbox 3273 4420 3551 4485; x_wconf 85' lang='lat' dir='ltr'><strong>fornicata</strong></span> 
     </span>
    </p>
   </div>
   <div class='ocr_carea' id='block_1_91' title="bbox 185 4498 3554 4585">
    <p class='ocr_par' dir='ltr' id='par_1_91' title="bbox 185 4498 3554 4585">
     <span class='ocr_line' id='line_1_91' title="bbox 185 4498 3554 4585; baseline -0.002 -28"><span class='ocrx_word' id='word_1_646' title='bbox 185 4506 406 4575; x_wconf 88' lang='lat' dir='ltr'><strong>batque</strong></span> <span class='ocrx_word' id='word_1_647' title='bbox 436 4503 543 4557; x_wconf 89' lang='lat' dir='ltr'><strong>diis</strong></span> <span class='ocrx_word' id='word_1_648' title='bbox 575 4503 777 4556; x_wconf 89' lang='lat' dir='ltr'><strong>alienis</strong></span> <span class='ocrx_word' id='word_1_649' title='bbox 802 4502 1101 4572; x_wconf 84' lang='lat' dir='ltr'><strong>pravisque</strong></span> <span class='ocrx_word' id='word_1_650' title='bbox 1143 4498 1603 4554; x_wconf 87' lang='lat' dir='ltr'><strong>inclinationibus</strong></span> <span class='ocrx_word' id='word_1_651' title='bbox 1641 4500 1817 4553; x_wconf 89' lang='lat' dir='ltr'><strong>inser-</strong></span> <span class='ocrx_word' id='word_1_652' title='bbox 1842 4513 1901 4585; x_wconf 83' lang='lat' dir='ltr'>D</span> <span class='ocrx_word' id='word_1_653' title='bbox 1926 4517 2002 4566; x_wconf 73' lang='grc' dir='ltr'><strong>σει</strong></span> <span class='ocrx_word' id='word_1_654' title='bbox 2045 4512 2150 4565; x_wconf 52' lang='lat' dir='ltr'><strong>hac</strong></span> <span class='ocrx_word' id='word_1_655' title='bbox 2195 4513 2376 4565; x_wconf 65' lang='lat' dir='ltr'><strong>omnia</strong></span> <span class='ocrx_word' id='word_1_656' title='bbox 2402 4530 2420 4564; x_wconf 66' lang='grc' dir='ltr'><strong><em>ε</em></strong></span> <span class='ocrx_word' id='word_1_657' title='bbox 2453 4532 2481 4559; x_wconf 70' lang='grc' dir='ltr'><strong>α</strong></span> <span class='ocrx_word' id='word_1_658' title='bbox 2535 4512 2626 4566; x_wconf 72' lang='lat' dir='ltr'><strong><em>Ad</em></strong></span> <span class='ocrx_word' id='word_1_659' title='bbox 2669 4527 2750 4565; x_wconf 65' lang='lat' dir='ltr'><strong>me</strong></span> <span class='ocrx_word' id='word_1_660' title='bbox 2798 4517 3120 4574; x_wconf 57' lang='lat' dir='ltr'><strong>convertere,</strong></span> <span class='ocrx_word' id='word_1_661' title='bbox 3150 4533 3177 4561; x_wconf 67' lang='grc' dir='ltr'><strong>η</strong></span> <span class='ocrx_word' id='word_1_662' title='bbox 3231 4519 3282 4567; x_wconf 71' lang='grc' dir='ltr'>ει</span> <span class='ocrx_word' id='word_1_663' title='bbox 3320 4527 3427 4566; x_wconf 70' lang='lat' dir='ltr'><strong>non</strong></span> <span class='ocrx_word' id='word_1_664' title='bbox 3478 4517 3554 4568; x_wconf 74' lang='grc' dir='ltr'><strong>εει</strong></span> 
     </span>
    </p>
   </div>
   <div class='ocr_carea' id='block_1_92' title="bbox 183 4594 1825 4667">
    <p class='ocr_par' dir='ltr' id='par_1_92' title="bbox 183 4594 1825 4667">
     <span class='ocr_line' id='line_1_92' title="bbox 183 4594 1825 4667; baseline -0.002 -17"><span class='ocrx_word' id='word_1_665' title='bbox 183 4602 333 4659; x_wconf 89' lang='lat' dir='ltr'><strong>vire,</strong></span> <span class='ocrx_word' id='word_1_666' title='bbox 362 4613 534 4667; x_wconf 91' lang='lat' dir='ltr'><strong>quam</strong></span> <span class='ocrx_word' id='word_1_667' title='bbox 570 4598 683 4650; x_wconf 83' lang='lat' dir='ltr'><strong>Deo</strong></span> <span class='ocrx_word' id='word_1_668' title='bbox 710 4613 723 4662; x_wconf 90' lang='lat'><strong>;</strong></span> <span class='ocrx_word' id='word_1_669' title='bbox 758 4596 837 4649; x_wconf 88' lang='lat' dir='ltr'><strong>ita</strong></span> <span class='ocrx_word' id='word_1_670' title='bbox 871 4594 1052 4665; x_wconf 90' lang='lat' dir='ltr'><strong>iniqui</strong></span> <span class='ocrx_word' id='word_1_671' title='bbox 1085 4594 1189 4659; x_wconf 92' lang='lat' dir='ltr'><strong>illi,</strong></span> <span class='ocrx_word' id='word_1_672' title='bbox 1218 4608 1360 4664; x_wconf 91' lang='lat' dir='ltr'><strong>quos</strong></span> <span class='ocrx_word' id='word_1_673' title='bbox 1379 4594 1609 4664; x_wconf 90' lang='lat' dir='ltr'><strong>corripit</strong></span> <span class='ocrx_word' id='word_1_674' title='bbox 1630 4597 1825 4647; x_wconf 85' lang='lat' dir='ltr'><strong>noster</strong></span> 
     </span>
    </p>
   </div>
   <div class='ocr_carea' id='block_1_93' title="bbox 179 4686 1822 4761">
    <p class='ocr_par' dir='ltr' id='par_1_93' title="bbox 179 4686 1822 4761">
     <span class='ocr_line' id='line_1_93' title="bbox 179 4686 1822 4761; baseline -0.003 -16"><span class='ocrx_word' id='word_1_675' title='bbox 179 4692 439 4761; x_wconf 80' lang='lat' dir='ltr'><strong>scriptor</strong></span> <span class='ocrx_word' id='word_1_676' title='bbox 497 4689 808 4757; x_wconf 80' lang='lat' dir='ltr'><strong>(Novatiani</strong></span> <span class='ocrx_word' id='word_1_677' title='bbox 859 4688 1091 4754; x_wconf 89' lang='lat' dir='ltr'><strong>scilicet,</strong></span> <span class='ocrx_word' id='word_1_678' title='bbox 1153 4686 1261 4740; x_wconf 80' lang='lat' dir='ltr'><strong>nisi</strong></span> <span class='ocrx_word' id='word_1_679' title='bbox 1315 4687 1481 4757; x_wconf 89' lang='lat' dir='ltr'><strong>plane</strong></span> <span class='ocrx_word' id='word_1_680' title='bbox 1531 4687 1822 4756; x_wconf 83' lang='lat' dir='ltr'><strong>fallimur),</strong></span> 
     </span>
    </p>
   </div>
   <div class='ocr_carea' id='block_1_94' title="bbox 186 4780 1825 4850">
    <p class='ocr_par' dir='ltr' id='par_1_94' title="bbox 186 4780 1825 4850">
     <span class='ocr_line' id='line_1_94' title="bbox 186 4780 1825 4850; baseline -0.002 -12"><span class='ocrx_word' id='word_1_681' title='bbox 186 4784 506 4839; x_wconf 85' lang='lat' dir='ltr'><strong>schismate</strong></span> <span class='ocrx_word' id='word_1_682' title='bbox 549 4790 606 4837; x_wconf 89' lang='lat' dir='ltr'><strong>et</strong></span> <span class='ocrx_word' id='word_1_683' title='bbox 648 4782 936 4837; x_wconf 90' lang='lat' dir='ltr'><strong>erroribus</strong></span> <span class='ocrx_word' id='word_1_684' title='bbox 978 4781 1094 4834; x_wconf 90' lang='lat' dir='ltr'><strong>suis</strong></span> <span class='ocrx_word' id='word_1_685' title='bbox 1138 4780 1419 4850; x_wconf 89' lang='lat' dir='ltr'><strong>impediti,</strong></span> <span class='ocrx_word' id='word_1_686' title='bbox 1450 4780 1671 4834; x_wconf 89' lang='lat' dir='ltr'><strong>vocanti</strong></span> <span class='ocrx_word' id='word_1_687' title='bbox 1718 4782 1825 4835; x_wconf 82' lang='lat' dir='ltr'><strong>Deo</strong></span> 
     </span>
    </p>
   </div>
   <div class='ocr_carea' id='block_1_95' title="bbox 184 4874 1827 4948">
    <p class='ocr_par' dir='ltr' id='par_1_95' title="bbox 184 4874 1827 4948">
     <span class='ocr_line' id='line_1_95' title="bbox 184 4874 1827 4948; baseline -0.003 -14"><span class='ocrx_word' id='word_1_688' title='bbox 184 4886 247 4934; x_wconf 86' lang='lat' dir='ltr'><strong>et</strong></span> <span class='ocrx_word' id='word_1_689' title='bbox 282 4878 542 4932; x_wconf 68' lang='lat' dir='ltr'><strong>Ecclesia:</strong></span> <span class='ocrx_word' id='word_1_690' title='bbox 577 4892 777 4948; x_wconf 82' lang='lat' dir='ltr'><strong>parere</strong></span> <span class='ocrx_word' id='word_1_691' title='bbox 804 4879 1140 4943; x_wconf 87' lang='lat' dir='ltr'><strong>renuerunt,</strong></span> <span class='ocrx_word' id='word_1_692' title='bbox 1171 4874 1543 4944; x_wconf 89' lang='lat' dir='ltr'><strong>pertinaciter</strong></span> <span class='ocrx_word' id='word_1_693' title='bbox 1576 4874 1827 4930; x_wconf 85' lang='lat' dir='ltr'><strong>volentes</strong></span> 
     </span>
    </p>
   </div>
   <div class='ocr_carea' id='block_1_96' title="bbox 183 4968 1824 5041">
    <p class='ocr_par' dir='ltr' id='par_1_96' title="bbox 183 4968 1824 5041">
     <span class='ocr_line' id='line_1_96' title="bbox 183 4968 1824 5041; baseline -0.003 -13"><span class='ocrx_word' id='word_1_694' title='bbox 183 4975 245 5028; x_wconf 84' lang='lat' dir='ltr'><strong>in</strong></span> <span class='ocrx_word' id='word_1_695' title='bbox 305 4972 608 5027; x_wconf 75' lang='lat' dir='ltr'><strong>schismate</strong></span> <span class='ocrx_word' id='word_1_696' title='bbox 654 4975 712 5025; x_wconf 91' lang='lat' dir='ltr'><strong>et</strong></span> <span class='ocrx_word' id='word_1_697' title='bbox 750 4975 1007 5041; x_wconf 90' lang='lat' dir='ltr'><strong>suscepto</strong></span> <span class='ocrx_word' id='word_1_698' title='bbox 1046 4984 1241 5023; x_wconf 89' lang='lat' dir='ltr'><strong>errore</strong></span> <span class='ocrx_word' id='word_1_699' title='bbox 1296 4968 1620 5038; x_wconf 88' lang='lat' dir='ltr'><strong>persistere.</strong></span> <span class='ocrx_word' id='word_1_700' title='bbox 1652 4969 1824 5023; x_wconf 88' lang='lat' dir='ltr'><strong>Valde</strong></span> 
     </span>
    </p>
   </div>
   <div class='ocr_carea' id='block_1_97' title="bbox 181 5062 1829 5139">
    <p class='ocr_par' dir='ltr' id='par_1_97' title="bbox 181 5062 1829 5139">
     <span class='ocr_line' id='line_1_97' title="bbox 181 5062 1829 5139; baseline -0.002 -18"><span class='ocrx_word' id='word_1_701' title='bbox 181 5066 387 5123; x_wconf 76' lang='lat' dir='ltr'><strong>affinis</strong></span> <span class='ocrx_word' id='word_1_702' title='bbox 419 5063 611 5139; x_wconf 79' lang='lat'><strong>853</strong></span> <span class='ocrx_word' id='word_1_703' title='bbox 636 5063 1091 5136; x_wconf 87' lang='lat' dir='ltr'><strong>interpretationi</strong></span> <span class='ocrx_word' id='word_1_704' title='bbox 1137 5077 1313 5132; x_wconf 87' lang='lat' dir='ltr'><strong>quam</strong></span> <span class='ocrx_word' id='word_1_705' title='bbox 1354 5062 1599 5131; x_wconf 90' lang='lat' dir='ltr'><strong>scriptor</strong></span> <span class='ocrx_word' id='word_1_706' title='bbox 1635 5068 1829 5119; x_wconf 89' lang='lat' dir='ltr'><strong>noster</strong></span> 
     </span>
    </p>
   </div>
   <div class='ocr_carea' id='block_1_98' title="bbox 178 5156 1824 5234">
    <p class='ocr_par' dir='ltr' id='par_1_98' title="bbox 178 5156 1824 5234">
     <span class='ocr_line' id='line_1_98' title="bbox 178 5156 1824 5234; baseline -0.003 -18"><span class='ocrx_word' id='word_1_707' title='bbox 178 5162 487 5234; x_wconf 87' lang='lat' dir='ltr'><strong>proponit,</strong></span> <span class='ocrx_word' id='word_1_708' title='bbox 510 5178 576 5214; x_wconf 88' lang='lat' dir='ltr'><strong>ea</strong></span> <span class='ocrx_word' id='word_1_709' title='bbox 596 5166 680 5214; x_wconf 89' lang='lat' dir='ltr'><strong>est</strong></span> <span class='ocrx_word' id='word_1_710' title='bbox 703 5176 870 5230; x_wconf 87' lang='lat' dir='ltr'><strong>quam</strong></span> <span class='ocrx_word' id='word_1_711' title='bbox 900 5158 1075 5212; x_wconf 86' lang='lat' dir='ltr'><strong>habet</strong></span> <span class='ocrx_word' id='word_1_712' title='bbox 1097 5157 1352 5226; x_wconf 85' lang='lat' dir='ltr'><strong>Vulgata,</strong></span> <span class='ocrx_word' id='word_1_713' title='bbox 1376 5156 1653 5210; x_wconf 89' lang='lat' dir='ltr'><strong>nimirum</strong></span> <span class='ocrx_word' id='word_1_714' title='bbox 1671 5158 1824 5211; x_wconf 70' lang='lat' dir='ltr'><strong>haec:</strong></span> 
     </span>
    </p>
   </div>
   <div class='ocr_carea' id='block_1_99' title="bbox 181 5250 1826 5325">
    <p class='ocr_par' dir='ltr' id='par_1_99' title="bbox 181 5250 1826 5325">
     <span class='ocr_line' id='line_1_99' title="bbox 181 5250 1826 5325; baseline 0.001 -21"><span class='ocrx_word' id='word_1_715' title='bbox 181 5278 213 5305; x_wconf 77' lang='lat'><strong>«</strong></span> <span class='ocrx_word' id='word_1_716' title='bbox 254 5257 594 5310; x_wconf 76' lang='lat' dir='ltr'><strong>Revertatur</strong></span> <span class='ocrx_word' id='word_1_717' title='bbox 641 5253 1029 5325; x_wconf 86' lang='lat' dir='ltr'><strong>unusquisque</strong></span> <span class='ocrx_word' id='word_1_718' title='bbox 1068 5268 1099 5304; x_wconf 88' lang='lat' dir='ltr'><strong>a</strong></span> <span class='ocrx_word' id='word_1_719' title='bbox 1134 5250 1222 5304; x_wconf 87' lang='lat' dir='ltr'><strong>via</strong></span> <span class='ocrx_word' id='word_1_720' title='bbox 1251 5265 1347 5304; x_wconf 89' lang='lat' dir='ltr'><strong>sua</strong></span> <span class='ocrx_word' id='word_1_721' title='bbox 1388 5250 1557 5312; x_wconf 86' lang='lat' dir='ltr'><strong>mala,</strong></span> <span class='ocrx_word' id='word_1_722' title='bbox 1594 5254 1651 5303; x_wconf 88' lang='lat' dir='ltr'><strong>et</strong></span> <span class='ocrx_word' id='word_1_723' title='bbox 1689 5251 1826 5305; x_wconf 87' lang='lat' dir='ltr'><strong>diri-</strong></span> 
     </span>
    </p>
   </div>
   <div class='ocr_carea' id='block_1_100' title="bbox 178 5345 1825 5421">
    <p class='ocr_par' dir='ltr' id='par_1_100' title="bbox 178 5345 1825 5421">
     <span class='ocr_line' id='line_1_100' title="bbox 178 5345 1825 5421; baseline -0.001 -17"><span class='ocrx_word' id='word_1_724' title='bbox 178 5352 314 5421; x_wconf 81' lang='lat' dir='ltr'><strong>gite</strong></span> <span class='ocrx_word' id='word_1_725' title='bbox 360 5350 478 5403; x_wconf 78' lang='lat' dir='ltr'><strong>vias</strong></span> <span class='ocrx_word' id='word_1_726' title='bbox 525 5354 733 5402; x_wconf 74' lang='lat' dir='ltr'><strong>vestras</strong></span> <span class='ocrx_word' id='word_1_727' title='bbox 781 5351 836 5402; x_wconf 81' lang='lat' dir='ltr'><strong>et</strong></span> <span class='ocrx_word' id='word_1_728' title='bbox 883 5346 1071 5401; x_wconf 89' lang='lat' dir='ltr'><strong>studia</strong></span> <span class='ocrx_word' id='word_1_729' title='bbox 1112 5352 1312 5401; x_wconf 82' lang='lat' dir='ltr'><strong>vestra.</strong></span> <span class='ocrx_word' id='word_1_730' title='bbox 1343 5345 1469 5410; x_wconf 66' lang='lat' dir='ltr'><strong>&#39;Qui</strong></span> <span class='ocrx_word' id='word_1_731' title='bbox 1514 5347 1825 5402; x_wconf 88' lang='lat' dir='ltr'><strong>dixerunt:</strong></span> 
     </span>
    </p>
   </div>
   <div class='ocr_carea' id='block_1_101' title="bbox 177 5442 1827 5514">
    <p class='ocr_par' dir='ltr' id='par_1_101' title="bbox 177 5442 1827 5514">
     <span class='ocr_line' id='line_1_101' title="bbox 177 5442 1827 5514; baseline -0.002 -14"><span class='ocrx_word' id='word_1_732' title='bbox 177 5442 625 5514; x_wconf 84' lang='lat' dir='ltr'><strong>Desperavirnus</strong></span> <span class='ocrx_word' id='word_1_733' title='bbox 651 5458 664 5509; x_wconf 91' lang='lat'><strong>;</strong></span> <span class='ocrx_word' id='word_1_734' title='bbox 695 5446 823 5512; x_wconf 87' lang='lat' dir='ltr'><strong>post</strong></span> <span class='ocrx_word' id='word_1_735' title='bbox 861 5442 1240 5514; x_wconf 83' lang='lat' dir='ltr'><strong>cogitationes</strong></span> <span class='ocrx_word' id='word_1_736' title='bbox 1282 5444 1435 5498; x_wconf 91' lang='lat' dir='ltr'><strong>enim</strong></span> <span class='ocrx_word' id='word_1_737' title='bbox 1467 5446 1691 5498; x_wconf 90' lang='lat' dir='ltr'><strong>nostras</strong></span> <span class='ocrx_word' id='word_1_738' title='bbox 1722 5442 1827 5497; x_wconf 83' lang='lat' dir='ltr'><strong>ibi-</strong></span> 
     </span>
    </p>
   </div>
   <div class='ocr_carea' id='block_1_102' title="bbox 256 5668 1266 5731">
    <p class='ocr_par' dir='ltr' id='par_1_102' title="bbox 256 5668 1266 5731">
     <span class='ocr_line' id='line_1_102' title="bbox 256 5668 1266 5731; baseline 0 -13"><span class='ocrx_word' id='word_1_739' title='bbox 256 5669 363 5727; x_wconf 73' lang='grc'>(29)</span> <span class='ocrx_word' id='word_1_740' title='bbox 394 5669 521 5731; x_wconf 79' lang='lat' dir='ltr'><strong>Pag.</strong></span> <span class='ocrx_word' id='word_1_741' title='bbox 549 5669 579 5718; x_wconf 91' lang='lat'>3</span> <span class='ocrx_word' id='word_1_742' title='bbox 608 5668 740 5719; x_wconf 85' lang='lat' dir='ltr'><strong>edit.</strong></span> <span class='ocrx_word' id='word_1_743' title='bbox 774 5669 1053 5720; x_wconf 80' lang='lat' dir='ltr'><strong>Franciscl</strong></span> <span class='ocrx_word' id='word_1_744' title='bbox 1082 5670 1266 5720; x_wconf 88' lang='lat' dir='ltr'><strong>Florii.</strong></span> 
     </span>
    </p>
   </div>
   <div class='ocr_carea' id='block_1_103' title="bbox 258 5739 1127 5804">
    <p class='ocr_par' dir='ltr' id='par_1_103' title="bbox 258 5739 1127 5804">
     <span class='ocr_line' id='line_1_103' title="bbox 258 5739 1127 5804; baseline 0 -15"><span class='ocrx_word' id='word_1_745' title='bbox 258 5740 363 5798; x_wconf 87' lang='lat'><strong>(30)</strong></span> <span class='ocrx_word' id='word_1_746' title='bbox 386 5740 525 5789; x_wconf 84' lang='lat' dir='ltr'><strong>Puto</strong></span> <span class='ocrx_word' id='word_1_747' title='bbox 552 5739 868 5804; x_wconf 84' lang='lat' dir='ltr'><strong>legendum,</strong></span> <span class='ocrx_word' id='word_1_748' title='bbox 899 5741 1127 5791; x_wconf 86' lang='lat' dir='ltr'><strong>Sudans.</strong></span> 
     </span>
    </p>
   </div>
   <div class='ocr_carea' id='block_1_104' title="bbox 263 5811 1706 5877">
    <p class='ocr_par' dir='ltr' id='par_1_104' title="bbox 263 5811 1706 5877">
     <span class='ocr_line' id='line_1_104' title="bbox 263 5811 1706 5877; baseline 0.001 -15"><span class='ocrx_word' id='word_1_749' title='bbox 263 5812 370 5874; x_wconf 74' lang='lat'><strong>(3|)</strong></span> <span class='ocrx_word' id='word_1_750' title='bbox 396 5811 515 5862; x_wconf 83' lang='lat' dir='ltr'><strong>Lib.</strong></span> <span class='ocrx_word' id='word_1_751' title='bbox 542 5825 580 5863; x_wconf 82' lang='grc' dir='ltr'><strong>ιι</strong></span> <span class='ocrx_word' id='word_1_752' title='bbox 609 5811 980 5863; x_wconf 86' lang='lat' dir='ltr'><strong>Commentar.</strong></span> <span class='ocrx_word' id='word_1_753' title='bbox 1011 5814 1068 5863; x_wconf 84' lang='lat' dir='ltr'><strong>in</strong></span> <span class='ocrx_word' id='word_1_754' title='bbox 1093 5813 1408 5873; x_wconf 82' lang='lat' dir='ltr'><strong>Jeremiam,</strong></span> <span class='ocrx_word' id='word_1_755' title='bbox 1436 5825 1557 5877; x_wconf 85' lang='lat' dir='ltr'><strong>cap.</strong></span> <span class='ocrx_word' id='word_1_756' title='bbox 1589 5825 1706 5863; x_wconf 75' lang='lat' dir='ltr'><strong>nn.</strong></span> 
     </span>
    </p>
   </div>
   <div class='ocr_carea' id='block_1_105' title="bbox 1922 4621 2154 4660">
    <p class='ocr_par' dir='ltr' id='par_1_105' title="bbox 1922 4621 2154 4660">
     <span class='ocr_line' id='line_1_105' title="bbox 1922 4621 2154 4660; baseline 0 0"><span class='ocrx_word' id='word_1_757' title='bbox 1922 4621 2154 4660; x_wconf 87' lang='lat' dir='ltr'><strong>reversa.</strong></span> 
     </span>
    </p>
   </div>
   <div class='ocr_carea' id='block_1_106' title="bbox 2001 4699 3551 4773">
    <p class='ocr_par' dir='ltr' id='par_1_106' title="bbox 2001 4699 3551 4773">
     <span class='ocr_line' id='line_1_106' title="bbox 2001 4699 3551 4773; baseline 0.001 -18"><span class='ocrx_word' id='word_1_758' title='bbox 2001 4701 2082 4755; x_wconf 89' lang='lat' dir='ltr'><strong>Ita</strong></span> <span class='ocrx_word' id='word_1_759' title='bbox 2117 4699 2275 4753; x_wconf 88' lang='lat' dir='ltr'><strong>locus</strong></span> <span class='ocrx_word' id='word_1_760' title='bbox 2318 4699 2422 4753; x_wconf 88' lang='lat' dir='ltr'><strong>iste</strong></span> <span class='ocrx_word' id='word_1_761' title='bbox 2466 4700 2524 4754; x_wconf 89' lang='lat' dir='ltr'><strong>in</strong></span> <span class='ocrx_word' id='word_1_762' title='bbox 2565 4700 2759 4753; x_wconf 90' lang='lat' dir='ltr'><strong>codice</strong></span> <span class='ocrx_word' id='word_1_763' title='bbox 2810 4700 3107 4770; x_wconf 86' lang='lat' dir='ltr'><strong>allegatur,</strong></span> <span class='ocrx_word' id='word_1_764' title='bbox 3140 4704 3200 4754; x_wconf 87' lang='lat' dir='ltr'><strong>ut</strong></span> <span class='ocrx_word' id='word_1_765' title='bbox 3244 4704 3551 4773; x_wconf 90' lang='lat' dir='ltr'><strong>utramque</strong></span> 
     </span>
    </p>
   </div>
   <div class='ocr_carea' id='block_1_107' title="bbox 1928 4794 3553 4864">
    <p class='ocr_par' dir='ltr' id='par_1_107' title="bbox 1928 4794 3553 4864">
     <span class='ocr_line' id='line_1_107' title="bbox 1928 4794 3553 4864; baseline 0.001 -17"><span class='ocrx_word' id='word_1_766' title='bbox 1928 4794 2175 4847; x_wconf 84' lang='lat' dir='ltr'><strong>retineat</strong></span> <span class='ocrx_word' id='word_1_767' title='bbox 2212 4808 2432 4859; x_wconf 84' lang='lat' dir='ltr'><strong>vocem,</strong></span> <span class='ocrx_word' id='word_1_768' title='bbox 2485 4794 2771 4855; x_wconf 84' lang='lat' dir='ltr'><strong>habitatio,</strong></span> <span class='ocrx_word' id='word_1_769' title='bbox 2815 4794 3025 4860; x_wconf 87' lang='lat' dir='ltr'><strong>domus,</strong></span> <span class='ocrx_word' id='word_1_770' title='bbox 3078 4810 3321 4864; x_wconf 89' lang='lat' dir='ltr'><strong>quarum</strong></span> <span class='ocrx_word' id='word_1_771' title='bbox 3375 4796 3553 4850; x_wconf 86' lang='lat' dir='ltr'><strong>altera</strong></span> 
     </span>
    </p>
   </div>
   <div class='ocr_carea' id='block_1_108' title="bbox 1928 4886 3554 4943">
    <p class='ocr_par' dir='ltr' id='par_1_108' title="bbox 1928 4886 3554 4943">
     <span class='ocr_line' id='line_1_108' title="bbox 1928 4886 3554 4943; baseline 0.002 -3"><span class='ocrx_word' id='word_1_772' title='bbox 1928 4890 2081 4941; x_wconf 87' lang='lat' dir='ltr'><strong>certe</strong></span> <span class='ocrx_word' id='word_1_773' title='bbox 2114 4887 2416 4942; x_wconf 88' lang='lat' dir='ltr'><strong>redundat.</strong></span> <span class='ocrx_word' id='word_1_774' title='bbox 2445 4886 2636 4941; x_wconf 79' lang='grc' dir='ltr'><strong>Μοιιυί</strong></span> <span class='ocrx_word' id='word_1_775' title='bbox 2664 4894 2856 4942; x_wconf 86' lang='lat' dir='ltr'><strong>autem</strong></span> <span class='ocrx_word' id='word_1_776' title='bbox 2886 4887 3189 4941; x_wconf 88' lang='lat' dir='ltr'><strong>delendam</strong></span> <span class='ocrx_word' id='word_1_777' title='bbox 3212 4904 3334 4943; x_wconf 89' lang='lat' dir='ltr'><strong>esse</strong></span> <span class='ocrx_word' id='word_1_778' title='bbox 3355 4904 3554 4943; x_wconf 89' lang='lat' dir='ltr'><strong>vocem</strong></span> 
     </span>
    </p>
   </div>
   <div class='ocr_carea' id='block_1_109' title="bbox 1929 4981 3554 5055">
    <p class='ocr_par' dir='ltr' id='par_1_109' title="bbox 1929 4981 3554 5055">
     <span class='ocr_line' id='line_1_109' title="bbox 1929 4981 3554 5055; baseline 0.002 -20"><span class='ocrx_word' id='word_1_779' title='bbox 1929 4982 2135 5044; x_wconf 84' lang='lat' dir='ltr'><strong>domus,</strong></span> <span class='ocrx_word' id='word_1_780' title='bbox 2184 4997 2299 5035; x_wconf 89' lang='lat' dir='ltr'><strong>non</strong></span> <span class='ocrx_word' id='word_1_781' title='bbox 2348 4997 2459 5052; x_wconf 90' lang='lat' dir='ltr'><strong>quo</strong></span> <span class='ocrx_word' id='word_1_782' title='bbox 2509 4997 2618 5035; x_wconf 82' lang='lat' dir='ltr'><strong>vox</strong></span> <span class='ocrx_word' id='word_1_783' title='bbox 2674 4981 2797 5035; x_wconf 63' lang='lat' dir='ltr'><strong>haec</strong></span> <span class='ocrx_word' id='word_1_784' title='bbox 2845 4981 3187 5052; x_wconf 86' lang='lat' dir='ltr'><strong>displiceret,</strong></span> <span class='ocrx_word' id='word_1_785' title='bbox 3246 4982 3343 5036; x_wconf 86' lang='lat' dir='ltr'><strong>sed</strong></span> <span class='ocrx_word' id='word_1_786' title='bbox 3400 4984 3554 5055; x_wconf 92' lang='lat' dir='ltr'><strong>quod</strong></span> 
     </span>
    </p>
   </div>
   <div class='ocr_carea' id='block_1_110' title="bbox 1929 5074 3556 5146">
    <p class='ocr_par' dir='ltr' id='par_1_110' title="bbox 1929 5074 3556 5146">
     <span class='ocr_line' id='line_1_110' title="bbox 1929 5074 3556 5146; baseline 0.002 -18"><span class='ocrx_word' id='word_1_787' title='bbox 1929 5079 2214 5146; x_wconf 83' lang='lat' dir='ltr'><strong>putarem,</strong></span> <span class='ocrx_word' id='word_1_788' title='bbox 2249 5092 2315 5129; x_wconf 84' lang='lat' dir='ltr'><strong>ex</strong></span> <span class='ocrx_word' id='word_1_789' title='bbox 2360 5076 2646 5145; x_wconf 89' lang='lat' dir='ltr'><strong>margine,</strong></span> <span class='ocrx_word' id='word_1_790' title='bbox 2690 5075 2750 5128; x_wconf 92' lang='lat' dir='ltr'><strong>in</strong></span> <span class='ocrx_word' id='word_1_791' title='bbox 2798 5091 2911 5145; x_wconf 88' lang='lat' dir='ltr'><strong>qua</strong></span> <span class='ocrx_word' id='word_1_792' title='bbox 2952 5074 3345 5146; x_wconf 84' lang='lat' dir='ltr'><strong>explicationis</strong></span> <span class='ocrx_word' id='word_1_793' title='bbox 3390 5094 3556 5132; x_wconf 89' lang='lat' dir='ltr'><strong>causa</strong></span> 
     </span>
    </p>
   </div>
   <div class='ocr_carea' id='block_1_111' title="bbox 1928 5169 3554 5242">
    <p class='ocr_par' dir='ltr' id='par_1_111' title="bbox 1928 5169 3554 5242">
     <span class='ocr_line' id='line_1_111' title="bbox 1928 5169 3554 5242; baseline 0.003 -21"><span class='ocrx_word' id='word_1_794' title='bbox 1928 5169 2178 5239; x_wconf 82' lang='lat' dir='ltr'><strong>primum</strong></span> <span class='ocrx_word' id='word_1_795' title='bbox 2223 5169 2402 5233; x_wconf 81' lang='lat' dir='ltr'><strong>posita</strong></span> <span class='ocrx_word' id='word_1_796' title='bbox 2445 5170 2650 5237; x_wconf 83' lang='lat' dir='ltr'><strong>fuerat,</strong></span> <span class='ocrx_word' id='word_1_797' title='bbox 2689 5169 2746 5223; x_wconf 92' lang='lat' dir='ltr'><strong>in</strong></span> <span class='ocrx_word' id='word_1_798' title='bbox 2781 5175 3000 5223; x_wconf 87' lang='lat' dir='ltr'><strong>textum</strong></span> <span class='ocrx_word' id='word_1_799' title='bbox 3051 5169 3236 5241; x_wconf 85' lang='lat' dir='ltr'><strong>ipsum</strong></span> <span class='ocrx_word' id='word_1_800' title='bbox 3288 5170 3554 5242; x_wconf 78' lang='lat' dir='ltr'><strong>deinceps</strong></span> 
     </span>
    </p>
   </div>
   <div class='ocr_carea' id='block_1_112' title="bbox 1929 5262 3556 5336">
    <p class='ocr_par' dir='ltr' id='par_1_112' title="bbox 1929 5262 3556 5336">
     <span class='ocr_line' id='line_1_112' title="bbox 1929 5262 3556 5336; baseline 0.002 -20"><span class='ocrx_word' id='word_1_801' title='bbox 1929 5264 2211 5318; x_wconf 77' lang='lat' dir='ltr'><strong>transiisse</strong></span> <span class='ocrx_word' id='word_1_802' title='bbox 2263 5280 2275 5318; x_wconf 92' lang='lat'><strong>:</strong></span> <span class='ocrx_word' id='word_1_803' title='bbox 2335 5262 2470 5317; x_wconf 88' lang='lat' dir='ltr'><strong>alibi</strong></span> <span class='ocrx_word' id='word_1_804' title='bbox 2522 5263 2676 5318; x_wconf 90' lang='lat' dir='ltr'><strong>enim</strong></span> <span class='ocrx_word' id='word_1_805' title='bbox 2735 5267 2930 5319; x_wconf 79' lang='lat' dir='ltr'><strong>noster</strong></span> <span class='ocrx_word' id='word_1_806' title='bbox 2995 5263 3236 5335; x_wconf 90' lang='lat' dir='ltr'><strong>scriptor</strong></span> <span class='ocrx_word' id='word_1_807' title='bbox 3288 5281 3556 5336; x_wconf 84' lang='lat' dir='ltr'><strong>expresse</strong></span> 
     </span>
    </p>
   </div>
   <div class='ocr_carea' id='block_1_113' title="bbox 1929 5357 3553 5427">
    <p class='ocr_par' dir='ltr' id='par_1_113' title="bbox 1929 5357 3553 5427">
     <span class='ocr_line' id='line_1_113' title="bbox 1929 5357 3553 5427; baseline 0.002 -18"><span class='ocrx_word' id='word_1_808' title='bbox 1929 5357 2099 5411; x_wconf 80' lang='lat' dir='ltr'><strong>vertit</strong></span> <span class='ocrx_word' id='word_1_809' title='bbox 2144 5358 2427 5412; x_wconf 80' lang='lat' dir='ltr'><strong>habitatio.</strong></span> <span class='ocrx_word' id='word_1_810' title='bbox 2476 5358 2769 5427; x_wconf 79' lang='lat' dir='ltr'><strong>(Revertere</strong></span> <span class='ocrx_word' id='word_1_811' title='bbox 2814 5359 2887 5412; x_wconf 80' lang='lat' dir='ltr'><strong>ad</strong></span> <span class='ocrx_word' id='word_1_812' title='bbox 2929 5375 3030 5421; x_wconf 84' lang='lat' dir='ltr'><strong>me,</strong></span> <span class='ocrx_word' id='word_1_813' title='bbox 3058 5359 3321 5413; x_wconf 85' lang='lat' dir='ltr'><strong>habitatio</strong></span> <span class='ocrx_word' id='word_1_814' title='bbox 3364 5360 3553 5422; x_wconf 86' lang='lat' dir='ltr'><strong>Israel,</strong></span> 
     </span>
    </p>
   </div>
   <div class='ocr_carea' id='block_1_114' title="bbox 1929 5451 3556 5523">
    <p class='ocr_par' dir='ltr' id='par_1_114' title="bbox 1929 5451 3556 5523">
     <span class='ocr_line' id='line_1_114' title="bbox 1929 5451 3556 5523; baseline 0.001 -19"><span class='ocrx_word' id='word_1_815' title='bbox 1929 5466 1988 5505; x_wconf 88' lang='grc' dir='ltr'><strong>ιι.</strong></span> <span class='ocrx_word' id='word_1_816' title='bbox 2042 5452 2150 5521; x_wconf 66' lang='grc'>14.)</span> <span class='ocrx_word' id='word_1_817' title='bbox 2201 5453 2322 5506; x_wconf 86' lang='lat' dir='ltr'><strong>Jam</strong></span> <span class='ocrx_word' id='word_1_818' title='bbox 2373 5451 2535 5506; x_wconf 87' lang='lat' dir='ltr'><strong>venio</strong></span> <span class='ocrx_word' id='word_1_819' title='bbox 2571 5452 2639 5505; x_wconf 91' lang='lat' dir='ltr'><strong>ad</strong></span> <span class='ocrx_word' id='word_1_820' title='bbox 2685 5451 3137 5523; x_wconf 82' lang='lat' dir='ltr'><strong>explicationem.</strong></span> <span class='ocrx_word' id='word_1_821' title='bbox 3186 5454 3399 5509; x_wconf 83' lang='lat' dir='ltr'><strong>Eximia</strong></span> <span class='ocrx_word' id='word_1_822' title='bbox 3460 5453 3556 5507; x_wconf 91' lang='lat' dir='ltr'><strong>Dei</strong></span> 
     </span>
    </p>
   </div>
   <div class='ocr_carea' id='block_1_115' title="bbox 1996 5678 2761 5741">
    <p class='ocr_par' dir='ltr' id='par_1_115' title="bbox 1996 5678 2761 5741">
     <span class='ocr_line' id='line_1_115' title="bbox 1996 5678 2761 5741; baseline -0.003 -11"><span class='ocrx_word' id='word_1_823' title='bbox 1996 5680 2093 5740; x_wconf 69' lang='lat'><strong>(32)</strong></span> <span class='ocrx_word' id='word_1_824' title='bbox 2132 5678 2332 5729; x_wconf 76' lang='lat' dir='ltr'><strong>Parati.</strong></span> <span class='ocrx_word' id='word_1_825' title='bbox 2360 5678 2463 5729; x_wconf 89' lang='lat' dir='ltr'><strong>litt.</strong></span> <span class='ocrx_word' id='word_1_826' title='bbox 2497 5696 2547 5741; x_wconf 88' lang='grc' dir='ltr'>μ,</span> <span class='ocrx_word' id='word_1_827' title='bbox 2576 5680 2655 5729; x_wconf 90' lang='lat' dir='ltr'><strong>tit.</strong></span> <span class='ocrx_word' id='word_1_828' title='bbox 2689 5693 2761 5730; x_wconf 86' lang='grc' dir='ltr'>ιιι.</span> 
     </span>
    </p>
   </div>
   <div class='ocr_carea' id='block_1_116' title="bbox 2001 5751 2629 5816">
    <p class='ocr_par' dir='ltr' id='par_1_116' title="bbox 2001 5751 2629 5816">
     <span class='ocr_line' id='line_1_116' title="bbox 2001 5751 2629 5816; baseline -0.003 -15"><span class='ocrx_word' id='word_1_829' title='bbox 2001 5751 2095 5813; x_wconf 89' lang='lat'><strong>(33)</strong></span> <span class='ocrx_word' id='word_1_830' title='bbox 2125 5752 2363 5808; x_wconf 86' lang='lat' dir='ltr'><strong>Nostras,</strong></span> <span class='ocrx_word' id='word_1_831' title='bbox 2394 5753 2455 5799; x_wconf 90' lang='lat' dir='ltr'><strong>ut</strong></span> <span class='ocrx_word' id='word_1_832' title='bbox 2479 5754 2629 5816; x_wconf 91' lang='lat' dir='ltr'><strong>puto.</strong></span> 
     </span>
    </p>
   </div>
  </div>
