4032 6180
488 257 589 325 887
939 236 942 245 ’
1242 265 1331 326 an
1369 266 1590 326 OPEBA
1631 267 1690 327 s.
1731 269 2048 328 CYPRIANI
2072 270 2366 330 GENUINA
2390 271 2673 330 sereno.
2707 272 2743 327 I.
2780 302 2846 315 .-
2875 240 3104 329 DUBIA.
3720 278 3810 335 sas

502 392 713 463 pietas,
744 408 809 448 ac
833 390 1074 447 charitas
1104 407 1240 465 erga
1269 392 1417 464 ipsos
1444 393 1783 449 immanium
1811 395 2119 450 criminum
2154 410 2210 482 Α
2239 395 2483 451 dicendo
2525 394 2680 466 quod
2730 395 3066 466 poenitentia
3108 397 3397 467 lapsorum
3444 397 3512 453 sit
3551 414 3701 470 vana,
3727 418 3813 460 nec

495 504 624 543 reos
643 487 732 541 hic
755 485 941 558 primo
965 487 1438 543 commendatur:
1463 488 1651 542 adhuc
1672 488 1826 543 enim
1852 505 1948 543 eos
1968 494 2126 544 vocat
2232 488 2409 559 possit
2431 489 2512 543 eis
2543 489 2817 559 proiicere
2843 490 2917 544 ad
2944 490 3205 543 salutem.
3241 510 3269 538 ››

498 579 772 635 Dominus
799 581 869 635 ad
901 580 1324 651 paenitentiam.
1347 582 1613 645 Queritur
1634 582 1905 653 deinceps
1935 583 2127 638 Domi-
2302 581 2575 653 Vulgatus
2590 581 3059 653 porrointerpres
3084 582 3349 637 eamdem
3374 586 3811 643 sententiamlati-

496 690 624 741 nus,
657 673 811 744 quod
839 674 897 727 in
938 691 1042 729 sua
1082 672 1274 746 854
1314 674 1617 745 pertinacia
1656 676 1715 729 hi
1754 676 2127 746 perstiterint,
2229 674 2658 729 nitatedonavit
2675 674 3035 729 hisverhism
3052 678 3117 730 Et
3125 676 3811 749 justusnonpoteritvivere

498 766 724 820 tametsi
751 767 974 822 veniam
1002 767 1081 821 eis
1114 771 1226 821 tam
1277 768 1476 822 crebro
1516 774 1571 822 et
1617 768 1801 823 verbis
1829 774 1946 823 tam
1996 786 2126 839 per-
2230 767 2287 821 in
2312 768 2537 838 justitia
2558 784 2657 821 sua
2692 768 2752 822 in
2782 784 3124 840 quacunque
3147 768 3237 824 die
3264 771 3585 841 peccaverit.
3608 774 3814 831 Etiamsi

494 860 703 931 spicuis
732 860 1024 915 obtulerit.
1057 861 1195 915 Vide
1230 877 1360 932 quae
1400 861 1646 916 diximus
1684 861 1755 915 ad
1799 862 1987 917 locum
2031 879 2126 931 xu,
2234 858 2428 934 855
2465 860 2664 915 dixero
2697 862 2854 931 justo
2898 863 3051 933 quod
3085 862 3199 919 vita
3227 862 3397 926 vivat,
3427 868 3481 919 et
3511 866 3731 921 confisus
3765 867 3813 924 in

497 953 637 1007 item
663 970 792 1024 quae
836 953 908 1006 ad
936 970 1027 1007 xiv
1057 960 1114 1009 et
1158 959 1484 1025 sequentes.
1515 954 1573 1009 Si
1619 955 1918 1026 Vulgatam
1950 956 2127 1011 inter-
2226 954 2447 1024 justitia
2468 971 2569 1008 sua
2610 954 2812 1009 fecerit
2838 956 3225 1026 iniquitatem,
3251 973 3452 1011 omnes
3473 958 3688 1028 justitiae
3713 962 3814 1031 ejus

498 1048 883 1118 pretationem
932 1051 1113 1118 optas,
1146 1065 1270 1102 eam
1312 1048 1503 1102 statim
1546 1048 1725 1103 affero
1756 1066 1769 1103 :
1805 1071 1832 1099 «
1882 1052 1948 1104 Et
1990 1049 2133 1103 dixit
2229 1047 2498 1102 oblivioni
2532 1047 2857 1116 tradentur,
2889 1052 2947 1102 et
2976 1050 3035 1103 in
3062 1049 3367 1120 iniquitate
3394 1067 3493 1104 sua
3520 1068 3678 1122 quam
3708 1069 3814 1125 ope-

501 1139 778 1195 Dominus
810 1140 880 1195 ad
923 1157 1015 1195 me
1062 1141 1120 1194 in
1153 1141 1353 1196 diebus
1399 1142 1565 1196 losite
1610 1142 1761 1212 regis
1795 1159 1809 1196 :
1863 1143 2129 1214 Nunquid
2229 1143 2384 1195 ratus
2418 1143 2521 1207 est,
2555 1141 2613 1195 in
2643 1140 2762 1211 ipsa
2792 1142 3086 1197 morietur.
3120 1142 3177 1198 Si
3206 1148 3402 1198 autem
3427 1143 3611 1199 dixero
3641 1146 3809 1218 impio,

494 1232 683 1287 vidisti
712 1250 841 1305 quae
865 1234 1067 1288 fecerit
1093 1235 1401 1289 aversatrix
1452 1236 1668 1290 Israel?
1704 1235 1858 1291 Abiit
1899 1236 2131 1291 sibimet
2232 1254 2258 1286 α
2288 1235 2464 1289 Morte
2496 1234 2772 1304 morieris,
2804 1255 2831 1284 »
2862 1239 2921 1290 et
2957 1236 3138 1306 egerit
3171 1237 3559 1308 paenitentiam
3594 1255 3624 1292 a
3656 1255 3815 1311 pecca-

495 1343 667 1398 super
699 1344 930 1382 omnem
966 1334 1216 1381 montem
1245 1329 1546 1398 excelsum,
1581 1334 1636 1384 et
1656 1329 1761 1383 sub
1786 1329 2126 1401 omniligno
2230 1331 2285 1382 to
2312 1344 2432 1395 suo,
2462 1328 2773 1400 feceritque
2802 1329 3081 1399 judicium
3128 1334 3185 1384 et
3221 1330 3519 1401 justitiam,
3550 1335 3605 1386 et
3635 1333 3811 1403 pignus

501 1420 784 1487 frondoso,
816 1424 871 1476 et
902 1422 1173 1475 fornicata
1214 1426 1298 1478 est
1330 1421 1429 1489 ibi,
1456 1426 1515 1476 et
1559 1423 1696 1489 dixi,
1733 1439 1865 1478 cum
1902 1423 2128 1478 fecisset
2229 1422 2542 1476 restituerit
2586 1423 2677 1476 ille
2727 1422 2958 1492 impius,
3004 1424 3385 1496 rapinamque
3428 1424 3740 1495 reddiderit,
3764 1428 3812 1482 in

500 1514 624 1570 haec
649 1514 878 1568 omnia:
913 1516 991 1569 Ad
1025 1533 1113 1569 me
1149 1520 1450 1581 revertere,
1478 1519 1535 1570 et
1560 1533 1676 1571 non
1706 1521 1793 1572 est
1820 1534 2069 1572 reversa.
2097 1540 2125 1569 »
2228 1514 2512 1569 mandatis
2549 1515 2677 1568 vitae.
2720 1515 3117 1584 ambulaverit,
3149 1533 3254 1571 nec
3300 1517 3497 1572 fecerit
3535 1518 3811 1589 quidquam

571 1608 743 1662 XXIV.
798 1609 939 1662 Item
990 1609 1104 1663 illic
1154 1611 1403 1679 (Thren.,
1441 1627 1520 1677 ιιι,
1563 1612 1651 1682 31)
1685 1631 1696 1667 :
1745 1614 1865 1667 Non
1909 1613 2128 1682 repellet
2224 1608 2521 1679 injustum,
2554 1609 2671 1662 vita
2699 1608 2848 1664 vivet
2876 1612 2933 1664 et
2960 1624 3075 1664 non
3110 1610 3408 1665 morietur.
3438 1632 3464 1659 n
3499 1610 3690 1666 Eadem
3719 1628 3814 1667 mo-

499 1704 557 1755 in
604 1708 863 1757 aeternum
909 1705 1188 1764 Dominus,
1219 1709 1267 1757 et
1309 1721 1429 1759 cum
1479 1705 1867 1767 humiliaverit,
1907 1708 2125 1761 misere-
2228 1702 2347 1755 nita
2393 1701 2569 1757 habes
2608 1701 2902 1758 versiculis
2941 1705 3008 1759 21
3040 1708 3097 1759 et
3124 1704 3213 1773 24,
3242 1719 3372 1776 cap.
3420 1719 3563 1772 XVIII,
3594 1704 3817 1774 ejusdem

500 1795 648 1850 bitur
676 1797 967 1850 secundum
991 1797 1398 1853 multitudinem
1426 1798 1807 1854 misericordiae
1839 1812 1971 1866 suae,
1999 1802 2129 1869 quia
2150 1791 2205 1863 B
2233 1796 2560 1851 Ezechielis.
2860 1858 2861 1863 η

502 1904 613 1942 ηοη
645 1889 956 1943 humiliabit
984 1896 1183 1944 artato
1209 1890 1366 1945 corde
1390 1905 1505 1957 suo,
1542 1907 1714 1961 neque
1738 1893 1955 1962 repellet
1990 1894 2129 1963 ﬁlios
2298 1890 2474 1945 XXVI.
2525 1892 2665 1948 Item
2710 1890 2822 1946 illic
2866 1891 3149 1962 (Ezechiel,
3215 1907 3371 1959 xviii,
3414 1892 3546 1961 24):
3592 1894 3694 1960 Ego
3734 1895 3819 1947 Do-

501 1980 797 2037 hominum.
2226 1986 2429 2047 minus,
2459 1986 2590 2054 quia
2616 1986 2842 2040 humilia
2873 1987 3083 2055 lignum
3108 1986 3304 2052 altum,
3333 1990 3384 2041 et
3431 1986 3610 2040 eralto
3652 1986 3822 2056 lignum

571 2077 645 2130 Ea
671 2092 798 2146 qum
827 2077 1146 2133 testimonio
1180 2095 1290 2147 xm,
1317 2078 1557 2149 aliisque
1597 2078 1866 2133 afﬁnibus
1911 2079 2129 2135 tradita
2229 2078 2453 2140 humile,
2480 2083 2531 2133 et
2561 2080 2801 2146 arefacio
2831 2081 3041 2150 tignum
3065 2080 3263 2142 viride,
3289 2084 3341 2134 et
3370 2081 3672 2136 reviviscere
3702 2081 3820 2147 facio

499 2174 651 2236 sunt,
680 2187 871 2225 rursus
902 2171 1258 2226 inculcantur
1289 2173 1353 2226 iis
1381 2172 1563 2226 verbis
1592 2188 1724 2243 quas
1746 2188 1900 2226 nunc
1917 2189 2128 2244 expen-
2230 2170 2445 2240 lignum
2471 2171 2711 2227 aridum.

502 2264 711 2327 dimus,
754 2267 813 2317 et
850 2264 909 2318 in
955 2266 1186 2335 Vulgata
1231 2265 1309 2319 sic
1358 2265 1681 2319 habentur:
1729 2284 1758 2317 ‹‹
1818 2264 1964 2329 Quia
2012 2282 2128 2320 non
2301 2263 2364 2318 Id
2401 2280 2576 2334 porro
2616 2265 2772 2337 quod
2822 2265 2993 2320 modo
3034 2267 3314 2336 expressis
3368 2266 3551 2322 verbis
3588 2267 3821 2322 traditum

504 2358 741 2428 repellet
768 2359 826 2411 in
854 2360 1263 2428 sempiternum
1299 2358 1588 2413 Dominus.
1624 2358 1767 2422 Quia
1807 2359 1854 2412 si
1898 2359 2125 2429 abjecit.
2231 2361 2336 2422 est,
2379 2373 2532 2412 nunc
2579 2358 2828 2429 eleganti
2881 2358 3155 2430 allegoria
3195 2361 3299 2415 sub
3343 2362 3537 2415 oculos
3580 2360 3819 2431 ponitur:

505 2454 564 2504 et
591 2451 953 2505 miserebitur
979 2451 1293 2505 secundum
1334 2451 1764 2506 multitudinem
1805 2452 2127 2509 misericor-
2232 2452 2403 2520 atque
2432 2450 2528 2505 illa
2558 2451 2791 2521 quidem
2818 2451 3124 2521 indicatur,
3155 2469 3318 2524 posse
3351 2455 3530 2508 Deum
3557 2470 3651 2525 pro
3673 2453 3823 2507 lubito

503 2543 614 2598 diai
633 2561 729 2597 um
758 2560 1022 2607 suarum;
1056 2562 1169 2598 non
1186 2545 1340 2598 enim
1359 2544 1675 2599 humiliavit
1700 2561 1770 2599 ex
1802 2545 1974 2600 corde
2003 2563 2127 2616 suo,
2231 2546 2288 2596 et
2311 2544 2587 2613 superbos
2615 2543 2959 2614 deprimere,
2989 2548 3047 2600 et
3074 2546 3317 2601 humiles
3365 2547 3549 2618 deque
3589 2548 3693 2600 suis
3731 2546 3821 2600 cri-

503 2642 560 2692 et
588 2637 797 2708 abjecit
824 2637 969 2692 ﬁlios
997 2638 1321 2692 hominum.
1353 2660 1381 2688 ››
2231 2636 2488 2691 minibus
2515 2637 2772 2692 dolentes
2812 2639 3111 2693 extollere.
3144 2640 3293 2695 Ferit
3332 2640 3526 2712 itaque
3566 2640 3679 2695 haec
3715 2655 3821 2693 sen-

568 2733 717 2787 XXV.
774 2733 915 2785 Item
969 2733 1119 2802 apud
1178 2732 1524 2787 Ezecliielem
1595 2734 1805 2803 (χχχιιι,
1866 2733 1953 2803 12)
2001 2750 2015 2786 :
2063 2737 2134 2789 Et
2232 2729 2409 2783 tentia
2434 2731 2788 2799 Novatianos,
2816 2732 2876 2785 in
2906 2733 3206 2787 schismate
3246 2733 3500 2788 tumidos
3541 2740 3597 2788 et
3629 2733 3823 2787 elatos:

492 2826 675 2895 justus
721 2842 828 2880 non
871 2828 1069 2895 poterit
1112 2827 1295 2880 salvus
1344 2842 1453 2881 esse
1495 2829 1551 2881 in
1599 2828 1686 2881 die
1721 2830 1949 2897 peccati.
1998 2827 2133 2883 Cum
2232 2839 2331 2879 eos
2368 2840 2593 2894 quoque
2633 2840 2830 2881 omnes
2877 2826 3028 2893 ferit,
3059 2828 3158 2897 qui
3204 2827 3430 2881 veniam
3478 2830 3534 2881 et
3577 2827 3822 2898 poeniten-

491 2920 640 2988 justo
685 2920 879 2987 dicam,
908 2939 936 2967 ί(
970 2921 1097 2975 Vita
1134 2922 1299 2985 vives,
1330 2941 1355 2969 n
1401 2923 1512 2990 ipse
1547 2936 1673 2975 vero
1716 2922 1942 2990 conﬁdet
1971 2936 2134 2991 super
2234 2916 2377 2970 tiam
2410 2918 2798 2988 peccatoribus
2826 2919 3188 2989 praecludunt
3214 2920 3449 2990 quando
3485 2920 3706 2991 quidem
3738 2920 3821 2971 llo-

493 3014 773 3081 justitiam
800 3029 976 3080 suam,
1006 3017 1055 3067 et
1077 3016 1265 3079 fecerit
1305 3015 1672 3082 iniquitatem,
1703 3030 1878 3069 omnes
1898 3015 2134 3083 justitiae
2235 3010 2426 3065 minus
2455 3011 2767 3080 virgultum
2797 3012 3018 3067 humile
3048 3013 3266 3067 exaltat
3298 3020 3356 3068 et
3391 3014 3548 3085 ligno
3585 3013 3732 3067 arido
3757 3011 3823 3065 vi-

505 3107 619 3173 cjus
648 3124 753 3161 non
779 3108 1336 3161 commemorabuntur
1362 3125 1376 3165 ς
1406 3111 1462 3160 in
1502 3124 1606 3163 sua
1646 3110 1942 3177 iniquitate
1970 3124 2135 3177 quam
2164 3164 2206 3177 Α
2236 3106 2354 3157 tam
2383 3120 2447 3158 ac
2480 3103 2741 3174 vigorem
2785 3105 3060 3175 impertit.
3091 3106 3255 3171 Quod
3301 3107 3344 3161 si
3393 3107 3648 3162 eamdem
3688 3107 3824 3176 plane

504 3203 715 3267 fecerit,
744 3202 799 3253 in
827 3215 890 3253 ea
920 3201 1208 3262 morietur,
1241 3205 1292 3254 et
1321 3217 1440 3254 cum
1466 3201 1644 3255 dicam
1670 3203 1858 3271 impio,
1890 3222 1919 3251 «
1962 3204 2135 3257 Morte
2156 3164 2210 3238 Ο
2238 3195 2373 3251 huic
2402 3197 2727 3252 testimonio
2754 3197 3144 3254 adhibendam
3174 3216 3373 3255 censes
3400 3200 3824 3272 explicationem,

504 3296 781 3354 morietur,
812 3312 839 3344 ι)
864 3296 1119 3348 averterit
1146 3309 1200 3348 se
1225 3310 1259 3346 ιι
1284 3299 1500 3363 peccato
1530 3310 1645 3361 suo,
1677 3299 1727 3348 et
1750 3296 1939 3361 fecerit
1956 3295 2131 3363 justi-
2239 3306 2412 3361 quam
2469 3290 2751 3362 superiori
2804 3292 3075 3361 adhibui,
3126 3310 3231 3364 per
3283 3310 3378 3348 me
3432 3294 3660 3365 quidem
3702 3292 3823 3346 licet.

511 3389 641 3441 (iam
687 3392 734 3440 et
767 3387 1062 3454 judicium,
1098 3391 1147 3442 et
1201 3390 1398 3457 pignus
1444 3387 1675 3442 debitori
1712 3388 2035 3455 reddiderit,
2086 3395 2137 3444 et
2238 3384 2581 3455 Quanquam
2631 3401 2766 3439 vero
2814 3386 2906 3440 vix
2959 3387 3133 3441 distat
3183 3388 3425 3457 Vulgata
3471 3382 3825 3457 interpretatio

506 3482 763 3548 rapinam
811 3482 1135 3548 restituerit,
1164 3484 1221 3534 in
1269 3483 1552 3551 praeceptis
1590 3483 1717 3535 vitae
1757 3482 2136 3549 ambulaverit,
2239 3477 2310 3532 ab
2350 3494 2418 3533 ea
2462 3494 2636 3548 quam
2675 3494 2861 3549 nuper
2896 3480 3185 3550 proposui,
3216 3482 3499 3551 quoniam
3529 3487 3712 3535 tamen
3753 3492 3824 3531 us-

513 3589 578 3627 ne
602 3575 777 3639 faciat
808 3576 1075 3643 iniquum,
1103 3577 1220 3628 vita
1248 3577 1415 3637 vivet,
1443 3581 1617 3629 etnon
1643 3578 1920 3629 morietur.
1945 3578 2140 3632 Omnia
2241 3587 2353 3641 que
2383 3571 2570 3626 adhuc
2592 3573 2767 3626 veteri
2811 3573 3272 3644 interpretationi
3310 3575 3609 3645 Vulgatam
3646 3570 3825 3636 addidi,

504 3673 733 3736 peccata
780 3667 897 3732 eius
947 3684 1066 3737 qua:
1111 3672 1372 3738 peccavit,
1416 3684 1520 3722 non
1568 3669 2029 3723 commovebuntur
2070 3686 2096 3725 e

2239 3664 2332 3719 hic
2362 3664 2573 3734 pariter
2599 3665 2746 3719 addo
2781 3682 2794 3720 :
2830 3686 2860 3715 ‹‹
2890 3666 3036 3730 Quia
3078 3683 3187 3737 ego
3233 3668 3528 3733 Dominus,
3572 3662 3827 3721 humiliari

511 3762 640 3828 quia
656 3760 925 3827 judicium
958 3768 1008 3815 et
1027 3762 1309 3829 justitiam
1335 3765 1486 3828 fecit,
1515 3765 1572 3816 in
1601 3765 1731 3831 ipsis
1758 3765 1923 3817 vivet.
2239 3757 2464 3828 lignum
2515 3758 2781 3826 sublime,
2819 3767 2878 3815 et
2924 3760 3165 3814 exaltavi
3218 3761 3449 3831 lignum
3494 3761 3700 3815 humile
3736 3774 3747 3810 :
3786 3760 3828 3809 et

585 3853 688 3916 Qui
726 3853 818 3908 hic
856 3854 1136 3925 allegatur
1162 3872 1229 3909 ex
1274 3856 1559 3911 Ezechiele
1598 3856 1776 3921 locus,
1817 3855 2140 3909 simillimus
2239 3850 2437 3905 siccavi
2466 3852 2685 3922 .ignum
2721 3852 2921 3922 viride,
2951 3858 3009 3907 et
3051 3853 3315 3908 frondere
3352 3854 3465 3909 feci
3506 3854 3714 3925 lignum
3735 3849 3825 3904 ari-

514 3951 598 4000 est
626 3947 794 4015 illius,
823 3964 992 4018 quem
1023 3965 1092 4001 ex
1131 3949 1376 4003 Jeremia
1416 3950 1607 4003 attulit
1646 3966 1702 4003 n.
1736 3965 1853 4015 xm,
1895 3948 2140 4019 ideoque
2240 3943 2399 3999 dum.
2433 3966 2460 3995 ››

515 4039 772 4093 eamdem
804 4040 1017 4112 excipit
1042 4042 1498 4112 explicationem.
1530 4041 1718 4095 Utitur
1748 4041 1835 4094 his
1872 4042 2139 4096 Ezechie-
2310 4038 2511 4092 XXVII.
2546 4040 2687 4093 Item
2730 4040 2843 4093 illic
2883 4041 3162 4111 (Ezechiel,
3194 4057 3390 4109 χχχιιι,
3428 4044 3508 4108 t0)
3540 4058 3554 4095 :
3585 4043 3650 4095 Et
3677 4037 3828 4105 tu,ﬁli

512 4131 581 4185 lis
610 4133 793 4186 verbis
821 4139 1019 4187 auctor
1045 4134 1173 4188 libri
1218 4136 1293 4189 ad
1330 4137 1725 4202 Novatiunum,
1757 4151 1835 4188 sic
1874 4135 2140 4189 eumdem
2239 4131 2487 4194 hominis,
2513 4132 2601 4186 dic
2620 4133 2804 4189 domui
2827 4136 2999 4188 Israel
3028 4151 3040 4189 :
3068 4136 3217 4189 Sicut
3251 4135 3421 4189 locuti
3446 4138 3573 4190 estis
3596 4135 3824 4188 dicentes:

516 4228 897 4285 Novatiauum
925 4228 1185 4282 refutans
1209 4228 1291 4299 (p.
1326 4227 1409 4297 t3)
1440 4246 1452 4282 :
1491 4250 1517 4278 ‹‹
1544 4228 1698 4282 Unde
1729 4227 1908 4298 igitur
1939 4232 1995 4281 et
2024 4230 2141 4281 tam
2240 4227 2461 4280 Errores
2488 4229 2661 4279 nostri
2687 4234 2735 4281 et
2760 4229 3080 4297 iniquitates
3119 4233 3317 4282 nostrae
3358 4230 3419 4282 in
3459 4229 3606 4282 nobis
3645 4230 3766 4285 sunt,
3788 4227 3825 4276 et

518 4323 846 4388 sceleratus,
885 4326 940 4376 et
983 4326 1097 4375 tam
1146 4321 1424 4391 perditus,
1456 4330 1570 4376 tam
1608 4320 1904 4376 discordiae
1948 4321 2141 4375 furore
2241 4319 2300 4372 in
2338 4320 2471 4387 ipsis
2506 4335 2601 4374 nos
2649 4320 2988 4375 tabescimus.
3031 4324 3101 4376 Et
3142 4320 3412 4389 quomodo
3462 4320 3729 4375 vivemus?
3757 4316 3823 4370 dic

517 4432 762 4470 vesanus
818 4415 1099 4469 exstiterit
1149 4415 1256 4469 istc
1319 4415 1678 4484 Novatianus,
1731 4413 1987 4468 invenire
2028 4431 2143 4468 non
2242 4412 2353 4465 illis
2382 4430 2399 4465 :
2438 4414 2571 4469 Vivo
2596 4428 2712 4481 ego,
2742 4414 2875 4468 dicit
2897 4415 3186 4482 Dominus,
3216 4417 3268 4468 si
3292 4414 3411 4468 volo
3435 4420 3654 4468 mortem
3679 4411 3822 4479 impii,

517 4526 779 4587 possum;
808 4509 903 4580 qui
945 4526 1174 4580 semper
1219 4509 1276 4562 in
1311 4508 1481 4563 domo
1527 4525 1658 4576 una,
1690 4508 1746 4562 id
1803 4511 1889 4562 est
1937 4508 2141 4564 Christi
2165 4533 2223 4603 Β
2248 4510 2462 4559 tantum
2493 4522 2527 4560 a
2554 4508 2646 4560 via
2666 4521 2767 4561 sua
2794 4512 3094 4569 avertatur,
3117 4513 3167 4562 et
3196 4509 3367 4561 vivat.

518 4603 781 4671 Ecclesia,
828 4602 1221 4674 proximorum
1266 4601 1467 4657 delicta
1504 4607 1567 4656 ut
1612 4601 1841 4672 propria
1886 4597 2212 4669 ﬂeverit;-
2317 4599 2619 4669 Perspicua
2686 4600 2810 4654 haec
2859 4605 2944 4654 est
2990 4600 3313 4667 sententia,
3368 4618 3483 4672 qua
3544 4600 3636 4654 Dei
3686 4597 3825 4668 pietas

518 4714 688 4752 onera
721 4698 986 4762 fratrum,
1019 4696 1163 4751 sicut
1203 4697 1499 4766 Apostolus
1542 4696 1824 4763 hortatur,
1858 4694 2143 4750 sustinuc-
2246 4691 2460 4747 eminet
2488 4692 2548 4746 in
2579 4692 2849 4747 vocandis
2867 4693 3196 4748 hominibus
3213 4694 3332 4764 jam
3350 4694 3569 4765 pridem
3593 4693 3645 4747 in
3665 4686 3825 4760 iniqui-

518 4791 630 4861 rit;
660 4790 908 4844 lubricos
938 4790 995 4844 in
1026 4789 1134 4844 Iide
1178 4790 1387 4844 cmlesti
1427 4788 1766 4844 allocutione
1810 4788 2143 4843 corrobora-
2248 4788 2364 4840 tate
2392 4785 2760 4853 haerentibus,
2790 4802 2855 4840 ac
2884 4803 3029 4857 pene
3056 4786 3368 4858 desperatis
3398 4805 3411 4842 :
3460 4790 3611 4841 certa
3638 4796 3823 4856 quoque

518 4884 681 4939 verit.
712 4887 781 4940 At
813 4901 962 4938 nunc
994 4901 1059 4937 ex
1089 4901 1202 4955 quo
1232 4884 1465 4939 Cainam
1497 4883 1657 4938 illam
1698 4882 1983 4950 haeresim,
2017 4898 2147 4952 quae
2247 4885 2491 4950 apparet
2551 4880 2869 4934 testiﬁcatio
2932 4880 3141 4934 divinas
3193 4880 3506 4936 voluntatis
3548 4881 3614 4934 de
3656 4878 3824 4946 imper-

517 4995 636 5033 non
682 4977 787 5032 nisi
836 4983 1060 5031 tantum
1107 4977 1363 5031 occidere
1406 4976 1596 5047 gestit,
1647 4992 1908 5030 exercere
1958 4976 2143 5045 cmpit,
2248 4971 2443 5026 tienda
2489 4972 2890 5043 perditissimis
2943 4975 3261 5045 quibusque
3315 4975 3498 5028 venia.
3544 4977 3710 5043 Atque
3757 4968 3822 5019 bis

519 5088 623 5125 nec
672 5070 778 5123 sibi
832 5070 1137 5124 novissime
1191 5070 1393 5141 parcit.
1444 5070 1748 5136 Caeterum,
1804 5069 1849 5122 si
1918 5069 2149 5140 legisset
2247 5081 2382 5120 sane
2423 5066 2607 5120 verbis
2660 5065 2698 5120 ii
2746 5068 3064 5137 prmsertim
3119 5067 3479 5136 refelluntur,
3524 5066 3617 5138 qui
3657 5062 3821 5117 divina:

519 5163 653 5234 quia
690 5163 912 5232 justitia
950 5164 1091 5233 justi
1136 5180 1245 5217 non
1297 5163 1561 5218 liberabit
1607 5180 1740 5217 eum
1786 5164 1843 5216 in
1890 5162 1987 5216 die
2032 5179 2147 5234 qua
2248 5158 2511 5214 charitati
2553 5159 2761 5214 limites
2808 5159 3044 5230 injicere
3094 5164 3421 5230 pertentaut
3460 5166 3516 5215 et
3552 5151 3821 5213 criminosis

519 5257 809 5324 erraverit,
843 5262 897 5311 et
933 5257 1204 5327 iniquitas
1260 5257 1418 5327 impii
1448 5274 1563 5310 non
1596 5256 1823 5310 nocebit
1860 5256 1912 5311 ei
1939 5274 2001 5311 ex
2036 5273 2149 5327 qua
2247 5252 2637 5323 paenitentiam
2667 5253 3030 5308 interdicere.
3064 5254 3120 5309 Si
3149 5254 3456 5325 peccatoris
3482 5256 3707 5307 mortem
3736 5259 3822 5299 non

519 5350 609 5403 die
647 5366 953 5404 conversus
979 5351 1167 5416 fuerit,
1194 5351 1313 5420 jam
1362 5350 1497 5404 olim
1524 5350 1579 5404 in
1604 5349 1796 5404 cinere
1848 5351 2148 5420 paeniteret
2247 5347 2368 5403 vult
2415 5348 2583 5414 Deus,
2627 5346 2725 5400 sed
2767 5351 2833 5401 ut
2868 5353 3230 5402 convertatur
3275 5364 3339 5402 ac
3378 5348 3545 5414 vivat,
3590 5344 3703 5416 quis
3744 5336 3823 5393 cri-

517 5443 634 5510 iIIe,
679 5444 776 5515 qui
821 5459 1044 5515 semper
1087 5443 1489 5514 paenitentibus
1526 5443 1891 5513 adversatur;
1939 5443 2039 5515 qui
2090 5444 2148 5498 in
2247 5441 2405 5497 mina
2431 5440 2621 5512 aliqua
2666 5440 3030 5512 inexpiabilia
3067 5442 3236 5508 dicet,
3262 5446 3361 5495 aut
3395 5438 3720 5512 poenitentia
3755 5446 3824 5484 cn-

519 5538 685 5591 ruina
744 5537 963 5591 facilius
1021 5537 1430 5591 eaditicatorum
1496 5538 1768 5591 stantium
1844 5544 2143 5607 operatur,
2251 5535 2410 5605 pidos
2436 5535 2506 5587 ab
2537 5551 2626 5600 ea,
2660 5534 2899 5604 ideoque
2927 5535 2998 5588 ab
3043 5536 3307 5601 Ecclesia,
3345 5531 3596 5588 arcebit?
3621 5525 3823 5584 Adhibet

522 5647 694 5701 quam
726 5630 783 5684 in
822 5631 1131 5685 structione
1153 5631 1459 5701 jacentium
1494 5630 1951 5701 ruinarum;qui
1998 5631 2145 5683 mul-
2248 5628 2308 5681 in
2375 5628 2645 5681 eumdem
2699 5644 2929 5682 sensum
2994 5630 3179 5683 locum
3243 5630 3392 5683 hunc
3446 5622 3721 5682 Ezechielis
3768 5617 3819 5677 is,

517 5731 602 5778 tus
631 5742 694 5778 ex
736 5724 1004 5778 fratribus
1050 5726 1259 5779 nostris
1302 5726 1651 5779 miserrimos
1696 5724 1850 5778 falsis
1901 5725 2013 5777 suis
2047 5723 2144 5779 ad-
2250 5738 2420 5793 quem
2469 5737 2618 5791 saepe
2685 5721 2893 5790 citavi,
2945 5729 3145 5778 auctor
3196 5722 3324 5778 libri
3377 5722 3446 5778 ad
3495 5717 3819 5776 Novatianum

523 5817 940 5875 versationibus
1005 5817 1358 5892 perterritus,
1413 5819 1621 5875 iterum
1675 5817 1810 5873 fecit
1867 5817 2143 5888 ethnicos,
2252 5817 2406 5888 (pag.
2437 5814 2546 5885 Il).
2580 5835 2609 5865 «
2651 5815 2812 5885 Item,
2853 5814 3140 5890 inquiens,
3169 5816 3445 5875 Dominus
3480 5813 3553 5872 ad
3594 5804 3816 5869 eumdem
