4032 6180
287 199 390 264 889
421 208 427 213 ’

1314 211 1714 274 SUPERIORIS
1752 213 2078 274 OPUSCULI
2119 216 2605 276 ARGUMENTUM.

3536 220 3638 282 890

286 331 653 405 (prophetam
696 334 1066 409 Ezechielem)
1098 353 1110 392 ε
1143 338 1241 392 Fili
1273 338 1534 406 hominis,
1569 341 1657 394 dic
1696 341 1908 412 populo
1939 352 1985 426 Α
2014 337 2143 392 tatis
2181 354 2318 392 mea:
2359 344 2441 392 est
2480 357 2630 395 mors
2671 341 2856 412 impii,
2890 341 3027 397 dicit
3066 342 3336 399 Dominus
3377 343 3544 414 Deus,
3579 349 3635 402 et

284 427 458 482 Israel
490 445 502 482 :
539 451 565 477 (ι
596 431 774 493 Quare
802 431 968 485 locuti
997 431 1129 486 estis
1151 431 1405 488 dicentes
1429 451 1440 488 :
1462 435 1759 489 Erroribus
1786 452 1908 490 nos-

281 524 384 577 tris
427 523 898 591 contabescimus,
942 528 997 578 et
1036 527 1324 596 quomodo
1369 528 1502 582 salvi
1538 545 1661 582 esse
1703 529 1908 599 poteri-

277 619 452 672 mus?
492 618 580 671 dic
621 618 740 672 eis:
772 617 906 672 Vivo
938 636 1064 689 ego,
1111 620 1247 674 dicit
1292 621 1583 692 Dominus,
1623 624 1753 694 quia
1795 641 1905 678 non

276 710 536 766 desidero
581 717 825 766 mortem
865 713 1188 783 peccatoris.
1218 716 1313 769 sed
1354 715 1618 771 desidero
1651 724 1713 772 ut
1743 734 1906 772 aver-

275 811 432 858 tatur
468 811 738 876 peccator
769 823 801 859 a
845 806 929 860 via
967 824 1068 862 sua
1107 808 1370 879 pessima,
1413 816 1468 864 et
1509 811 1674 866 vivat.
1722 832 1748 859 »
1792 812 1901 866 Ad-

272 897 478 952 hibent
515 916 764 970 quoque,
804 917 877 954 ne
913 907 1142 956 cunctos
1187 919 1542 959 enumerem.
1585 905 1902 975 Cyprianus

274 992 397 1061 (sub
417 993 592 1048 tinem
615 994 738 1048 libri
765 995 831 1049 de
850 998 1040 1065 Lapsis
1060 1000 1117 1050 et
1142 997 1245 1051 sub
1268 997 1494 1052 initium
1518 999 1648 1053 libri
1673 1001 1738 1054 de
1758 1003 1901 1056 Bono

269 1088 576 1156 Patientiae)
615 1093 672 1142 et
700 1088 1095 1160 Hieronymus.
1131 1091 1269 1145 Vide
1306 1109 1433 1163 quae
1467 1092 1652 1147 dicam
1697 1111 1753 1148 ιι.
1787 1094 1898 1164 30).

343 1181 612 1235 Eamdem
643 1184 984 1237 sententiam
1015 1184 1289 1254 Vulgatus
1321 1186 1601 1257 interpres
1646 1188 1900 1242 Latinam

269 1275 459 1330 effecit
711 1277 798 1330 his
820 1277 1008 1331 verbis
1033 1295 1046 1331 :
1071 1299 1099 1327 ‹‹
1121 1280 1200 1332 'I‘u
1229 1296 1386 1350 ergo,
1412 1281 1487 1334 fili
1519 1281 1782 1346 hominis,
1813 1283 1898 1336 dic

267 1369 340 1424 ad
383 1369 617 1424 domum
663 1371 833 1424 Israel
867 1387 880 1425 :
921 1372 1009 1426 Sic
1046 1372 1215 1427 locuti
1259 1374 1409 1444 estis,
1455 1375 1701 1430 dicentes
1732 1394 1743 1429 :
1779 1376 1894 1429 Ini-

271 1462 520 1534 quitates
542 1469 775 1530 nostrai,
798 1468 855 1517 et
879 1471 1106 1535 peccata
1133 1469 1325 1521 nostra
1352 1485 1521 1538 super
1549 1486 1648 1522 nos
1670 1476 1819 1537 sunt,
1845 1475 1900 1525 et

267 1555 328 1610 in
356 1555 493 1626 ipsis
519 1573 626 1610 nos
662 1557 1004 1612 tabescimus
1036 1575 1049 1613 :
1079 1560 1370 1630 quomodo
1405 1579 1542 1631 ergo
1584 1562 1766 1618 vivere
1795 1581 1894 1634 po-

264 1650 551 1704 terimus?
610 1650 699 1704 dic
742 1651 809 1706 ad
862 1667 955 1705 eos
1005 1668 1019 1706 :
1078 1653 1210 1708 Vivo
1260 1671 1386 1725 ego,
1442 1655 1577 1708 dicit
1623 1656 1898 1711 Dominus

262 1743 413 1796 Deus
446 1759 458 1796 :
496 1744 627 1798 nolo
657 1747 897 1800 mortem
940 1745 1126 1817 impii,
1164 1748 1260 1802 sed
1301 1755 1360 1802 ut
1398 1753 1758 1803 convertatur
1788 1751 1894 1804 im-
1919 1720 1972 1792 Β

259 1835 391 1905 pius
419 1854 452 1890 a
483 1837 572 1890 via
601 1854 719 1902 sua,
749 1844 804 1892 et
830 1837 999 1892 vivat.
1029 1858 1057 1890 ››

335 1930 554 1984 XXVIII.
590 1931 726 1984 Item
768 1931 881 1985 illic
920 1932 1200 2002 (Ezechiel,
1248 1950 1432 2002 xxxvx,
1487 1935 1572 2002 36)
1606 1952 1618 1989 :
1647 1939 1758 2003 Ego
1788 1939 1893 1991 Do-

259 2025 466 2085 minus,
505 2024 767 2092 adi/icavi
802 2025 1079 2087 demolita,
1125 2033 1176 2080 et
1215 2028 1468 2096 plantavi
1512 2032 1892 2085 exterminata.

337 2117 535 2188 Allego
549 2118 632 2171 ria
673 2118 874 2184 altera,
914 2118 1101 2174 afﬁnis
1138 2119 1218 2174 illi
1247 2137 1374 2190 qua:
1400 2138 1458 2174 n.
1489 2123 1556 2176 26
1587 2122 1757 2176 allata
1790 2128 1894 2192 est,

264 2209 359 2262 hic
413 2211 769 2280 proponitur,
815 2229 990 2282 quam
1054 2213 1326 2283 quoniam
1378 2213 1664 2284 scriptoris
1716 2216 1896 2270 nostri

259 2302 454 2356 verbis
494 2305 680 2372 retuli,
724 2304 864 2358 libet
902 2305 1074 2360 etiam
1107 2307 1356 2377 Vulgata
1385 2307 1571 2361 verbis
1599 2309 1892 2376 exhibere,

260 2413 392 2466 quae
446 2396 772 2467 hujusmodi
815 2405 948 2452 sunt
995 2417 1008 2453 :
1063 2420 1090 2447 ‹‹
1138 2401 1256 2470 Ego
1303 2401 1576 2455 Dominus
1621 2402 1894 2456 aediﬁcavi

261 2489 535 2560 dissipata
569 2491 924 2561 plantavique
957 2492 1188 2547 inculta.
1224 2515 1249 2542 n

336 2584 506 2638 XXIX.
547 2584 688 2637 Item
728 2583 841 2638 illic
882 2584 1163 2654 (Ezechiel.
1198 2603 1343 2653 xvm,
1376 2588 1462 2656 2t)
1495 2605 1508 2641 :
1545 2592 1610 2643 Et
1674 2592 1894 2660 iniquus

254 2679 309 2730 si
336 2683 615 2730 convertat
652 2692 706 2730 se
735 2679 803 2731 ab
832 2679 1075 2732 omnibus
1120 2682 1529 2750 iniquitatibus,
1573 2699 1710 2752 quas
1737 2686 1892 2750 fecit,

257 2774 312 2823 et
348 2770 620 2823 custodiat
647 2773 826 2824 omnia
856 2772 1120 2826 mandata
1156 2789 1292 2839 mea,
1326 2779 1375 2827 et
1405 2777 1581 2840 faciat
1609 2777 1888 2847 iudicium,

257 2867 312 2914 et
332 2862 635 2929 justitiam,
677 2868 726 2916 et
764 2865 1209 2930 misericordiam,
1240 2868 1356 2919 vita
1391 2869 1530 2921 vivet
1569 2873 1619 2921 et
1647 2884 1752 2922 non
1778 2886 1888 2923 mo-

254 2957 454 3009 rietur.
497 2958 690 3012 Omnia
731 2958 931 3011 delicta
963 2958 1094 3024 ejus,
1127 2974 1248 3027 qua
1283 2962 1434 3024 fecit,
1479 2977 1586 3014 non
1631 2968 1792 3016 erunt
1833 2966 1890 3017 in

2012 449 2125 486 non
2154 438 2215 486 ut
2243 439 2609 488 convertatur
2634 453 2664 488 a
2695 436 2792 490 viis
2823 437 2956 503 suis,
2987 443 3041 492 et
3071 439 3251 492 vivat?
3279 460 3305 489 ››

2081 529 2263 596 Atque
2321 528 2423 580 hac
2480 545 2614 583 sane
2668 529 3138 600 interpretatione
3197 534 3402 604 posita,
3462 539 3632 606 atque

2008 619 2150 674 adeo
2195 637 2263 696 ex
2305 621 2648 692 etymologia
2696 622 2814 692 ipsa
2858 624 3107 678 nominis
3151 628 3373 681 Adonei
3407 629 3634 682 videtur

2005 714 2186 768 altera
2214 731 2277 768 ex
2313 715 2399 768 his
2431 715 2677 783 vocibus,
2709 717 2950 779 Arlonai,
2985 721 3256 782 Dominus,
3287 722 3626 778 redundare.

2004 807 2113 862 Sed
2143 808 2292 862 inter
2321 825 2382 862 ea
2421 809 2578 862 nolui
2621 824 2826 863 manus
2859 809 2917 865 in
2959 812 3312 880 superiorem
3347 813 3626 884 interpre-

2004 901 2280 956 tationem
2317 901 2571 971 injicere.
2600 903 2812 957 Locum
2845 903 2992 958 hunc
3021 921 3134 958 non
3161 905 3368 960 omittit
3397 909 3626 962 Damas-

2004 1011 2177 1049 cenus
2208 996 2402 1049 crebro
2430 996 2700 1066 allegatus
2731 997 2809 1068 (in
2840 999 3073 1060 Puralt.,
3103 1000 3255 1069 etc.).

2073 1089 2217 1142 XXX.
2268 1091 2401 1142 Item
2447 1090 2556 1143 illic
2587 1091 2820 1162 (Ezech.,
2858 1108 3011 1156 xvm,
3061 1094 3146 1162 36)
3179 1109 3191 1146 :
3229 1096 3627 1157 Convertimini,

2001 1188 2050 1236 et
2099 1186 2322 1237 avertite
2366 1199 2456 1238 vos
2504 1185 2570 1238 ab
2613 1186 2862 1238 omnibus
2909 1187 3277 1255 iinpietutibus
3317 1190 3527 1254 vestris,
3579 1193 3630 1242 et

2000 1293 2108 1330 non
2148 1282 2306 1331 cmnt
2346 1277 2490 1331 vobis
2528 1280 2583 1331 in
2618 1294 2851 1347 pcrnam.
2896 1280 3148 1346 Projicite
3191 1296 3225 1333 a
3266 1281 3414 1334 vobis
3451 1296 3631 1335 omnes

1999 1372 2314 1438 iniquitates
2352 1378 2581 1430 vestras,
2621 1387 2755 1439 quas
2794 1375 2956 1442 impie
2996 1375 3196 1438 fecistis
3234 1375 3290 1426 in
3319 1389 3418 1435 me,
3455 1379 3505 1429 et
3532 1377 3629 1440 fa-

1998 1465 2099 1518 cite
2151 1465 2299 1518 vobis
2358 1480 2447 1517 cor
2495 1481 2711 1526 novum,
2767 1472 2816 1518 et
2879 1469 3135 1536 spiritum
3184 1483 3397 1520 novum.
3451 1470 3520 1522 Et
3568 1471 3630 1521 ut

1998 1557 2131 1626 quid
2176 1560 2500 1624 moriemini,
2550 1558 2740 1613 domus
2787 1560 2998 1613 Israel?
3050 1562 3182 1629 quia
3235 1561 3356 1614 nolo
3406 1566 3629 1614 mortem

1998 1653 2290 1713 morientis,
2320 1651 2454 1705 dicit
2482 1653 2720 1718 Adonei,
2751 1655 3028 1706 Dominus.

2072 1746 2128 1797 In
2175 1744 2269 1798 illo
2317 1745 2436 1814 ipso
2483 1745 2660 1815 capite
2707 1746 2926 1800 decimo
2974 1748 3192 1813 octavo,
3239 1746 3391 1816 quod
3442 1763 3624 1816 nuper

1996 1837 2253 1908 allegavi,
2294 1837 2483 1910 857
2517 1840 2614 1893 sed
2643 1839 2926 1893 nonnullis
2955 1839 3304 1909 interpositis
3335 1839 3626 1908 (versiculo

1996 1931 2208 1985 scilicet
2236 1931 2344 2000 30),
2366 1931 2621 1986 invenies
2644 1949 2730 1999 ea,
2760 1949 2888 2003 qua:
2908 1933 2998 1986 hic
3020 1932 3398 2002 adducuntur,
3420 1933 3625 2002 quibus

1995 2025 2228 2094 quidem
2257 2025 2462 2079 invitat
2496 2026 2772 2080 Dominus
2807 2027 3067 2080 scelestos
3102 2025 3173 2080 ad
3209 2025 3622 2096 paenitentiam,

1996 2118 2219 2188 illisque
2267 2135 2382 2173 non
2428 2119 2602 2173 modo
2646 2119 2839 2188 vitam,
2888 2136 3083 2174 verum
3132 2119 3305 2174 etiam
3354 2119 3623 2188 gravissi-

1998 2227 2221 2265 morum
2263 2213 2652 2283 quorumlibet
2700 2213 3002 2267 criminum
3039 2213 3261 2267 veniam
3302 2211 3622 2282 pollicetur.

1995 2305 2129 2360 Vide
2159 2322 2287 2375 qua:
2317 2305 2561 2360 diximus
2591 2306 2660 2360 ad
2690 2306 2878 2360 locum
2905 2323 3016 2373 x1v,
3043 2323 3134 2373 xv,
3159 2312 3216 2361 et
3237 2305 3436 2360 affines
3460 2305 3619 2360 alios.

2065 2398 2310 2454 Adhibet
2376 2399 2810 2469 explicationem
2881 2399 3025 2452 hanc
3093 2403 3349 2454 nostram
3427 2404 3624 2453 auctor

1992 2491 2123 2545 libri
2183 2492 2255 2545 ad
2316 2492 2691 2545 Novatianum
2747 2493 2867 2546 hmc
2929 2492 3180 2546 scribens
3245 2494 3396 2563 (pag.
3478 2491 3620 2561 I6):

1995 2605 2023 2634 α
2065 2585 2271 2638 Demus
2311 2585 2489 2655 igitur
2532 2584 2661 2639 totis
2705 2585 2915 2639 viribus
2955 2585 3089 2639 tidei
3120 2589 3326 2639 nostrae
3358 2586 3468 2639 Deo
3508 2583 3625 2637 lau-

1995 2677 2150 2745 dem,
2181 2678 2381 2733 demus
2411 2679 2638 2749 plenam
2678 2680 3084 2734 confessionem
3115 2696 3128 2732 :
3157 2676 3624 2749 quandoquidem

1993 2787 2166 2842 super
2208 2772 2542 2843 pcenitentia
2589 2778 2779 2826 nostra
2824 2772 3116 2842 gaudeant
3177 2772 3408 2826 virtutes
3451 2769 3618 2824 coelo-

1991 2883 2140 2932 rum,
2171 2867 2454 2935 gaudeant
2480 2865 2670 2936 angeli
2711 2883 2927 2931 omnes,
2963 2866 3202 2935 gaudeat
3243 2870 3298 2919 et
3340 2863 3617 2930 Christus,

1993 2959 2086 3028 qui
2135 2975 2239 3012 nos
2283 2959 2469 3012 denuo
2510 2949 2750 3029 peccatis
2793 2964 3074 3026 oneratos,
3109 2957 3327 3012 delictis
3365 2957 3618 3024 obrutos,

254 3051 536 3112 memoria;
580 3051 637 3102 in
679 3066 780 3104 sua
818 3051 1062 3118 justitia,
1110 3068 1274 3120 quam
1317 3054 1470 3118 fecit,
1519 3057 1678 3108 vivet.
1729 3057 1964 3155 Nun-C
1993 3053 2158 3123 plena
2200 3056 2258 3106 et
2301 3052 2573 3106 clementi
2617 3052 3002 3106 moderatione
3047 3068 3261 3106 cessare
3308 3069 3340 3104 a
3373 3051 3619 3105 facinore

254 3143 395 3212 quid
435 3143 710 3198 voluntate
757 3145 876 3197 volo
929 3151 1150 3198 mortem
1201 3146 1428 3213 injusti,
1486 3147 1618 3201 dicit
1667 3149 1890 3202 Adonai

255 3239 540 3302 Dominus,
574 3253 739 3304 quam
773 3243 833 3290 ut
862 3243 1074 3293 avertat
1113 3255 1167 3292 se
1203 3257 1236 3293 α
1263 3242 1354 3293 via
1393 3256 1492 3294 sua
1520 3243 1687 3303 mala,
1717 3248 1767 3295 et
1805 3245 1888 3295 vi-

253 3345 382 3384 vere
420 3346 537 3384 eum
558 3333 585 3384 ?

336 3428 392 3481 Id
439 3427 622 3498 ipsum
663 3430 815 3500 quod
859 3433 1030 3500 paulo
1073 3435 1206 3486 ante
1251 3432 1557 3486 Ezechielis
1597 3435 1890 3504 prophetae.

256 3523 494 3576 monitis
549 3523 823 3577 traditum
881 3528 1033 3591 erat,
1086 3525 1239 3592 aliis,
1295 3527 1684 3597 superioribus
1732 3528 1889 3582 valde

254 3615 552 3686 proximis,
588 3617 677 3670 hic
704 3617 1039 3671 inculcatur.

331 3709 535 3762 Recole
594 3726 900 3764 numerum
949 3727 1071 3765 xxv.
1130 3713 1225 3766 IIic
1278 3718 1494 3766 tantum
1554 3717 1686 3766 noto
1739 3713 1888 3767 hunc

250 3802 560 3856 Ezechielis
605 3803 790 3856 locum
840 3805 898 3858 in
944 3805 1208 3858 eumdem
1258 3806 1492 3860 fortasse
1539 3823 1766 3860 sensum
1815 3809 1890 3860 al-

254 3896 515 3965 legatum
562 3895 731 3949 fuisse
774 3914 806 3949 a
848 3897 1130 3968 Cypriane
1176 3898 1294 3951 haec
1339 3898 1575 3953 docente
1624 3901 1707 3965 (de
1745 3903 1888 3955 Bono

251 3990 562 4051 Patientia,
614 4005 741 4060 pag.
792 3991 917 4060 496)
966 4007 977 4045 :
1022 4011 1050 4039 ‹‹
1101 3991 1384 4046 Admonet
1430 4009 1504 4046 ne
1544 3993 1672 4062 quis
1712 3993 1891 4063 impa-

257 4084 409 4135 tiens
453 4081 507 4134 in
553 4083 878 4152 operatione
919 4083 1161 4150 deﬁciat,
1199 4101 1272 4138 ne
1316 4085 1441 4155 quis
1487 4085 1888 4139 tentationibus

249 4180 360 4228 aut
395 4181 682 4243 avocatus,
722 4181 820 4228 aut
849 4175 1024 4230 victus
1056 4177 1113 4231 in
1150 4178 1338 4232 medio
1371 4178 1571 4241 laudis,
1607 4184 1664 4232 et
1694 4179 1888 4249 glorias

249 4269 466 4322 itinere
523 4269 774 4336 desistat,
831 4275 887 4324 et
936 4275 1172 4340 pereant
1219 4271 1526 4341 praeterita,
1576 4272 1711 4325 dum
1759 4288 1887 4341 quae

246 4368 563 4431 ceperant,
611 4363 879 4417 desinunt
928 4381 1048 4419 esse
1098 4365 1366 4434 perfecta,
1425 4365 1567 4418 sicut
1614 4365 1887 4434 scriptum

1993 3146 2253 3199 hortatur
2304 3146 2498 3199 dicens
2547 3163 2559 3199 :
2616 3167 2643 3195 ‹‹
2687 3146 3006 3201 Convertite
3056 3161 3169 3212 vos,
3218 3151 3273 3199 et
3322 3144 3501 3199 redite
3551 3144 3620 3198 ab

1992 3239 2375 3310 impietatibus
2406 3240 2629 3304 vestris,
2659 3241 2716 3293 et
2744 3256 2858 3293 non
2895 3243 3062 3292 erunt
3099 3238 3254 3292 vobis
3293 3238 3619 3308 iniquitates

1990 3337 2188 3386 vestra:
2219 3333 2291 3386 ad
2329 3349 2575 3402 pmnam.
2614 3333 2877 3402 Projicite
2919 3350 2951 3386 a
2986 3332 3139 3385 vobis
3175 3348 3372 3385 omnes
3411 3330 3616 3401 impie-

1991 3431 2130 3479 tates
2160 3429 2390 3491 vestras,
2424 3442 2562 3495 quas
2607 3426 2818 3480 fecistis
2855 3425 3156 3479 adversum
3196 3441 3326 3492 me;
3369 3428 3425 3476 et
3455 3424 3619 3477 facite

1990 3519 2146 3572 vobis
2179 3535 2272 3572 cor
2302 3535 2537 3585 novum,
2578 3523 2634 3573 et
2676 3519 2939 3589 spiritum
2986 3535 3222 3572 novum.
3273 3521 3336 3572 Et
3377 3524 3437 3570 ut
3485 3517 3624 3587 quid

1992 3629 2087 3666 vos
2132 3613 2299 3665 morti
2344 3612 2585 3679 traditis,
2632 3613 2836 3666 domus
2871 3613 3087 3665 Israel?
3118 3613 3237 3664 Non
3283 3611 3437 3664 enim
3484 3610 3624 3664 desi-

1991 3707 2125 3760 dero
2159 3713 2398 3758 mortem
2441 3705 2772 3775 peccatoris.
2817 3727 2843 3753 n
2880 3705 3252 3774 Hieronymus
3293 3705 3504 3774 pariter
3532 3703 3623 3755 ad-

1991 3799 2166 3864 hibet,
2217 3799 2287 3850 ad
2340 3799 2628 3850 Rusticum
2688 3799 2904 3867 lapsum
2959 3799 3081 3850 haec
3135 3797 3382 3850 scribens
3439 3797 3549 3866 (33)
3606 3811 3620 3847 :

1992 3912 2018 3939 ‹‹
2061 3891 2316 3944 Ezechiel
2369 3907 2600 3960 quoque
2653 3891 2853 3944 iisdem
2894 3891 3099 3952 verbis,
3154 3890 3287 3959 quia
3327 3890 3528 3942 eodem
3568 3891 3625 3942 et

1989 3984 2191 4054 spiritu
2229 4000 2242 4036 :
2283 4005 2308 4032 «
2337 3982 2766 4049 Convertimini,
2814 3983 3022 4053 inquit,
3064 3986 3121 4035 et
3166 3981 3348 4036 redite
3396 3982 3466 4035 ab
3516 3983 3621 4034 ini-

1991 4077 2306 4147 quitatibus
2336 4076 2550 4140 vestris,
2587 4076 2790 4130 domus
2834 4077 3038 4141 Israel;
3079 4079 3133 4130 et
3167 4092 3281 4130 non
3329 4081 3498 4129 erunt
3536 4093 3622 4128 vo-

1989 4171 2074 4224 bis
2105 4170 2162 4223 in
2202 4176 2553 4223 tormentum
2598 4170 2940 4240 impietates.
2977 4169 3240 4240 Projicite
3274 4186 3470 4222 omnes
3514 4170 3622 4222 im-

1989 4265 2225 4334 pietates
2253 4271 2483 4329 vestras,
2513 4264 2719 4334 quibus
2747 4264 2918 4334 impie
2948 4264 3142 4333 egistis
3172 4263 3470 4317 adversum
3507 4279 3617 4328 me,

1987 4364 2042 4411 et
2072 4358 2234 4411 facite
2276 4357 2430 4411 vobis
2471 4373 2568 4411 cor
2624 4373 2831 4410 novum
2875 4363 2928 4411 et
2971 4358 3236 4426 spiritum
3279 4373 3512 4410 novum.
3547 4357 3617 4409 Et

246 4460 380 4510 est:
416 4475 440 4506 α
468 4457 689 4509 Iustitia
722 4456 860 4526 justi
899 4474 1014 4512 non
1053 4458 1309 4512 liberabit
1351 4474 1481 4511 eum
1521 4459 1580 4512 in
1623 4445 1964 4527 quacum-1)
1989 4467 2161 4521 quare
2185 4451 2527 4516 moriemini,
2553 4451 2759 4504 domus
2787 4450 3001 4504 Israel?
3028 4450 3164 4505 Nolo
3190 4451 3345 4504 enim
3375 4456 3618 4503 mortem

248 4565 370 4620 que
410 4549 499 4603 die
544 4550 910 4604 exerraverit.
956 4573 983 4600 »
1033 4551 1100 4604 Et
1140 4552 1348 4604 iterum
1399 4567 1411 4605 :
1462 4571 1490 4600 ‹‹
1537 4552 1685 4606 Tene
1730 4553 1883 4622 quod

248 4642 453 4708 habes,
487 4659 559 4696 ne
589 4643 734 4697 alius
763 4644 998 4714 accipiat
1038 4661 1308 4699 coronam
1345 4648 1520 4698 tuam.
1553 4667 1580 4693 »
1612 4645 1748 4709 Quae
1779 4662 1881 4700 vox

242 4736 589 4790 adhortatur
642 4737 930 4807 patienter
980 4743 1035 4792 et
1095 4738 1323 4792 fortiter
1373 4755 1770 4808 perseverare,
1827 4746 1888 4793 ut

241 4829 349 4900 qui
385 4829 455 4883 ad
509 4846 785 4884 coronam
837 4831 998 4884 laude
1039 4831 1161 4900 jam
1213 4833 1472 4901 proxima
1516 4833 1734 4899 nititur,
1778 4833 1884 4886 du-

241 4930 411 4976 rante
453 4922 723 4992 patientia
762 4928 1085 4978 coronetur.
1123 4945 1150 4972 ››

323 5017 404 5068 Ita
447 5032 577 5069 vero
621 5016 678 5070 in
723 5016 957 5087 Vulgata
1004 5033 1070 5071 ea
1111 5017 1280 5072 verba
1333 5018 1652 5072 redduntur
1697 5037 1709 5074 :
1759 5042 1783 5068 α
1827 5019 1885 5074 Si

242 5114 444 5162 autem
476 5108 686 5180 impius
723 5111 907 5180 egerit
936 5111 1328 5181 pmnitentiam
1359 5111 1428 5165 ab
1462 5112 1726 5166 omnibus
1757 5131 1882 5183 pec-

241 5201 388 5255 catis
430 5203 564 5268 suis,
605 5219 733 5273 quae
781 5208 1053 5274 operatus
1091 5209 1194 5273 est,
1232 5210 1289 5259 et
1326 5206 1650 5259 custodierit
1695 5208 1886 5260 omnia

241 5298 538 5367 praecepta
585 5313 734 5363 mea,
787 5303 842 5352 et
891 5298 1089 5352 fecerit
1131 5298 1433 5369 judicium.
1483 5307 1538 5354 et
1582 5300 1882 5370 justitiam,

241 5391 364 5443 vita
405 5389 574 5457 vivet,
609 5394 665 5444 et
705 5407 821 5445 non
868 5391 1162 5446 morietur.
1207 5392 1474 5446 Omnium
1516 5393 1884 5464 iniquitatum

241 5484 390 5551 ejus,
436 5500 576 5553 quas
617 5490 877 5552 Operatus
920 5489 1022 5552 est,
1069 5502 1181 5540 non
1229 5487 1593 5553 recordabor;
1629 5487 1682 5540 in
1714 5487 1884 5556 justi-

246 5577 332 5629 tia
370 5593 490 5644 sua,
520 5593 690 5646 quam
737 5581 1005 5647 operatus
1041 5584 1143 5646 est,
1186 5578 1352 5633 vivet.
1388 5579 1654 5651 Nunquid
1695 5580 1886 5635 volun-

319 5751 433 5819 (33')
470 5751 529 5801 In
560 5753 718 5818 epist.
751 5753 882 5804 olim
907 5755 1003 5814 46;
1041 5755 1096 5805 in
1126 5754 1256 5807 edit.
1292 5753 1518 5814 Veron,
1553 5755 1658 5816 I22,
1688 5770 1737 5821 p.
1777 5758 1818 5805 1.

1987 4545 2313 4614 peccatoris,
2349 4545 2486 4597 dicit
2517 4544 2808 4598 Dominus.
2841 4566 2866 4592 ››
2897 4545 3054 4597 Unde
3085 4549 3140 4597 et
3177 4543 3231 4596 in
3266 4559 3619 4611 consequen-

1987 4638 2136 4690 tibus
2185 4639 2438 4708 loquitur
2485 4653 2496 4692 :
2550 4659 2575 4685 ‹‹
2619 4637 2748 4689 Vivo
2795 4654 2920 4707 ego,
2969 4637 3104 4688 dicit
3152 4637 3439 4700 Dominus,
3489 4636 3619 4688 uolo

1986 4739 2229 4785 mortem
2273 4731 2606 4802 peccatoris,
2648 4730 2755 4783 nisi
2798 4737 2857 4784 ut
2897 4733 3213 4782 revertatur
3241 4745 3274 4781 a
3313 4729 3403 4782 via
3435 4746 3531 4782 sua
3565 4733 3622 4781 et

1987 4825 2167 4893 vivat;
2206 4847 2232 4873 ››
2268 4841 2339 4877 ne
2381 4841 2542 4877 mens
2578 4823 2868 4876 incredula
2899 4823 2967 4876 de
2998 4823 3283 4876 bonorum
3313 4822 3619 4892 repromis-

1985 4918 2144 4971 sione
2187 4917 2462 4986 desperet,
2512 4920 2569 4970 et
2603 4918 2773 4970 semel
2824 4915 3132 4986 perditioni
3178 4915 3405 4968 animus
3452 4915 3620 4968 desti-

1989 5017 2150 5064 natus
2183 5029 2296 5064 non
2339 5011 2610 5064 adhibeat
2653 5009 2870 5063 vulneri
2904 5009 3279 5073 curationem,
3325 5009 3475 5079 quod
3519 5025 3615 5062 ne-

1985 5121 2272 5174 quaquam
2308 5103 2587 5157 existimat
2618 5120 2780 5173 posse
2809 5102 3017 5157 curari.

2061 5198 2334 5267 Vulgatus
2381 5197 2662 5266 interpres
2713 5197 2788 5249 ita
2833 5196 3028 5249 Latine
3069 5195 3179 5265 legi
3217 5195 3392 5249 voluit
3433 5196 3617 5249 locum

1986 5291 2139 5344 hunc
2190 5307 2202 5344 :
2261 5312 2285 5339 ‹‹
2336 5289 2770 5358 Convertimini,
2806 5292 2862 5342 et
2903 5288 3055 5358 agite
3100 5289 3500 5358 paenitentiam
3549 5288 3618 5341 ab

1988 5384 2255 5438 omnibus
2287 5383 2682 5454 iniquitatibus
2722 5381 2941 5449 vestris,
2977 5384 3034 5434 et
3071 5398 3185 5435 non
3231 5382 3339 5434 erit
3379 5381 3532 5434 vobis
3560 5381 3616 5433 in

1987 5478 2209 5530 ruinam
2242 5477 2531 5547 iniquitas.
2571 5476 2832 5546 Projicite
2865 5492 2897 5527 a
2927 5474 3084 5528 vobis
3120 5492 3320 5529 omnes
3352 5475 3616 5545 pracvari-

1985 5571 2238 5625 catioues
2271 5575 2478 5624 vestras
2506 5570 2562 5623 in
2587 5570 2791 5641 quibus
2820 5569 3167 5640 prmvaricati
3191 5569 3343 5637 estis,
3369 5573 3423 5622 et
3448 5567 3616 5621 facite
