4032 6180
396 268 491 331 891

1068 264 1158 325 AD
1204 266 1428 326 OPERA
1478 267 1532 323 S.
1591 261 1910 323 CYPRIANI
1948 258 2251 320 GENUINA
2300 260 2581 319 APPEND.
2628 262 2672 319 Ι.
2728 293 2795 304 -
2834 260 3063 320 DUBIA.

3664 260 3770 319 892

396 400 554 456 vobis
589 414 687 456 cor
728 412 937 454 novum
969 399 1026 451 et
1053 395 1313 468 spiritum
1345 410 1579 449 novum.
1611 394 1676 448 Et
1705 408 1882 464 quare
1913 407 2031 445 mo-
2053 398 2108 474 Α
2133 407 2320 446 meam
2365 390 2604 462 judicet,
2652 396 2707 446 et
2753 386 2921 448 faciat
2955 390 3238 462 judicium
3284 406 3519 461 meum;
3568 389 3771 444 educet

397 493 646 561 riemiui,
670 492 873 546 domus
894 490 1099 546 Israel?
1128 490 1271 555 Quia
1293 489 1424 544 nolo
1449 492 1689 542 mortem
1713 484 2024 551 morientis,

395 588 529 643 dicit
563 586 835 640 Dominus
868 588 1036 642 Deus.
1070 604 1097 633 n

467 682 631 736 XXXI.
689 682 828 733 Item
889 678 1038 750 apud
1094 676 1389 733 Danielem
1452 677 1544 746 (IV,
1600 675 1689 746 3t)
1736 691 1748 729 :
1799 677 1872 731 Et
1905 679 2028 744 post

392 779 553 844 ﬁnem
604 774 835 835 dierum,
890 789 981 840 ego
1031 772 1520 828 Nabuchodonosor
1567 771 1741 825 oculos
1786 785 1924 823 meos
1972 771 2029 822 in

396 870 581 925 caelum
627 869 849 931 sustuli,
882 871 931 921 et
974 882 1158 921 sensus
1199 881 1344 920 meus
1384 868 1442 919 in
1481 880 1562 919 me
1604 877 1887 918 conversus
1927 868 2026 929 est,

395 968 445 1017 et
492 964 834 1018 Altissimum
884 961 1128 1020 laudavi,
1170 967 1220 1014 et
1268 962 1457 1027 Regem
1503 959 1622 1012 ctrli
1668 956 1936 1020 benedixi,
1980 962 2031 1011 et

396 1057 659 1109 viventem
687 1057 745 1108 in
774 1055 969 1109 sucula
1000 1054 1242 1120 laudaui,
1272 1054 1404 1122 quia
1426 1056 1662 1121 potestas
1688 1052 1805 1119 ejus
1830 1057 2029 1105 aeterna

344 1156 349 1163 '
396 1154 489 1210 est,
529 1165 755 1217 regnum
785 1148 896 1216 ejus
936 1150 994 1200 in
1037 1148 1393 1215 generatione,
1425 1150 1474 1199 et
1515 1160 1691 1200 omnes
1734 1147 1828 1215 qui
1864 1146 2025 1199 inha—

400 1242 575 1296 bitant
608 1247 828 1309 terram,
866 1241 1024 1294 nihil.
1818 1244 1829 1253 ‘

466 1336 721 1390 Adducta
739 1353 803 1389 ex
826 1334 1054 1388 Dauiele
1069 1335 1241 1388 verba
1257 1332 1821 1387 Nabuchodonosoris
1846 1350 2028 1387 exem-

396 1431 489 1501 plo
524 1429 764 1484 invitant
799 1430 867 1482 ad
909 1427 1321 1498 pceniteutiam,
1355 1433 1411 1482 et
1448 1428 1758 1482 criminum
1789 1429 2030 1482 detesta-

396 1524 611 1578 tionem
653 1523 1003 1576 inveteratos
1046 1521 1103 1575 in
1145 1521 1435 1591 impietate
1474 1520 1731 1592 populos,
1773 1525 1831 1574 et
1869 1520 2030 1576 facile

398 1614 745 1683 ostendunt,
812 1615 1034 1669 nemini
1097 1615 1315 1669 occludi
1383 1614 1734 1686 ptenitentiaz
1797 1614 2026 1683 locum,

398 1708 867 1780 quandoquidem
898 1707 1453 1776 Nabuchodonosori,
1484 1708 1740 1779 supremi
1776 1708 2028 1763 numinis

396 1818 501 1873 per
541 1819 724 1856 annos
761 1802 1037 1873 plurimos
1076 1801 1476 1873 contemptori,
1519 1817 1779 1856 concessa
1813 1808 1896 1855 est
1926 1801 2025 1855 de-

398 1894 592 1966 nique,
641 1898 877 1966 propter
922 1896 1303 1950 humilitatem
1357 1895 1730 1965 veritatisque
1777 1895 2023 1967 agnitio-

398 2003 553 2057 nem,
586 1988 1011 2058 praeteritorum
1045 1988 1353 2042 criminum
1384 2006 1416 2043 a
1448 1989 1687 2042 Domino
1712 1988 1890 2042 venia.

470 2083 532 2136 In
562 2082 794 2151 vulgata
820 2082 942 2136 haec
969 2081 1048 2135 sic
1083 2083 1352 2151 leguntur
1380 2098 1392 2135 :
1429 2103 1455 2130 ‹‹
1487 2082 1662 2151 Igitur
1692 2085 1815 2152 post
1850 2080 2026 2135 ﬁnem

400 2178 623 2233 dierum
651 2196 757 2250 ego
784 2180 1303 2234 Nabuchodonosor
1322 2181 1511 2234 oculos
1539 2196 1697 2233 meos
1725 2179 1797 2233 ad
1824 2179 2028 2233 cmlum

400 2272 597 2340 levavi,
632 2277 690 2327 ct
731 2290 929 2328 sensus
962 2290 1126 2327 meus
1164 2273 1419 2327 redditus
1456 2277 1541 2327 est
1581 2271 1743 2339 mihi,
1772 2275 1830 2326 et
1858 2272 2025 2327 Altis-

399 2365 544 2421 simo
585 2365 777 2439 858
809 2367 1094 2435 benedixi,
1128 2372 1184 2421 et
1213 2367 1494 2420 viventem
1528 2367 1586 2420 in
1615 2366 2027 2437 sempiternum

400 2459 625 2512 laudavi
675 2466 730 2514 et
777 2459 1106 2530 gloriﬁcavi,
1150 2460 1285 2531 quia
1330 2464 1577 2530 potestas
1616 2461 1737 2530 ejus
1781 2464 2027 2531 potestas

400 2553 767 2622 sempiterna,
800 2560 857 2607 et
884 2570 1129 2624 regnum
1157 2555 1277 2625 ejus
1304 2553 1361 2607 in
1390 2553 1817 2624 generationem
1848 2558 1906 2607 et
1936 2570 2028 2624 ge-

401 2646 783 2701 nerationem.
816 2649 883 2701 Et
911 2664 1111 2701 omnes
1145 2646 1483 2701 habitatores
1514 2650 1683 2701 terra:
1713 2647 1861 2718 apud
1894 2664 2027 2702 eum

400 2738 457 2791 in
489 2739 731 2793 nihilum
763 2742 1007 2811 reputati
1038 2746 1186 2795 sunt.
1218 2760 1245 2791 »

470 2833 663 2887 XXXII.
710 2835 850 2888 Item
888 2835 1035 2906 apud
1076 2836 1367 2891 Michaeam
1412 2837 1527 2907 (vn,
1574 2835 1627 2907 2)
1671 2853 1683 2889 :
1718 2837 1834 2890 Heu
1872 2835 2024 2902 mihi,

398 2926 582 2979 anima
626 2942 762 2988 mea,
798 2930 929 2997 quia
967 2932 1134 2998 periit
1169 2932 1368 2984 veritas
1411 2946 1446 2983 «ι
1490 2936 1653 2996 terra,
1697 2933 1745 2983 et
1782 2932 1879 2998 qui
1907 2945 2024 2982 cor-

398 3020 545 3084 rigat
586 3022 727 3073 inter
755 3036 932 3075 omnes
973 3038 1081 3075 non
1124 3027 1217 3077 est.
1253 3024 1442 3079 Omnes
1482 3025 1541 3075 in
1579 3024 1843 3089 sanguine
1871 3022 2024 3090 judi-

2131 503 2225 540 me
2254 488 2311 540 in
2353 486 2565 553 lucem,
2594 486 2796 542 videbo
2830 486 3110 558 justitiam
3141 486 3283 556 ejus,
3315 489 3372 541 et
3401 485 3634 557 aspiciet
3666 486 3770 542 ini-

2130 582 2273 635 mica
2295 598 2444 649 mea,
2471 588 2528 636 et
2550 582 2842 654 operiatur
2861 579 3211 649 confusione,
3236 596 3363 653 quae
3390 580 3528 635 dicit
3546 581 3616 636 ad
3638 597 3763 636 me:

2130 674 2235 729 Ubi
2279 679 2365 729 est
2411 676 2682 731 Dominus
2723 677 2871 731 Deus
2921 675 3099 730 tuus?
3143 675 3300 731 Oculi
3339 675 3455 729 mei
3493 675 3773 730 videbunt

2129 769 2188 824 in
2233 787 2363 825 eam
2410 788 2424 826 :
2471 788 2625 826 nunc
2678 770 2787 826 erit
2832 772 2891 825 in
2936 769 3443 838 conculcationem,
3480 773 3540 823 ut
3580 771 3770 824 lutum

2131 864 2475 936 platearum.
2506 887 2534 915 ι)

2204 959 2421 1014 XXXIII.
2470 962 2610 1014 Item
2659 959 2773 1014 illic
2820 959 3030 1033 (dlicta,
3071 976 3160 1026 vn,
3206 961 3254 1018 8i
3306 975 3319 1013 :
3364 960 3491 1017 Noli
3528 960 3770 1028 gaudere

2130 1069 2289 1123 super
2332 1069 2433 1122 me,
2480 1056 2707 1108 inimica
2753 1070 2889 1121 mea,
2931 1056 3064 1124 quia
3105 1053 3295 1117 cecidi,
3338 1054 3431 1109 sed
3468 1067 3768 1121 resurgam,

2127 1153 2347 1217 prapter
2391 1148 2537 1218 quod
2576 1149 2625 1203 si
2663 1149 2847 1203 sedero
2891 1152 2950 1203 in
2999 1149 3247 1216 tenebris,
3281 1150 3537 1203 Dominus
3576 1148 3769 1202 lucebit

2129 1243 2280 1295 mihi.
2312 1244 2461 1296 Iram
2503 1244 2721 1297 Domini
2753 1244 3048 1311 sustinebo,
3083 1245 3216 1313 quia
3238 1244 3459 1314 peccavi
3491 1244 3558 1309 ei,
3599 1242 3768 1296 donec

2121 1336 2379 1405 justiﬁect
2410 1338 2523 1406 ipse
2552 1353 2771 1391 causam
2795 1353 2985 1391 meam.

2202 1430 2276 1484 De
2328 1430 2436 1485 hoc
2481 1429 2806 1485 testimonio
2857 1431 3041 1485 recole
3093 1447 3221 1502 quae
3272 1430 3447 1485 modo
3495 1429 3763 1486 diximus.

2131 1524 2245 1578 Hoc
2269 1523 2482 1578 habent
2506 1524 2796 1580 commodi
2821 1524 2929 1579 loci
2956 1523 3047 1579 isti
3075 1523 3343 1592 Michaeze,
3368 1529 3434 1579 ut
3458 1527 3671 1595 praeter
3695 1539 3766 1579 ea

2130 1617 2365 1686 monita,
2407 1634 2534 1688 quas
2576 1633 2759 1689 nuper
2795 1618 3190 1689 expendimus,
3224 1618 3520 1689 antiquam
3550 1618 3768 1673 versio-

2131 1727 2263 1765 nem
2295 1710 2555 1765 nonnihil
2588 1729 2622 1765 a
2652 1712 2887 1783 Vulgata
2914 1715 3199 1767 remotam
3228 1711 3551 1779 exhibeant,
3587 1727 3768 1782 quam

2130 1806 2319 1858 tamen
2367 1803 2501 1859 alibi
2546 1802 2775 1859 difﬁcile
2820 1804 3098 1859 invenies.
3148 1806 3324 1860 Porro
3376 1806 3421 1859 si
3474 1805 3543 1860 ad
3586 1805 3765 1876 perﬁ-

2128 1898 2389 1952 ciendam
2439 1898 2780 1953 sententiam
2831 1898 3172 1953 versiculum
3226 1899 3474 1969 primum
3523 1898 3766 1968 hujusce

2127 1980 2323 2061 capitis
2370 2007 2439 2045 ex
2481 1990 2741 2047 versione
2787 1992 3166 2063 Septuaginta
3210 1998 3388 2064 optas,
3433 2008 3505 2046 en
3550 1993 3763 2046 illum:

2130 2105 2158 2134 «
2199 2086 2317 2139 Heu
2356 2084 2499 2139 mihi
2527 2086 2661 2156 quia
2698 2086 2878 2139 factus
2923 2102 3048 2140 sum
3085 2085 3363 2157 colligens
3393 2085 3662 2156 stipulam
3704 2086 3768 2139 in

2126 2194 2328 2245 messe,
2368 2183 2424 2234 et
2462 2195 2713 2233 racemos
2755 2180 2812 2233 in
2852 2179 3159 2234 vindemia.
3203 2180 3323 2234 Non
3369 2183 3503 2234 sunt
3548 2197 3612 2234 ex
3662 2181 3767 2233 bo-

2127 2272 2215 2326 nis
2243 2272 2314 2327 ad
2343 2272 2759 2327 comedendum
2792 2273 3083 2344 primitias,
3113 2273 3223 2327 heu
3250 2273 3481 2327 anima!
3515 2295 3542 2322 η

2197 2366 2399 2421 Mirum
2446 2383 2614 2437 porro
2658 2367 2811 2438 quod
2854 2382 2967 2421 non
3014 2365 3288 2421 efferatur
3332 2368 3480 2421 alter
3515 2366 3768 2422 Michzeae

2127 2459 2285 2513 locus
2310 2459 2466 2514 haud
2494 2459 2741 2513 multum
2784 2477 2814 2514 a
2851 2460 3143 2531 superiore
3171 2460 3386 2515 distans
3408 2478 3425 2529 ;
3455 2461 3766 2515 versiculus

2127 2553 2342 2608 scilicet
2377 2556 2441 2607 19
2480 2554 2738 2623 ejusdem
2777 2554 2995 2624 capitis,
3028 2570 3198 2624 quem
3234 2556 3462 2608 sanctus
3491 2554 3767 2625 Hierony-

2128 2662 2255 2700 mus
2291 2647 2400 2716 (34)
2437 2647 2506 2700 ad
2546 2647 2697 2700 hunc
2735 2647 2974 2700 modum
3007 2647 3144 2717 legit
3174 2663 3187 2700 :
3224 2669 3251 2695 ‹‹
3281 2650 3407 2717 Ipse
3444 2651 3676 2712 avertet,
3706 2652 3768 2702 et

2130 2739 2494 2794 miserebitur
2515 2738 2710 2812 859
2732 2740 2944 2808 nostri;
2973 2739 3269 2809 demerget
3289 2740 3617 2812 iniquitates
3639 2757 3771 2795 nos-

2129 2836 2264 2901 tras,
2289 2839 2345 2888 et
2370 2833 2636 2904 projiciet
2660 2833 2719 2887 in
2743 2834 3092 2903 profundum
3120 2832 3293 2887 maris
3316 2835 3507 2888 omnia
3530 2838 3767 2904 peccata

2129 2932 2339 2980 nostra.
2396 2925 2507 2980 Sed
2559 2926 2686 2979 ideo
2735 2926 2972 2981 fortasse
3018 2926 3088 2980 ab
3146 2943 3213 2980 eo
3268 2926 3566 2997 allegando
3620 2929 3769 2981 cavit

2130 3018 2368 3089 scriptor
2408 3018 2502 3074 hic
2542 3023 2749 3086 noster,
2797 3020 2947 3090 quod
2995 3020 3175 3073 multo
3217 3020 3403 3090 aptius
3455 3019 3762 3091 baptismo,

397 3117 567 3168 cant:
603 3116 966 3184 unusquisque
1006 3118 1314 3184 proximum
1355 3116 1583 3169 tribulat
1626 3115 1972 3168 tribulatione
2012 3128 2104 3202 :C
2129 3128 2298 3182 quam
2341 3111 2689 3183 pmnitentire
2721 3112 2890 3166 verba
2939 3128 3007 3167 ea
3053 3111 3357 3167 convenire
3406 3112 3648 3184 putaret.
3694 3116 3767 3169 Et

398 3206 455 3258 in
485 3207 689 3261 malum
718 3223 915 3261 manus
943 3223 1071 3262 suas
1098 3213 1439 3279 praeparant.

469 3299 567 3352 llic
604 3299 846 3353 Michaeae
892 3300 1050 3354 locus
1093 3302 1140 3354 si
1185 3301 1516 3372 singillatim
1552 3304 1827 3367 sumatur,
1857 3303 2027 3356 Nova-

395 3391 576 3444 tianos
616 3392 841 3446 videtur
880 3394 1184 3463 impetere,
1223 3395 1291 3449 de
1334 3412 1574 3466 quorum
1610 3394 1943 3450 criminibus
1973 3402 2027 3451 et

398 3484 699 3540 schismate
742 3486 1003 3556 queritur
1033 3488 1199 3542 Deus.
1230 3489 1300 3542 Ut
1339 3488 1660 3542 uberiorem
1701 3494 1917 3557 tamen,
1950 3495 2024 3556 et,

396 3577 438 3628 si
490 3577 643 3648 loqui
692 3578 772 3631 ita
809 3577 964 3645 sinis,
1010 3580 1353 3650 completum
1394 3588 1564 3652 atque
1607 3580 1894 3652 integrum
1929 3582 2029 3635 ho-

396 3685 524 3723 rum
581 3670 884 3726 verborum
935 3689 1161 3727 sensum
1217 3673 1573 3745 assequeris,
1626 3675 2027 3747 subsequentia

397 3767 708 3837 adjungere
751 3769 939 3824 debes.
968 3772 1109 3826 Tum
1148 3787 1315 3842 porro
1346 3772 1519 3838 dices,
1550 3777 1855 3842 propterea
1891 3791 2025 3843 pro-

396 3862 632 3930 phetam
655 3864 947 3935 conqueri,
970 3864 1121 3935 quod
1145 3881 1368 3919 summa
1390 3866 1648 3919 omnium
1671 3870 1819 3919 esset
1841 3866 1897 3920 in
1925 3867 2028 3921 cri-

398 3955 652 4009 minibus
693 3963 863 4027 atque
906 3957 1200 4030 iniquitate
1237 3959 1553 4013 consensio.
1587 3960 1796 4014 Horum
1835 3964 2025 4015 tamen

393 4048 721 4119 exemplum
755 4051 1036 4121 propheta
1063 4053 1353 4106 contemni
1388 4070 1422 4106 a
1451 4070 1510 4106 se
1540 4056 1619 4107 ait
1675 4053 1882 4124 quippe
1916 4054 2023 4108 Do-

396 4143 619 4197 minum
652 4160 869 4214 vocare,
903 4144 1200 4216 coloreque
1241 4151 1528 4213 statuerat,
1576 4148 1631 4199 et
1666 4152 2025 4216 peccatorum

397 4253 629 4291 suorum
676 4238 1072 4307 pmnitentiam
1113 4255 1306 4310 agere,
1355 4256 1526 4310 quam
1567 4240 1663 4311 qui
1695 4241 2021 4310 peregisset,

396 4330 671 4400 supplicia
717 4331 1001 4398 evitasset,
1038 4339 1095 4388 et
1138 4349 1333 4403 poenas
1379 4350 1515 4404 quas
1564 4333 1749 4405 priora
1790 4334 2027 4388 crimina

398 4424 902 4493 promerebantur.

2128 3222 2258 3259 sane
2314 3205 2579 3276 baptismi
2629 3205 2872 3275 gratiam
2921 3205 3105 3260 verbis
3169 3206 3236 3259 iis
3291 3202 3767 3262 denotari’docet

2127 3297 2278 3352 idem
2310 3298 2403 3354 ille
2434 3299 2806 3369 Hieronymus
2835 3315 3005 3370 quem
3034 3298 3248 3353 adduxi
3280 3316 3293 3352 :
3327 3320 3355 3347 «
3387 3300 3649 3354 Michasas
3690 3300 3765 3356 de

2128 3391 2389 3462 baptismi
2417 3392 2595 3463 gratia
2622 3392 2961 3447 vaticinatur
2991 3413 3002 3445 :
3032 3395 3152 3462 Ipse
3188 3398 3413 3456 avertet,
3443 3399 3547 3448 etc.
3584 3418 3609 3443 ιι

2199 3485 2411 3538 XXVIV.
2451 3487 2592 3539 Item
2629 3484 2779 3555 apud
2811 3485 3161 3555 Sophoniam
3203 3485 3283 3556 (ιι,
3321 3487 3370 3555 1)
3401 3503 3414 3541 :
3453 3488 3766 3551 Conuenite,

2128 3586 2178 3633 et
2207 3582 2525 3648 precamini.
2570 3595 2695 3649 gens
2730 3580 3165 3649 indisciplinata,
3202 3583 3529 3651 priusquam
3558 3584 3769 3650 efﬁcia-

2127 3675 2260 3727 mini
2302 3676 2440 3727 sicut
2489 3676 2585 3741 ﬂos
2624 3676 2958 3743 prwteriens,
3001 3676 3326 3742 priusquam
3370 3677 3552 3729 veniat
3598 3691 3768 3745 super

2126 3782 2216 3820 vos
2266 3769 2352 3820 ira
2396 3768 2630 3829 Domini,
2676 3768 2999 3835 priusquam
3053 3770 3240 3821 veniat
3291 3783 3454 3836 super
3501 3784 3593 3822 vos
3644 3768 3764 3822 dies

2124 3861 2333 3927 furoris
2386 3860 2616 3914 Domini.
2671 3860 2904 3925 Quaerite
2956 3862 3262 3929 Dominum,
3311 3876 3491 3915 omnes
3534 3862 3766 3917 humiles

2130 3959 2305 4015 terrae,
2340 3953 2613 4021 judicium
2657 3956 2978 4022 operamini,
3022 3959 3074 4008 et
3116 3956 3342 4023 quaerite
3373 3953 3671 4023 justitiam,
3711 3963 3766 4011 et

2127 4048 2347 4116 quaerite
2383 4047 2874 4108 mansuetudinem,
2926 4052 2977 4102 et
3024 4048 3336 4117 respondete
3374 4051 3442 4110 ei,
3478 4056 3537 4102 ut
3580 4056 3764 4118 prole

2126 4142 2335 4210 gamini
2360 4142 2420 4193 in
2448 4140 2533 4195 die
2562 4142 2658 4194 ira.0
2686 4142 2917 4194 Domini.

2200 4232 2348 4297 Quid
2400 4249 2567 4304 porro
2616 4234 2803 4304 aptius
2848 4232 2917 4287 ad
2966 4234 3261 4288 terrendos
3308 4234 3767 4306 avertendosque

2125 4345 2155 4380 a
2184 4328 2482 4381 schismate
2514 4333 2687 4398 atque
2719 4327 2923 4381 haeresi
2950 4327 3302 4395 Novatianos,
3334 4344 3541 4399 eosque
3582 4330 3763 4384 redu-

2126 4421 2331 4475 cendos
2374 4421 2445 4475 ad
2479 4420 2803 4486 Ecclesiam,
2841 4436 3015 4491 quam
3057 4421 3424 4491 reliquerant,
3453 4421 3637 4475 verbis
3671 4422 3760 4491 iis,

464 4518 605 4571 Vere
632 4518 752 4572 haec
786 4535 821 4572 a
849 4536 940 4572 me
973 4518 1082 4573 dici
1119 4520 1163 4572 is
1194 4521 1482 4589 fatebitur,
1512 4522 1607 4592 qui
1634 4522 1941 4592 septimum
1970 4495 2102 4577 etD
2127 4530 2253 4585 (Ιυεὲ
2306 4513 2394 4568 hic
2447 4530 2514 4567 ex
2571 4513 2859 4585 SOPh‘mia
2916 4513 3308 4568 adducuntur?
3356 4514 3489 4585 quid
3544 4516 3765 4586 pariter

394 4611 801 4683 subsequentes
847 4613 1154 4667 versiculos
1217 4613 1469 4684 ejusdem
1533 4614 1728 4686 capitis
1785 4616 2021 4686 legerit,

393 4722 537 4775 quos
580 4705 812 4777 quidem
857 4721 926 4760 ex
973 4707 1209 4777 Vulgata
1248 4708 1343 4761 hic
1384 4708 1663 4775 describo,
1707 4725 1841 4763 nam
1871 4714 2022 4763 vete-

393 4815 511 4853 rem
543 4798 856 4853 editionem
885 4815 950 4853 ex
984 4804 1176 4855 nostro
1208 4801 1482 4871 scriptore
1511 4800 1579 4855 ad
1610 4817 1877 4871 magnam
1901 4799 2026 4872 'par-

396 4895 510 4947 tem
561 4893 735 4945 habes
780 4909 793 4945 :
842 4913 867 4940 ‹‹
914 4894 1241 4964 I’raecoquas
1282 4896 1420 4948 ﬁcus
1464 4894 1800 4949 desideravit
1836 4895 2026 4950 anima

394 5002 543 5039 mea.
573 4986 743 5038 Periit
784 4992 1009 5038 sanctus
1050 4987 1119 5040 de
1159 4990 1332 5053 terra,
1372 4992 1427 5042 et
1463 4992 1648 5042 rectus
1685 4988 1738 5042 in
1782 4988 2026 5042 homini-

391 5078 495 5131 bus
539 5096 651 5131 non
701 5085 785 5131 est
825 5096 1069 5135 :omues
1116 5081 1174 5134 in
1212 5081 1489 5151 sanguine
1532 5081 1905 5150 insidiantur;
1943 5082 2025 5135 vir

394 5171 630 5225 fratrem
660 5188 826 5226 suum
857 5173 927 5227 ad
962 5178 1205 5229 mortem
1242 5180 1543 5229 venatur...
1578 5191 1684 5245 ego
1722 5178 1913 5229 autem
1951 5175 2024 5229 ad

397 5263 697 5317 Dominum
742 5266 1032 5336 aspiciam,
1076 5267 1413 5338 exspectabo
1453 5268 1633 5322 Deum
1678 5269 2023 5323 Salvatorem

395 5373 589 5409 meum
622 5376 634 5410 :
671 5358 861 5411 audiet
890 5375 980 5411 me
1022 5361 1164 5413 Deus
1206 5377 1385 5413 meus.
1420 5362 1495 5414 Ne
1534 5362 1761 5428 laeteris,
1795 5362 2024 5416 inimica

392 5466 538 5514 mea,
579 5466 747 5520 super
779 5467 892 5516 me,
936 5451 1067 5522 quia
1105 5452 1282 5506 cecidi
1313 5471 1325 5507 :
1358 5469 1723 5525 consurgam,
1762 5472 1893 5509 cum
1940 5473 2025 5509 se-

395 5542 533 5596 dero
565 5542 622 5597 iu
664 5543 925 5598 tenebris.
971 5546 1239 5600 Dominus
1284 5546 1374 5601 lex
1420 5564 1544 5601 mea
1586 5551 1688 5602 est.
1726 5548 1870 5602 Iram
1910 5549 2019 5602 Do-

391 5636 530 5691 mini
563 5637 816 5708 portabo,
859 5640 1135 5710 quoniam
1176 5641 1399 5712 peecavi
1446 5643 1518 5711 ei,
1566 5641 1749 5697 donec
1794 5658 2023 5696 causam

2125 4612 2407 4667 efﬁcacius
2443 4612 2512 4666 ad
2550 4611 2942 4682 perurgendos
2974 4610 3044 4665 ad
3084 4611 3478 4681 paenitentiam
3508 4630 3623 4679 eos,
3663 4616 3761 4684 qui

2125 4705 2456 4761 criminibus
2486 4706 2600 4759 suis
2632 4704 2730 4759 Dei
2772 4704 2913 4758 iram
2945 4705 3210 4759 adversus
3238 4721 3295 4759 se
3330 4707 3761 4761 excitaverant?

2123 4801 2324 4854 Procul
2366 4799 2538 4854 dubio
2582 4799 3041 4868 interpretationi
3089 4797 3460 4869 Septuaginta
3504 4800 3764 4855 adhaeret

2123 4897 2313 4948 noster
2339 4898 2550 4947 auctor.
2580 4892 2853 4962 Vulgatus
2884 4895 3075 4945 autem
3114 4890 3396 4962 interpres
3438 4893 3514 4947 sic
3557 4894 3761 4949 eadem

2123 4988 2180 5041 in
2210 4986 2473 5040 Latinum
2504 4985 2798 5040 transtulit
2827 5004 2838 5038 :
2875 5006 2903 5034 ‹‹
2936 4985 3267 5054 Convenite,
3301 4988 3757 5057 congregamini,

2125 5097 2263 5152 gens
2292 5097 2408 5135 non
2449 5079 2708 5133 amabilis
2741 5096 2754 5133 :
2788 5079 3121 5150 priusquam
3160 5079 3343 5149 pariat
3371 5080 3555 5150 jussio
3597 5083 3762 5151 quasi

2125 5176 2416 5245 pulverem
2438 5179 2832 5227 transeuntem
2855 5171 3029 5239 diem,
3050 5175 3357 5242 antequam
3380 5175 3564 5228 veniat
3585 5192 3763 5248 super

2125 5286 2223 5322 vos
2250 5268 2333 5321 ira
2368 5267 2576 5322 furoris
2613 5265 2856 5334 Domini,
2887 5271 3195 5337 antequam
3237 5267 3431 5321 veniat
3462 5284 3636 5339 super
3666 5286 3764 5324 vos

2124 5362 2242 5415 dies
2273 5361 2689 5431 indignationis
2718 5359 2957 5413 Domini.
2994 5359 3237 5422 Qumrite
3276 5361 3600 5427 Dominum,
3633 5380 3760 5416 om-

2124 5472 2227 5508 nes
2261 5453 2541 5509 mansueti
2570 5458 2755 5520 terrae,
2786 5453 2884 5523 qui
2905 5452 3183 5522 judicium
3212 5454 3332 5524 ejus
3361 5454 3493 5509 estis
3517 5458 3759 5526 operati.

2122 5548 2364 5612 Quaerite
2385 5548 2627 5617 justum,
2656 5545 2890 5619 quaerite
2922 5550 3288 5601 mansuetum
3318 5563 3331 5601 :
3367 5548 3413 5601 si
3438 5565 3552 5619 quo
3585 5550 3761 5605 modo

2122 5640 2544 5695 abscondamini
2571 5639 2630 5695 in
2660 5640 2751 5695 die
2783 5639 2988 5694 furoris
3016 5639 3261 5694 Domini.
3294 5660 3321 5690 ››

454 5819 552 5882 (34)
595 5821 655 5870 In
690 5822 850 5888 epist.
894 5822 961 5873 ad
1000 5822 1229 5887 Oceau.,
1256 5824 1391 5874 olim
1426 5824 1520 5884 83;
1552 5825 1608 5874 in
1643 5825 1773 5875 edit.
1819 5825 2047 5889 Veron,
2070 5827 2151 5878 69.
2179 5840 2234 5875 n.
2262 5827 2308 5876 6.
