4032 6180
221 246 317 305 893

1239 247 1639 309 SUPERIORIS
1679 253 2005 311 OPUSCULI
2049 254 2536 317 ARGUMENTUM.

3469 264 3582 323 894

287 373 476 430 XXXV.
506 374 649 429 Item
678 371 826 443 apud
862 374 1191 439 Zachariam
1226 376 1284 445 (1,
1317 376 1370 445 3)
1400 394 1412 430 :
1449 377 1845 435 Concertimini
1870 393 1928 466 Α
1950 386 2295 447 recoluntur.
2330 389 2481 456 satis,
2523 394 2584 442 ut
2617 394 2777 459 puto,
2812 389 3175 445 illustrabunt
3213 407 3367 463 eum,
3405 408 3579 464 quem

221 468 294 523 ad
314 484 414 528 me,
449 474 498 523 et
526 474 810 522 convertar
837 468 910 521 ad
936 484 1044 523 vos.

287 562 438 617 Adeo
488 561 816 632 perspicuus
860 567 944 615 est
989 562 1146 628 locus
1192 563 1318 632 iste,
1366 570 1425 619 ut
1470 567 1847 637 explicatione

220 656 455 710 minime
495 656 764 726 indigeat.
796 656 932 709 Vide
974 673 1102 727 quae
1144 657 1389 712 diximus
1421 660 1494 713 ad
1531 659 1721 725 locum
1760 666 1845 730 15,

224 752 284 802 t6
326 755 380 803 et
428 753 745 821 sequentes.
787 749 1063 807 Convenit
1100 750 1272 806 etiam
1316 753 1484 825 plane
1533 771 1668 821 cum
1713 756 1849 811 ναι.

222 849 368 915 gata.

285 938 503 993 XXXVI.
549 941 689 993 Item
729 940 883 1012 apud
921 940 1067 996 Osee
1107 942 1237 1011 (xxv,
1267 942 1321 1011 2)
1353 960 1367 997 :
1401 946 1729 1008 Convertere,
1764 948 1845 1002 Is-

217 1035 350 1095 πίει,
382 1034 459 1088 ad
501 1035 782 1088 Dominum
824 1037 993 1089 Deum
1025 1042 1201 1098 tuum,
1244 1039 1502 1106 quoniam
1542 1041 1849 1107 inﬁrmatus

217 1142 267 1181 es
310 1129 699 1197 iniquitatibus
743 1130 868 1183 tuis.
925 1131 1199 1184 Assumite
1237 1130 1510 1185 vobiscum
1547 1134 1763 1198 multos,
1799 1138 1851 1188 et

217 1224 586 1276 convertimini
622 1222 696 1275 ad
732 1225 1017 1277 Dominum
1054 1227 1220 1278 Deum
1255 1230 1495 1279 vestrum
1536 1244 1548 1279 :
1601 1227 1762 1281 dicite
1801 1230 1851 1281 ei

216 1315 506 1369 adorantes
548 1333 561 1369 :
610 1317 798 1370 Potens
845 1332 896 1371 es
944 1318 1214 1372 dimittere
1258 1326 1481 1387 peccata
1528 1325 1734 1381 nostra,
1788 1326 1849 1374 ut

216 1423 325 1462 non
363 1412 645 1478 accipiatis
684 1412 1056 1479 iniquitatem,
1113 1412 1208 1464 sed
1251 1418 1314 1465 ut
1358 1415 1639 1481 accipiatis
1690 1415 1843 1467 bona.

288 1503 494 1567 Recole
524 1518 653 1573 qum
692 1503 763 1556 ad
795 1503 915 1568 loca
946 1519 1131 1573 nuper
1158 1504 1328 1559 citata
1367 1505 1590 1575 aliaque
1622 1506 1846 1576 pridem

219 1596 500 1666 explicata
530 1596 792 1662 diximus,
833 1602 887 1651 et
933 1597 1236 1651 manifesto
1284 1598 1500 1651 videbis
1538 1615 1651 1669 quo
1683 1615 1844 1670 spec-

216 1693 343 1743 tent
377 1689 551 1743 verba
590 1690 763 1756 Oseaz,
805 1706 932 1761 qua:
979 1707 1127 1755 nunc
1168 1691 1565 1762 expendimus.
1602 1694 1844 1747 Tantum

1949 480 2040 534 hic
2086 481 2398 549 atl‘erimus,
2453 484 2653 537 locum.
2704 484 2995 538 Novatiani
3042 485 3295 556 profecto
3342 487 3579 543 indicari

1948 576 2211 630 videntur
2255 578 2612 647 mouerique,
2660 584 2719 631 ut
2754 579 2983 633 tandem
3018 580 3324 650 aliquando
3364 580 3432 635 ab
3468 581 3584 635 lite-

1948 670 2061 725 resi
2092 670 2167 725 ad
2194 670 2504 725 Ecclesium
2533 674 2905 740 revertantur,
2933 672 3000 725 iis
3028 673 3210 726 verbis
3234 692 3244 726 :
3276 696 3303 722 ‹‹
3334 675 3577 729 Conver-

1949 769 2068 819 tere
2101 765 2172 819 ad
2209 764 2533 832 Dominum,
2562 768 2621 819 et
2648 765 2906 835 relinque
2946 770 3175 835 peccata
3212 770 3377 822 tua...
3407 774 3462 822 et
3491 771 3578 839 sta

1951 858 2007 912 in
2044 866 2195 913 sorte
2227 858 2648 930 propitiationis
2679 858 2965 926 Altissimi,
2998 863 3055 913 et
3091 860 3230 914 vade
3260 860 3318 914 in
3356 864 3578 931 partem

1949 953 2136 1007 saeculi
2174 969 2304 1007 cum
2338 952 2495 1019 vivis,
2533 955 2589 1006 et
2632 953 2896 1007 dantibus
2935 953 3368 1007 confessionem.
3403 975 3431 1003 »
3464 956 3572 1008 Ge-

1948 1048 2188 1102 neratim
2226 1051 2552 1118 peccatores
2587 1046 2898 1101 excitantur
2934 1048 3001 1101 ad
3036 1062 3233 1101 veram
3268 1047 3575 1102 sinceram-

1949 1158 2058 1213 que
2104 1159 2169 1197 ac
2214 1140 2447 1196 solidam
2498 1141 2911 1211 paenitentiam,
2942 1157 3067 1194 eam
3113 1140 3358 1212 denique
3405 1156 3577 1210 quam

1950 1237 2205 1309 praecipit
2241 1236 2523 1291 Ecclesia:
2563 1256 2590 1285 ‹‹
2630 1234 2811 1289 Nimis
2843 1235 3000 1290 odito
3035 1234 3483 1289 exsecrationem
3520 1236 3581 1290 et

1948 1346 2222 1399 cognosce
2264 1330 2512 1400 justitias
2563 1335 2621 1385 et
2657 1328 2871 1400 judicia
2919 1329 3035 1396 Dei,
3084 1335 3140 1383 et
3183 1333 3268 1383 sta
3314 1328 3374 1383 in
3423 1334 3577 1384 sorte

1948 1424 2364 1495 propitiationis
2393 1423 2665 1477 Altissimi
2697 1442 2708 1476 :
2742 1444 2770 1472 υ
2801 1423 2937 1493 quid
2967 1422 3121 1477 enim
3151 1420 3474 1492 expressius
3503 1422 3579 1477 ad

1948 1518 2259 1572 notandam
2306 1516 2644 1583 Ecclesium,
2690 1520 2747 1571 et
2785 1516 3176 1587 paenitentiam
3218 1515 3289 1569 ab
3327 1531 3393 1568 ea
3435 1532 3578 1585 pras-

1948 1611 2216 1681 scriptam
2236 1610 2265 1664 ‘I
2302 1611 2600 1665 Monentur
2626 1615 2816 1664 autem
2843 1626 2917 1664 ne
2954 1608 3219 1664 differant
3261 1607 3468 1663 reverti
3501 1609 3572 1663 ad

1949 1706 2123 1759 Deum
2177 1721 2190 1758 :
2240 1720 2395 1758 mors
2441 1704 2593 1759 enim
2638 1704 2940 1770 imminet;
2991 1703 3389 1775 quamobrem,
3436 1702 3575 1756 dum

215 1783 307 1842 hic
332 1783 569 1837 adverto
600 1783 768 1837 verba
805 1760 920 1849 illa,
957 1760 1526 1840 Assumiteﬁvobiscum
1552 1787 1770 1849 multos,
1801 1787 1844 1839 si
1869 1760 1921 1832 Β
1948 1798 2057 1851 vita
2109 1801 2167 1851 ει
2220 1798 2425 1851 sanitas
2481 1798 2668 1851 adhuc
2719 1760 3025 1867 supercilii:
3057 1796 3338 1866 supplices
3376 1760 3459 1849 ’δὴ
3508 1810 3575 1849 eo

213 1877 280 1930 ad
331 1876 664 1929 Novatianos
708 1876 917 1930 directa
956 1876 1059 1942 vis,
1089 1876 1328 1932 invitare
1362 1894 1479 1945 eos,
1527 1882 1589 1932 ut
1629 1885 1844 1933 turma-

212 1970 313 2022 tim
362 1969 552 2036 veluti,
604 1970 909 2040 multisque
957 1970 1234 2036 collectis,
1283 1971 1353 2024 ad
1406 1971 1707 2026 Ecclesiam
1754 1989 1843 2027 re-

212 2064 404 2118 deant.
434 2064 489 2117 Si
516 2064 583 2116 ad
617 2079 716 2117 eos
739 2063 837 2133 qui
866 2064 1225 2133 paenitentiae
1250 2081 1416 2128 causa
1440 2065 1511 2119 ad
1539 2066 1845 2126 Ecclesium

212 2156 635 2226 confugiebant,
680 2156 1213 2227 repellebanturque
1246 2174 1278 2211 a
1316 2158 1687 2213 severioribus
1727 2159 1847 2230 qui-

214 2250 462 2303 busdam
507 2253 562 2304 et
604 2249 1030 2312 austerioribus,
1061 2256 1185 2305 tum
1223 2252 1491 2319 indicare,
1529 2258 1589 2308 ut
1631 2253 1839 2307 multo~

213 2359 366 2409 rum,
423 2343 738 2413 [.irwsei'tim
791 2359 927 2397 vero
977 2350 1290 2414 martyrum
1346 2352 1404 2399 et
1458 2345 1842 2401 confessorem

211 2436 485 2506 suffragia
512 2436 869 2506 colligerent,
903 2452 1149 2506 quorum
1183 2438 1417 2507 quidem
1449 2439 1708 2509 praesidio
1746 2443 1846 2494 aut

210 2532 538 2585 flecteretur
578 2529 651 2582 ad
696 2529 992 2584 lenitatem
1030 2531 1410 2586 austerioxum
1453 2532 1710 2600 ﬁrmitas,
1749 2539 1845 2589 aut

211 2626 364 2677 certe
413 2622 772 2677 multitudine
810 2630 981 2693 atque
1019 2625 1355 2678 auctoritate
1401 2625 1843 2695 suffragatorum

210 2717 556 2770 vinceretur.
591 2718 826 2770 Possunt
859 2716 1031 2770 etiam
1077 2717 1403 2786 signiﬁcare
1428 2735 1621 2787 preces
1660 2720 1845 2778 Eccle-

210 2810 327 2876 sise,
365 2809 572 2879 quibus
616 2814 672 2863 et
718 2811 1054 2864 canonicam
1100 2811 1625 2866 reconciliationem
1671 2813 1845 2883 paeni-

210 2906 400 2957 tentes
442 2902 790 2973 acciperent,
831 2910 883 2957 et
924 2904 1249 2958 flecteretur
1285 2905 1353 2958 ad
1402 2905 1843 2961 misericordiam

209 2996 379 3050 Deus.
416 2997 721 3050 Postrema:
763 2996 894 3050 huic
935 2997 1393 3067 interpretationi
1432 3000 1581 3053 favet
1618 3004 1844 3054 sanctus

1945 1891 2171 1945 veniam
2234 1895 2488 1961 poscant,
2539 1906 2712 1961 quam
2759 1890 2875 1956 ille,
2934 1893 3125 1960 utpote
3172 1903 3463 1942 summum
3515 1888 3574 1941 in

1945 1985 2183 2039 modum
2222 1984 2560 2051 misericors,
2606 1985 2844 2053 largiter
2871 1984 3165 2054 impertiet
3202 1998 3215 2035 :
3251 2003 3278 2031 ‹‹
3308 1981 3477 2034 Vivus
3517 1983 3577 2034 et

1945 2094 2115 2131 sanus
2142 2078 2499 2133 conﬁteberis
2537 2078 2672 2144 Deo,
2707 2083 2762 2132 et
2795 2076 3132 2147 gloriaberis
3168 2076 3225 2129 in
3269 2074 3577 2129 miseratio-

1945 2171 2112 2226 nibus
2151 2172 2317 2239 illius,
2357 2172 2628 2243 quoniam
2675 2187 2886 2243 magna
2932 2168 3324 2224 misericordia
3373 2168 3471 2222 Dei
3519 2170 3577 2222 et

1944 2266 2264 2337 propitiatio
2307 2265 2460 2320 illius
2499 2264 2962 2320 convertentibus
3004 2265 3076 2319 ad
3118 2280 3197 2318 se.
3240 2285 3269 2312 »
3301 2262 3575 2332 Vulgatus

1945 2360 2226 2429 interpres
2260 2358 2336 2412 sic
2366 2358 2423 2411 in
2460 2358 2721 2412 Latinum
2756 2374 2822 2411 ea
2851 2356 3021 2412 verba
3046 2355 3334 2410 transtulit
3366 2372 3379 2409 :
3416 2377 3443 2404 ‹‹
3472 2355 3576 2408 Re-

1947 2455 2166 2506 vertere
2197 2452 2269 2506 ad
2307 2452 2633 2518 Dominum,
2674 2456 2731 2505 et
2759 2455 3012 2505 avertere
3042 2449 3112 2503 ab
3144 2447 3423 2519 injustitia
3451 2454 3571 2514 tua,

1946 2552 2005 2599 et
2040 2546 2209 2600 nimis
2242 2546 2397 2600 odito
2427 2545 2892 2611 exsecrationem,
2925 2548 2981 2598 et
3016 2557 3294 2612 cognosce
3323 2542 3574 2611 justitias

1944 2642 2002 2694 et
2032 2639 2249 2709 judicia
2288 2639 2407 2705 Dei,
2445 2644 2500 2693 et
2530 2643 2613 2691 sta
2644 2638 2701 2692 in
2736 2639 2885 2691 sorte
2916 2635 3346 2707 propositionis,
3375 2642 3430 2690 et
3457 2652 3575 2689 ora-

1946 2732 2116 2788 tionis
2160 2732 2429 2787 Altissimi
2470 2732 2587 2785 Dei.
2624 2733 2686 2784 In
2728 2736 2918 2801 partes
2954 2731 3092 2784 vade
3135 2728 3326 2783 saeculi
3370 2729 3571 2795 sancti,

1945 2844 2075 2881 cum
2116 2827 2254 2881 vivis
2296 2830 2352 2880 et
2388 2825 2654 2879 dantibus
2696 2824 3103 2879 confessionem
3143 2824 3279 2877 Deo.
3311 2824 3431 2876 Non
3472 2822 3569 2876 de-

1948 2921 2185 2974 moreris
2204 2919 2263 2973 in
2287 2934 2478 2973 errore
2506 2919 2840 2989 impiorum,
2861 2924 2990 2971 ante
3010 2922 3252 2971 mortem
3273 2915 3569 2970 confitere.

1946 3018 1985 3068 A
2018 3018 2266 3078 mortuo,
2299 3014 2455 3084 quasi
2496 3012 2663 3079 nihil,
2694 3012 2842 3083 perit
2870 3011 3168 3066 confessio.
3202 3008 3574 3065 Conﬁteberis

207 3091 502 3157 Pacianus,
548 3106 678 3151 cum
720 3090 843 3144 hinc
880 3091 958 3144 ait
997 3091 1186 3162 (epist.
1236 3097 1285 3160 t,
1331 3110 1389 3162 ι).
1434 3094 1520 3162 53)
1569 3109 1581 3146 :
1619 3112 1646 3143 α
1693 3093 1839 3160 Scio,

1950 3108 2152 3173 vivens,
2208 3108 2384 3175 vivus,
2440 3110 2496 3160 et
2547 3122 2719 3160 sanus
2761 3105 3143 3171 conﬁteberis,
3201 3109 3258 3157 et
3316 3102 3574 3157 laudabis

209 3185 411 3251 frater,
452 3183 601 3244 hanc
637 3184 818 3253 ipsam
851 3184 1197 3253 paenitentia:
1228 3185 1453 3239 veniam
1727 3204 1839 3241 non

209 3276 422 3347 passim
454 3276 720 3331 omnibus
761 3278 916 3346 dari;
949 3294 1052 3332 nec
1081 3284 1385 3348 antequam
1422 3283 1522 3333 aut
1565 3281 1842 3349 interpre-

209 3372 350 3425 tatio
382 3370 589 3425 divinte
620 3371 945 3439 voluntatis,
978 3377 1075 3425 aut
1115 3372 1344 3426 forsitan
1380 3372 1615 3427 visitatio
1648 3374 1839 3441 fuerit,

208 3464 460 3518 relaxari
504 3481 517 3518 :
574 3480 781 3535 magno
839 3465 1089 3535 pondere
1143 3482 1469 3537 magnoque
1518 3468 1840 3533 libramine,

206 3564 337 3627 post.
384 3559 593 3612 multos
639 3558 907 3628 gemitus,
953 3559 1404 3629 etfusionemque
1436 3560 1840 3630 lucrymarum,

208 3658 339 3721 post
370 3652 541 3704 totius
576 3653 833 3705 Ecclesiae
868 3669 1084 3722 preces.
1118 3675 1144 3701 »ι

280 3748 487 3799 Vocem
522 3746 674 3799 illam
712 3748 1055 3815 iniquitatem
1082 3752 1165 3817 (ut
1192 3764 1301 3802 non
1326 3750 1605 3816 accipiatis
1634 3751 1841 3817 i'niqui-

205 3842 396 3907 tatem)
430 3856 593 3892 sume
635 3855 737 3909 pro
784 3856 947 3909 pinna
992 3841 1281 3911 iniquitati
1332 3841 1680 3911 inﬂigenda;
1723 3843 1843 3911 jam

204 3934 307 3987 diu
360 3933 513 3986 enim
560 3949 840 3987 monuere
889 3934 1247 4004 interpretes,
1292 3952 1451 3989 voces
1494 3936 1617 4000 bas,
1658 3952 1842 4004 pecca-

206 4034 348 4087 tum.
396 4030 684 4095 iniquitas,
735 4031 791 4079 et
836 4027 1038 4082 afﬁnes
1080 4028 1217 4082 alias
1257 4028 1561 4098 ambiguas
1604 4046 1746 4095 esse,
1788 4035 1847 4083 et

205 4121 451 4191 perinde
500 4119 820 4190 significare
874 4126 1168 4191 peccatum
1214 4123 1730 4193 iniquitatemque,
1781 4140 1844 4176 ac

206 4228 439 4283 poenam
507 4219 729 4281 peccato
785 4221 840 4266 et
904 4214 1187 4285 iniquitati
1250 4216 1624 4269 inferendam.
1677 4217 1847 4270 Abest

207 4307 479 4361 nonnihil
523 4324 553 4357 a
598 4307 886 4375 superiore
918 4308 1394 4379 interpretatione
1426 4310 1690 4377 Vulgata;
1724 4310 1845 4362 llth

204 4417 423 4470 nempe
476 4406 559 4455 est
614 4419 624 4453 :
686 4419 714 4451 α
761 4402 1120 4469 Convertere,
1172 4402 1361 4469 Israel,
1410 4402 1485 4455 ad
1536 4402 1845 4456 Dominum

1945 3201 2146 3265 Deum,
2176 3204 2232 3254 et
2261 3199 2599 3270 gloriaberis
2627 3200 2684 3252 in
2720 3198 3183 3253 miserationibus
3213 3196 3383 3251 illius.
3419 3195 3572 3259 Quo-

1943 3295 2098 3347 niam
2154 3311 2361 3365 magna
2410 3293 2797 3347 misericordia
2847 3291 3098 3356 Domini,
3148 3294 3205 3344 et
3252 3287 3574 3360 propitiatio

1942 3388 2093 3442 illius
2130 3387 2592 3442 convertentibus
2621 3387 2693 3441 ad
2727 3402 2804 3440 se.
2836 3407 2864 3438 ι)

2015 3482 2281 3536 XXXVIII.
2314 3481 2455 3535 Item
2493 3481 2605 3543 illic
2649 3481 2856 3545 iliceti”
2897 3497 2986 3546 xx,
3029 3481 3081 3547 4)
3117 3480 3335 3545 :;Quam
3371 3493 3576 3532 vanum

1944 3583 2019 3631 est
2081 3581 2371 3630 correctum
2432 3577 2782 3640 manifestare
2835 3574 3250 3642 pamitentiam!
3302 3573 3388 3627 Sic
3434 3574 3575 3626 enim

1943 3670 2159 3738 e/ngies
2186 3669 2553 3723 voluntarium
2579 3673 2877 3738 peccatum.

2016 3804 2197 3877 861
2247 3804 2476 3858 Videtur
2507 3803 2577 3856 ad
2618 3819 2711 3855 eos
2756 3802 2999 3856 directus
3035 3802 3124 3855 hic
3163 3802 3334 3868 locus,
3379 3802 3476 3872 qui
3515 3818 3574 3855 se

1946 3915 2176 3953 suorum
2231 3898 2533 3951 criminum
2591 3896 2865 3965 poenitere
2917 3894 3287 3962 testabantur,
3340 3894 3576 3965 ideoque

1945 3998 2198 4048 correctos
2230 4009 2286 4044 se
2319 3990 2603 4062 appellare
2643 4006 2753 4045 non
2798 3988 3163 4054 recusabant;
3202 3993 3258 4040 at
3294 3989 3573 4057 paeniten-

1945 4088 2039 4141 tia:
2085 4086 2153 4139 ab
2210 4085 2451 4138 Ecclesia
2513 4084 2855 4154 prtrscriptae
2911 4081 3073 4135 subdi
3128 4080 3413 4134 nolebant.
3469 4083 3576 4133 Hos

1945 4181 2184 4249 scriptor
2215 4184 2404 4233 noster
2444 4179 2708 4232 hortatur
2748 4182 2806 4229 ut
2838 4175 3124 4245 publicam
3158 4180 3329 4246 atque
3362 4174 3431 4228 ab
3471 4176 3573 4227 Ec-

1944 4274 2112 4326 clesia
2147 4277 2411 4325 statutam
2457 4271 2854 4341 ptenitentiam
2895 4273 3101 4339 agant;
3150 4268 3202 4322 id
3250 4269 3401 4322 enim
3442 4286 3573 4322 con-

1945 4366 2431 4420 venientissimum
2484 4371 2605 4432 est;
2656 4381 2812 4417 secus
2856 4363 2900 4417 si
2948 4366 3141 4434 agant,
3191 4363 3573 4417 voluntarium

207 4495 395 4548 Deum
441 4498 625 4563 tuum,
659 4495 931 4564 quoniam
975 4496 1241 4549 corruisti
1283 4496 1338 4548 in
1382 4495 1686 4566 iniquitate
1726 4499 1841 4550 tua.
1864 4492 1922 4564 D
1948 4463 2240 4531 peccatum
2276 4475 2512 4512 m'mme
2542 4459 2838 4527 eﬂ‘u‘glcnt'

208 4588 414 4642 Tollite
461 4588 753 4649 vobiscum
784 4588 973 4655 verba,
1012 4592 1067 4643 et
1111 4589 1507 4643 convertimini
1547 4589 1615 4642 ad
1659 4590 1846 4643 Domi-

206 4699 374 4747 num,
407 4686 460 4735 et
486 4682 655 4735 dicite
685 4682 738 4736 ei
764 4702 776 4735 :
803 4685 1041 4737 Omnem
1061 4684 1225 4736 aufer
1246 4682 1626 4753 iniquitatem,
1653 4684 1843 4753 accipe

204 4775 449 4840 bonum,
478 4781 535 4828 et
562 4776 868 4830 reddemus
899 4776 1102 4830 vitulos
1122 4777 1403 4831 labiorum
1435 4782 1781 4831 nostrorum.
1814 4800 1839 4827 n

288 4868 527 4923 XXXVII.
575 4871 715 4923 Item
766 4869 819 4922 in
867 4868 1249 4924 Ecclesiastico
1289 4870 1436 4937 (xvu,
1473 4871 1561 4940 23)
1593 4887 1605 4924 :
1643 4891 1669 4922 α
1708 4871 1839 4926 Con-

198 4967 411 5016 vertere
438 4963 511 5015 ad
536 4965 836 5028 Dominum,
866 4970 916 5015 et
942 4964 1185 5032 relinque
1206 4971 1427 5031 peccata
1458 4971 1576 5031 tua,
1605 4972 1655 5018 et
1680 4968 1841 5019 nimis

203 5056 360 5110 adito
409 5058 842 5117 exsecrationem,
883 5063 935 5111 et
976 5072 1223 5124 cognosce
1252 5058 1500 5125 jastitias
1545 5065 1595 5111 ct
1627 5059 1845 5126 judicia

204 5152 329 5207 Dei,
366 5155 419 5203 et
456 5155 539 5203 sta
570 5152 626 5201 in
665 5156 804 5203 sorte
840 5152 1246 5219 propitiationis
1284 5152 1578 5213 Altissimi,
1618 5158 1669 5205 et
1706 5153 1844 5207 vade

201 5249 264 5298 in
291 5249 507 5312 partem
534 5245 716 5297 saeculi
748 5260 867 5297 cum
894 5246 1054 5309 vivis,
1082 5250 1132 5297 et
1159 5245 1416 5299 dantibus
1442 5247 1839 5311 confessionem.

203 5339 331 5391 Non
372 5336 658 5391 demoreris
690 5342 749 5391 in
793 5313 971 5391 ornare
1000 5340 1311 5407 impiorum.
1358 5342 1405 5393 A
1444 5346 1656 5393 mortuo
1685 5341 1846 5407 quasi

204 5430 352 5482 nihil
383 5433 526 5498 perit
558 5433 836 5496 confessio.
873 5434 1039 5487 Vivus
1072 5436 1123 5485 et
1154 5446 1320 5486 sanus
1355 5434 1679 5500 conﬁteberis
1720 5436 1840 5494 Deo,

205 5529 262 5577 et
288 5523 608 5588 gloriaberis
630 5525 686 5577 in
709 5525 1146 5579 miserationibus
1171 5525 1340 5587 illius,
1370 5528 1625 5594 quoniam
1647 5542 1845 5594 magna

205 5618 579 5670 misericordia
626 5619 723 5671 Dei
761 5622 813 5672 et
856 5620 1180 5686 propitiatio
1226 5619 1376 5672 illius
1419 5621 1847 5674 conrertentibus

208 5711 289 5762 ad
326 5726 398 5763 se.

290 5803 363 5859 Ea
403 5818 529 5875 qua:
576 5804 647 5857 ad
694 5804 1088 5860 testimonium
1134 5822 1295 5861 xxmv
1339 5806 1625 5875 annotavi,
1667 5805 1760 5861 hic
1800 5806 1847 5861 si

2016 4597 2086 4646 At
2143 4592 2464 4663 quodnam,
2518 4590 2772 4661 inquies,
2838 4590 3220 4644 voluntarium
3283 4594 3575 4660 peccatum

1946 4687 2083 4739 illud
2117 4692 2220 4753 est,
2251 4685 2401 4756 quod
2442 4684 2721 4754 publicam
2770 4683 3166 4754 pcenitentiam
3204 4699 3376 4754 agere
3413 4699 3573 4736 recu-

1945 4781 2090 4833 santi
2132 4779 2451 4833 inevitabile
2493 4778 2737 4831 dicitur?
2766 4780 2848 4831 An
2892 4776 3270 4830 inobedieutia
3310 4777 3578 4830 adversus

1944 4873 2270 4940 Ecclesium,
2301 4888 2428 4942 quia
2456 4870 2716 4925 eamdem
2750 4870 3142 4940 paenitentiam
3172 4868 3577 4939 principiebat?

1944 4971 2026 5019 An
2056 4966 2403 5031 scandalum,
2433 4965 2580 5035 quod
2613 4964 2846 5034 reliquis
2877 4963 3137 5017 fidelibus
3165 4962 3530 5032 praebebatur
3550 4963 3577 5015 ‘.’

1945 5061 2254 5128 Utramque
2287 5059 2719 5128 explicationem
2751 5058 2917 5111 facile
2950 5058 3272 5111 admiserim
3299 5073 3311 5122 ;
3343 5055 3443 5109 sed
3486 5072 3577 5109 me

1946 5170 2039 5206 eos
2082 5152 2313 5223 quidem
2365 5151 2859 5221 reprehenderim,
2906 5151 3001 5222 qui
3043 5156 3278 5204 monent
3328 5151 3576 5203 volunta-

1944 5249 2086 5301 rium
2128 5252 2407 5315 peccatum
2453 5246 2523 5299 ab
2564 5246 2631 5299 iis
2672 5245 2849 5313 ell‘ugi
2892 5262 3004 5298 non
3052 5262 3230 5314 posse,
3281 5244 3376 5315 qui
3424 5244 3576 5314 prio-

1946 5356 2070 5392 rum
2114 5340 2423 5393 criminum
2454 5339 2850 5409 pmnitentiam
2890 5339 2960 5391 ab
3003 5338 3247 5392 Ecclesia
3282 5338 3576 5408 praescrip-

1946 5437 2059 5487 tam
2117 5433 2354 5487 minime
2407 5439 2630 5503 agunt;
2688 5433 2851 5486 facile
2907 5432 3058 5486 enim
3110 5431 3178 5486 ad
3229 5431 3577 5501 peccandum

1944 5527 2278 5593 revertitur,
2332 5527 2430 5597 qui
2479 5533 2576 5580 aut
2629 5526 2881 5594 nullam,
2939 5530 3038 5579 aut
3085 5526 3272 5580 levem
3326 5525 3576 5595 priorum

1947 5620 2249 5674 criminum
2284 5621 2680 5690 paenitentiam
2714 5620 2853 5690 agit,
2884 5619 3310 5689 contemnitque
3340 5633 3574 5671 consue-

1947 5713 2174 5767 tudines
2212 5717 2268 5766 et
2309 5713 2626 5767 sanctiones
2668 5712 2945 5768 Ecclesiae.
2983 5712 3254 5768 Convenit
3298 5712 3413 5765 fere
3448 5726 3577 5762 cum

1947 5808 2238 5877 superiore
2269 5807 2509 5881 Vulgata
2548 5805 2967 5879 interpretatio,
3010 5806 3069 5862 in
3099 5822 3168 5862 eo
3212 5807 3437 5859 tantum
3476 5802 3578 5859 dif-
