4032 6180
402 255 504 317 895

1086 253 1174 310 AD
1211 251 1437 310 OPERA
1480 252 1534 308 S.
1586 249 2247 308 CYPRIANIGENUINA
2296 252 2583 308 APPEND.
2632 254 2671 309 Ι.
2713 283 2780 293 -—-
2831 243 3060 310 DUBIA.

3656 247 3769 304 896

395 385 616 450 ferens,
663 380 810 454 quod
855 385 1162 449 correptum
1206 377 1347 448 legit
1403 374 1498 429 ubi
1548 377 1741 429 noster
1790 375 2038 446 Scriptor
2058 387 2117 459 Α
2210 378 2461 435 Ostendit
2505 393 2728 449 quoque
2770 377 2922 432 idem
2973 377 3128 432 locus
3172 375 3324 431 nulla
3362 387 3481 429 esse
3524 370 3774 428 irremis-

403 482 574 537 habet
599 487 912 535 correctum.

477 575 693 628 XXXIX.
745 575 880 627 ltem
921 571 977 626 in
1020 570 1255 626 Actibus
1298 567 1688 639 apostolorum
1729 569 1866 639 (vm,
1906 567 2032 635 t9):

405 669 506 722 Ait
545 675 728 721 autem
767 667 841 720 ad
879 667 1032 720 illum
1080 667 1272 718 Petrus
1305 679 1317 717 :
1353 665 1585 717 Pecunia
1626 668 1722 716 tua
1763 668 1930 714 tecum
1969 664 2037 715 sit

406 765 464 815 in
511 762 890 830 perditionem,
939 760 1194 828 quoniam
1234 758 1472 826 gratiam
1515 758 1615 810 Dei
1649 760 1808 824 putas
1857 761 1904 808 te
1943 770 2040 825 per

403 856 690 923 pecuniam
729 868 883 922 posse
928 853 1198 919 consequi.
1251 852 1371 904 Non
1419 856 1494 902 est
1539 863 1669 916 pars
1717 863 1883 915 neque
1927 862 2040 901 sors

408 948 508 1000 tibi
533 949 593 1000 in
631 949 730 1000 hac
758 947 881 1013 ﬁde,
913 947 1043 1014 quia
1078 960 1165 998 cor
1205 948 1357 996 tuum
1392 958 1500 995 non
1537 947 1614 996 est
1652 946 1852 993 rectum
1894 941 2040 1009 apud

410 1043 712 1093 Dominum.
745 1042 935 1106 Itaque
967 1039 1340 1106 paenitentiam
1385 1051 1483 1101 age
1525 1035 1593 1088 ab
1643 1035 1742 1087 hac
1793 1035 2040 1102 nequitia

412 1139 526 1194 tua,
581 1137 629 1186 et
674 1148 898 1201 precare
949 1133 1254 1196 Dominum,
1299 1131 1346 1182 si
1391 1130 1533 1194 forte
1580 1129 1896 1182 remittatur
1943 1127 2041 1180 tibi

409 1228 661 1294 cegitatio
695 1226 866 1279 cordis
910 1227 1008 1277 tui.
1063 1227 1127 1276 In
1177 1223 1504 1290 obligatione
1549 1223 1688 1274 enim
1731 1222 2041 1289 iniquitatis

412 1324 462 1373 et
491 1320 862 1373 amaritudine
885 1318 1031 1384 fellis
1057 1317 1209 1370 video
1240 1321 1286 1369 te
1313 1331 1434 1368 esse.

483 1415 681 1467 Patere
734 1426 897 1479 posse
952 1409 1198 1480 peccatis
1244 1407 1584 1478 quibusque,
1636 1407 1878 1477 ideoque
1919 1424 2042 1477 gra-

412 1504 650 1558 vissimis
701 1504 871 1556 etiam
920 1502 1266 1573 paenitentiae
1315 1502 1500 1563 locum
1553 1501 1718 1561 facile
1764 1500 2043 1554 evincitur

412 1614 476 1650 ex
521 1596 587 1649 iis
635 1596 783 1649 Petri
830 1596 1031 1664 verbis,
1071 1612 1198 1666 quae
1246 1595 1335 1657 hic
1383 1595 1731 1664 allegantur;
1778 1593 2036 1664 quando-

413 1688 642 1758 quidem
695 1690 890 1742 Petrus
940 1689 1236 1743 Simonem
1281 1690 1505 1757 Magum
1562 1686 1809 1756 Spiritus
1865 1685 2038 1739 sancti

411 1782 561 1836 dona
591 1797 789 1834 emere
816 1781 1162 1848 studentem,
1197 1781 1442 1851 ideoque
1481 1780 1752 1833 immanis
1790 1778 2043 1832 criminis

410 1891 578 1927 reum
620 1874 885 1927 hortatur
927 1873 1000 1927 ad
1043 1873 1454 1943 pmnitentiam.
1494 1874 1640 1942 Apta
1691 1875 1825 1924 sunt
1871 1871 2043 1926 etiam

415 1967 614 2020 eadem
667 1966 837 2019 verba
897 1966 965 2019 ad
1024 1967 1371 2020 revocandos
1418 1983 1449 2018 a
1505 1965 1808 2019 schismate
1871 1970 2041 2034 atque

414 2059 616 2113 haeresi
669 2059 1035 2126 Novatianos,
1090 2075 1338 2129 quorum
1407 2059 1624 2129 aliquos
1681 2059 1920 2112 fortasse
1973 2058 2043 2111 ad

417 2169 543 2206 eam
579 2158 790 2217 sectam
829 2152 1088 2222 pecunia,
1122 2156 1220 2205 aut
1254 2157 1404 2219 certe
1439 2152 1827 2206 emolumenta
1855 2151 2046 2206 oblata

417 2249 790 2315 deduxerant,
829 2253 1000 2319 atque
1042 2250 1100 2303 in
1143 2265 1208 2304 ea
1251 2249 1596 2304 retinebant.
1635 2249 1903 2312 Quamvis
1949 2265 2046 2302 au-

415 2347 531 2398 tem
570 2344 692 2397 leve
732 2342 805 2396 sit
831 2343 978 2396 hanc
1021 2341 1175 2396 inter
1207 2348 1263 2396 et
1289 2343 1588 2413 Vulgatam
1619 2342 2042 2413 interpretatio-

416 2453 552 2492 nem
596 2435 927 2502 discrimen,
969 2437 1154 2506 placet
1196 2441 1389 2491 tamen
1434 2435 1697 2490 eamdem
1744 2436 2043 2507 Vulgatam

417 2530 635 2600 pariter
665 2529 941 2583 adducere
987 2546 1001 2582 :
1036 2550 1063 2578 α
1106 2531 1300 2583 Petrus
1343 2535 1535 2583 autem
1579 2529 1723 2582 dixit
1756 2529 1824 2582 ad
1866 2544 2041 2582 eum:

419 2621 664 2676 Pecunia
708 2627 806 2676 tua
852 2625 1042 2675 tecum
1091 2622 1161 2674 sit
1204 2621 1261 2674 in
1309 2622 1722 2692 perditionem,
1771 2621 2044 2692 quoniam

416 2715 629 2769 donum
661 2716 757 2768 Dei
803 2713 1137 2768 existimasti
1180 2715 1417 2784 pecunia
1460 2714 1748 2784 possideri.
1796 2715 1916 2767 Non
1961 2716 2047 2767 est

417 2808 518 2861 tibi
564 2825 715 2878 pars,
757 2824 941 2877 neque
985 2824 1125 2873 sors,
1169 2808 1228 2861 in
1269 2823 1532 2861 sermone
1573 2807 1706 2860 isto.
1743 2809 1852 2861 Cor
1890 2807 2046 2860 enim

415 2906 579 2955 tuum
606 2918 722 2955 non
756 2907 841 2956 est
870 2907 1086 2955 rectum
1118 2917 1304 2954 coram
1339 2901 1472 2954 Deo.
1515 2899 1903 2954 Paenitentiam
1935 2899 2042 2952 ita-

417 3011 528 3064 que
579 3011 684 3066 age
731 2994 800 3047 ab
845 2994 949 3047 hac
995 2993 1250 3064 nequitia
1299 2999 1412 3059 tua,
1467 2998 1522 3047 et
1567 3009 1704 3062 roga
1753 2993 1948 3057 Deum,
1999 2992 2044 3045 si

2141 473 2323 528 sibilia
2388 476 2630 543 peccata.
2687 472 2978 536 Quomodo
3045 473 3197 525 enim
3253 468 3591 541 ptenitentia
3657 465 3773 520 dici

2141 571 2322 638 posset
2363 567 2421 619 in
2461 568 2692 621 salutem
2728 567 2998 627 stabilem,
3036 565 3080 618 si
3125 567 3354 635 peccata
3390 562 3584 633 aliqua
3624 561 3768 615 irre-

2139 662 2432 716 missibilia
2482 662 2712 714 essent?
2769 660 2906 713 Hinc
2955 660 3161 714 merito
3212 663 3433 712 sanctus
3487 656 3767 710 Pacianus

2138 757 2404 809 adversus
2449 754 2781 808 Novatianos
2827 753 3122 823 disputans
3165 751 3364 806 eodem
3412 750 3592 804 utitur
3637 748 3766 802 loco

2138 848 2327 918 (epist.
2386 852 2435 916 t,
2490 864 2545 918 p.
2595 850 2700 914 53).
2749 846 3131 900 Commendat
3171 845 3342 898 etiam
3388 842 3689 897 lenitatem
3737 857 3773 895 a

2139 941 2416 1012 Cypriane
2453 941 2823 1007 insinuatam,
2858 943 3279 1010 mouenturque
3313 939 3368 991 in
3408 953 3476 990 eo
3506 936 3774 991 Ecclesia-

2142 1053 2268 1089 rum
2300 1035 2591 1105 prsesides,
2623 1050 2694 1087 ne
2721 1032 3114 1104 paenitentiam
3145 1032 3498 1103 praecludant
3533 1045 3770 1100 poscen-

2140 1129 2288 1183 tibus
2325 1145 2561 1183 suorum
2599 1127 2905 1182 criminum
2949 1127 3166 1180 veniam
3198 1143 3211 1180 :
3246 1124 3582 1196 poenitentia
3615 1123 3774 1178 enim

2139 1230 2222 1277 est
2253 1224 2326 1276 ad
2356 1224 2587 1277 salutem
2621 1222 2887 1276 stabilem.
2919 1223 3031 1277 Cur
3061 1237 3199 1290 ergo
3233 1219 3302 1273 ab
3329 1235 3393 1273 ea
3423 1217 3776 1272 arcebantur

2141 1319 2336 1372 fideles
2367 1318 2576 1371 scelrra
2609 1333 2708 1369 sua
2737 1315 2948 1370 deﬂere
2989 1313 3278 1384 cupientes
3297 1313 3324 1366 ?
3352 1311 3652 1382 Vulgatam
3681 1311 3776 1366 hic

2141 1429 2254 1466 non
2293 1412 2528 1478 atl'erro;
2571 1409 2839 1463 eamdem
2879 1407 3038 1461 enim
3081 1407 3254 1460 habet
3298 1422 3429 1460 cum
3480 1405 3775 1475 superiore

2141 1505 2692 1575 interpretationem.
2749 1504 2958 1556 Locum
3003 1502 3157 1554 hunc
3217 1517 3278 1554 se
3340 1500 3537 1569 magni
3585 1500 3773 1553 facere

2143 1601 2399 1654 declarat
2446 1600 2841 1663 Damascenus,
2889 1611 3019 1649 cum
3062 1609 3195 1648 eum
3237 1593 3403 1647 affert
3452 1594 3530 1663 (in
3579 1593 3776 1647 Paral-

2144 1695 2302 1762 lelis).

2213 1787 2344 1841 XLI.
2376 1787 2514 1840 Item
2548 1786 2658 1839 illic
2688 1785 2758 1839 de
2809 1784 2918 1838 hoc
2964 1784 3086 1852 ipso
3127 1783 3191 1849 (Il
3224 1782 3370 1844 Cor.,
3419 1797 3475 1846 η,
3525 1781 3611 1848 10)
3656 1796 3671 1833 :
3716 1781 3781 1835 Si

2142 1885 2234 1936 cui
2289 1886 2471 1934 autem
2518 1879 2734 1948 aliquid
2789 1879 3051 1940 donastis,
3113 1881 3164 1929 et
3213 1891 3344 1943 ego;
3397 1890 3524 1928 nam
3571 1879 3623 1927 et
3661 1889 3777 1939 ego,

2142 1975 2287 2044 quod
2335 1975 2535 2028 donavi
2578 1977 2799 2041 propter
2847 1986 2936 2025 vos
2979 1974 3038 2024 in
3086 1972 3232 2036 facie
3284 1969 3506 2030 Christi,
3554 1972 3617 2020 ut
3668 1982 3780 2019 non

2143 2069 2623 2122 circumveniamur
2658 2082 2691 2118 a
2733 2065 2984 2130 Satana;
3031 2078 3125 2117 nec
3173 2065 3312 2117 enim
3355 2063 3626 2116 versutias
3664 2060 3778 2127 ejus

2142 2165 2473 2230 ignoramus.

2217 2255 2312 2309 Hic
2339 2271 2566 2326 quoque
2599 2257 2924 2310 momentur
2948 2252 3221 2324 episcopi,
3255 2256 3314 2305 ut
3338 2250 3566 2304 veniam
3599 2247 3782 2320 poeni-

2146 2349 2393 2404 tentibus
2437 2349 2688 2415 donent;
2735 2347 3069 2419 approbavit
3111 2345 3263 2401 enim
3306 2345 3512 2399 Paulus
3559 2349 3781 2412 aposto-

2145 2444 2233 2497 lus
2255 2443 2672 2513 indulgentiam
2696 2447 2752 2496 et
2773 2441 3130 2506 facilitatem,
3156 2439 3198 2493 si
3219 2437 3479 2492 volumus
3500 2437 3578 2490 ita
3599 2435 3776 2506 loqui,

2145 2553 2317 2607 quam
2349 2553 2479 2590 cum
2505 2536 2910 2606 paenitentibus
2941 2535 3130 2588 fideles
3156 2532 3555 2587 adhibuerant.
3589 2532 3782 2599 Itaque

2145 2630 2390 2700 rigorem
2427 2630 2589 2684 illum
2633 2647 2698 2683 ac
2736 2629 3118 2695 severitatem,
3150 2643 3322 2696 quam
3367 2626 3423 2678 in
3470 2622 3780 2679 Ecclesiam

2147 2723 2418 2777 inducere
2452 2721 2713 2776 nonnulli
2742 2721 3067 2789 studebant,
3108 2719 3331 2774 veniam
3375 2715 3782 2788 paenitentibus

2149 2816 2521 2886 denegantes,
2554 2815 2773 2869 etiamsi
2818 2815 2900 2868 illi
2938 2831 3058 2868 sese
3097 2812 3354 2868 Ecclesiae
3385 2809 3604 2880 judicio
3647 2824 3779 2877 sup-

2149 2913 2444 2978 ponerent,
2477 2909 2766 2979 improbat
2800 2909 2953 2962 locus
2997 2907 3123 2960 iste.
3157 2910 3340 2976 Atque
3381 2904 3438 2958 in
3476 2903 3628 2956 hunc
3659 2901 3783 2971 qui-

2147 3003 2274 3056 dem
2323 3018 2553 3056 sensum
2596 3018 2665 3056 eo
2707 3001 2883 3055 utitur
2925 3006 3148 3054 sanctus
3185 3000 3456 3054 Pacianus
3494 3002 3619 3056 haec
3648 2997 3784 3051 scri-

411 3088 556 3183 forte
600 3089 928 3183 remittatur
970 3087 1237 3183 tibi-haec
1280 3087 1544 3183 cogitatio
1591 3087 1776 3140 cordis
1827 3085 1930 3138 tui.
1982 3088 2122 3183 IuC
2147 3095 2283 3149 hens
2324 3097 2436 3163 (36)
2474 3113 2486 3149 ;
2525 3115 2550 3145 α
2584 3095 2731 3159 Quid
2765 3094 3032 3165 episcopo
3072 3093 3399 3164 negabitur,
3440 3095 3498 3148 in
3541 3113 3653 3166 quo
3685 3097 3782 3149 υρί

414 3181 547 3235 felle
605 3181 759 3234 enim
806 3179 1205 3234 amaritudinis
1245 3186 1301 3234 et
1345 3178 1690 3249 obligatione
1726 3178 2048 3248 iniquitatis
2084 3178 2121 3183 ⁷
2150 3205 2360 3242 nomen
2403 3189 2717 3258 operatur?
2757 3187 2971 3242 Reddet
3005 3187 3240 3257 quidem
3276 3187 3357 3241 ini
3399 3187 3702 3254 rationem,
3735 3189 3783 3241 εί

416 3275 581 3327 video
609 3278 662 3326 te
694 3289 835 3327 esse.
862 3294 889 3320 »

486 3369 590 3420 XL.
631 3369 770 3420 ltem
815 3366 870 3419 in
923 3367 1172 3436 Epistola
1219 3366 1377 3420 Pauli
1417 3365 1546 3419 heu.
1589 3365 1701 3434 (35)
1743 3364 1811 3417 ad
1856 3363 2048 3418 Corin-

416 3461 568 3514 thios
599 3459 853 3512 secunda
888 3461 1005 3528 (vn,
1043 3459 1134 3529 10)
1169 3475 1182 3512 :
1222 3461 1350 3524 Qua
1377 3461 1518 3513 enim
1554 3458 1844 3512 secundum
1884 3459 2049 3510 Deum

416 3559 491 3607 est
532 3556 781 3615 tristitia,
816 3554 1196 3622 paenitentiam
1235 3555 1294 3606 in
1326 3553 1555 3606 salutem
1598 3559 1853 3620 operatur
1883 3551 2049 3604 stabi-

414 3649 515 3701 lem
543 3666 557 3701 :
590 3648 770 3700 swculi
799 3653 981 3700 autem
1013 3647 1242 3700 tristitia
1267 3651 1489 3699 mortem
1521 3651 1795 3714 operatur.

488 3743 536 3792 Is
568 3757 736 3810 quem
775 3757 925 3804 nunc
956 3739 1368 3805 examinamus,
1402 3739 1651 3808 Apostoli
1682 3739 1835 3796 locus
1873 3737 2046 3791 eccle-

415 3835 649 3889 siastica:
679 3833 1051 3904 poenitentiae,
1082 3849 1209 3904 quas
1238 3832 1624 3902 corporalibus
1662 3831 1838 3885 etiam
1877 3829 2048 3884 afflic-

415 3927 721 3982 tationibus
771 3927 1083 3997 peragitur,
1137 3926 1441 3980 utilitatem
1489 3925 1755 3990 celebrat,
1801 3940 2044 3994 eamque

342 4085 347 4090 Δ
427 4025 666 4076 testatur
713 4019 906 4093 862
959 4020 1076 4074 fore
1121 4027 1178 4074 et
1220 4020 1465 4074 stabilem
1515 4025 1572 4073 et
1615 4019 1920 4072 salutarem
1971 4020 2047 4087 (in

412 4117 678 4178 salutem).
724 4114 1087 4168 Condemuat
1123 4117 1322 4167 autem
1364 4112 1534 4167 veluti
1581 4110 1839 4177 noxium,
1874 4114 2046 4181 atque

416 4209 554 4262 adeo
605 4207 968 4260 mortiferum
1015 4207 1156 4261 illud
1215 4205 1564 4276 pamitentise
1616 4221 1832 4275 genus,
1892 4203 2048 4274 quod

414 4302 623 4355 saeculo
659 4301 969 4369 probatur:
1003 4317 1066 4354 ac
1106 4302 1290 4355 saeculi
1327 4299 1558 4371 quidem
1603 4297 1838 4353 nomine
1883 4297 2049 4352 nobis

414 4403 832 4468 blandientem,
885 4401 1111 4472 legique
1169 4403 1301 4468 Dei,
1357 4402 1603 4471 ideoque
1657 4397 2047 4453 ecclesiasticae

2150 3281 2288 3351 quid
2333 3297 2632 3351 perperam
2678 3281 2899 3346 fecerit,
2948 3281 3034 3333 vel
3085 3281 3130 3334 si
3179 3285 3443 3350 corrupte
3493 3284 3550 3334 et
3597 3281 3782 3352 impie

2141 3375 2431 3445 jud‘icarit.
2485 3375 2593 3428 Nec
2643 3373 3049 3444 praejudicatur
3095 3375 3228 3440 Deo,
3286 3373 3594 3444 quominus
3645 3375 3784 3429 mali

2149 3468 2501 3522 aadiﬁcatoris
2547 3483 2719 3538 opera
2770 3467 3056 3529 rescindat
3102 3485 3114 3520 :
3164 3467 3399 3531 interea,
3449 3468 3494 3520 si
3541 3468 3634 3537 pia
3683 3468 3784 3521 illa

2147 3561 2566 3615 administratio
2606 3566 2708 3626 est,
2742 3561 2973 3630 adjutor
3018 3560 3113 3614 Dei
3154 3577 3391 3632 Operam
3433 3567 3778 3630 perseverat.

2148 3657 2287 3711 Ecce
2343 3655 2639 3725 Apostolus
2689 3654 2760 3708 ad
2811 3655 2981 3708 laicos
3026 3655 3222 3708 scribit
3266 3671 3280 3708 :
3335 3676 3363 3704 ‹‹
3401 3656 3456 3710 Si
3501 3655 3589 3708 cui
3638 3655 3780 3725 quid

2150 3748 2424 3814 donastis,
2466 3754 2520 3802 et
2551 3763 2696 3817 ego;
2731 3765 2864 3802 nam
2897 3752 2956 3801 et
2984 3764 3088 3817 ego
3128 3748 3280 3819 quod
3309 3749 3531 3815 donavi,
3563 3747 3607 3802 si
3640 3747 3784 3818 quid

2149 3842 2356 3897 donavi
2419 3845 2654 3913 propter
2704 3859 2801 3896 vos
2852 3843 2910 3896 in
2958 3859 3200 3913 persona
3253 3843 3490 3908 Christi,
3538 3848 3600 3896 ut
3662 3858 3786 3896 non

2147 3936 2496 4005 possideatur
2548 3953 2580 3989 a
2641 3937 2867 4001 Satana,
2934 3952 3044 3989 non
3109 3936 3264 3989 enim
3324 3935 3598 3989 versutias
3655 3935 3786 4004 ejus

2147 4029 2546 4100 ignoramus.»
2579 4029 2632 4083 Si
2661 4035 2852 4082 autem
2883 4029 3036 4099 quod
3066 4029 3188 4082 laici
3216 4029 3453 4096 donant,
3481 4029 3786 4098 Apostolus

2149 4122 2384 4176 donasse
2430 4137 2487 4176 se
2538 4121 2692 4187 dicit,
2739 4121 2888 4190 quod
2933 4121 3229 4191 episcOpus
3265 4122 3483 4186 fecerit,
3532 4122 3786 4192 qualiter

2150 4221 2560 4286 respuetur.....
2599 4215 2742 4282 Scio,
2769 4214 2964 4279 frater,
3008 4214 3152 4267 hanc
3195 4213 3376 4284 ipsam
3427 4214 3785 4284 poenitentia:

2149 4310 2373 4363 veniam
2416 4324 2530 4362 non
2580 4307 2793 4378 passim
2837 4308 3101 4361 omnibus
3142 4307 3282 4368 dari,
3326 4323 3433 4360 nec
3470 4313 3788 4377 antequam

2151 4408 2249 4456 aut
2298 4401 2689 4470 interpretatio
2743 4400 2946 4454 divinae
2997 4400 3328 4465 voluntatis,
3381 4407 3480 4454 aut
3543 4402 3788 4455 forsitan

414 4497 729 4566 disciplina:
769 4497 1165 4550 adversantem
1195 4511 1452 4559 carnem,
1494 4499 1612 4560 aut,
1655 4493 1699 4546 si
1743 4493 1845 4558 vis,
1880 4476 2389 4548 schis-Dvisitatio
2431 4495 2622 4559 fuerit,
2670 4494 2957 4547 relaxari:
3004 4510 3218 4564 magno
3506 4495 3783 4563 pondere,

418 4590 754 4644 maticorum
813 4595 870 4644 et
917 4589 1174 4643 mollium
1230 4587 1609 4659 quorumdam
1653 4584 2050 4640 blandimenta

415 4683 700 4753 intelligit.
752 4684 1069 4754 Cyprianus
1117 4697 1251 4736 sane
1295 4680 1685 4750 paenitentiam
1733 4678 1888 4732 illam
1928 4687 2051 4731 tan-

416 4777 717 4831 tummodo
751 4777 1049 4847 approbat,
1083 4792 1210 4847 quae
1249 4775 1561 4829 exteriores
1600 4773 1768 4826 etiam
1809 4770 2049 4825 afﬂicta-

415 4872 599 4925 tiones
659 4876 715 4924 et
775 4870 1136 4924 manifestam
1196 4869 1480 4924 tristitiam
1543 4867 1859 4938 praeferret.
1912 4865 2050 4919 Hinc

418 4965 474 5018 in
506 4965 652 5019 libro
683 4965 748 5018 de
778 4967 969 5033 Lapsis
1012 4963 1089 5034 (ρ.
1129 4965 1251 5030 384)
1286 4979 1298 5016 :
1336 4984 1361 5011 ‹‹
1402 4961 1586 5031 Agite,
1631 4960 1838 5031 inquit,
1875 4960 2052 5030 poeni-

415 5060 658 5112 tentiam
711 5059 977 5127 plenam;
1035 5057 1284 5111 dolentis
1331 5073 1395 5109 ac
1461 5055 1827 5108 lamentantis
1878 5053 2053 5106 animi

417 5151 653 5220 probate
703 5151 1046 5204 mmstitiam.
1096 5151 1208 5203 Nec
1253 5165 1348 5201 vos
1397 5148 1778 5218 quorumdam
1827 5149 2054 5201 moveat

416 5247 513 5297 aut
546 5260 707 5296 error
744 5243 1117 5313 improvidus,
1153 5249 1250 5295 aut
1289 5248 1490 5310 stupor
1527 5257 1722 5302 vanus,
1769 5240 1886 5310 qui,
1919 5256 2053 5292 eum

417 5341 716 5390 teneantur
743 5337 800 5390 iu
833 5343 944 5389 tam
985 5337 1140 5404 gravi
1175 5335 1435 5399 crimine,
1481 5335 1733 5403 percussi
1764 5338 1897 5387 sunt
1926 5332 2050 5386 ani-

420 5430 496 5482 mi
543 5429 809 5493 czecitate,
857 5436 919 5480 ut
964 5445 1063 5484 uec
1113 5429 1434 5499 intelligant
1478 5429 1700 5495 delicta,
1749 5443 1848 5480 nec
1890 5427 2051 5496 plan-

418 5526 570 5593 gant.
608 5522 958 5593 lndignantis
991 5524 1088 5577 Dei
1119 5523 1301 5593 major
1332 5523 1452 5576 haec
1480 5521 1649 5592 plaga
1674 5526 1774 5574 est.

486 5699 580 5762 (35)
615 5699 902 5759 Benedicti,
936 5700 1041 5749 nisi
1077 5699 1359 5752 fallimur;
1401 5711 1550 5761 sape
1587 5697 1734 5746 enim
1765 5695 2052 5746 Christum

424 5777 480 5822 et
542 5771 820 5837 apostolos
879 5772 1175 5836 praeposita
1246 5771 1349 5820 hac
1420 5768 1790 5834 appellatione
1844 5770 2056 5816 veteres

2151 4603 2471 4658 magnoque
2511 4587 2836 4654 libramine,
2871 4593 2995 4657 post
3036 4587 3247 4641 multos
3279 4587 3527 4657 gemitus
3555 4588 3778 4641 etinsio-

2153 4697 2400 4751 nemque
2437 4682 2838 4751 lacrymarum,
2875 4685 3000 4750 post
3032 4681 3204 4733 totius
3234 4680 3495 4734 Ecclesia!
3537 4697 3735 4751 preces
3768 4699 3784 4735 :

2152 4775 2230 4828 ita
2257 4774 2480 4828 veniam
2514 4791 2662 4828 verte
2689 4774 3037 4846 poenitentiae
3066 4790 3184 4828 non
3218 4774 3443 4844 negari,
3476 4780 3537 4828 ut
3560 4774 3783 4844 judica—

2152 4872 2280 4922 turo
2307 4868 2529 4924 Christo
2557 4884 2728 4922 nemo
2755 4868 3106 4938 prirjudicet.
3139 4889 3167 4917 ››

2226 4962 2517 5032 Improbat
2560 4978 2788 5032 quoque
2835 4977 3032 5016 eorum
3077 4977 3355 5027 errorem,
3401 4963 3498 5033 qui
3547 4967 3790 5034 peccata

2153 5058 2341 5127 aliqua
2385 5056 2744 5126 inexpiabilia
2789 5055 3117 5109 censebant.
3153 5055 3291 5118 Quis
3329 5057 3482 5110 enim
3525 5057 3787 5127 inexpia-

2152 5150 2290 5204 bilia
2332 5151 2524 5219 aliqua
2568 5153 2796 5219 peccata
2840 5149 3110 5214 censebit,
3151 5148 3378 5218 quando
3418 5151 3622 5204 Paulus
3667 5152 3790 5205 sine

2154 5245 2268 5296 ulla
2317 5244 2686 5308 restrictione,
2735 5248 2833 5295 aut
2879 5242 3188 5295 criminum
3235 5244 3592 5311 exceptione,
3639 5245 3791 5298 affir-

2155 5344 2271 5391 mat
2305 5354 2364 5390 se
2396 5338 2607 5390 donare
2641 5337 2709 5388 iis
2749 5336 2842 5406 qui
2884 5317 3282 5405 peccaverunt,
3313 5336 3594 5406 quidquid
3625 5346 3788 5390 antea

2155 5449 2186 5483 a
2218 5430 2477 5484 fidelibus
2509 5429 2783 5483 donatum
2826 5428 2934 5482 illis
2971 5428 3199 5482 fuerat?
3228 5429 3468 5482 Pulchre
3497 5430 3652 5484 idem
3693 5431 3788 5483 ille

2157 5525 2428 5578 Pacianus
2474 5539 2650 5593 quem
2705 5523 2875 5577 modo
2922 5523 3181 5592 allegavi,
3230 5522 3478 5576 recitatis
3521 5522 3609 5576 his
3655 5524 3789 5593 ipsis

2155 5691 2532 5755 appeHabanL

2223 5763 2316 5826 (36)
2349 5763 2410 5812 In
2442 5763 2600 5827 epist.
2631 5763 2676 5824 t~,
2702 5777 2753 5827 p.
2782 5762 2862 5824 53,
2891 5766 2928 5812 t.
2953 5762 3027 5812 lll
3055 5761 3315 5813 Biblioth.
3349 5763 3490 5813 Patr.
3526 5763 3695 5812 Paris.
