4032 6180
191 262 290 318 897

196 387 449 461 Apostoli
479 386 666 441 verbis
707 402 720 439 :

192 486 312 538 haec
344 482 636 553 subjuugit
667 480 775 549 (37)
810 498 823 533 :
860 500 887 529 «
910 479 1076 533 Vides
1102 480 1351 549 Apostoli
1380 480 1822 549 indulgentiam,

195 578 457 649 proprias
490 576 668 629 etiam
694 574 1006 627 sententias
1034 574 1497 643 temperantem?
1526 573 1687 627 Vides
1715 572 1822 625 mi-

196 672 475 726 tissimam
510 667 802 722 lenitatem
836 667 1004 736 longe
1036 684 1069 720 a
1104 672 1292 720 vestro
1323 666 1625 736 supercilio
1665 682 1822 737 sepa-

196 771 403 831 ratam,
436 764 609 832 longe
656 779 690 815 a
726 759 1020 814 Novatiani
1057 759 1246 813 fronte
1286 759 1645 826 dissimilem,
1679 775 1828 813 com-

197 858 359 913 muni
402 873 538 911 vero
585 855 729 921 vitae,
768 870 830 907 ac
876 854 1043 907 saluti
1094 854 1351 907 omnium
1400 854 1829 907 consulentem?

198 956 280 1005 An
316 951 485 1006 etiam
530 950 589 1002 in
631 965 736 1002 nos
782 963 1009 1001 severus
1053 963 1255 1001 censor
1291 946 1615 1001 inveharis?
1646 946 1829 1000 Verba

200 1062 367 1117 porro
416 1045 507 1097 illa
551 1060 563 1096 :
608 1064 635 1091 «
683 1043 752 1095 Ut
802 1058 918 1095 non
967 1040 1486 1095 circumveniamur
1527 1057 1559 1093 a
1600 1040 1826 1106 Satana,

202 1156 302 1192 nec
349 1138 502 1191 enim
549 1137 821 1189 versutias
871 1135 991 1205 ejus
1036 1134 1390 1203 ignoramus,
1440 1152 1467 1184 »
1517 1134 1688 1200 hunc,
1738 1150 1829 1187 me

202 1232 439 1302 quidem
462 1230 671 1299 judice,
701 1230 913 1283 habent
943 1245 1171 1282 sensum
1201 1245 1213 1281 :
1239 1228 1371 1283 Ideo
1394 1244 1528 1281 vero
1554 1227 1828 1296 indulgeo

201 1324 476 1396 quidquid
520 1340 616 1377 vos
650 1322 983 1388 indulsistis,
1016 1338 1088 1376 ne
1119 1340 1152 1375 a
1188 1322 1397 1376 Satana
1427 1321 1831 1375 circumvenia-

203 1435 366 1482 mur;
416 1416 785 1471 circumvenit
829 1416 982 1470 enim
1033 1415 1205 1470 Satan
1244 1415 1444 1469 fideles
1486 1415 1543 1468 in
1589 1414 1830 1468 crimina

206 1514 516 1583 prolapsos,
544 1511 591 1566 si
620 1511 855 1564 nimiam
882 1509 1264 1564 austeritatem
1288 1510 1652 1579 rigoremque
1679 1508 1830 1560 nulla

194 1608 431 1662 lenitate
484 1612 869 1677 temperatum
935 1604 1205 1657 adversus
1268 1621 1361 1657 eos
1414 1602 1827 1667 adhibeamus;

193 1702 357 1754 facile
396 1701 552 1755 enim
592 1700 651 1753 in
682 1697 1136 1769 desperationem
1175 1712 1243 1750 ea
1286 1698 1505 1751 ratione
1542 1695 1824 1749 inducun-

1217 254 1621 315 SUPEBIORIS
1658 250 1981 316 OPUSCULI
2022 252 2504 316 ARGUMENTUM.

772 408 799 435 ‹‹
839 385 896 439 Si
941 385 1029 439 cui
1069 387 1256 440 autem
1301 384 1572 452 donastis,
1622 406 1649 433 »
1694 389 1822 451 etc.,
1850 391 2117 468 Aautem
2163 387 2500 452 mcechatur,
2543 387 2601 440 in
2643 403 2846 457 corpus
2884 401 3049 441 suum
3100 396 3295 459 peccat
3330 391 3372 461 (Ι
3411 392 3555 454 Cor.,

3460 260 3561 321 898

1929 479 2001 548 v1)
2030 501 2056 527 ›)
2094 498 2106 533 :
2139 480 2343 549 quibus
2370 485 2565 534 tamen
2594 486 2649 534 et
2680 481 2811 550 ipsis
2845 483 3175 551 poenitentia
3204 485 3559 551 conceditur,

1929 580 1985 627 et
2014 574 2363 627 lamentandi
2407 578 2463 627 et
2500 574 2885 627 satisfaciendi
2928 592 3054 645 spes
3102 577 3442 647 relinquitur
3472 597 3559 631 se-

1928 667 2182 720 cundum
2216 667 2403 737 ipsum
2444 668 2770 736 Apostolum
2810 667 3093 722 dicentem
3129 686 3141 722 :
3179 690 3205 717 ‹‹
3240 672 3455 737 Timeo,
3492 689 3561 725 nc

1930 761 2077 813 forte
2108 759 2342 812 veniens
2369 761 2437 814 ad
2462 776 2581 825 vos,
2609 760 2840 831 lugeam
2866 762 3076 815 multos
3098 779 3163 816 ex
3191 763 3277 828 iis,
3306 766 3404 834 qui
3431 771 3561 819 ante

1931 857 2311 923 peccaverunt
2336 858 2530 906 etnon
2554 859 2796 923 egerunt
2816 854 3209 923 pmnitentiam
3225 857 3293 911 de
3316 856 3391 910 im
3404 875 3563 912 mun-

1932 946 2102 1011 ditiis,
2145 962 2288 1016 quas
2318 947 2596 1013 fecerunt,
2630 952 2684 1000 et
2724 947 3193 1001 fornicationibus
3229 956 3285 1002 et
3314 950 3561 1004 libidini-

1928 1039 2051 1092 bus.
2084 1060 2111 1087 ››
2148 1040 2280 1094 Vide
2325 1041 2517 1106 etiam,
2552 1040 2809 1105 obsecro,
2840 1056 2952 1109 quo
2992 1041 3163 1094 modo
3192 1041 3315 1095 loco
3347 1043 3454 1096 hoc
3493 1045 3559 1097 ad

1931 1132 2300 1187 Sabinianum
2342 1134 2567 1203 lapsum
2612 1133 3014 1204 corrigendum
3054 1139 3247 1189 utatur
3285 1135 3559 1206 Hierony-

1930 1243 2056 1280 mus
2088 1229 2161 1293 (in
2193 1229 2387 1282 Veron.
2420 1228 2670 1289 editione,
2701 1227 2863 1297 epist.
2896 1244 3093 1295 cxcvn,
3122 1244 3179 1281 η.
3213 1234 3262 1295 l,
3293 1246 3349 1298 p.
3385 1231 3560 1297 l078).

1931 1321 2041 1374 Sed
2098 1320 2225 1391 quis
2271 1320 2631 1374 Bachiarium
2684 1320 2929 1387 omittat,
2980 1338 3093 1375 non
3146 1324 3314 1375 modo
3371 1323 3563 1377 locum

1931 1414 2084 1468 hunc
2129 1414 2494 1485 allegantem,
2542 1415 2636 1468 sed
2683 1430 2749 1467 ea
2791 1414 2912 1485 ipsa
2961 1415 3224 1468 versione
3283 1420 3559 1483 utentem,

1933 1525 2043 1577 qua
2075 1508 2250 1562 utitur
2290 1514 2483 1562 noster
2521 1508 2764 1561 auctor?
2803 1508 3195 1562 Libentissime
3235 1513 3425 1562 autem
3460 1511 3563 1563 Ba-

1931 1602 2209 1655 chiarium
2255 1602 2453 1666 excito,
2492 1601 2647 1672 quod
2692 1619 2754 1655 ex
2802 1602 2948 1655 illius
2982 1602 3211 1655 monitis
3256 1603 3563 1656 manifesto

1933 1699 2126 1749 noscet
2167 1696 2362 1763 lector,
2405 1695 2579 1748 alium
2625 1695 2804 1749 etiam
2850 1695 2907 1748 in
2954 1695 3150 1760 finem,
3197 1697 3349 1749 hunc
3392 1712 3563 1767 quem

196 1798 310 1862 tur;
349 1798 519 1865 atque
563 1793 621 1847 id
663 1792 898 1863 quidem
944 1808 1203 1846 cavemus
1245 1808 1364 1854 nos,
1410 1788 1509 1859 qui
1550 1788 1827 1843 daemonis
1851 1760 1903 1829 Β
1931 1793 2335 1858 pertractemus
2363 1788 2521 1841 Pauli
2547 1789 2757 1853 locum,
2779 1788 2970 1842 afferri
2999 1806 3182 1859 posse.
3214 1791 3355 1842 Ecce
3386 1806 3559 1859 porro

194 1888 425 1941 fraudes
475 1887 863 1955 versutiasque
911 1885 1087 1956 probe
1138 1885 1445 1939 noscimus.
1494 1882 1591 1935 Vix
1640 1881 1829 1934 differt

193 1982 261 2035 ab
297 1982 463 2035 allata
500 1979 970 2050 interpretatione
1000 1979 1252 2049 Vulgata,
1285 1993 1456 2048 quam
1486 1976 1676 2029 statim
1720 1975 1823 2027 ha-

193 2075 331 2128 beto
362 2091 373 2129 :
414 2094 439 2124 «
473 2073 573 2128 Cui
612 2075 804 2126 autem
848 2071 1064 2141 aliquid
1105 2071 1375 2137 donastis,
1415 2073 1470 2122 et
1506 2085 1654 2139 ego;
1690 2084 1824 2121 nam

196 2174 248 2221 et
281 2184 391 2238 ego
432 2167 583 2237 quod
616 2165 841 2231 donavi,
876 2164 919 2217 si
959 2164 1097 2235 quid
1126 2164 1355 2230 donavi,
1390 2169 1623 2233 propter
1648 2179 1742 2215 vos
1772 2162 1826 2214 in

196 2278 440 2331 persona
467 2259 694 2325 Christi,
734 2265 795 2312 ut
822 2275 938 2312 non
971 2257 1487 2311 circumveniamur
1523 2271 1554 2309 a
1585 2257 1826 2322 Satana;

196 2372 312 2409 non
352 2355 506 2408 enim
539 2353 876 2423 ignoramus
906 2350 1275 2421 cogitationes
1307 2350 1444 2420 ejus.
1480 2370 1506 2397 »

270 2449 426 2502 XLll.
478 2449 618 2501 Item
664 2446 774 2499 illic
825 2447 887 2513 (ll
936 2445 1080 2507 Cor.,
1129 2461 1225 2511 xu,
1264 2448 1331 2497 20
1380 2447 1438 2497 et
1481 2447 1564 2511 2t)
1606 2460 1619 2496 :
1659 2446 1831 2497 Timeo

198 2547 381 2596 autem
424 2557 488 2595 ne
523 2542 665 2606 forte
704 2555 823 2593 cum
862 2554 1053 2592 venero
1091 2538 1165 2591 ad
1203 2553 1312 2598 vos,
1354 2540 1550 2591 iterum
1592 2538 1833 2594 humiliet

197 2652 277 2690 me
307 2638 449 2689 Deus
491 2634 643 2703 apud
668 2648 779 2698 vos,
810 2638 861 2687 et
900 2633 1115 2699 lugeam
1156 2632 1348 2685 multos
1378 2646 1444 2684 ea:
1474 2631 1552 2684 his
1585 2632 1681 2698 qui
1711 2634 1833 2683 ante

192 2733 572 2800 peccaverunt,
608 2732 657 2780 et
702 2742 806 2780 non
849 2731 1073 2794 egerunt
1104 2727 1476 2793 penitentiam
1513 2739 1673 2793 super
1714 2737 1835 2791 qua

199 2828 484 2893 gesserunt
510 2822 928 2888 fornicationem
957 2824 1006 2873 et
1031 2818 1451 2887 impudicitiam.

270 2916 545 2985 Exemplo
585 2913 821 2985 apostoli
869 2912 1041 2978 Pauli,
1080 2911 1176 2982 qui
1215 2912 1360 2964 male
1404 2912 1473 2964 de
1506 2911 1573 2964 iis
1610 2911 1830 2964 omina-

198 3010 390 3075 batur,
415 3009 511 3079 qui
543 3024 654 3061 non
680 3010 914 3077 egerant
940 3004 1334 3076 paenitentiam
1362 3020 1533 3074 super
1560 3020 1687 3073 qua:
1716 3020 1835 3073 ges-

1927 1975 2061 2029 edit.
2108 1975 2381 2028 Francisci
2433 1975 2670 2044 Florii):

1928 1882 2047 1952 ipsa
2081 1881 2354 1935 Bachiarii
2382 1882 2550 1935 verba
2579 1882 2657 1951 (in
2687 1882 2830 1935 libro
2862 1883 2935 1935 ad
2957 1884 3305 1944 Junuarium,
3336 1898 3467 1951 pug.
3494 1884 3560 1936 54

2709 1996 2736 2024 ‹‹
2777 1976 2857 2028 Ne
2904 1992 3154 2045 spernas,
3195 1993 3406 2046 quaeso,
3452 1976 3562 2030 fra-

1928 2075 2073 2122 trem
2126 2068 2485 2134 defunctnm;
2537 2068 2684 2122 lilius
2734 2073 2818 2123 est
2867 2070 3178 2123 Sunamitis
3224 2070 3448 2135 sterilis,
3506 2069 3565 2123 id

1931 2169 2034 2227 est,
2080 2162 2338 2216 Ecclesiae
2372 2178 2384 2216 :
2415 2180 2478 2215 ex
2511 2162 2955 2232 repromissione
2994 2166 3161 2216 natus
3194 2172 3275 2215 est
3317 2162 3439 2227 iste,
3470 2163 3569 2232 qui

1932 2263 2193 2309 mortuus
2235 2260 2339 2309 est.
2373 2256 2672 2319 Quondam
2716 2258 2864 2309 enim
2910 2257 3263 2310 nativitatem
3310 2257 3431 2324 ejus
3475 2273 3565 2309 sc~

1932 2351 2114 2403 cundo
2141 2349 2386 2403 Abraha:
2419 2349 2711 2415 Dominus,
2742 2351 2798 2403 in
2831 2352 2980 2404 Isaac
3010 2350 3223 2403 semine
3262 2349 3570 2420 spopondit

1933 2448 2103 2513 atque
2150 2443 2431 2513 pollicitus
2475 2450 2579 2511 est,
2622 2444 2781 2513 cujus
2824 2448 2996 2513 caput
3038 2444 3096 2496 in
3154 2461 3336 2497 messe
3384 2444 3567 2497 calore

1932 2554 2261 2608 percussum
2293 2540 2397 2603 est,
2435 2537 2493 2591 id
2532 2542 2637 2603 est,
2670 2538 2976 2607 principale
3023 2540 3229 2590 mentis
3271 2539 3391 2608 ejus
3423 2538 3570 2591 inter

1932 2631 2117 2700 ipsam
2150 2630 2269 2700 spei
2302 2629 2550 2683 libidinis
2590 2630 2881 2684 ﬂammam
2920 2631 3221 2684 concaluit.
3261 2634 3465 2684 Currat
3496 2630 3571 2684 ad

1935 2724 2195 2777 Eliszeum
2247 2730 2427 2777 mater
2473 2723 2632 2793 ejus;
2680 2724 2735 2777 id
2783 2728 2869 2777 est
2913 2724 3148 2778 sollicite
3189 2725 3424 2794 plangat
3464 2724 3565 2777 Ec-

1934 2818 2119 2885 clesia,
2160 2825 2421 2889 resurget
2463 2818 2618 2872 enim
2657 2819 2700 2871 si
2734 2818 2978 2871 fideliter
3010 2817 3117 2871 hoc
3148 2818 3504 2887 Speravimus
3538 2833 3571 2869 a

1934 2912 2169 2965 Christo.
2208 2914 2272 2965 Et
2310 2919 2389 2980 tu,
2431 2912 2778 2981 beatissime,
2822 2911 2880 2964 in
2921 2910 3191 2965 defuncto
3222 2912 3397 2964 fratre
3429 2928 3571 2982 opus

1934 3005 2158 3059 imitare
2200 3006 2380 3059 Elisaei
2409 3021 2421 3057 :
2458 3023 2660 3059 manus
2692 3005 2977 3073 manibus,
3012 3006 3181 3075 pedes
3220 3004 3478 3075 pedibus,
3510 3021 3569 3058 os

201 3108 397 3157 serant
447 3101 883 3155 fornicationem
932 3104 987 3152 et
1030 3098 1473 3168 impudicitiam,
1525 3097 1909 3200 praedicensC
1937 3100 2019 3152 ori
2047 3117 2343 3170 compone.
2378 3100 2653 3165 Primum,
2693 3106 2753 3153 ut
2780 3100 3146 3169 compatiaris
3183 3100 3254 3167 ei,
3290 3100 3384 3169 qui
3417 3115 3567 3152 mor-

201 3213 265 3251 ex
314 3197 387 3250 iis
422 3196 542 3249 fore
584 3196 810 3259 multos,
860 3193 928 3247 de
964 3209 1206 3263 quorum
1247 3191 1567 3262 perditione
1608 3190 1716 3243 sibi
1748 3190 1831 3243 lu-

204 3290 465 3361 gendum
508 3292 673 3354 esset,
715 3287 1046 3358 Cyprianus,
1081 3302 1177 3338 seu
1220 3284 1476 3356 quisquis
1515 3284 1562 3337 is
1606 3289 1689 3338 est
1726 3285 1834 3337 hu-

195 3385 361 3455 jusce
406 3380 658 3453 opusculi
706 3384 918 3445 auctor,
968 3380 1115 3433 male
1164 3379 1232 3432 de
1276 3378 1344 3431 iis
1391 3377 1676 3431 ominatur
1714 3377 1833 3447 qui,

202 3477 438 3531 tametsi
470 3475 845 3546 plurimorum
878 3473 1177 3527 criminum
1206 3471 1307 3537 rei,
1341 3475 1529 3524 tamen
1561 3470 1681 3523 sine
1717 3486 1834 3539 poe-

200 3569 450 3624 nitentia
475 3568 758 3622 introduci
798 3567 1055 3621 volebant
1094 3566 1148 3618 in
1183 3564 1504 3619 Ecclesiam.
1551 3564 1835 3617 Paeniten-

201 3665 345 3719 tiam
390 3663 586 3734 itaque
627 3662 695 3714 ab
744 3660 1051 3731 impudicis
1101 3665 1156 3713 et
1199 3658 1523 3712 criminosis
1567 3658 1834 3727 exposcit,

202 3764 264 3812 ut
314 3756 754 3811 ecclesiasticam
805 3754 1273 3809 communionem
1318 3755 1375 3805 et
1419 3751 1647 3804 veniam
1688 3767 1835 3804 asse-

200 3853 544 3922 querentur.
604 3850 878 3903 Adversus
940 3847 1283 3901 Novatianos
1344 3861 1567 3916 quoque
1630 3844 1837 3898 merito

200 3947 367 4001 locus
405 3945 508 3999 iste
549 3950 802 4014 urgetur,
845 3948 1128 4013 quatenus
1168 3939 1561 4011 pamitentiam
1601 3956 1717 3993 non
1751 3956 1838 3992 ex-

200 4040 475 4111 quisisset
536 4056 569 4091 a
637 4036 955 4091 criminosis
1021 4035 1262 4101 Paulus,
1318 4034 1363 4087 si
1427 4032 1840 4087 irremissibilia

200 4136 400 4189 forent
438 4148 639 4187 eorum
671 4131 902 4185 scelera.
931 4134 1013 4185 An
1043 4129 1187 4183 levia
1216 4144 1286 4182 ea
1312 4132 1477 4181 erant
1504 4144 1629 4199 quin
1656 4129 1835 4194 forni-

201 4230 436 4284 cationis
475 4229 532 4280 et
573 4226 929 4295 impudicitia:
960 4223 1245 4278 vocabulis
1285 4221 1377 4276 hic
1414 4225 1572 4275 notat
1614 4224 1836 4291 aposto-

202 4323 294 4376 lus
353 4320 606 4375 Paulus?
656 4320 778 4372 Non
828 4319 1041 4373 omittit
1091 4315 1479 4372 testimonium
1528 4315 1636 4369 hoc
1686 4313 1841 4368 Pauli

203 4420 438 4469 sanctus
480 4413 753 4469 Paciauus
795 4413 1059 4466 adversus
1102 4412 1444 4465 Novatzanos
1488 4408 1782 4478 disputans
1823 4424 1834 4461 :

201 4509 285 4563 sic
317 4508 472 4562 enim
512 4523 605 4562 eos
642 4507 853 4562 refutat
884 4506 1067 4576 (epist.
1104 4509 1153 4573 l,
1197 4520 1329 4576 pag.
1366 4504 1453 4573 5'2)

201 4619 341 4674 qua:
404 4601 645 4672 Spiritus
712 4600 861 4656 dicat
929 4599 1197 4655 ecclesiis.
1260 4598 1529 4669 Ephesios
1596 4598 1837 4651 deserta:

205 4695 532 4751 dilectionis
575 4698 823 4763 accusat,
866 4700 1127 4765 stuprum
1170 4692 1526 4763 Thyatirenis
1572 4692 1836 4763 imputat,

203 4789 417 4845 Sardos
464 4789 525 4843 in
578 4806 749 4859 opere
798 4792 1097 4856 cessantes,
1147 4789 1523 4857 Pergamenos
1575 4786 1840 4839 docentes

203 4885 438 4938 diversa
465 4882 852 4954 reprehendit,
890 4881 1341 4937 Laodicenorum
1381 4880 1601 4934 divitias
1642 4878 1839 4946 inurit,

204 4980 267 5032 et
295 4981 490 5031 tamen
518 4974 711 5048 864
738 4992 936 5031 omnes
961 4976 1030 5030 ad
1052 4975 1443 5046 paenitentiam
1463 4973 1841 5028 satisfactione

201 5072 435 5127 invitat.
473 5071 617 5134 Quid
655 5070 954 5141 Apostolus
984 5068 1057 5123 ad
1088 5068 1427 5136 Corinthios,
1467 5084 1595 5122 cum
1636 5068 1715 5121 ita
1758 5067 1839 5121 di-

203 5168 288 5221 cit
323 5184 339 5221 :
376 5185 405 5213 «
444 5166 523 5218 Ne
562 5180 691 5219 cum
727 5180 959 5233 venero,
992 5165 1226 5235 lugeam
1260 5162 1465 5216 multos
1496 5179 1564 5217 ex
1602 5163 1712 5229 his,
1747 5162 1844 5232 qui

201 5266 348 5316 ante
370 5262 762 5331 peccaverunt,
782 5265 838 5315 et
858 5276 971 5313 non
994 5263 1237 5329 egerunt
1258 5258 1653 5328 paenitentiam
1672 5273 1739 5310 ex
1758 5256 1845 5309 his

200 5371 345 5427 quae
376 5357 510 5409 ante
550 5357 848 5424 gesserunt
874 5354 934 5408 in
964 5353 1341 5408 fornicatione
1379 5356 1435 5407 et
1467 5350 1845 5406 immunditiis

202 5450 433 5505 suis?»
478 5450 778 5503 Praeiverat
827 5449 1131 5504 Pacianum
1170 5448 1483 5519 Cyprianus
1525 5445 1709 5517 (epist.
1756 5448 1842 5511 52,

202 5560 351 5619 pag.
379 5544 549 5615 157)),
581 5544 699 5599 haec
725 5544 942 5615 scriptis
974 5544 1203 5599 tradens
1235 5560 1247 5598 :
1281 5564 1307 5591 «
1339 5543 1520 5598 Omne
1547 5546 1844 5614 peccatum

206 5640 622 5715 quodcumque
666 5639 865 5697 fecerit
900 5640 1093 5711 homo,
1135 5642 1296 5696 extra
1339 5655 1544 5711 corpus
1589 5642 1673 5694 est
1705 5655 1718 5694 :
1750 5636 1847 5707 qui

1492 4520 1505 4557 :
1539 4525 1567 4553 ‹‹
1597 4503 1841 4558 Revolve
1860 4498 1920 4571 D

1938 3194 2240 3263 tuusjacet
2269 3212 2282 3247 :
2317 3211 2497 3264 neque
2527 3194 2706 3247 elatus
2738 3192 3080 3263 integritatis
3113 3199 3224 3247 tuae
3254 3192 3570 3263 triumpho,

1937 3304 2400 3358 superexcrescas
2429 3304 2584 3353 eum,
2616 3290 2714 3341 aut
2740 3286 3184 3358 superextendas
3212 3301 3264 3339 te
3296 3286 3365 3353 ei,
3397 3302 3568 3356 quem

1938 3381 2238 3451 repentina
2264 3398 2419 3436 mors
2452 3382 2679 3452 rapuit;
2715 3381 2808 3435 sed
2843 3381 3065 3434 imitare
3094 3382 3444 3451 Apostolum,
3475 3378 3573 3451 qui

1937 3475 2104 3529 dicit:
2137 3475 2405 3543 «Timeo,
2437 3492 2508 3529 ne
2536 3475 2801 3529 humiliet
2822 3492 2913 3529 me
2945 3474 3215 3528 Dominus
3249 3476 3389 3527 lteus
3412 3490 3574 3528 meus

1938 3568 2089 3639 apud
2123 3585 2216 3622 vos
2239 3575 2293 3622 et
2319 3569 2545 3639 lugeam
2577 3570 2786 3623 multos
2812 3585 2877 3623 ex
2900 3570 3001 3634 eis,
3029 3568 3127 3638 qui
3152 3575 3283 3621 ante
3313 3584 3575 3638 peccave-

1938 3666 2091 3716 runt.
2124 3684 2151 3710 η
2184 3667 2421 3733 Appone
2464 3667 2739 3733 praeterea
2783 3663 2978 3716 oculos
3016 3668 3141 3716 tuos
3170 3662 3345 3715 oculis
3378 3662 3573 3732 ipsius,

1937 3772 2009 3811 ne
2042 3756 2097 3809 in
2134 3756 2517 3826 perditionem
2548 3756 2631 3810 sui
2662 3756 2894 3810 ulterius
2923 3760 3241 3825 evagentur
3267 3777 3275 3807 :
3310 3772 3370 3808 os
3400 3755 3572 3819 illius,

1940 3867 2008 3905 ne
2036 3849 2432 3904 confabuletur
2458 3850 2689 3921 iniqua;
2722 3866 2923 3902 manus
2955 3849 3126 3915 illius,
3165 3866 3234 3902 nc
3265 3854 3577 3918 operentur

1938 3943 2201 4009 adversa;
2248 3943 2422 4014 pedes
2464 3943 2631 4009 illius,
2677 3959 2749 3996 ne
2787 3946 3069 4011 vagentur
3106 3940 3162 3995 in
3201 3941 3480 4015 turpibus.
3512 3944 3578 3996 Et

1941 4037 2018 4091 sic
2062 4053 2192 4090 cum
2235 4054 2336 4106 pro
2381 4037 2638 4090 custodia
2684 4036 2769 4089 sui
2813 4035 3087 4089 membris
3128 4035 3276 4089 illius
3317 4035 3577 4090 membra

1941 4136 2040 4186 tua
2069 4130 2282 4185 fuerint
2317 4130 2599 4201 copulata,
2644 4147 2757 4185 non
2798 4130 2987 4184 solum
3026 4129 3299 4200 peccandi
3341 4129 3577 4184 ulterius

1942 4224 2188 4296 spatium
2237 4241 2355 4279 non
2400 4224 2665 4292 habebit,
2714 4241 2912 4280 verum
2960 4224 3131 4279 etiam
3186 4241 3343 4296 spem
3394 4225 3579 4296 capiet

1941 4319 2300 4389 resurgendi,
2328 4324 2393 4374 ut
2420 4318 2517 4390 qui
2544 4319 2757 4390 peccati
2787 4319 3007 4391 frigore
3035 4324 3293 4373 mortuus
3320 4322 3422 4387 est,
3451 4336 3578 4374 con-

1943 4413 2231 4467 solationis
2260 4416 2517 4484 tempore
2547 4417 2845 4468 revocetur
2871 4412 2940 4467 ad
2964 4412 3160 4466 vitam.
3192 4436 3219 4463 »

2015 4509 2073 4561 ln
2100 4507 2338 4577 Vulgata
2375 4506 2623 4577 reperies
2649 4507 2819 4561 verba
2849 4507 2970 4559 hmc
3012 4508 3278 4560 translata
3315 4507 3385 4561 ad
3425 4507 3580 4561 hunc

1940 4601 2173 4656 modum
2207 4618 2218 4654 :
2251 4623 2277 4649 ‹‹
2310 4601 2506 4655 Timeo
2546 4601 2721 4666 enim,
2755 4617 2826 4653 ne
2856 4600 3004 4654 forte
3035 4617 3163 4655 cum
3199 4616 3473 4655 venero...
3507 4618 3578 4655 ne

1940 4695 2147 4749 iterum
2175 4711 2302 4748 cum
2333 4711 2568 4761 venero,
2598 4693 2864 4748 humiliet
2887 4710 2979 4747 me
3008 4695 3171 4760 Deus,
3196 4693 3349 4764 apud
3373 4711 3491 4761 vos,
3524 4698 3579 4748 et

1940 4790 2169 4859 lugeam
2199 4790 2407 4842 multos
2448 4805 2519 4842 ex
2550 4788 2636 4855 iis,
2670 4788 2767 4859 qui
2796 4794 2924 4842 ante
2955 4793 3351 4859 peccaverunt,
3381 4792 3437 4841 et
3465 4806 3581 4843 non

1942 4890 2185 4954 egerunt
2214 4882 2610 4953 paenitentiam
2638 4898 2810 4953 super
2844 4882 3207 4937 immunditia
3252 4885 3309 4935 et
3344 4882 3584 4938 fornica«

1942 4976 2119 5045 tione,
2151 4981 2207 5031 et
2236 4976 2614 5047 impudicitia,
2647 4993 2823 5049 quam
2855 4980 3118 5048 egerunt.
3156 4998 3183 5025 ››

2011 5073 2192 5126 XLIII.
2232 5073 2370 5126 ltem
2401 5071 2514 5125 illic
2543 5072 2613 5142 (ιι
2643 5072 2787 5134 σωκ,
2815 5089 2930 5139 xui,
2961 5072 3012 5139 2)
3046 5088 3057 5125 :
3096 5071 3336 5125 Praedicci
3365 5076 3413 5126 et
3430 5087 3579 5140 pra:-

1943 5166 2081 5231 dico,
2115 5173 2175 5219 ut
2208 5182 2444 5237 presens
2483 5166 2634 5221 sedeo
2681 5168 2729 5220 ei
2758 5167 2988 5229 absenti,
3028 5182 3167 5219 nunc
3205 5166 3287 5220 his
3327 5168 3423 5236 qui
3460 5171 3585 5220 ante

1939 5266 2316 5332 peccaverunt,
2348 5259 2540 5333 865
2571 5266 2619 5315 et
2648 5263 2848 5315 caete-ris
2873 5260 3134 5322 omnibus,
3164 5263 3295 5330 quia
3322 5263 3369 5315 si
3394 5277 3584 5316 venero

1944 5358 2141 5409 iterum
2169 5372 2275 5410 non
2300 5372 2549 5424 parcam.

2018 5449 2373 5504 Poenitentiae
2410 5448 2793 5519 subjiciendos
2833 5448 3171 5503 criminosos
3214 5450 3317 5503 hoc
3355 5449 3412 5503 in
3460 5450 3583 5504 loco

1949 5543 2111 5599 docet
2140 5543 2441 5614 Apostolus
2475 5559 2485 5596 :
2526 5542 2762 5597 minime
2803 5542 3017 5613 quippe
3064 5559 3122 5597 se
3168 5542 3449 5615 impunita
3494 5560 3582 5596 re-

1946 5640 2208 5711 linquere
2240 5654 2397 5711 posse
2428 5637 2505 5693 ait
2533 5636 2727 5708 gravia
2760 5636 3023 5707 crimina,
3052 5636 3110 5692 in
3155 5652 3283 5712 quae
3325 5635 3586 5693 nonnulli

280 5838 384 5908 (37)
430 5837 601 5907 Epist.
664 5838 712 5901 3,
767 5852 889 5907 pag.
948 5842 1027 5909 65,
1077 5844 1206 5893 tom.
1270 5841 1363 5908 IIl,
1414 5841 1675 5895 Biblioth.
1726 5842 1869 5894 Patr.
1922 5839 2096 5895 Paris.
