4032 6180
533 254 635 315 899

533 389 866 445 inciderant.
909 386 1103 457 Neque
1146 402 1287 457 ergo
1328 385 1598 458 praecludi
1641 384 1685 438 is
1727 386 1847 439 vult
1888 386 2162 457 pmuiten-

532 484 679 537 tibus
719 480 901 536 veniae
932 481 1120 535 locum
1160 479 1319 549 (Vide
1357 479 1565 533 testim.
1602 479 1712 548 3t),
1755 496 1943 550 neque
1984 479 2166 534 inulta

530 576 664 629 sinit
717 591 837 629 esse
886 579 946 629 et
993 573 1117 628 sine
1162 573 1496 644 poenitentia
1548 572 1737 643 gravia
1788 572 2052 629 crimina.
2108 573 2164 627 Id

532 690 756 745 quoque
796 690 911 727 non
954 673 1128 728 modo
1169 671 1488 742 Cyprianus
1519 671 1677 740 (Vide
1711 689 1842 742 quae
1874 671 2165 725 docuimus

534 785 591 822 n.
624 770 676 833 8,
720 770 751 821 9
797 771 854 821 et
891 766 1258 837 sequentibus
1289 764 1488 837 capitis
1528 763 1603 833 1),
1637 782 1830 820 verum
1866 766 2036 818 etiam
2070 768 2165 819 Pa-

534 863 727 915 ciunus
761 862 1021 929 (Consule
1056 860 1224 913 verba
1260 858 1483 913 Paciani
1527 859 1595 912 ad
1642 859 2032 913 testimonium
2075 858 2161 927 3t)

534 970 894 1025 summopere
926 955 1181 1025 optabat.
1223 955 1569 1007 Potestatcm
1620 952 1788 1007 etiam
1829 952 2161 1007 ecclesiasti-

532 1066 730 1104 corum
777 1047 1087 1117 praesidum
1129 1048 1186 1100 in
1228 1046 1467 1101 crimina
1501 1046 1714 1116 quaevis
1743 1052 1799 1099 et
1828 1046 2165 1101 criminosus

530 1141 792 1195 indicant
833 1141 953 1194 htec
992 1140 1186 1207 verba,
1216 1140 1535 1209 praesertim
1565 1138 1611 1191 si
1645 1156 1759 1193 non
1791 1139 2165 1210 sejungantur

531 1256 561 1288 τι
594 1234 777 1287 verbis
816 1252 873 1288 n.
912 1236 976 1288 31
1012 1233 1298 1303 expensis,
1332 1238 1610 1303 quatenus
1640 1233 1889 1287 iudicant
1931 1234 2163 1303 plenum

532 1344 941 1397 summumque
974 1327 1253 1396 judicium
1282 1369 1294 1393 ,
1346 1327 1492 1396 quod
1547 1328 1818 1380 adversus
1857 1328 2051 1381 ﬁdeles
2106 1327 2162 1381 in

532 1422 775 1475 crimina
802 1421 983 1491 lapsos
1006 1436 1064 1474 se
1094 1436 1357 1473 exercere
1389 1436 1546 1490 posse
1577 1424 1815 1474 testatur
1840 1422 2159 1491 Apostolus.

529 1518 614 1568 An
646 1530 780 1567 vero
814 1513 861 1567 si
901 1514 1162 1584 quaedam
1191 1520 1426 1583 peccata
1462 1513 1828 1584 inexpiabilia
1869 1518 2074 1581 essent,
2104 1515 2162 1568 in

522 1607 743 1677 judicio
770 1607 1040 1661 adversus
1063 1607 1398 1661 criminosus
1428 1609 1540 1662 lato
1571 1608 1762 1662 sedere
1789 1608 1835 1661 is
1864 1609 2159 1679 potuisset,

1228 252 1316 312 AD
1351 254 1572 312 ()PERA
1628 255 1682 309 S.
1736 256 2052 311 CYPRIANI
2088 256 2391 314 GENUINA
2450 259 2734 317 APPEND.
2792 258 2834 315 ῐ.
2876 292 2944 301 -
2974 258 3197 317 DUBIA.
3742 266 3830 327 900

2266 387 2360 455 do,
2400 391 2571 458 atque
2621 388 2813 461 866
2853 389 2992 444 adeo
3036 390 3093 443 in
3141 390 3381 445 Ecclesia
3418 409 3531 446 esse
3571 400 3795 466 oporteat
3827 426 3835 453 :

2271 503 2299 530 ‹‹
2335 482 2606 545 Quaedam
2635 500 2759 536 vasa
2787 484 2847 537 in
2885 484 3187 552 honorem,
3220 484 3476 555 quaedam
3502 485 3556 541 iu
3581 495 3835 549 contume-

2266 574 2400 629 liam
2445 592 2458 628 :
2494 596 2521 627 »
2567 576 2779 645 (rursus
2806 577 2930 632 vide
2966 578 3021 631 S.
3055 578 3385 647 Pacianum,
3415 580 3571 649 epist.
3599 584 3647 651 3)
3672 600 3839 639 caven-

2265 669 2400 722 dum
2434 673 2518 724 est
2544 674 2735 725 tamen
2776 687 3162 741 summopere,
3200 688 3273 725 ne
3305 671 3374 725 ab
3401 688 3590 728 eorum
3613 680 3843 749 exemplis

2267 765 2325 815 et
2351 762 2573 817 blandis
2604 763 2936 835 callidisque
2966 765 3331 820 sermonibus
3358 766 3416 820 in
3440 783 3671 823 errorem
3695 770 3841 826 dedu-

2265 872 2479 912 camur.
2536 858 2773 912 Pulchre
2821 858 3135 929 Cyprianus
3177 859 3363 930 (epist.
3410 864 3495 927 55,
3543 878 3665 932 pag.
3704 867 3839 933 liti):

2268 969 2295 1000 ‹‹
2328 951 2482 1005 Nunc
2518 955 2577 1005 et
2614 952 2892 1006 admoneo
2928 956 2986 1006 et
3013 958 3166 1022 peto,
3199 957 3262 1006 ut
3305 954 3453 1025 quod
3491 954 3620 1009 alias
3656 964 3843 1027 sponte,

2265 1047 2435 1114 atque
2464 1044 2775 1099 honoriﬁce
2803 1045 2961 1114 facis,
2991 1046 3164 1100 etiam
3208 1050 3437 1117 petente
3470 1064 3554 1102 me
3578 1050 3751 1119 facias,
3778 1060 3844 1119 ut,

2264 1137 2369 1191 hac
2408 1139 2653 1208 Epistola
2698 1156 2827 1194 mea
2884 1141 3053 1207 lecta,
3103 1141 3149 1193 si
3201 1141 3351 1211 quod
3408 1142 3519 1196 illic
3563 1147 3845 1215 contagium

2265 1231 2533 1285 venenati
2568 1234 2843 1288 sermonis
2879 1237 2939 1288 et
2974 1233 3254 1304 pestiferae
3289 1237 3662 1291 seminationis
3695 1238 3845 1309 irrep-

2266 1330 2430 1392 serat,
2476 1326 2530 1379 id
2574 1343 2745 1381 omne
2794 1327 2866 1381 de
2906 1329 3147 1382 fratrum
3196 1329 3430 1383 auribus
3473 1336 3527 1383 et
3569 1333 3848 1401 pectoribus

2264 1426 2521 1483 exuatur,
2571 1424 2629 1474 et
2678 1421 2961 1475 bonorum
3012 1422 3234 1493 integra
3289 1438 3353 1477 ac
3406 1424 3615 1478 sincera
3660 1426 3843 1480 dilectio

2264 1512 2333 1565 ab
2367 1513 2627 1567 omnibus
2657 1514 2936 1568 hmreticaz
2963 1515 3385 1571 detrectationis
3411 1517 3662 1571 sordibus
3684 1535 3846 1588 repur—

2271 1610 2457 1676 getur.
2501 1607 2794 1661 Declinent
2831 1612 3026 1662 autem
3064 1609 3135 1663 de
3172 1613 3381 1664 caetero
3423 1610 3654 1677 fortiter,
3682 1617 3731 1665 ct
3756 1614 3844 1665 evi-

526 1672 585 1755 ἐι
622 1701 966 1756 sententiam
1004 1702 1198 1754 ferre?
1243 1701 1360 1754 haec
1399 1702 1632 1770 scilicet,
1666 1672 1879 1772 utpote-
1920 1672 2245 1757 irremiséB
2275 1672 2397 1753 teut
2443 1700 2794 1754 dilectissimi
2840 1702 3043 1757 fratres
3086 1703 3257 1757 nostri
3302 1704 3476 1757 verba
3521 1710 3574 1758 et
3614 1672 3849 1775 colloquia

528 1794 729 1860 sibilia,
770 1794 985 1863 judicio
1032 1794 1184 1849 illius
1240 1812 1302 1848 ac
1351 1796 1653 1849 sententia:
1701 1796 1939 1850 minime
1984 1796 2171 1851 subes-

531 1892 680 1942 sent.
713 1887 851 1951 Quis
875 1905 1044 1957 porro
1077 1888 1308 1958 ignorat
1335 1888 1389 1942 in
1423 1894 1723 1959 potestate,
1754 1906 1926 1960 quam
1954 1892 2171 1945 ordina-

532 1985 674 2036 rium
711 1981 1024 2052 appellant,
1055 1982 1360 2035 succedere
1391 1983 1672 2053 Apostolis
1702 1984 1991 2056 episcopos
2011 1986 2037 2038 ?
2067 1987 2166 2039 Po-

535 2080 801 2130 testatcm
847 2076 1039 2146 itaque
1090 2076 1148 2129 hi
1202 2075 1499 2130 habebunt
1545 2077 1602 2130 in
1650 2078 1863 2148 qumvis
1907 2079 2166 2147 crimina,

529 2169 779 2240 ideoque
820 2169 971 2222 nulla
1008 2174 1179 2223 erunt
1216 2170 1644 2237 irremissibilia,
1679 2172 1967 2242 quidquid
2012 2189 2168 2226 secus

529 2263 818 2317 ell‘utirent
862 2263 1176 2317 Novatiaui.
1220 2265 1279 2318 In
1321 2263 1558 2334 Vulgata
1601 2265 1679 2317 sic
1724 2265 2065 2318 describitur
2092 2266 2168 2319 lo-

530 2373 714 2428 quens
763 2357 1002 2410 Paulus:
1038 2377 1063 2404 ‹‹
1106 2356 1347 2410 Praedixi
1391 2362 1445 2411 et
1492 2358 1764 2429 praedico,
1813 2364 1871 2411 ut
1916 2375 2163 2429 praesens

532 2456 589 2505 et
627 2467 780 2505 nunc
826 2450 1047 2517 absens,
1094 2451 1159 2503 iis
1193 2450 1289 2521 qui
1332 2457 1463 2505 ante
1509 2456 1882 2523 peccaverunt
1912 2458 1967 2506 et
2006 2459 2167 2509 caele-

533 2544 613 2598 ris
644 2544 930 2611 omnibus,
972 2544 1241 2614 quoniam
1283 2545 1328 2598 si
1371 2561 1580 2599 venero
1621 2547 1850 2613 iterum,
1893 2564 2004 2601 non
2046 2562 2166 2618 par-

544 2654 692 2692 cam.
722 2659 748 2688 ›)

599 2732 771 2786 XLIV.
814 2734 952 2787 Item
998 2732 1067 2786 ad
1104 2732 1471 2788 Timotheum
1511 2734 1762 2787 secunda
1793 2734 1861 2805 (ll
1909 2736 2160 2798 Timoth..

537 2841 594 2894 ιι,
631 2829 715 2896 16)
740 2843 752 2880 :
773 2828 1047 2893 Profanas
1073 2833 1250 2881 autem
1279 2831 1543 2882 novitates
1564 2844 1749 2882 vocum
1775 2830 1952 2882 devita
1986 2847 1998 2883 :
2029 2832 2166 2883 mul-

531 2926 645 2975 tum
676 2922 816 2974 enim
843 2923 1135 2990 proﬁciunt
1180 2922 1252 2974 ad
1291 2924 1661 2991 impietatem:
1698 2939 1824 2976 nam
1866 2938 2034 2977 sermo
2079 2940 2165 2978 co-

527 3030 648 3069 rum
683 3017 820 3068 sicut
862 3030 1052 3069 cancer
1078 3018 1265 3084 serpit,
1297 3033 1363 3069 ea:
1400 3016 1597 3085 quibus
1633 3022 1711 3070 est
1753 3020 2067 3085 Hymenaeus
2106 3024 2157 3071 et

528 3109 792 3170 Philetas,
824 3112 919 3177 qui
941 3125 975 3161 α
1003 3112 1234 3163 veritate
1261 3110 1601 3171 ceciderunt,
1634 3111 1867 3165 dicentes
1895 3126 2156 3166 resurrec-

528 3205 720 3257 tionem
737 3204 859 3270 jam
883 3205 1094 3270 factam
1122 3208 1172 3256 et
1198 3204 1558 3272 quorumdam
1581 3205 1740 3272 ﬁdem
1759 3205 2154 3260 subuerterant.

528 3296 636 3351 Sed
662 3300 879 3365 ﬁrmum
920 3297 1343 3363 fundamentum
1378 3299 1476 3350 Dei
1518 3303 1627 3351 stat
1662 3298 1863 3351 habens
1902 3301 2157 3367 signacu-

530 3390 637 3443 lum
668 3391 778 3443 hoc.
813 3388 1072 3459 Cognovit
1101 3392 1238 3444 Deus
1267 3392 1365 3460 qui
1392 3396 1521 3444 sunt
1550 3391 1682 3459 ejus,
1725 3398 1772 3445 et
1812 3392 2054 3446 discedat
2095 3395 2159 3447 ab

529 3485 674 3537 omni
699 3485 992 3552 iniquitate
1024 3486 1197 3537 omnis
1226 3486 1321 3553 qui
1345 3486 1591 3539 nominat
1618 3501 1805 3539 nomen
1834 3488 2064 3541 Domini.
2094 3490 2158 3541 In
2190 3542 2195 3545 .

526 3593 731 3646 magna
775 3584 957 3632 autem
996 3579 1150 3631 domo
1194 3593 1299 3631 non
1345 3578 1517 3632 solum
1554 3586 1681 3633 sunt
1722 3595 1857 3633 rasa
1902 3597 2069 3634 aurea
2110 3588 2161 3635 et

524 3677 805 3739 argentea,
835 3672 928 3726 sed
953 3676 1002 3725 et
1032 3673 1232 3738 lignea,
1264 3677 1313 3727 et
1341 3668 1553 3741 ﬁctilia,
1586 3678 1637 3727 et
1670 3675 1918 3743 quaedam
1945 3676 2159 3744 quidem

528 3766 588 3818 in
628 3764 896 3832 honorem,
937 3765 1185 3834 quaedam
1216 3773 1399 3821 autem
1427 3769 1487 3821 in
1521 3769 1916 3823 contumeliam.
1954 3771 2015 3825 Si
2041 3772 2160 3838 quis

525 3873 648 3927 ergo
675 3860 1041 3915 emendaverit
1061 3876 1114 3914 se
1141 3861 1207 3913 ab
1235 3863 1377 3923 istis,
1406 3864 1508 3915 erit
1528 3878 1623 3916 vas
1649 3864 1706 3915 in
1734 3863 1985 3916 honorem
2010 3880 2158 3917 sanc-

523 3955 786 4021 tiﬁcatum
822 3959 872 4007 et
911 3955 1046 4008 utile
1078 3957 1300 4010 Domino
1331 3956 1406 4009 ad
1434 3972 1585 4009 omne
1616 3957 1807 4011 bonum
1838 3972 1969 4026 opus
1996 3973 2159 4027 para-

527 4052 662 4103 tum.
708 4049 981 4103 Juvenilia
1031 4054 1209 4102 autem
1261 4049 1532 4103 desideria
1577 4052 1728 4118 fuge.
1781 4053 1993 4106 Sectare
2036 4067 2158 4107 vero

514 4142 820 4210 justitiam,
872 4142 1052 4210 fidem,
1106 4144 1449 4205 charitatem,
1497 4159 1685 4212 pacem
1733 4159 1852 4197 cum
1904 4146 2004 4205 his.
2062 4147 2158 4214 qui

523 4239 778 4290 invocant
822 4237 1101 4290 Dominum
1142 4236 1207 4290 de
1240 4236 1395 4291 corde
1431 4251 1591 4305 puro.
1635 4237 1848 4292 Stultus
1887 4245 2069 4293 autem
2106 4245 2157 4294 et

527 4331 644 4383 sine
687 4329 983 4399 disciplina
1013 4331 1329 4398 quaestiones
1372 4330 1574 4397 devita,
1615 4332 1784 4386 sciens
1824 4335 1954 4401 quia
1996 4349 2153 4401 gene-

524 4428 655 4478 rant
702 4423 842 4478 lites.
892 4424 1117 4479 Servum
1155 4429 1335 4479 autem
1380 4426 1599 4479 Domini
1639 4441 1748 4480 non
1794 4432 2001 4496 oportet
2049 4428 2157 4481 liti-

2271 1809 2490 1861 eorum,
2525 1810 2765 1863 quorum
2800 1811 2987 1850 sermo
3030 1800 3091 1850 ut
3118 1812 3320 1851 cancer
3349 1798 3541 1867 serpit,
3576 1797 3710 1851 sicut
3733 1803 3846 1869 Apo-

2270 1887 2421 1940 tolus
2470 1887 2654 1941 dicit:
2694 1888 3067 1958 Corrumpunt
3114 1892 3341 1960 ingenia
3390 1892 3529 1945 bona
3577 1893 3850 1958 confabule-

2270 1983 2434 2035 tiones
2458 1983 2716 2050 pessimae.
2747 2004 2775 2031 ›)

2338 2075 2415 2127 Ita
2460 2091 2627 2144 porro
2664 2092 2792 2129 cum
2829 2076 3031 2131 iisdem
3078 2077 3459 2133 schismaticis
3497 2095 3659 2151 agere
3697 2079 3851 2133 ﬁdeles

2271 2167 2543 2237 prmeip't,
2576 2175 2634 2223 ut
2663 2186 2757 2223 eos
2792 2170 3039 2240 primum
3076 2172 3306 2242 quidem
3339 2172 3630 2244 exemplis,
3662 2179 3766 2227 tum
3790 2173 3849 2225 le-

2268 2261 2447 2316 nitate
2485 2278 2549 2314 ac
2591 2264 2977 2319 moderatione
3017 2265 3334 2320 mitefactos
3371 2267 3440 2320 ad
3476 2267 3754 2320 Ecclesiam
3782 2267 3853 2320 de-

2272 2354 2500 2421 ducant,
2532 2356 2870 2427 effugientes
2898 2375 3126 2428 prorsus
3156 2361 3572 2428 contentiones,
3596 2361 3851 2413 verborum

2268 2450 2632 2519 asperitatem
2663 2467 2727 2503 ac
2757 2451 2956 2505 minas.
2989 2474 3014 2501 ‹‹
3040 2455 3272 2508 Servum
3301 2457 3501 2508 autem
3532 2454 3741 2508 Domini
3764 2471 3851 2507 non

2267 2549 2489 2612 oportet
2538 2544 2783 2614 litigare,
2838 2545 2932 2598 sed
2972 2549 3340 2600 mansuetum
3393 2564 3534 2601 esse.
3582 2569 3608 2597 ››
3658 2547 3854 2616 Vulgata

2269 2636 2665 2707 interpretatio
2706 2638 2794 2691 hic
2840 2655 2988 2709 pene
3034 2641 3389 2711 proponitur,
3429 2658 3499 2694 an
3535 2641 3855 2695 amanuensis

2267 2730 2522 2797 licentia,
2555 2746 2624 2784 an
2668 2748 2798 2785 casu
2841 2733 3047 2802 aliquo,
3082 2734 3177 2786 alii
3222 2735 3502 2803 viderint;
3546 2734 3672 2805 quia
3701 2738 3852 2788 tamen

2266 2823 2321 2875 in
2374 2824 2653 2893 prioribus
2698 2825 2919 2879 duobus
2968 2827 3256 2881 versiculis
3305 2829 3550 2899 Vulgata
3598 2844 3701 2882 non
3746 2828 3856 2881 nihil

2266 2916 2454 2970 diﬁ‘ert
2500 2919 2571 2971 ab
2609 2935 2697 2986 ea,
2735 2935 2903 2991 quam
2937 2922 3166 2975 exhibet
3206 2921 3445 2992 hujusce
3487 2923 3726 2993 opusculi
3760 2937 3856 2974 auc-

2268 3016 2376 3076 tor,
2420 3011 2561 3065 duos
2598 3013 2766 3066 hosce
2814 3002 3120 3069 versiculos
3163 3016 3419 3086 Vulgatze
3464 3016 3556 3070 hic
3595 3015 3853 3070 describo:

2265 3127 2291 3153 ‹‹
2321 3106 2557 3160 Profana
2582 3110 2768 3161 autem
2795 3113 2851 3161 et
2872 3109 3194 3179 vaniloquia
3216 3109 3405 3164 devita
3433 3128 3446 3164 :
3471 3111 3708 3165 multum
3733 3109 3852 3162 enim

2262 3200 2570 3268 proliciunt
2597 3201 2666 3255 ad
2695 3200 3063 3272 impietatem,
3089 3206 3145 3257 et
3166 3219 3352 3258 sermo
3384 3220 3590 3259 eorum
3616 3208 3855 3258 utcaucer

2262 3294 2457 3363 serpit.
2490 3313 2516 3345 »

2331 3389 2477 3442 XLV.
2528 3390 2668 3442 Item
2704 3390 2760 3442 in
2806 3392 3136 3462 Apocalypsi
3183 3392 3262 3462 (ιι,
3310 3394 3362 3462 5)
3401 3415 3411 3445 :
3451 3395 3703 3449 Memento
3740 3388 3855 3445 unde

2260 3482 2524 3544 cecideris,
2573 3490 2625 3536 et
2663 3496 2761 3551 age
2807 3487 3187 3553 pcrnitentiam
3235 3504 3249 3539 :
3294 3491 3380 3541 sin
3436 3494 3632 3550 autem,
3680 3488 3853 3540 veniam

2262 3576 2360 3628 tibi
2387 3578 2511 3637 cito,
2541 3583 2590 3629 et
2623 3579 3007 3633 candelabrum
3033 3580 3100 3634 de
3129 3582 3238 3634 loco
3270 3596 3363 3634 suo
3392 3582 3629 3636 niovebo.

2332 3670 2543 3724 Eodem
2590 3671 2708 3725 fere
2750 3678 2968 3742 spectat
3009 3673 3100 3727 hic
3136 3675 3311 3743 locus,
3347 3680 3528 3746 atque
3565 3676 3655 3729 ille
3687 3675 3769 3745 qui
3802 3688 3854 3725 ex

2259 3763 2545 3834 Sophonia
2587 3781 2644 3818 n.
2692 3766 2779 3834 34,
2822 3766 3106 3837 allegatus
3136 3774 3240 3823 est.
3282 3769 3537 3824 Invitant
3576 3771 3754 3839 itaque
3788 3765 3855 3820 isti

2258 3856 2329 3910 ad
2362 3859 2755 3927 paenitentiam
2789 3860 3179 3915 ecclesiasticis
3212 3863 3432 3933 legibus
3466 3864 3851 3933 praescriptam;

2261 3951 2567 4007 ostendunt
2628 3954 2993 4025 peccantibus
3060 3972 3352 4025 superesse
3421 3956 3602 4012 venia
3664 3958 3819 4009 locum
3839 3970 3851 4019 ;

2256 4046 2558 4100 minantur
2610 4048 2859 4118 denique
2923 4048 3330 4118 schismaticis,
3389 4054 3450 4104 et
3511 4049 3853 4122 peccatoribus

2259 4155 2457 4210 graves
2514 4157 2707 4211 poenas
2733 4125 2755 4206 ,1
2808 4141 2915 4196 nisi
2968 4144 3297 4214 resipiscant
3345 4148 3405 4198 et
3454 4143 3853 4216 pcenitentiam,

2256 4239 2449 4304 agant.
2476 4238 2656 4306 Atque
2682 4235 2909 4290 invitari
2936 4237 3169 4308 quidem
3192 4236 3262 4291 ad
3296 4239 3687 4309 paenitentiam
3717 4236 3853 4289 eccle-

2257 4328 2490 4383 siasticis
2535 4329 2754 4400 legibus
2799 4331 3191 4402 praescriptam
3232 4332 3428 4387 fideles
3474 4333 3661 4404 lapsos
3697 4333 3850 4386 osten-

2265 4423 2408 4477 dunt
2434 4424 2651 4479 monita
2675 4424 2797 4478 haec
2821 4425 3087 4496 Cypriani
3121 4426 3226 4496 (38)
3258 4443 3271 4479 :
3306 4448 3332 4474 α
3365 4427 3501 4498 Legi
3531 4427 3739 4480 litteras
3759 4438 3851 4476 ves-

524 4533 674 4588 gare,
703 4517 797 4573 sed
835 4522 1179 4574 mansuetum
1216 4534 1341 4581 esse,
1386 4519 1461 4573 ad
1504 4535 1679 4576 omnes
1719 4520 2016 4589 docibilem,
2052 4509 2235 4592 pa-D
2259 4522 2392 4585 tras,
2438 4518 2640 4573 fratres
2691 4518 3027 4586 charissimi,
3074 4520 3279 4590 quibus
3320 4520 3628 4592 scripsistis
3669 4516 3849 4572 salubre

526 4616 763 4676 tientem,
791 4629 909 4668 cum
939 4611 1199 4668 modestia
1227 4616 1602 4684 corripientem
1628 4629 1712 4669 eos
1740 4617 1838 4684 qui
1858 4617 2153 4681 resistunt;

526 4707 814 4777 nequando
868 4708 959 4762 det
1016 4707 1130 4762 illis
1175 4708 1316 4763 Deus
1365 4711 1780 4777 paenitentiam,
1837 4709 1911 4763 ad
1959 4725 2152 4778 cogno-

522 4802 769 4857 scendam
790 4805 1089 4865 veritatem,
1119 4807 1170 4856 et
1193 4805 1511 4872 resipiscant
1538 4805 1602 4856 de
1633 4803 1840 4857 diaboli
1864 4804 2089 4873 laqueis,
2123 4822 2155 4857 (ι

520 4911 626 4966 quo
656 4898 805 4966 capti
836 4901 1086 4951 tenentur
1117 4897 1193 4950 ad
1219 4898 1391 4966 ipsius
1418 4898 1769 4952 voluntatem.

592 4990 876 5045 Adversus
919 4991 1256 5045 Novatianos
1299 4991 1420 5045 haec
1460 4991 1696 5061 apostoli
1729 4991 1889 5046 Pauli
1935 4992 2155 5048 monita

522 5084 821 5155 intorquet
848 5089 1041 5138 noster
1080 5084 1343 5155 scriptor,
1378 5090 1549 5155 atque
1596 5086 1716 5140 hinc
1745 5084 1977 5157 quidem
2014 5087 2151 5141 tide-

522 5178 663 5233 lium
692 5178 924 5233 auribus
961 5179 1227 5246 inculcat,
1257 5184 1320 5233 ut
1349 5177 1417 5232 ab
1450 5179 1848 5234 haereticorum
1892 5183 1949 5234 et
1986 5181 2155 5236 schis-

524 5273 862 5327 maticorum
930 5273 1182 5344 strophis
1239 5276 1296 5326 et
1354 5273 1739 5330 familiaritate
1803 5275 2151 5344 abstineant,

519 5382 665 5422 neve
707 5366 777 5421 ab
806 5382 1005 5422 eorum
1039 5367 1284 5421 versutia
1320 5371 1376 5423 et
1415 5368 1573 5421 malis
1602 5368 1748 5424 dolis
1774 5386 1834 5423 se
1866 5370 2047 5441 decipi
2076 5370 2150 5423 si-

519 5464 664 5518 nant
695 5477 708 5516 :
744 5482 773 5511 ‹‹
813 5461 923 5516 Sed
958 5464 1015 5515 et
1044 5477 1231 5515 sermo
1272 5478 1471 5517 eorum
1510 5463 1672 5534 quasi
1701 5480 1901 5519 cancer
1936 5465 2110 5535 serpit
2138 5482 2151 5519 :

518 5557 629 5613 hoc
659 5561 716 5611 et
742 5555 965 5611 macula
990 5556 1243 5622 unitatis,
1273 5557 1393 5612 haec
1435 5574 1597 5629 ruga.
1625 5580 1651 5609 ››
1688 5557 1850 5630 (Vide
1880 5560 1934 5616 S.
1968 5559 2155 5615 Pacia-

520 5668 680 5720 num,
727 5650 892 5723 epist.
931 5652 1003 5720 3).
1035 5650 1304 5715 Quamvis
1336 5653 1489 5707 enim
1531 5654 1711 5708 malos
1750 5654 1808 5708 in
1853 5654 1958 5709 hoc
1993 5670 2155 5711 mun-

2256 4611 2554 4666 consilium
2584 4616 2832 4666 vestrum
2867 4628 2981 4667 non
3015 4613 3209 4667 deesse
3244 4614 3517 4668 fratribus
3556 4613 3767 4667 nostris.
3791 4613 3849 4670 ut,

2256 4704 2557 4760 temeraria
2588 4706 2951 4762 festinatione
2989 4708 3262 4777 deposita,
3309 4708 3637 4779 religiosam
3666 4704 3848 4777 patien-

2256 4799 2393 4854 tiam
2426 4801 2539 4854 Deo
2571 4801 2882 4871 praebeant,
2915 4806 2979 4855 ut
3009 4818 3138 4855 cum
3173 4801 3229 4855 in
3276 4818 3453 4856 unum
3503 4818 3605 4873 per
3631 4801 3744 4871 ejus
3773 4795 3850 4849 mi-

2254 4894 2611 4949 sericordiam
2634 4895 2977 4963 venerimus,
3006 4895 3075 4949 de
3097 4895 3359 4951 omnibus
3378 4895 3676 4967 speciebus
3694 4904 3850 4947 securi-

2258 4989 2397 5043 dum
2435 4989 2870 5043 ecclesiasticam
2905 4989 3265 5061 disciplinam
3303 4993 3543 5045 tractare
3587 4986 3847 5060 possimus,

2254 5084 2502 5137 maxime
2535 5100 2666 5137 cum
2705 5085 2980 5155 scriptum
3010 5084 3085 5139 sit
3112 5101 3123 5138 :
3156 5086 3418 5140 Memento
3448 5084 3594 5138 unde
3620 5080 3847 5136 cecideris,

2254 5183 2303 5232 et
2351 5194 2450 5248 age
2492 5180 2887 5249 pamitentiam.
2935 5178 3333 5233 Paenitentiam
3377 5181 3576 5232 autem
3618 5175 3705 5230 ille
3738 5171 3845 5242 agit,

2254 5272 2374 5344 qui,
2425 5273 2600 5327 divini
2647 5272 2917 5344 praecepti
2957 5289 3200 5339 memor,
3243 5272 3395 5327 mitis
3440 5276 3501 5325 et
3543 5270 3766 5343 patiens,
3804 5269 3848 5316 el

2256 5366 2643 5421 sacerdotibus
2694 5368 2787 5421 Dei
2839 5368 3259 5438 obtemperans,
3308 5365 3600 5437 obsequiis
3649 5362 3769 5427 suis,
3803 5360 3846 5411 et

2257 5461 2520 5532 operibus
2558 5461 2728 5533 justis
2772 5461 3076 5516 Dominum
3118 5466 3497 5534 promeretur.
3529 5481 3557 5509 υ
3589 5460 3653 5515 Et
3685 5465 3845 5510 rursus

2256 5555 2389 5609 alibi
2428 5555 2506 5622 (in
2549 5555 2691 5610 libro
2731 5557 2797 5611 de
2836 5558 3046 5627 Lapsis,
3096 5572 3151 5627 p.
3199 5556 3323 5627 378)
3354 5574 3367 5609 :
3404 5576 3436 5629 ‹‹Δ
3472 5555 3594 5608 Non
3627 5544 3843 5606 concedit

2254 5665 2454 5723 pacem
2492 5650 2733 5706 facilitas
2764 5650 2892 5720 ista,
2929 5652 3026 5708 sed
3058 5651 3238 5721 tollit;
3277 5666 3383 5707 nec
3409 5640 3839 5707 communicatio-

584 5850 686 5916 (38)
719 5849 895 5915 Epist.
926 5848 1005 5913 l3,
1041 5863 1163 5916 pag.
1187 5850 1270 5914 57,
1292 5850 1369 5902 Ad
1387 5848 1580 5901 clerum
1608 5850 1671 5901 de
1691 5849 1771 5901 his
1793 5851 1887 5917 qui
1906 5850 1977 5903 ad
1988 5865 2164 5916 pacem
2196 5851 2463 5916 festinant.
