4032 6180
210 238 305 294 901

202 461 329 514 haec
353 460 483 526 alia,
514 466 568 516 et
589 458 700 514 alia
725 462 986 528 tentatio,
1012 478 1114 533 per
1132 480 1303 533 quam
1327 463 1545 517 subtilis
1572 463 1837 516 inimicus

203 553 620 625 impugnandis
664 552 852 626 867
900 555 1085 609 adhuc
1127 557 1299 626 lapsis
1344 558 1559 611 occulta
1603 557 1838 628 popula-

202 648 359 701 tione
404 654 714 718 grassatur,
748 653 810 702 ut
850 649 1182 704 lamentatio
1218 651 1595 722 conquiescat,
1637 655 1699 703 ut
1733 651 1835 704 d0-

200 741 290 794 lor
330 740 513 806 sileat,
556 746 619 794 ut
666 740 865 796 delicti
894 743 1175 798 memoria
1220 749 1530 812 evanescat,
1577 749 1637 797 ut
1682 761 1831 798 com-

199 834 491 905 primatur
570 840 863 905 pectorum
937 836 1225 908 gemitus,
1307 842 1589 892 statuatur
1668 838 1836 892 ﬂetus

199 928 523 995 oculorum,
557 944 659 982 nec
699 929 1006 983 Dominum
1050 930 1300 1001 graviter
1344 930 1625 984 offensum
1665 932 1833 1003 longa

199 1026 257 1075 et
283 1022 456 1092 plena
486 1022 822 1091 paenitentia
850 1023 1211 1093 deprecetur,
1247 1041 1377 1078 cum
1415 1025 1687 1095 scriptum
1715 1025 1784 1078 sit
1818 1041 1828 1076 :

196 1117 460 1170 Memento
486 1116 628 1170 unde
651 1117 924 1179 cecideris,
957 1124 1007 1171 et
1035 1133 1134 1186 age
1161 1120 1555 1187 paenitentiam.

269 1209 430 1276 Quod
495 1225 626 1264 vero
690 1210 877 1263 verbis
927 1210 1014 1264 his
1064 1211 1426 1282 Apocalypsis
1478 1211 1828 1279 ostendatur,

196 1303 564 1373 peccantibus
603 1320 896 1374 superesse
942 1303 1122 1359 venite
1166 1306 1354 1359 locum
1400 1309 1459 1359 et
1496 1306 1664 1359 verba
1708 1306 1833 1376 ipsa

193 1412 301 1466 per
332 1413 391 1449 se
422 1396 707 1450 declarant
748 1399 1056 1468 (quatenus
1086 1398 1249 1452 illum
1282 1399 1467 1469 ipsum
1498 1400 1829 1470 episcopum

192 1506 368 1560 quem
428 1490 764 1560 corripiunt,
831 1491 1072 1545 invitant
1137 1492 1210 1546 ad
1275 1492 1716 1564 pcenitentiam),
1775 1498 1831 1547 et

193 1583 458 1653 exemplo
505 1600 606 1638 suo
651 1584 857 1638 evincit
903 1585 1237 1656 Cyprianus,
1271 1601 1401 1640 cum
1446 1586 1518 1640 ad
1559 1586 1717 1654 illud,
1762 1586 1829 1640 de

192 1692 314 1747 quo
370 1677 637 1748 agimus,
704 1678 913 1748 dogma
980 1678 1386 1733 stabiliendum
1448 1680 1515 1733 lis
1584 1680 1760 1733 utitur
1814 1698 1825 1733 :

195 1790 223 1817 α
263 1747 435 1824 Miror
484 1776 702 1839 autem,
745 1747 932 1842 inquit
976 1772 1069 1825 ille
1117 1772 1308 1842 (Epist.
1363 1776 1449 1839 52,
1498 1790 1627 1843 pag.
1683 1747 1906 1842 l55),B

189 1863 477 1934 quosdam
517 1864 594 1918 sic
637 1865 948 1919 obstinatos
978 1882 1118 1933 esse,
1166 1872 1227 1919 ut
1269 1864 1515 1921 dandam
1566 1884 1681 1920 non
1732 1884 1831 1937 pu-

187 1962 319 2011 tent
360 1958 528 2027 lapsis
578 1957 997 2029 paenitentiam,
1043 1963 1141 2013 aut
1189 1961 1595 2030 paenitentibus
1646 1960 1831 2014 existi-

192 2054 363 2104 ment
413 2048 637 2105 veniam
680 2052 1122 2123 denegandam,
1186 2070 1312 2108 cum
1366 2054 1644 2124 scriptum
1696 2056 1767 2108 sit
1819 2078 1827 2107 :

195 2165 223 2193 ‹‹
266 2147 556 2199 Memento
590 2147 739 2199 unde
771 2145 1059 2212 cecideris,
1096 2151 1154 2200 et
1182 2164 1287 2218 age
1324 2144 1741 2218 paenitentiam,
1777 2151 1835 2203 et

190 2238 287 2291 fac
328 2238 519 2309 priora
562 2256 755 2310 Opera.
796 2262 822 2289 »
868 2240 1025 2303 Quod
1067 2240 1263 2312 utique
1304 2241 1355 2295 ei
1398 2240 1622 2310 dicitur,
1660 2258 1832 2312 quem

191 2334 423 2386 constat
463 2332 755 2399 cecidisse,
799 2339 854 2388 et
895 2351 1066 2405 quem
1111 2335 1385 2389 Dominus
1424 2336 1685 2389 hortatur
1734 2352 1836 2406 per

195 2441 381 2495 opera
411 2442 605 2479 rursus
631 2443 955 2497 exsurgere.
985 2449 1012 2477 ››

274 2519 439 2572 Nefas
487 2526 678 2573 autem
724 2520 797 2573 sit
845 2521 1107 2576 omittere
1160 2538 1287 2592 qua)
1338 2525 1534 2576 auctor
1585 2522 1715 2577 libri
1763 2524 1836 2577 ad

190 2615 569 2671 Novatianum
614 2614 819 2668 litteris
866 2615 1220 2686 consignavit
1265 2615 1417 2687 (pag.
1470 2618 1551 2676 13)
1596 2634 1609 2670 :
1659 2636 1687 2665 ‹‹
1730 2617 1836 2680 Qui

194 2707 418 2760 multos
452 2724 522 2760 ex
566 2707 837 2761 fratribus
877 2709 1084 2763 nostris
1128 2708 1474 2763 miserrimos
1520 2708 1675 2765 falsis
1720 2710 1836 2763 suis

197 2799 695 2855 adversationibus
739 2802 1092 2872 perterritos,
1134 2801 1341 2856 iterum
1390 2803 1523 2858 fecit
1556 2803 1834 2868 ethnicos,

197 2892 455 2948 dicendo
500 2894 649 2966 quod
694 2894 1026 2965 pcenitentia
1068 2896 1361 2967 lapsorum
1407 2896 1480 2951 sit
1525 2914 1684 2956 vana.
1737 2915 1838 2952 nec

196 2988 383 3059 possit
421 2988 502 3042 eis
532 2988 808 3058 proﬁcere
839 2989 905 3043 ad
943 2991 1202 3056 salutem,
1235 2990 1511 3044 clamante
1548 2992 1839 3063 Scriptura

196 3086 261 3136 et
297 3082 522 3137 dicente
552 3100 564 3136 :
604 3083 939 3138 «Memento
973 3083 1126 3138 unde
1168 3084 1461 3152 cecideris,
1502 3092 1556 3139 et
1591 3102 1695 3156 age
1739 3103 1829 3156 pce

198 3176 538 3244 nitentiam,
572 3177 616 3230 si
648 3178 953 3248 quominus
985 3178 1210 3232 veniam
1254 3177 1374 3246 tibi,
1420 3178 1527 3232 nisi
1560 3180 1833 3250 pceniteu-

196 3271 346 3323 tiam
410 3270 617 3340 egeris.
669 3293 695 3319 ››
751 3273 816 3324 Et
866 3271 1094 3342 quidem
1153 3269 1224 3324 ad
1281 3275 1501 3343 septem
1558 3273 1832 3327 Ecclesias

196 3364 479 3432 scribens,
509 3365 748 3436 singulis
775 3382 876 3418 sua
905 3382 1131 3436 quoque
1164 3364 1409 3419 facinora
1439 3372 1495 3420 et
1521 3366 1724 3421 delicta
1756 3366 1833 3421 in-

199 3475 416 3530 gerens
447 3481 457 3512 :
500 3480 526 3506 ιι
557 3458 938 3526 Ρωιιὶῐθιιιίιιὶ,
966 3480 993 3509 ››
1025 3458 1264 3513 dicebat.
1298 3459 1548 3523 Quibus?
1578 3459 1689 3514 Nisi
1728 3461 1835 3513 illis

196 3552 419 3607 scilicet
459 3569 599 3624 quos
644 3552 831 3623 pretio
874 3570 1081 3624 magno
1125 3552 1211 3607 sui
1248 3553 1541 3625 sanguinis
1578 3554 1838 3608 redeme-

199 3654 311 3702 rat.
360 3670 387 3696 ››

276 3741 381 3798 His
409 3741 788 3813 adjungamus
815 3759 939 3813 quae
971 3741 1297 3797 Bachiarius
1328 3742 1435 3797 hoc
1468 3757 1638 3814 super
1665 3758 1836 3812 argu-

267 3936 375 4001 (39l
413 3935 472 3986 In
511 3937 643 3988 edit.
675 3937 963 3987 Francisci
1002 3936 1195 3998 Florii,
1222 3951 1273 4001 p.
1305 3937 1383 4000 tl,
1417 3949 1471 3986 ιι.
1507 3935 1586 3986 22.

1238 234 1633 300 SUPERlORlS
1674 230 2001 298 OPUSCULl
2055 230 2537 296 ARGUMENTUM.

208 383 346 422 nem
375 366 590 435 tribuit,
621 366 716 420 sed
751 367 990 438 impedit
1019 368 1089 422 ad
1124 369 1380 425 salutem.
1411 370 1731 424 Persecutio
1753 371 1836 422 est
1858 379 1914 450 Α
1939 371 2130 420 mento
2180 366 2251 419 ad
2299 366 2634 420 Januarium
2687 364 2907 437 scripsit
2957 366 3061 435 (39)

3465 234 3570 296 902

3113 383 3126 421 :
3176 385 3202 417 α
3240 365 3386 430 Quid
3432 383 3565 421 vero

1938 459 2077 513 illud
2122 457 2315 531 868
2360 459 2513 529 quod
2555 459 2693 514 dicit
2739 459 2811 513 ad
2859 459 3127 515 Ecclesias
3163 477 3293 515 suas
3331 461 3388 516 in
3424 463 3569 531 Apo-

1937 554 2172 625 calypsi,
2201 570 2326 624 quae
2355 554 2503 607 inter
2524 553 2781 607 ﬁdelium
2812 571 3115 609 numerum
3142 555 3563 627 septiformibus

1937 647 2284 701 candelabris
2330 646 2434 701 sub
2481 646 2737 701 custodia
2791 648 3047 718 angelica
3095 652 3505 720 comparantur
3550 666 3561 702 :

1940 761 1967 789 ‹‹
2007 742 2284 795 Memento
2327 739 2478 795 unde
2511 739 2802 805 cecideris,
2835 746 2888 794 et
2919 757 3025 809 age
3062 741 3478 812 pcenitentiam,
3510 745 3565 795 et

1936 834 2127 905 priora
2166 851 2344 905 opera
2374 834 2496 899 fac;
2538 833 2793 902 alioquin
2825 833 2993 885 venio
3027 833 3125 887 tibi
3163 833 3294 902 cito,
3326 842 3381 889 et
3414 851 3563 889 amo-

1936 927 2076 981 vebo
2109 927 2511 981 candelabrum
2545 933 2731 981 tuum.
2765 948 2790 973 ››
2825 927 2891 978 Et
2922 926 2979 979 in
3010 926 3202 995 priore
3239 934 3396 996 parte
3436 929 3562 983 libri

1934 1021 2302 1074 innumerum
2344 1020 2623 1091 populum
2652 1019 2858 1074 vidisse
2888 1036 2946 1072 se
2976 1018 3131 1086 dicit,
3168 1020 3264 1090 qui
3297 1021 3353 1074 in
3392 1022 3565 1074 tribu-

1934 1115 2143 1168 latione
2188 1115 2448 1168 laverunt
2492 1115 2662 1167 stolas
2708 1131 2857 1180 suas,
2898 1119 2956 1167 et
2989 1113 3255 1168 candidas
3287 1130 3382 1167 cas
3417 1114 3562 1168 fece-

1934 1214 2066 1262 runt
2095 1208 2155 1261 in
2194 1207 2472 1277 sanguine
2502 1208 2673 1277 Agni,
2714 1206 2867 1277 quod
2909 1206 3046 1260 dicit
3088 1223 3099 1259 :
3135 1206 3266 1277 quia
3305 1227 3331 1254 ‹‹
3371 1208 3567 1277 Agnus

1935 1302 2030 1355 Dei
2060 1301 2299 1355 deducat
2330 1302 2401 1355 ad
2438 1301 2565 1354 vita:
2600 1301 2804 1366 fontes,
2837 1320 2865 1351 »
2899 1318 3069 1371 quem
3104 1305 3291 1354 tamen
3329 1317 3428 1354 nos
3465 1318 3567 1354 nu-

1933 1411 2154 1449 merum
2197 1394 2602 1465 pcenitentiuin
2652 1410 2770 1447 esse
2813 1394 3108 1460 sentimus,
3158 1394 3288 1465 quia
3333 1395 3565 1449 nonnisi

1930 1506 2036 1560 per
2064 1488 2494 1543 tribulationem
2535 1490 2945 1560 planctumque
2980 1489 3173 1541 salvati
3211 1493 3360 1542 sunt.
3405 1491 3471 1543 Et
3504 1492 3563 1542 tu

1933 1598 2067 1654 ergo
2101 1582 2224 1636 lava
2255 1583 2465 1637 stolam
2491 1589 2651 1636 tuam
2682 1582 2741 1635 in
2772 1584 2926 1635 fonte
2954 1583 3354 1652 lacrymarum.
3385 1605 3411 1632 ››

2001 1677 2242 1731 Accedat
2271 1677 2358 1729 his
2403 1677 2671 1730 omnibus
2711 1680 2935 1729 sanctus
2971 1677 3239 1729 Paciauus
3281 1678 3397 1729 inec
3437 1677 3557 1731 elo-

1932 1774 2093 1822 cutus
2134 1770 2243 1839 (40)
2286 1786 2298 1822 :
2340 1789 2366 1819 «
2410 1771 2545 1823 Ecce
2583 1768 2874 1840 promitto,
2926 1769 3210 1838 polliceor,
3256 1770 3297 1821 si
3340 1770 3409 1823 ad
3457 1772 3557 1824 Pa-

1930 1866 2074 1918 trem
2106 1867 2357 1916 vestrum
2402 1879 2535 1916 vera
2574 1863 2951 1916 satisfactione
2997 1862 3259 1925 redeatis,
3302 1862 3441 1915 nihil
3484 1864 3565 1914 ul-

1931 1954 2107 2007 terius
2149 1952 2419 2018 errando,
2453 1953 2595 2006 nihil
2637 1951 2884 2022 pristinis
2930 1951 3250 2020 adjiciendo
3294 1953 3560 2021 peccatis,

1933 2046 2175 2101 dicendo
2203 2047 2375 2101 etiam
2403 2044 2621 2100 humile
2647 2045 2857 2115 aliquid
2892 2050 2948 2098 et
2972 2045 3163 2098 ﬂebile
3194 2062 3206 2098 :
3244 2066 3268 2091 ‹‹
3302 2047 3555 2099 Peccavi-

1932 2158 2058 2194 mus
2106 2139 2166 2194 in
2222 2144 2524 2209 conspectu
2585 2145 2724 2208 tuo;
2783 2140 2967 2205 Pater,
3020 2139 3141 2207 jam
3196 2155 3311 2191 non
3366 2155 3561 2192 sumus

1935 2234 2091 2304 digni
2114 2234 2345 2287 nomine
2369 2233 2693 2298 tiliorum;»
2722 2232 2990 2285 continuo
3021 2232 3089 2285 de
3120 2232 3278 2285 vobis
3307 2235 3361 2285 et
3390 2249 3561 2301 pecus

1935 2328 2073 2381 illud
2118 2326 2348 2381 recedet
2395 2325 2776 2392 immundum,
2814 2329 2871 2379 et
2912 2325 3249 2395 siliquarum
3297 2342 3422 2379 esca
3464 2326 3561 2379 de—

1933 2420 2242 2475 formis.....
2300 2421 2409 2474 Nec
2463 2420 2656 2489 utique
2709 2436 2822 2473 non
2875 2418 3275 2489 paenitentibus
3319 2420 3558 2473 commi-

1937 2519 2187 2581 naretur,
2267 2513 2375 2567 nisi
2466 2513 2787 2584 ignosceret
2868 2511 3289 2583 paenitentibus.
3381 2513 3560 2567 Etiam

1935 2609 2053 2679 ipse
2098 2608 2242 2661 Deus
2279 2606 2458 2661 dicit:
2493 2627 2520 2653 ‹‹
2561 2606 2861 2674 Memento,
2901 2622 3028 2660 ecce
3075 2606 3225 2661 unde
3266 2605 3558 2673 cecideris,

1937 2707 1991 2757 et
2019 2718 2126 2773 age
2158 2699 2669 2771 pcenitcntiam.....
2705 2723 2731 2748 ››
2766 2699 3066 2753 Neminem
3094 2701 3343 2752 vestrum
3375 2699 3561 2769 perire

1936 2796 2055 2849 vult
2092 2794 2378 2849 Dominus.
2423 2793 2601 2848 Etiam
2651 2792 2860 2847 modici
2907 2798 2963 2846 et
3003 2791 3231 2845 minimi
3268 2791 3564 2862 requirun-

1938 2895 2048 2943 tur.
2087 2912 2113 2938 »

2008 2984 2167 3047 Quod
2224 2982 2474 3053 denique
2541 2983 2690 3035 hisce
2744 2980 2931 3034 verbis
2986 2978 3235 3033 minetur
3285 2981 3566 3036 Dominus

1940 3076 2308 3132 schismaticis
2363 3081 2419 3130 et
2466 3074 2853 3147 peccatoribus
2899 3089 3129 3144 poenas,
3187 3074 3291 3127 nisi
3343 3075 3565 3146 resipis-

1937 3176 2084 3236 cant,
2124 3178 2179 3226 et
2223 3170 2609 3243 paenitentiam
2647 3172 2839 3240 agant,
2879 3167 3044 3221 facile
3080 3167 3374 3223 evincitur.
3419 3168 3564 3233 Quid

1935 3267 2089 3322 enim
2130 3273 2212 3320 est
2261 3266 2533 3319 adventus
2565 3264 2654 3319 ille
2689 3262 2932 3329 Domini,
2964 3262 3034 3315 de
3072 3279 3185 3333 quo
3221 3262 3309 3315 hic
3356 3262 3563 3317 dicitur

1934 3360 2042 3415 nisi
2090 3360 2331 3414 visitatio
2372 3358 2485 3427 illa,
2519 3374 2688 3429 quam
2738 3356 2872 3410 alibi
2915 3356 3181 3410 describit
3224 3355 3295 3407 iis
3332 3356 3558 3411 verbis:

1943 3476 1969 3504 ‹‹
2015 3454 2259 3507 Visitabo
2305 3469 2477 3524 super
2518 3451 2664 3504 viros
2698 3450 2913 3504 deﬁxos
2956 3449 3011 3502 in
3060 3448 3291 3503 faecibus
3331 3448 3493 3503 suis?
3534 3472 3562 3499 »

1938 3549 2162 3603 Amotio
2206 3552 2397 3601 autem
2444 3544 2770 3600 candelabri
2811 3542 2880 3597 de
2928 3543 3048 3597 loco
3096 3560 3198 3598 suo
3238 3543 3374 3614 quid
3416 3543 3567 3599 aliud

1941 3646 2025 3696 est
2071 3641 2179 3695 nisi
2226 3641 2434 3695 amotio
2481 3640 2549 3694 ab
2600 3655 2666 3693 eo
2712 3637 2977 3692 Ecclesiae
3027 3636 3170 3703 loco,
3219 3654 3388 3708 quem
3439 3637 3565 3710 quis

1941 3735 2161 3792 obtinet
2180 3735 2208 3789 Τ

2000 3933 2098 3998 (40)
2128 3933 2189 3983 In
2227 3933 2437 3983 Persen.
2466 3931 2538 3982 ad
2569 3931 2781 3990 Paenit,
2820 3944 2872 3994 p.
2908 3929 2990 3979 74.
