4032 6180
1744 465 2011 473 ω-.-.-..-.-
2043 465 2097 470 ,4,

1133 647 2173 813 APPENDIX
2313 640 3257 812 SECUNDA

1077 248 1169 306 AD
1203 241 1425 306 OPERA
1474 244 1532 305 S.
1586 244 1903 303 CYPRIANI
1951 234 2249 302 GENUINA
2298 239 2581 298 APPEND.
2637 233 2703 297 Il.
2731 232 3291 296 —SUPPOSITITIA.
3724 248 3813 302 904

1757 987 2050 1051 OPUSCU
2059 989 2154 1052 LA
2210 985 2626 1050 SUPPOSITA

1498 1530 1834 1621 LIBER
1900 1530 2046 1621 DE
2114 1528 2899 1621 ALEATORIBUS

588 2005 629 2058 Ι.
662 2005 858 2073 Magna
895 2001 1056 2056 nobis
1091 2000 1160 2056 ab
1188 2000 1448 2055 universa
1479 2000 1832 2057 fraternitate
1864 2003 2035 2056 cura'
2073 2000 2148 2072 (t)
2172 2000 2581 2085 Apastoribus.
2616 2000 2773 2066 Quod
2820 2000 2863 2055 si
2916 2001 3023 2073 ipsi
3068 2004 3329 2073 pastores
3378 1997 3725 2068 negligentes
3769 2011 3843 2049 re-

519 2097 786 2152 succcssit
827 2113 839 2150 :
889 2096 1133 2150 maxime
1184 2112 1247 2150 ex
1300 2096 1441 2150 rea'
1488 2095 1840 2166 perditorum
1890 2096 2147 2149 omnium

518 2191 775 2256 audacia,
807 2188 864 2243 id
896 2195 1000 2256 est,
1034 2189 1350 2244 aleatorum
1399 2206 1523 2260 qua:
1568 2189 1791 2244 animos
1830 2190 1900 2243 ad
1945 2189 2143 2259 nequi-

517 2286 654 2340 tiam
686 2284 743 2338 in
775 2300 833 2337 se
870 2282 1051 2351 illicit,
1093 2288 1153 2337 ut
1196 2282 1252 2337 iu
1292 2283 1481 2337 lacum
1524 2282 1721 2336 mortis
1761 2285 1986 2353 mergat
2008 2283 2049 2336 ³.
2081 2283 2149 2336 Et

518 2376 787 2450 quoniam
845 2375 1004 2429 nobis
1059 2376 1135 2445 (2)
1198 2375 1388 2429 divina
1440 2379 1495 2429 et
1558 2381 1792 2446 paterna
1840 2376 2022 2445 pietas
2071 2375 2146 2445 (3)

518 2471 856 2542 apostolatus
894 2468 1161 2522 ducatum
1202 2468 1461 2534 contulit,
1508 2473 1563 2520 et
1611 2468 1880 2522 vicariam
1923 2467 2146 2522 Domini

518 2564 714 2618 sedem
753 2562 962 2615 cmlesti
996 2560 1327 2632 dignatione
1358 2561 1599 2627 ornavit,
1632 2567 1688 2615 et
1717 2560 2006 2631 originem
2044 2578 2142 2614 au-

514 2656 752 2713 thentici
789 2656 1151 2727 apostolatus,
1185 2671 1353 2726 super
1382 2671 1555 2726 quem
1588 2654 1843 2709 Christus
1884 2654 2149 2709 fundavit

517 2749 825 2807 Ecclesiam
864 2748 921 2802 in
965 2748 1252 2819 superiore
1285 2754 1477 2803 nostro
1500 2750 1520 2783 ‘
1560 2750 1877 2820 portamus,
1915 2752 2147 2819 accepta

522 2845 689 2899 simul
739 2846 1018 2915 potestate
1066 2842 1319 2896 solvendi
1370 2859 1433 2896 ac
1482 2841 1700 2913 ligandi
1743 2846 1801 2896 et
1847 2843 2145 2896 curatione

519 2941 750 3012 peccata
779 2936 1103 2990 dimittendi
1126 2955 1138 2990 :
1164 2937 1389 2990 salutari
1416 2937 1437 2970 ⁵
1470 2936 1722 2990 doctrina
1746 2935 2142 3005 admonemur,

518 3049 611 3101 ne,
658 3048 787 3087 cum
834 3029 1299 3102 delinquentibus
1349 3011 1574 3084 assidue
1624 3029 1992 3102 ignoscimus,
2039 3030 2142 3101 ipsi

522 3143 649 3181 cum
684 3124 763 3179 eis
789 3123 1001 3197 pariter
1027 3128 1417 3195 torqueamur.

593 3236 660 3288 ll.
711 3233 839 3287 Ideo
887 3232 967 3285 sal
1012 3234 1182 3286 terra:
1227 3230 1486 3300 dicimur,
1537 3236 1597 3284 ut
1638 3247 1701 3285 ex
1753 3230 1914 3284 nobis
1962 3231 2147 3285 omnis

525 3329 847 3384 fraternitas
902 3326 1111 3382 cmlesti
1169 3324 1449 3397 sapientia
1511 3324 1759 3378 satiatur.
1820 3326 1961 3379 Nam
2016 3342 2142 3379 cum

522 3422 669 3477 dicat
698 3440 711 3477 :
745 3423 842 3478 Sal
873 3427 1050 3476 autem
1087 3422 1135 3475 si
1168 3418 1487 3488 futuatum‘
1517 3420 1708 3487 fuerit,
1743 3420 1915 3473 nihil"
1950 3420 2147 3473 ridebit

518 3520 629 3573 nisi
669 3522 730 3572 ut
766 3516 1090 3587 proﬁciatur
1131 3515 1285 3581 foras
1330 3517 1378 3568 et
1424 3513 1760 3567 conculcetur
1810 3514 1874 3566 ub
1922 3514 2147 3567 homini-

521 3612 649 3675 bus;
695 3611 802 3665 hoc
852 3624 1117 3664 veremur
1166 3610 1223 3662 et
1268 3605 1556 3673 timemus,
1610 3623 1682 3660 ne
1740 3606 1838 3660 intl
1898 3606 2146 3661 Ecclesia

524 3705 698 3760 securi
744 3704 837 3774 (4),
870 3703 1022 3775 quod
1067 3701 1232 3755 nobis
1275 3700 1639 3755 sacerdotalis
1670 3700 1915 3771 dignitas
1944 3701 2147 3755 tradita

523 3801 648 3855 est”
681 3796 1222 3871 negligentesjuxta
1251 3794 1527 3867 quosdam
1568 3794 1768 3848 fratres
1805 3793 2018 3849 inertes
2056 3812 2143 3850 re-

523 3894 844 3967 periemur;
885 3896 982 3946 aut
1018 3891 1152 3945 dum
1201 3889 1398 3943 falsam
1437 3888 2010 3943 communicationem
2055 3890 2147 3944 da-

522 4005 671 4055 mus,
700 3987 753 4042 id
786 3984 936 4058 quod
968 4001 1096 4039 cum
1128 3984 1343 4037 honore
1374 3983 1440 4037 de
1468 3984 1564 4037 Dei
1595 3981 1923 4053 dignatione
1953 3999 2149 4052 perce-

524 4083 740 4155 pimus,
798 4079 1130 4150 indignante
1180 4076 1418 4131 Domino
1466 4076 1869 4147 exprobrantes
1919 4077 2149 4133 amitta-

525 4193 653 4232 mus
706 4174 811 4248 (5);
870 4172 1005 4227 dicit
1057 4171 1211 4226 enim
1266 4169 1557 4243 Scriptura
1617 4169 1810 4224 divina
1853 4187 1865 4225 :

2249 2095 2392 2165 perti
2451 2095 2684 2163 fuerint,
2740 2094 2879 2167 quid
2930 2093 3433 2166 respondebunt‘0
3485 2090 3716 2146 Domino
3764 2106 3848 2160 pro

2249 2169 2925 2262 869-29pecoribus‘?
2938 2188 3081 2253 Quid
3095 2189 3163 2243 de
3178 2186 3418 2242 Domino
3434 2201 3632 2256 pecora
3647 2183 3847 2238 dicent?

2247 2286 2289 2337 A
2318 2284 2619 2353 pecoribus
2644 2299 2701 2337 se
2729 2298 2847 2337 esse
2873 2283 3137 2337 vexatos?
3171 2282 3295 2336 Non
3334 2279 3603 2334 credetur
3628 2278 3759 2332 illis:
3785 2278 3851 2330 in-

2247 2376 2529 2430 credibilis
2563 2394 2651 2430 res
2692 2379 2779 2430 est
2821 2379 3072 2447 pastores
3108 2376 3224 2448 pati
3255 2390 3419 2447 posse
3459 2372 3668 2443 aliquid
3703 2388 3731 2423 a
3765 2388 3847 2441 pe-

2248 2486 2413 2536 core;
2448 2471 2632 2541 magis
2664 2469 2976 2542 punientur
3017 2473 3251 2541 pr0pter
3293 2466 3661 2523 mendacium
3688 2481 3849 2519 suum.

2247 2563 2317 2618 Et
2360 2563 2468 2617 alia
2512 2564 2799 2635 Scriptura
2841 2564 2977 2619 dicit
3018 2581 3031 2618 :
3072 2567 3343 2620 Rectorem
3386 2567 3440 2617 te
3484 2562 3741 2632 pelia-unt
3777 2559 3850 2627 (6),

2246 2657 2363 2711 noli
2390 2658 2596 2711 extolli.
2634 2659 2760 2712 Esto
2790 2660 2847 2711 in
2880 2658 2993 2711 illis
3027 2659 3190 2728 quasi
3216 2671 3357 2711 unus
3390 2672 3460 2710 ea:
3496 2656 3625 2725 ipsis
3654 2670 3666 2707 :
3698 2669 3851 2708 curam

2248 2752 2467 2805 illorum
2518 2752 2651 2805 habe
2700 2757 2750 2805 ct
2802 2752 3104 2806 considera.
3155 2751 3222 2805 Et
3268 2750 3479 2804 iterum
3522 2749 3855 2803 :Eristimnte

2248 2845 2574 2899 Sacerdotem
2623 2845 2697 2915 (7)
2746 2861 2854 2900 esse
2902 2845 3179 2907 cultorem,
3230 2850 3284 2897 et
3330 2859 3537 2897 omnes
3578 2856 3691 2895 esse
3734 2837 3854 2910 apud

2249 2952 2384 2991 cum
2419 2937 2672 3006 delicias,
2698 2938 2963 3010 granaria
2991 2940 3179 3010 plena,
3210 2941 3267 2991 et
3293 2937 3360 2991 de
3390 2948 3747 3007 quocumque
3773 2932 3852 2986 de-

2248 3031 2682 3086 sideraverint“
2734 3032 2939 3104 pabulo
2981 3049 3133 3101 oves,
3180 3048 3276 3087 eas
3317 3034 3598 3085 saturare.
3639 3029 3768 3082 Nam
3809 3028 3857 3077 ut

2249 3131 2537 3180 constaret
2561 3142 2686 3194 nos,
2716 3125 2769 3181 id
2804 3132 2886 3181 est
2917 3127 3233 3198 episcopos,
3264 3129 3523 3197 pastores
3550 3138 3671 3178 esse
3697 3121 3855 3175 ovium

2250 3218 2608 3289 spiritalium,
2658 3220 2762 3275 hoc
2807 3226 2909 3288 est,
2959 3221 3260 3274 hominum
3319 3218 3582 3272 ﬁdelium
3636 3214 3729 3288 qui
3776 3212 3859 3266 sub

2250 3329 2382 3367 cura
2417 3316 2612 3368 nostra
2661 3313 2970 3381 constituti,
3020 3329 3095 3371 ne
3138 3314 3318 3368 ullum
3350 3312 3396 3347 ¹²
3446 3312 3508 3366 in
3552 3310 3634 3365 eis
3682 3304 3858 3363 scabiei

2247 3405 2447 3461 vitium
2488 3408 2807 3478 reperiatur
2835 3407 2949 3479 (8);
2992 3424 3106 3479 quo
3147 3407 3328 3479 magis
3368 3423 3403 3460 a
3438 3405 3606 3461 nobis
3631 3400 3858 3476 quotidie

2248 3503 2693 3572 perscrutentur,
2723 3505 2788 3555 ut
2807 3500 3189 3555 medicamine
3215 3500 3437 3555 caelesti
3472 3498 3743 3561 adhibito,
3772 3491 3859 3546 vel-

2250 3594 2375 3648 lera
2406 3594 2486 3648 eis
2516 3594 2721 3649 ﬂorida
2747 3597 3007 3649 crescant
3037 3611 3167 3666 quas
3196 3595 3267 3649 ad
3297 3598 3576 3650 naturam
3605 3590 3763 3647 vestis
3787 3604 3860 3642 sa-

2247 3687 2443 3742 lutaris
2472 3688 2794 3760 proﬁciant.

2320 3795 2414 3849 Ill.
2470 3796 2533 3850 In
2588 3795 2896 3866 Evangelia
2953 3794 3225 3850 Dominus
3273 3795 3341 3850 ad
3397 3797 3637 3852 Petrum
3690 3797 3860 3853 dixit:

2250 3892 2428 3953 Petre,
2494 3889 2701 3959 inquit,
2757 3906 2910 3944 amris
2961 3894 3090 3946 me?
3142 3891 3209 3944 Et
3270 3891 3475 3945 Petrus
3535 3891 3858 3964 respondit:

2252 3986 2455 4049 Etiam,
2511 3985 2746 4049 Domine,
2809 3990 2868 4038 tu
2917 3986 3018 4039 scis
3064 3987 3323 4054 quoniam
3375 4002 3502 4041 amo
3556 3992 3628 4042 te.
3682 3988 3861 4042 Dixit:

2253 4079 2417 4133 Pasce
2445 4093 2565 4132 oves
2602 4092 2780 4144 meus;
2814 4082 2871 4132 et
2903 4077 3139 4132 sollicite
3176 4078 3461 4134 mandans
3495 4080 3665 4135 tertio
3694 4080 3861 4135 conﬁr-

1920 4173 2013 4227 γε
2052 4174 2154 4227 erit
2255 4171 2430 4227 marit
2456 4170 2529 4242 (9)
2559 4169 2798 4225 dicendo
2832 4187 2845 4227 :
2874 4172 3036 4228 Pasce
3063 4186 3185 4227 oves
3212 4172 3257 4207 ¹³
3285 4189 3450 4229 meas.

1924 4361 2130 4426 Variae
2170 4360 2508 4426 lectiones.

592 4522 607 4551 ¹
639 4517 722 4568 Sic
754 4515 905 4567 Ebor.
934 4516 1058 4580 Imp.
1083 4515 1230 4567 Cura
1255 4514 1452 4564 ﬁdelis.
1521 4514 1540 4544 ⁸
1573 4514 1659 4563 Sic
1689 4513 1836 4563 Ebor.
1864 4513 1989 4578 Imp.
2024 4514 2092 4565 Et
2111 4527 2221 4566 rea.
2292 4519 2309 4548 ³
2331 4516 2417 4564 Sic
2436 4514 2561 4565 Bod.
2583 4517 2627 4565 1.
2664 4500 2817 4565 Ebor.
2847 4515 2973 4576 Imp.
3008 4514 3089 4564 Ad
3116 4513 3467 4577 aequitatem
3501 4526 3565 4563 se
3596 4513 3651 4563 iu
3682 4512 3856 4562 lacum.

525 4587 749 4651 Laqueo
779 4588 973 4636 mortis
998 4588 1215 4650 tingunt
1250 4586 1403 4634 Eboa.

527 4659 548 4690 ‘
572 4659 810 4709 Futuum
840 4658 967 4708 Bo'I.
1000 4658 1044 4707 1.

526 4729 652 4782 Boii.
688 4732 727 4779 t.
762 4731 892 4792 Imp.
924 4727 1363 4780 Considaveruut
1396 4724 1518 4775 Red.
1561 4726 1607 4784 1,
1635 4726 1681 4775 2.

524 4804 681 4861 dixit,
727 4815 910 4866 pasce.

1503 4585 1523 4616 ⁴
1559 4583 1645 4633 Sic
1670 4584 1796 4633 Bod.
1822 4586 1866 4633 1.
1890 4584 2040 4634 Corb.
2081 4586 2213 4649 Imp.
2245 4586 2460 4637 Vestro.

1132 4654 1154 4690 7
1188 4655 1373 4705 Nihilo
1406 4654 1528 4704 Boil.
1595 4653 1616 4688 ⁸
1642 4655 1719 4705 Ne
1746 4669 1871 4705 cum
1903 4656 2023 4705 had.
2054 4658 2095 4706 1.
2164 4656 2417 4721 Dignitas
2442 4662 2525 4708 est
2557 4656 2679 4706 Buri.
2716 4658 2758 4705 t.

1787 4725 2054 4775 "Nullum
2086 4726 2211 4778 Bod.
2240 4729 2282 4776 1.

2560 4585 2582 4619 ⁸
2609 4586 2696 4636 Sic
2720 4584 2846 4636 Bod.
2880 4587 2921 4634 t.
2952 4587 3077 4647 Imp.
3116 4583 3386 4634 Solvendi
3423 4584 3663 4634 salutari
3692 4583 3800 4633 Bod.
3829 4584 3859 4627 t.

2854 4655 2892 4688 ¹⁰
2919 4658 2961 4705 Λ
2996 4656 3232 4704 Domino
3265 4654 3403 4704 trad.
3438 4655 3572 4704 Bod.
3610 4656 3653 4704 1.
3740 4656 3770 4685 ’³
3796 4652 3863 4697 Sic

2389 4729 2428 4759 "
2452 4727 2539 4777 Sic
2582 4726 2722 4776 Lam.
2758 4724 2909 4774 Ebor.
2941 4725 3063 4775 Bod.
3116 4726 3157 4774 t.
3204 4724 3351 4775 Cm-b.
3387 4724 3518 4788 Imp.
3558 4723 3646 4776 Ad
3674 4724 3861 4776 Petrum

1870 4906 2033 4971 Edit.
2082 4908 2288 4972 Oxon.
2338 4912 2535 4971 notae.

586 5042 651 5125 (t)
714 5042 936 5125 Δροσίδα,
967 5035 1116 5087 nobis
1149 5036 1248 5125 "ab
1306 5039 1567 5125 universa.
1608 5037 1945 5125 frater-nitate
2000 5051 2229 5125 συί-ἀἱς
2259 5039 2381 5125 "(5)
2442 5039 2757 5125 Iu‘dignaptc
2826 5038 3068 5100 Domino,
3099 5036 3512 5125 lexprobf‘anlcs
3566 5039 3863 5089 amittamus.

524 5112 689 5163 Forte
742 5108 1035 5173 legendum
1071 5123 1083 5157 :

526 5256 692 5306 cium.
724 5254 867 5302 pAM.

586 5325 654 5385 (2)
697 5326 763 5375 Et
796 5324 1049 5388 quoniam
1084 5322 1250 5373 nobis.
1284 5322 1617 5373 Praetermisi
1651 5322 1908 5374 voculam
1963 5326 2014 5372 in
2051 5337 2151 5374 su-

523 5396 811 5461 perﬂuam.
841 5395 1082 5445 RIGALT.

589 5467 654 5531 (3)
687 5468 751 5518 Et
785 5468 1042 5531 quoniam
1073 5465 1228 5517 nobis
1273 5466 1462 5516 divina
1504 5471 1550 5515 ct
1572 5469 1805 5530 paterna
1829 5468 2023 5531 pictas,
2044 5470 2148 5518 etc.

523 5539 640 5591 Nec
673 5538 851 5589 Faber
875 5541 1027 5589 notat.
1052 5537 1208 5589 hunc
1240 5540 1556 5589 Tractatum
1586 5551 1698 5588 non
1726 5551 1846 5589 esse
1865 5537 2144 5603 Cypriani.

523 5612 663 5663 Nam
694 5624 761 5662 ex
785 5611 894 5662 hoc
919 5610 1045 5663 loco
1079 5615 1304 5675 apparet
1335 5610 1571 5674 alicujus
1604 5609 1888 5661 Pontiﬁcis
1920 5611 2151 5661 Romani

524 5684 794 5749 scriptum
826 5696 963 5734 esse.
999 5683 1219 5733 Pansa.

590 5756 657 5819 (ι)
685 5756 760 5807 Nc
787 5756 843 5804 in
876 5754 1109 5805 Ecclesia
1137 5755 1325 5804 securi.
1353 5754 1533 5803 Etiam
1566 5752 1658 5803 hic
1688 5754 2009 5819 interposita
2036 5757 2156 5806 erat

527 5826 796 5895 particula
826 5839 943 5878 cum
967 5824 1274 5892 superﬂua.
1299 5824 1517 5878 PAMBL.

1146 5109 1407 5159 Universae
1456 5107 1812 5171 fraternitatis
1856 5124 2003 5159 cura.
2056 5110 2155 5161 Est
2178 5107 2229 5125 ν’
2257 5108 2473 5161 Censeo
2502 5109 2819 5173 legendum,
2846 5114 2892 5159 et
2923 5109 3298 5173 exprobrante.
3329 5110 3557 5160 PAMEL.

524 5189 706 5234 tamen
749 5182 933 5232 adhuc
965 5180 1131 5245 plane
1179 5180 1439 5230 mutilum
1484 5179 1652 5245 hujus
1695 5179 1820 5230 libri
1867 5182 2156 5245 frontispi-

2324 5182 2387 5245 (6)
2417 5182 2677 5231 Rectorem
2716 5185 2764 5231 te
2802 5182 3077 5243 petierunt.
3105 5179 3284 5232 Etiam
3337 5181 3428 5232 hic
3477 5181 3671 5231 malim
3709 5190 3866 5243 posue-

2254 5258 2392 5303 runt.
2418 5253 2637 5303 ΡΑΜΕΙ..

2323 5326 2393 5389 (7)
2422 5327 2738 5376 Emisti'mate
2756 5324 3096 5374 sacerdotem.
3130 5324 3331 5375 Nescio
3350 5324 3416 5373 ad
3437 5339 3614 5390 quam
3647 5322 3867 5385 Scriptu-

2257 5410 2375 5447 ram
2418 5396 2647 5446 alludat.
2680 5398 2793 5447 Nisi
2828 5398 2962 5446 torte
3000 5396 3259 5460 respiciat
3299 5409 3393 5446 eas
3427 5410 3564 5461 quas
3596 5392 3866 5459 agricultuo

2256 5482 2372 5518 ram
2400 5468 2552 5517 verbi
2578 5472 2847 5531 Spectant.
2877 5469 3093 5517 PAMEL.

2320 5541 2383 5602 (8)
2421 5541 2497 5589 Nc
2535 5539 2705 5589 ultum
2756 5541 2814 5589 in
2855 5543 2930 5589 eis
2973 5539 3173 5589 scabiei
3213 5542 3394 5591 vitium
3438 5541 3761 5605 reperiatur.
3800 5534 3863 5583 Ita

2254 5612 2380 5676 lego
2414 5624 2513 5675 pro
2539 5624 2605 5661 eo
2629 5610 2778 5675 quod
2808 5615 2941 5673 erat,
2972 5610 3185 5675 scabie;
3206 5617 3291 5663 est
3319 5616 3508 5662 tamen
3530 5610 3716 5661 adhuc
3734 5608 3863 5657 locus

2257 5681 2527 5732 obscurus
2556 5685 2613 5732 et
2635 5682 2882 5733 mutilus.
2918 5682 3135 5732 PAMRL.

2319 5754 2384 5813 (9)
2418 5753 2776 5819 Conﬁrmant.
2808 5754 2891 5805 Ita
2929 5754 3154 5818 Pamel.,
3194 5754 3403 5819 Belum,
3436 5753 3632 5807 Oxon.
3668 5753 3747 5803 An
3780 5758 3860 5817 pro

2255 5824 2604 5892 conﬁrmavit,
2640 5825 2786 5879 male
2814 5826 2977 5881 lectis
3004 5839 3136 5879 mss.
3157 5827 3185 5879 ’ἔ
3211 5825 3353 5880 Eoo.
