4032 6180
174 274 268 331 905

172 502 425 551 sanctum
466 513 571 567 per
612 496 1038 566 impositiouem
1081 512 1303 565 manus,
1358 498 1538 551 cordis
1584 501 1798 570 excepi-

170 608 288 645 mus
327 590 609 660 hospitio;
641 589 1025 643 cohabitatori
1058 595 1251 655 nostro
1291 590 1397 660 (10)
1441 604 1513 645 ne
1546 572 1719 646 ullam
1751 596 1795 627 ³⁵

172 683 491 736 molestiam
561 698 964 752 proponamus,
1035 684 1335 753 Apostolus
1371 685 1415 719 ¹⁶
1481 688 1682 739 monet
1743 692 1800 741 et

172 776 303 830 dicit
345 793 358 829 :
405 776 582 832 Nolite
624 777 947 829 contristare
995 777 1263 844 Spiritum
1309 782 1553 831 sanctum
1601 780 1696 847 qui
1738 782 1797 832 in

167 870 308 923 vobis
350 875 465 933 est;
507 873 555 922 et
601 869 765 922 nolite
801 870 1142 937 exstinguere
1192 870 1367 923 lumen
1406 871 1555 939 quod
1594 872 1797 939 effulsit

170 966 222 1015 in
262 964 433 1016 vobis.
480 964 696 1025 Quanta
740 964 936 1014 autem
977 961 1302 1032 episcopum
1348 963 1492 1017 bene
1532 967 1795 1034 agentem

171 1061 219 1108 et
245 1054 551 1108 salubriter
580 1053 1010 1121 admonentem,
1042 1054 1163 1109 sine
1199 1054 1563 1110 tribulatione
1597 1072 1795 1127 corpo-

171 1149 241 1201 ris
266 1148 405 1217 (11),
434 1147 710 1216 condigna
751 1150 1022 1200 maneant
1044 1148 1087 1180 ¹⁷
1117 1149 1405 1218 Martyria,
1460 1152 1616 1203 tanta
1648 1153 1705 1203 et
1738 1150 1797 1204 in

171 1242 492 1311 episcopum
522 1239 911 1311 negligentem
941 1240 986 1273 ¹⁸
1015 1240 1169 1293 nulla
1200 1240 1267 1295 de
1299 1242 1602 1311 Scripturis
1629 1260 1795 1297 sanc-

169 1336 237 1387 tis
266 1335 605 1388 documenta
643 1339 1027 1403 promentem,
1061 1333 1427 1388 cumulentur
1465 1340 1795 1403 tormenta;

171 1427 460 1498 apostolus
488 1443 591 1481 nos
621 1427 823 1479 excitat
852 1426 1075 1493 Paulus,
1106 1430 1162 1480 et
1189 1426 1471 1497 condiguo
1507 1432 1651 1482 statu
1686 1430 1797 1500 (12)

170 1521 464 1591 episcopos
530 1524 587 1573 et
650 1523 1042 1589 procuratores
1108 1520 1449 1591 evangelica:
1525 1522 1800 1577 doctrinae

174 1614 331 1686 ponit
374 1618 431 1667 et
470 1612 604 1667 dicit
647 1630 659 1666 :
702 1614 973 1679 Quamdiu
1013 1615 1115 1668 erit
1165 1616 1374 1680 infans,
1424 1621 1800 1684 procuratores

1410 272 1604 334 LIBER
1644 278 1732 331 DE
1774 274 2254 334 ALEATORIBUS.

232 405 315 457 IV.
362 404 428 457 Et
466 399 737 473 quoniam
774 394 1216 473 episcopium“,
1259 402 1319 456 id
1364 407 1466 473 est,
1512 405 2063 489 SpiritumAcibum
2136 422 2339 475 capere.
2402 408 2467 461 Et
2544 408 2657 461 alio
2723 408 2844 463 loco
2900 428 2910 461 :

3435 289 3536 343 906

2973 410 3286 479 Quicunque
3344 415 3525 478 frater

1893 516 2037 553 more
2064 501 2491 567 alienigenarum
2512 504 2665 565 vivit,
2690 509 2738 556 et
2760 503 3002 557 admittit
3030 519 3112 557 res
3138 506 3335 559 similes
3359 508 3525 572 factis

1897 608 2096 653 eorum,
2145 594 2327 647 desine
2378 597 2433 646 in
2486 597 2725 648 convictu
2770 596 2883 662 ejus
2926 612 3066 662 esse;
3114 598 3258 666 quod
3306 602 3416 653 nisi
3465 606 3522 653 tu

1896 688 2085 752 feceris
2105 687 2175 755 ³³,
2222 692 2271 740 et
2314 693 2373 739 tu
2420 689 2689 756 particeps
2728 690 2831 742 eris
2874 690 3003 756 ejus.
3046 691 3114 743 Et
3152 690 3209 743 in
3255 692 3522 746 doctrinis

1896 784 2284 853 apostolorum
2330 783 2434 853 (14)
2474 801 2485 837 :
2522 785 2579 839 Si
2620 785 2745 854 quis
2786 786 2961 838 frater
3005 786 3284 857 delinquit
3321 789 3377 841 in
3416 791 3518 842 Ec-

1897 875 2083 944 clesia,
2113 882 2307 930 etnon
2346 880 2508 947 paret
2543 877 2685 947 legi,
2722 877 2811 931 hic
2851 894 2952 931 nec
2985 879 3300 949 colligatur,
3335 882 3515 935 donec

1897 969 2293 1038 paenitentiam
2326 974 2477 1040 agat,
2509 976 2563 1023 et
2592 988 2703 1023 non
2731 987 2788 1024 re
2804 971 3051 1040 :ipiatur,
3085 988 3156 1024 ne
3185 973 3521 1041 inquinetur

1900 1066 1956 1114 et
2009 1062 2354 1133 impediatur
2396 1063 2573 1117 oratio
2618 1070 2822 1117 vestra.
2878 1065 2942 1117 Et
2994 1066 3289 1133 Apostolus
3345 1066 3518 1119 etiam

1900 1155 2104 1209 iterum
2133 1155 2265 1210 dicit
2293 1172 2306 1209 :
2342 1158 2577 1211 Eximite
2614 1158 2782 1210 malos
2810 1173 2835 1210 e
2861 1158 3034 1211 medio
3054 1159 3101 1191 ³³
3128 1161 3308 1212 vestri.

1972 1246 2029 1297 V.
2098 1244 2257 1307 Quod
2310 1246 2355 1297 si
2415 1246 2727 1299 multorum
2782 1246 3013 1298 testium
3072 1246 3221 1300 varia
3283 1252 3337 1301 et
3398 1264 3526 1302 con-

1899 1337 2120 1390 sonanti
2174 1338 2493 1391 monitione
2544 1338 2909 1407 docemur“,
2958 1355 3087 1392 cum
3139 1339 3523 1409 delinquenti-

1898 1430 2003 1484 bus
2052 1430 2160 1501 (15)
2208 1431 2472 1485 fratribus
2515 1432 2637 1485 cibo
2685 1448 2755 1485 ne
2803 1432 3040 1501 quidem
3083 1433 3267 1501 vesci;
3308 1438 3522 1503 quanto

1902 1523 2081 1595 magis
2117 1524 2317 1578 debeat
2360 1527 2416 1578 et
2447 1524 2517 1577 ab
2548 1524 2819 1578 sacriﬁcio
2860 1525 3062 1579 Christi
3092 1526 3318 1580 arceri?
3347 1529 3524 1589 Quam

1900 1632 2113 1687 magna
2161 1623 2218 1671 et
2269 1618 2433 1687 larga
2498 1617 2680 1687 pietas
2744 1618 2839 1671 Dei
2890 1618 2988 1671 filii
3050 1617 3182 1688 (16),
3248 1620 3398 1688 quod
3466 1620 3523 1673 in

172 1714 219 1763 et
250 1712 455 1762 actores
498 1707 685 1772 habet;
718 1712 774 1759 at
812 1722 930 1760 cum
971 1708 1214 1772 creverit,
1248 1708 1617 1763 hereditatem
1642 1726 1855 1780 suam_
1899 1708 2153 1763 futurum
2200 1709 2464 1779 prescius
2512 1710 2671 1763 nobis
2720 1711 2973 1764 consulat
3020 1727 3033 1763 :
3078 1727 3149 1764 ne
3200 1712 3325 1780 quis
3376 1713 3525 1765 inter

171 1803 397 1871 expetit.
443 1800 552 1854 Nos
602 1798 770 1854 etiam
822 1799 1239 1870 dispensatores
1289 1803 1347 1855 et
1396 1776 2102 1871 procuratorestratres
2150 1776 2405 1856 incautus
2452 1803 2641 1857 denuo
2688 1803 2902 1873 laqueis
2957 1804 3166 1857 diaboli
3215 1776 3524 1874 capiatur?

171 1893 463 1964 Evangelii
501 1909 728 1959 sumus;
773 1892 879 1945 hoc
923 1909 1151 1963 quoque
1192 1893 1341 1949 inter
1378 1894 1796 1965 dispensatores

174 1992 229 2040 et
270 1990 667 2058 procuratores
704 1985 997 2057 queritur,
1036 1992 1096 2040 ut
1134 1988 1261 2057 quis
1306 1988 1488 2041 ﬁdelis
1520 1992 1575 2043 et
1607 1990 1796 2059 justus

172 2080 524 2147 inveniatur;
568 2079 613 2132 si
660 2095 797 2150 ergo
844 2080 990 2150 apud
1034 2079 1452 2149 dispensatores
1495 2089 1552 2135 et
1595 2099 1796 2152 procu-

171 2178 390 2228 ratores
427 2172 722 2243 quaeritur,
765 2178 827 2227 ut
862 2172 987 2243 quis
1026 2172 1209 2227 fidelis
1245 2179 1300 2227 et
1327 2174 1514 2244 justus
1543 2175 1796 2230 invenia-

174 2271 288 2333 tur,
312 2267 449 2338 quid
477 2267 523 2319 si
548 2282 680 2319 oves
703 2267 747 2300 ¹⁰
774 2266 1128 2337 delinquant,
1159 2264 1362 2338 830
1386 2270 1443 2321 et
1464 2268 1796 2339 delinquen-

173 2362 323 2415 tibus
378 2360 835 2430 dispensatores?
888 2361 1011 2413 Non
1066 2360 1174 2430 ipsi
1233 2361 1687 2431 delinquentium
1736 2381 1794 2417 se

170 2454 425 2526 pondere
466 2453 752 2507 onerant?
791 2453 1156 2523 Apostolus“0
1199 2456 1401 2508 Paulus
1440 2472 1794 2511 commemo-

169 2552 278 2615 rat,
311 2546 546 2618 quando
575 2546 649 2599 ad
685 2546 1045 2600 Timotheum
1078 2548 1398 2602 docendum
1430 2554 1485 2603 et
1525 2551 1792 2604 corrobo-

169 2641 417 2695 randum
446 2641 505 2694 in
536 2639 668 2694 ﬁdei
709 2640 1000 2706 ﬁrmitate,
1035 2657 1106 2694 ne
1137 2640 1275 2711 quid
1316 2644 1495 2696 Deum
1528 2644 1707 2711 fallat,
1741 2651 1796 2699 et

167 2752 238 2789 ne
303 2734 621 2805 malignum
687 2733 1039 2788 orationibus
1099 2734 1385 2804 justorum
1439 2736 1792 2806 intercedat,

168 2828 446 2899 providus
495 2832 550 2881 et
598 2827 869 2882 sollicitus
915 2828 1024 2896 (13)
1072 2828 1206 2881 dicit
1252 2845 1265 2882 :
1313 2830 1355 2885 0
1400 2832 1665 2885 Timothee
1690 2834 1791 2899 ﬁli,

168 2921 597 2976 commendatum
636 2936 832 2975 serva:
872 2922 986 2974 noli
1028 2936 1276 2990 spernere
1316 2923 1513 2976 donum
1553 2925 1699 2992 quod
1736 2927 1796 2978 in

168 3020 216 3069 te
240 3025 319 3069 est
346 3030 448 3085 per
474 3015 865 3084 impositionem
896 3030 1152 3068 manuum
1193 3017 1458 3068 seniorum
1489 3032 1500 3069 :
1526 3019 1795 3085 accingere

166 3111 407 3174 fortiter,
456 3114 505 3162 et
544 3109 779 3163 viriliter
823 3120 919 3175 age
962 3110 1319 3163 ministerium
1366 3114 1537 3171 tuum,
1583 3115 1633 3164 ct
1673 3127 1793 3165 cum

166 3209 480 3276 integritate
507 3207 695 3276 supple
725 3223 737 3259 :
773 3211 879 3261 esto
918 3209 1121 3261 ceteris
1155 3208 1345 3261 bonum
1368 3208 1413 3240 ²¹
1447 3210 1745 3278 exemplum
1777 3228 1789 3265 :

164 3317 318 3355 nemo
368 3302 467 3355 tibi
508 3300 865 3363 contradicat,
913 3316 1063 3355 nemo
1100 3301 1437 3370 juventutem
1480 3308 1632 3356 tuam
1676 3319 1796 3358 con-

170 3400 378 3449 temnat
438 3410 451 3447 :
499 3400 808 3464 peccantem
865 3409 1045 3447 coram
1095 3395 1280 3448 multis
1346 3396 1572 3464 castiga,
1630 3402 1692 3449 ut
1745 3402 1796 3451 et

166 3489 351 3543 ceteri
379 3493 575 3542 metum
612 3487 864 3548 habeant,
904 3493 955 3541 et
997 3503 1062 3541 ne
1093 3491 1564 3543 communicaveris
1598 3506 1791 3560 pecca-

166 3584 234 3635 tis
285 3583 500 3636 alienis.
548 3582 613 3634 Et
660 3580 867 3634 iterum
909 3597 922 3635 :
968 3581 1029 3635 Si
1070 3584 1188 3649 quis
1230 3584 1410 3648 frater
1440 3584 1794 3651 fornicarius,

162 3680 265 3729 aut
312 3675 580 3729 idolorum
625 3675 821 3736 cultor,
870 3681 969 3728 aut
1016 3690 1236 3736 avarus,
1292 3681 1389 3729 aut
1441 3683 1632 3745 raptor
1686 3680 1797 3733 sive

164 3770 405 3838 injustas
436 3771 741 3823 nominatus
770 3770 961 3835 fuerit,
1004 3784 1123 3822 cum
1160 3768 1423 3837 ejusmodi
1453 3770 1667 3839 quidem
1702 3788 1797 3826 nec

1814 3156 1868 3229 Ο

1896 1895 2174 1950 Sollicitos
2222 1913 2338 1949 esse
2377 1896 2549 1965 jussit
2592 1901 2646 1949 et
2690 1896 2953 1966 providos
3007 1901 3179 1967 atque
3225 1897 3515 1965 eruditos;

1897 1988 2163 2058 quoniam
2206 1989 2386 2043 hostis
2435 1989 2525 2042 ille
2574 1989 2845 2059 antiquus
2890 1989 3110 2057 circuit,
3153 1990 3383 2059 pulsans
3427 1990 3523 2044 Dei

1896 2101 2102 2152 servos,
2133 2101 2248 2139 non
2291 2102 2403 2139 uno
2443 2102 2654 2155 genere
2688 2090 2918 2140 tentaus
2964 2086 3094 2157 (17).
3141 2088 3323 2141 Multa:
3368 2089 3523 2142 enim

1898 2181 2030 2231 sunt
2088 2180 2425 2232 tentationes
2475 2180 2597 2248 ejus
2660 2196 2904 2249 quorum
2970 2180 3285 2249 primordia
3336 2187 3518 2235 sunt:

1897 2270 2233 2337 idololatria,
2284 2273 2537 2326 mcechiae
2588 2272 2717 2343 (18),
2768 2273 2937 2338 furta,
2988 2273 3219 2343 rapinae,
3269 2274 3522 2342 avaritia,

1896 2363 2069 2432 fraus,
2112 2364 2375 2431 ebrietas,
2424 2365 2815 2434 impatientia,
2866 2366 3240 2433 adulterium,
3288 2367 3525 2420 homici-

1899 2456 2084 2523 dium,
2134 2458 2304 2523 zelus,
2358 2458 2616 2527 perfidia,
2658 2458 2802 2510 falsa
2846 2458 3189 2526 testimonia,
3234 2460 3522 2529 eloquium

1899 2551 2121 2618 falsum,
2154 2551 2382 2617 invidia,
2429 2552 2772 2615 extollentia,
2821 2551 3213 2618 maledictum,
3254 2568 3435 2619 error,
3470 2560 3524 2607 et

1894 2644 1940 2696 si
1972 2662 2085 2716 qua
2125 2650 2255 2697 sunt
2290 2644 2492 2697 similia
2526 2661 2655 2715 quae
2697 2645 2785 2697 his
2825 2649 3178 2713 congruunt;
3212 2661 3281 2699 ex
3321 2646 3525 2716 quibus

1894 2740 1978 2790 est
2006 2738 2144 2791 aleae
2172 2737 2382 2790 tabula.

1966 2833 2147 2906 831
2186 2836 2270 2887 Vl.
2320 2835 2526 2887 Praeest
2547 2834 2593 2867 ²⁸
2638 2834 2843 2888 diaboli
2888 2835 3123 2904 laqueus
3166 2836 3520 2903 manifestus,

1894 2942 2181 2981 venenum
2236 2932 2470 2997 portans
2530 2927 2733 2981 lethale
2799 2928 3098 2997 serpentis,
3169 2934 3225 2981 et
3265 2929 3520 2983 inductio

1895 3036 2303 3089 corrumpens;
2335 3036 2461 3090 qua:
2508 3036 2640 3073 cum
2680 3019 2902 3073 videtur
2946 3020 3089 3073 nihil
3130 3036 3272 3089 esse,
3316 3038 3522 3092 magna

1895 3113 2160 3183 amplexu
2182 3114 2228 3147 ²⁶
2283 3113 2539 3184 operitur
2594 3112 2804 3166 deletio
2858 3113 2984 3183 (l9).
3037 3113 3183 3176 Quid
3227 3114 3367 3167 illud
3414 3118 3517 3181 est,

1893 3223 2103 3277 quaeso,
2136 3207 2349 3273 fideles,
2390 3211 2455 3261 ut
2491 3222 2693 3260 manus
2734 3222 2859 3276 qua:
2895 3206 3011 3276 jam
3044 3206 3151 3275 (20)
3191 3207 3261 3260 ab
3302 3207 3521 3277 injuriis

1894 3300 2158 3353 humanis
2189 3300 2408 3370 expiata
2448 3303 2553 3367 est,
2589 3304 2641 3354 et
2681 3300 2751 3353 ad
2784 3298 3122 3353 sacriﬁcium
3160 3300 3522 3355 Dominicum

1895 3392 2137 3446 admissa
2177 3394 2310 3464 (21),
2360 3399 2415 3447 et
2458 3393 2607 3463 quod
2660 3392 2730 3445 ad
2776 3392 3017 3446 salutem
3062 3392 3231 3446 totius
3277 3393 3523 3447 hominis

1894 3490 2161 3561 pertinet,
2215 3492 2609 3561 dignatione!7
2663 3489 2929 3560 suscipit;
2991 3506 3119 3561 quae
3167 3491 3240 3544 ad
3296 3492 3523 3545 laudem

1897 3589 2119 3643 Domini
2164 3588 2270 3658 (22)
2323 3590 2379 3642 in
2425 3589 2653 3643 oraculo
2704 3588 2995 3658 exsurgit;
3040 3604 3169 3657 que
3196 3589 3245 3622 ³⁸
3293 3589 3523 3659 signum

1896 3682 2076 3736 crucis
2104 3682 2233 3751 (23),
2266 3699 2371 3752 per
2406 3682 2558 3753 quod
2599 3688 2845 3748 tuemur,
2884 3682 3163 3735 frontibus
3196 3681 3475 3751 imprimit
3507 3701 3519 3737 :

1897 3773 2019 3844 ipsa
2066 3790 2194 3845 qua:
2222 3776 2268 3811 ²⁹
2319 3774 2506 3828 divina
2554 3779 2905 3829 sacramenta
2935 3774 3043 3844 (24)
3092 3780 3453 3829 consummat
3504 3792 3518 3829 ε

1532 3955 1737 4021 Varie
1792 3956 2130 4023 lectiones.

233 4112 274 4141 ¹⁴
298 4100 636 4171 Episcopum
658 4106 781 4158 Bod.
819 4107 863 4159 1.

164 4187 218 4231 et
242 4181 352 4243 Ep.
387 4180 529 4242 negl.
563 4181 612 4229 ei
642 4179 765 4229 Bod.
798 4180 819 4227 1
928 4178 962 4212 ι’
992 4181 1198 4230 Omnes
1226 4180 1345 4229 Bod.
1384 4184 1423 4231 1.
1452 4180 1600 4232 Corb.

954 4110 992 4142 ‘5
1026 4103 1094 4159 Et
1118 4105 1314 4159 cohab.
1339 4112 1527 4159 nostro
1557 4111 1776 4161 nullum
1810 4112 1936 4162 Bod.
1974 4114 2012 4161 l.

1699 4181 1741 4215 ³ο
1760 4184 2057 4245 Apostolus
2088 4184 2233 4232 idem
2262 4184 2317 4232 P.
2352 4182 2473 4232 Bod.
2502 4184 2544 4231 1.

2759 4106 2796 4142 ¹⁷
2828 4106 2951 4160 Sint
2980 4108 3106 4159 Bod.
3140 4109 3187 4158 1.
3280 4107 3319 4141 "
3346 4109 3521 4159 Tanto

3328 4181 3369 4211 ”
3406 4175 3525 4229 Nisi

2104 4108 2142 4147 ¹⁸
2170 4112 2441 4163 Dominus
2463 4111 2591 4162 Bod.
2620 4110 2664 4160 1.

2646 4184 2684 4214 ²¹
2711 4182 2771 4230 In
2798 4180 3003 4230 bonum
3035 4179 3162 4228 Bod.
3184 4180 3231 4228 1.

160 4251 375 4301 feceris
402 4251 529 4309 Bod,
557 4253 601 4299 1.
672 4249 712 4282 ³³
741 4250 939 4300 Nescio
963 4251 1085 4300 Bod.
1117 4252 1160 4299 1.
1229 4250 1275 4284 ²⁴
1306 4249 1582 4301 Unitatem
1611 4256 1663 4301 et
1691 4260 2091 4303 consonantem
2116 4254 2479 4303 monitionem
2501 4251 2767 4302 docemur
2790 4266 2861 4300 ne
2894 4264 3022 4301 cum
3050 4249 3157 4299 del.
3186 4250 3306 4299 frat.
3336 4250 3526 4300 cibum

164 4321 296 4371 Bod.
336 4321 380 4369 1.
448 4322 489 4352 ³⁵
514 4322 600 4370 Sic
633 4320 757 4370 Bod.
788 4321 833 4369 1.
870 4322 1027 4385 Impr.
1050 4322 1253 4371 Praesto
1279 4326 1377 4372 est.
1446 4321 1878 4386 “Amplexibus
1912 4326 2036 4375 Bod.
2066 4328 2110 4375 1.
2177 4325 2236 4374 27
2275 4325 2397 4387 Ipsa
2426 4325 2536 4387 dig.
2566 4323 2689 4373 Bod.
2729 4323 2773 4372 1.
2839 4319 2881 4354 ’⁸
2911 4322 3034 4384 Ipsa
3054 4321 3154 4384 sig.
3192 4319 3317 4370 Bod.
3349 4322 3392 4370 1.
3478 4324 3519 4353 ”

164 4393 319 4456 Ipsa,
346 4390 415 4440 ab
445 4391 569 4440 Bod.
602 4392 646 4440 1.

1510 4480 1674 4546 Edit.
1723 4483 1928 4548 Oxon.
1978 4490 2176 4548 notae.

231 4600 335 4664 (10)
384 4599 743 4690 Οοζιιζὸραξονέ
788 4603 985 4649 nostra.
1033 4598 1339 4690 ἔρρει-Ηυξ]
1411 4607 1456 4650 et
1525 4604 1872 4690 particulaD
1895 4604 2259 4690 nioe‘ctliiaznpro
2294 4616 2358 4653 eo
2386 4602 2531 4690 qupd
2559 4604 2692 4659 erat,
2727 4598 2943 4690 mechi.

158 4676 359 4724 locum
388 4664 648 4719 reddebat
678 4670 995 4719 obscurum.
1033 4670 1249 4719 PAMEL.

224 4745 334 4803 (11)
356 4742 479 4792 Sine
513 4741 855 4790 tribulatione
887 4743 1149 4805 corporis.
1180 4740 1286 4793 Hic
1312 4742 1475 4793 velim
1520 4744 1799 4808 adjectum

161 4817 353 4865 etiam.
389 4814 605 4862 PAMEL.

227 4885 339 4946 (12)
394 4885 456 4932 Et
512 4897 626 4933 cum
676 4884 835 4947 digno
871 4888 1031 4934 statu.
1072 4885 1300 4934 Prorsus
1352 4884 1476 4949 lego
1528 4888 1798 4951 condigna.

160 4958 395 5006 PAMEL.

227 5026 338 5087 (13)
382 5024 634 5076 Providus
680 5030 725 5075 et
767 5024 1021 5076 sollicitus
1066 5026 1213 5076 dicit.
1264 5028 1505 5080 Omnino
1554 5034 1609 5079 et
1653 5028 1800 5078 istud

157 5100 319 5161 lego,
345 5110 444 5161 pro
472 5097 666 5147 dicens.
695 5097 913 5147 Pumn.

227 5170 335 5229 (14)
383 5169 448 5217 Et
495 5169 551 5216 in
592 5169 849 5219 doctrinis
895 5168 1265 5233 apostolorum.
1310 5168 1465 5221 Unde
1502 5169 1625 5222 haec
1668 5172 1803 5221 citat

156 5242 407 5297 nescio;
440 5253 621 5303 neque
672 5242 818 5290 enim
852 5242 1206 5305 reperiuntur
1249 5245 1342 5290 aut
1384 5242 1439 5290 in
1481 5241 1800 5292 Canonibus

156 5316 267 5363 aut
294 5313 353 5361 in
384 5312 888 5363 Constitutionibus
917 5314 1249 5377 apostolicis.
1281 5314 1491 5364 PAMEL.

224 5382 333 5450 (15)
392 5388 519 5437 Cum
579 5385 1013 5450 delinquentibus.
1070 5386 1309 5438 Rursum
1374 5388 1657 5438 omisimus
1716 5403 1797 5449 ne,

156 5456 505 5523 particulam
531 5452 884 5518 superfluam.
917 5454 1129 5505 pAMEL.

227 5528 340 5587 (16)
372 5526 537 5587 Quam
572 5540 770 5589 magna
805 5532 851 5575 et
880 5527 1033 5589 larga
1062 5528 1229 5590 pietas
1266 5528 1477 5579 Domini
1503 5528 1617 5591 lilii.
1655 5529 1801 5592 Lego

157 5600 289 5651 Dei.
318 5599 537 5646 PAMEL.

228 5666 342 5730 (17)
392 5671 509 5719 Non
553 5682 661 5719 uno
710 5683 891 5733 genere
944 5674 1169 5721 tantane.
1232 5670 1447 5722 Censeo
1505 5671 1799 5737 legendum

155 5740 499 5794 tentationis.
532 5738 749 5791 PAMEL.

228 5812 341 5879 (18)
405 5811 649 5864 Maenia.
709 5812 937 5864 Prorsus
1000 5816 1095 5867 aut
1149 5810 1257 5867 hoc
1322 5811 1643 5880 legendum,
1706 5816 1802 5868 aut

501 5901 776 5972 PATROL.
802 5902 905 5972 IV.

1961 4679 2059 4739 (19)
2094 4679 2286 4739 Magna
2330 4674 2577 4738 amplexu
2606 4674 2843 4734 operitur
2870 4669 3076 4721 delatio.
3104 4669 3285 4721 Locus
3327 4671 3516 4722 multis

1900 4752 2313 4810 est,corruptus.
2344 4748 2559 4795 PAMEL.

1964 4819 2057 4879 (20)
2088 4822 2281 4868 Manus
2319 4832 2436 4882 que
2470 4820 2610 4881 jam.
2653 4816 2891 4866 Omnino
2922 4814 3044 4878 lego
3078 4812 3201 4873 hoc,
3242 4828 3341 4877 pro
3374 4819 3479 4864 tam
3499 4831 3517 4879 ,-

1900 4888 2098 4951 adjicio
2130 4902 2275 4949 vero,
2301 4895 2393 4948 est,
2415 4902 2482 4937 ex
2513 4887 2812 4937 Antonino.
2842 4886 3058 4934 PAMBL.

1964 4961 2062 5021 (21)
2093 4961 2174 5009 Ad
2200 4960 2521 5021 sacriﬁcium
2547 4958 2875 5007 Dominicum
2905 4957 3157 5006 admissa.
3182 4957 3295 5005 Aut
3317 4956 3515 5007 alludit

1901 5032 1967 5080 ad
2000 5036 2243 5081 veterem
2287 5028 2768 5088 consuetudinem,
2805 5028 2873 5077 de
2912 5041 3021 5091 qua
3046 5026 3187 5076 libro
3223 5028 3286 5077 de
3320 5029 3519 5091 Lapsis,

1900 5106 1995 5152 aut
2024 5101 2194 5165 (quod
2224 5103 2397 5163 magis
2430 5104 2653 5163 apparet
2682 5113 2749 5149 ex
2778 5097 3162 5161 sequentibus)
3197 5098 3266 5147 de
3294 5099 3521 5162 presby-

1900 5174 2030 5223 teris
2052 5173 2316 5237 loquitur.
2351 5172 2567 5220 PAMEL.

1962 5244 2065 5305 (ἐξ)
2109 5246 2231 5305 Quae
2272 5242 2342 5292 ad
2387 5241 2592 5291 laudem
2636 5240 2863 5290 Domini.
2906 5239 3000 5289 Sic
3034 5241 3184 5289 recte
3224 5240 3428 5290 Anton.
3466 5245 3521 5291 et

1900 5314 2132 5365 Morellii
2159 5314 2386 5378 quidam
2414 5312 2609 5371 codex,
2640 5326 2737 5375 pro
2764 5312 2898 5374 ipsa.
2925 5311 3137 5360 PAMIL.

1963 5388 2059 5449 (9.3)
2101 5388 2218 5446 Quae
2255 5388 2463 5448 signum
2493 5386 2681 5441 crucis,
2708 5388 2815 5433 etc.
2862 5383 2981 5431 Hoc
3012 5383 3206 5431 iterum
3238 5396 3306 5433 ex
3340 5385 3521 5433 Anto-

1899 5459 2034 5508 nino
2062 5472 2159 5520 pro
2192 5472 2255 5506 eo
2285 5457 2434 5520 quod
2464 5459 2597 5513 erat,
2626 5456 2739 5517 ipsa
2768 5465 2865 5517 per
2891 5467 3050 5517 quam
3084 5460 3289 5503 tuemur
3311 5457 3519 5518 signum

1899 5530 2066 5580 Crucis
2094 5530 2144 5577 in
2172 5528 2445 5590 frontibus.
2484 5528 2698 5576 PAMEL.

1962 5602 2065 5663 (24)
2096 5601 2213 5662 Ipsa
2239 5612 2356 5662 qua:
2389 5597 2570 5647 divina
2593 5601 2946 5647 sacramenta.
2977 5597 3145 5646 Juxta
3192 5597 3518 5660 praeceden-

1900 5675 2009 5722 tem
2036 5672 2299 5721 Antonini
2335 5669 2650 5731 lectionem,
2681 5681 2793 5719 non
2820 5681 2943 5718 sum
2969 5668 3177 5718 veritus
3196 5670 3519 5719 interserere

1900 5756 2033 5811 que.
2064 5744 2283 5795 Pansa.

3135 5900 3226 5964 29
