4032 6180
479 229 578 285 907

1080 227 1166 285 AI)
1205 227 1429 284 OPERA
1468 224 1526 282 S.
1567 221 1880 283 CYPBIANI
1917 223 2213 282 GENUINA
2249 223 2532 280 APPEND.
2565 221 2630 277 11.
2671 249 2740 262 ·-
2778 217 3246 277 SUPPOSITITIA.

3692 220 3780 279 908

480 355 614 426 quid
646 361 748 420 est,
791 356 1024 425 inquam
1067 353 1198 424 (25),
1240 357 1307 407 ut
1350 353 1557 406 iterum
1600 353 1812 423 laqueis
1863 350 2094 413 diaboli,
2121 349 2563 434 Ahacreditates
2618 348 2721 402 sub
2779 363 3032 402 ossorum
3093 343 3424 400 multiformi
3494 363 3714 403 numero
3741 350 3780 382 ³⁸

479 449 629 502 unde
659 453 824 502 exuta
855 453 957 517 est,
989 448 1315 517 implicetur
1353 449 1410 500 et
1452 462 1554 515 per
1587 446 1705 516 ipsa
1749 443 2100 499 damnetur?

477 541 776 597 Aleatrices
820 556 1040 607 manus,
1088 540 1387 594 libidinoso
1433 538 1622 592 studio
1660 543 2096 603 consueverunt,

476 630 533 684 id
557 633 660 694 est,
679 629 815 682 aleae
833 628 1058 696 tabulae;
1083 628 1230 698 quod
1251 633 1336 681 est
1357 627 1564 680 diaboli
1587 626 1934 680 venabulum
1949 626 2016 691 ³ο,
2043 628 2102 678 et

481 721 670 776 delicti
690 722 896 775 vulnus
916 723 1020 792 (26)
1039 720 1369 774 insanabile.
1394 720 1545 773 Aleae
1567 719 1814 773 tabulam
1836 719 1980 786 dico,
2001 718 2098 772 ubi

477 813 732 868 diabolus
754 820 956 884 prmsto
978 819 1081 879 est,
1103 813 1172 866 ad
1194 814 1236 847 ³¹
1259 812 1714 882 amicapiendum
1741 811 2094 878 summissus,

478 912 532 962 et
560 923 689 961 cum
712 907 925 977 ceperit
945 907 1014 960 de
1035 906 1251 976 captivo
1277 905 1654 975 triumphum,
1675 905 1932 975 perﬁdia,
1957 904 2098 957 falsa

477 1000 815 1055 testimonia.
856 1000 1124 1052 Tabulam
1171 1000 1305 1052 alea:
1347 999 1498 1065 dico;
1546 997 1641 1051 ubi
1689 997 1990 1063 dementia,
2041 1003 2096 1050 et

475 1093 624 1146 furia
657 1094 786 1162 (27),
819 1097 874 1146 et
902 1092 1098 1145 venale
1127 1090 1466 1161 perjurium,
1496 1090 1799 1160 imperium
1835 1095 1890 1143 et
1925 1091 2092 1143 collo-

477 1186 676 1255 quium
724 1185 1133 1254 serpentinum.
1188 1184 1301 1237 Illic
1361 1183 1582 1236 rabiosa
1643 1183 1890 1236 amicitia
1947 1183 2092 1252 (28),

476 1277 589 1331 illic
629 1276 964 1331 atrocissimi
1010 1276 1232 1329 sceleris
1285 1276 1605 1330 fraternitas
1632 1276 1678 1309 ³³
1724 1276 1834 1344 (‘29)
1881 1274 2094 1330 discor-

481 1370 643 1436 dans,
709 1370 820 1423 illic
880 1369 1124 1422 convicia
1183 1374 1238 1421 et
1292 1367 1523 1422 audacia
1587 1384 1750 1433 saeva,
1811 1373 1868 1420 et
1933 1383 2094 1422 mens

476 1463 695 1530 insana,
743 1464 799 1515 et
839 1462 960 1515 fera
1004 1460 1377 1530 impatientia.
1422 1460 1572 1514 Alea:
1621 1460 1874 1514 tabulam
1923 1461 2088 1529 dico;

475 1555 566 1608 ubi
613 1553 1038 1624 possessionum
1082 1553 1331 1619 amissio,
1376 1556 1433 1606 et
1473 1553 1842 1624 pecuniarum
1885 1554 2088 1624 ingen-

471 1648 611 1702 tium
641 1647 687 1680 ³³
717 1645 980 1718 perditio,
1010 1649 1353 1712 monstrum,
1382 1649 1440 1701 et
1465 1647 1859 1700 demonstrans
1889 1646 2092 1717 litigio-

472 1757 618 1807 sum,
645 1740 809 1794 furax
837 1739 1148 1793 dementia.

542 1834 653 1887 VII.
706 1832 749 1886 Ο
804 1833 1118 1886 aleatorum
1175 1832 1375 1899 noxia,
1429 1831 1776 1899 sedentaria,
1818 1838 1874 1887 et
1925 1833 2092 1903 pigra

469 1923 757 1996 nequitia!
797 1924 840 1978 Ο
883 1940 1082 1978 manus
1121 1925 1399 1989 crudeles,
1443 1928 1499 1978 et
1534 1925 1606 1978 ad
1647 1925 1963 1994 periculum
2004 1924 2090 1978 sui

475 2023 730 2085 armatae,-
757 2033 884 2086 quze
915 2017 1066 2071 bona
1096 2021 1334 2087 paterna
1364 2021 1422 2071 et
1445 2033 1583 2088 Opes
1617 2035 1851 2071 avorum
1883 2019 2086 2072 sudore

471 2110 736 2182 quesitas
773 2109 884 2180 (30)
928 2109 1305 2180 ignominioso
1341 2110 1528 2164 studio
1567 2111 1883 2180 dilapidant
1913 2129 1925 2165 :
1962 2128 2086 2165 ma-

473 2221 580 2257 nus
613 2208 764 2269 trux,
793 2203 960 2256 noxia
990 2209 1047 2257 et
1072 2203 1344 2256 insomnis
1373 2209 1535 2257 nocte
1573 2204 1778 2273 dieque
1807 2204 2088 2258 continuis

469 2297 982 2350 instrumentorum
1011 2312 1246 2349 suorum
1287 2296 1572 2367 armigera
1604 2312 1616 2350 :
1646 2313 1773 2367 quas
1803 2297 2088 2367 peccando

469 2390 713 2460 seipsam
744 2389 1049 2454 damnavit,
1083 2395 1138 2442 et
1163 2395 1290 2459 post
1321 2395 1547 2459 peccata
1581 2407 1697 2444 non
1728 2390 1935 2444 desinit
1970 2391 2082 2446 ire!

469 2483 512 2536 Ο
541 2498 790 2553 nequam
817 2498 1041 2549 manus,
1068 2482 1125 2535 in
1151 2482 1467 2552 perniciem
1493 2482 1710 2537 domini
1737 2484 1821 2537 sui
1850 2491 2083 2551 armata,

467 2593 592 2647 qua:
618 2575 990 2630 sordidissimi
1015 2575 1145 2629 aeris
1168 2578 1344 2628 totam
1370 2575 1746 2632 substantiam
1773 2577 1993 2647 perdit;
2027 2580 2086 2632 et

465 2685 598 2723 eum
624 2672 710 2722 tot
737 2673 921 2722 essent
944 2668 1220 2738 augendas
1247 2666 1440 2740 832
1469 2670 1549 2724 rei
1574 2670 1682 2740 (31)
1708 2671 2004 2724 familiaris
2029 2675 2086 2725 et

462 2762 771 2816 multarum
797 2760 1157 2814 abundantiae
1184 2777 1378 2832 Opum,
1410 2761 1582 2816 modo
1599 2762 1761 2833 inops
1781 2767 1838 2817 et
1862 2780 2085 2834 pauper

467 2853 586 2908 est!
633 2853 763 2908 Alea
809 2858 912 2919 est,
963 2869 1134 2922 quam
1178 2853 1265 2906 lex
1317 2854 1434 2908 odit
1471 2871 1484 2908 :
1527 2856 1646 2910 alea
1694 2860 1798 2922 est,
1839 2871 2010 2927 quam
2035 2857 2082 2890 “

465 2945 720 3016 sequitur
761 2945 978 3000 crimen
1019 2945 1310 3015 ignobile;
1345 2946 1440 3000 ubi
1478 2948 1776 3003 manifesta
1819 2948 2080 3016 tentatio,

2200 442 2581 514 dispergant?

2268 623 2402 677 VIII.
2443 622 2538 676 Est
2563 626 2618 676 et
2647 621 2878 692 quando
2903 621 3015 692 ipsi
3041 621 3318 675 aleatores
3346 635 3473 674 cum
3502 620 3783 691 prostitutis

2199 714 2527 769 mulieribus
2553 730 2726 785 penes
2750 719 3038 769 auctorem
3059 730 3225 768 suum
3249 716 3552 767 nocturnas
3571 713 3780 784 vigilias,

2197 806 2398 860 clausis
2436 807 2671 874 foribus,
2718 807 3010 861 celebrant
3052 824 3064 861 :
3109 809 3405 860 armantur
3450 805 3697 860 adversus
3734 824 3783 862 se

2199 899 2418 967 miseri,
2458 900 2659 970 spiritu
2705 899 2914 953 diaboli
2955 899 3181 970 repleti;
3229 905 3284 954 et
3325 899 3437 953 illic
3476 899 3668 969 duplex
3703 904 3788 954 aut

2196 992 2496 1063 geminum
2544 993 2758 1046 crimen
2809 993 3132 1047 admittunt.
3181 992 3278 1046 Hic
3329 996 3622 1062 concrepat
3662 993 3785 1047 alea:

2197 1102 2389 1153 sonus,
2423 1086 2537 1139 illic
2566 1085 2792 1140 silentio
2824 1091 3093 1156 operatur
3117 1085 3363 1139 incestus
3390 1101 3404 1139 :
3434 1085 3522 1138 hic
3551 1085 3662 1139 sine
3686 1086 3786 1140 ullo

2197 1179 2490 1248 dignitatis
2546 1196 2661 1232 suae
2719 1183 3014 1249 respectu,
3070 1179 3190 1232 sine
3252 1179 3369 1232 ulla
3434 1179 3782 1247 excusatione,

2194 1273 2462 1342 pestifero
2516 1272 2700 1326 studio
2764 1272 2960 1326 cedere
3011 1272 3175 1326 bonis
3229 1273 3343 1326 suis
3397 1271 3641 1342 cogitur;
3691 1271 3787 1326 illic

2193 1369 2412 1420 secreto
2480 1365 2726 1420 mortale
2791 1381 3074 1419 venenum
3154 1364 3387 1420 bibitur.
3474 1365 3624 1419 Unde
3682 1365 3784 1419 haec

2193 1458 2466 1529 sacrilega
2515 1458 2828 1524 meditatio,
2872 1457 3028 1513 unde
3075 1458 3182 1512 hoc
3229 1458 3471 1524 crimen,
3517 1460 3783 1512 auctorum

2190 1555 2516 1610 testimonio
2547 1555 3032 1626 comprobamus?
3059 1556 3199 1610 Cum
3239 1554 3393 1609 enim
3425 1554 3651 1625 quidam
3687 1561 3784 1609 stu-

2192 1648 2288 1702 dio
2323 1649 2638 1702 litterarum
2681 1648 2823 1703 bene
2875 1647 3149 1716 eruditus,
3193 1647 3437 1702 multum
3483 1647 3785 1703 meditando

2110 1719 2167 1790 B
2191 1742 2296 1796 hoc
2322 1742 2367 1776 ³⁷
2401 1742 2613 1795 malum
2644 1747 2700 1795 et
2728 1746 2844 1795 tam
2875 1741 3254 1812 perniciosum
3285 1741 3538 1795 studium
3574 1741 3782 1795 adinve-

2190 1835 2295 1902 nit,
2338 1833 2604 1888 instinctu
2647 1835 2815 1888 solius
2859 1833 3056 1888 Zabuli
3098 1834 3227 1906 (34),
3268 1833 3371 1906 qui
3415 1850 3544 1888 eum
3592 1834 3786 1889 artibus

2191 1927 2305 1983 suis
2335 1929 2694 1998 repleverat;
2737 1928 2882 1981 hanc
2921 1944 3057 1998 ergo
3095 1933 3287 1982 autem
3325 1927 3595 1993 ostendit,
3633 1944 3784 1998 quam

2190 2026 2249 2076 et
2277 2023 2574 2076 colendam
2606 2021 2906 2091 sculpturis
2932 2037 3061 2074 cum
3090 2037 3191 2074 sua
3218 2021 3469 2091 imagine
3496 2019 3783 2074 fabricavit.

2189 2114 2397 2169 Statuit
2435 2114 2628 2185 itaque
2676 2114 2993 2185 imaginem
3039 2098 3196 2168 suam
3245 2130 3377 2168 cum
3429 2113 3672 2168 nominis
3713 2114 3784 2166 sui

2187 2207 2614 2277 subscriptione,
2656 2211 2996 2276 suggerente
3030 2206 3134 2259 sibi
3169 2199 3384 2272 amico,”
3415 2207 3514 2276 qui
3553 2209 3616 2260 ut
3655 2207 3784 2260 hanc

2187 2306 2366 2355 artem
2443 2299 2790 2371 excogitaret
2856 2301 2915 2354 in
2995 2302 3222 2370 pectore
3305 2299 3547 2368 subjecit
3584 2301 3647 2353 ³⁸.
3705 2300 3784 2355 Sic

2186 2410 2322 2465 ergo
2378 2411 2438 2448 se
2499 2395 2559 2446 in
2614 2393 2864 2465 imagine
2926 2395 3175 2464 speciosa
3223 2393 3638 2462 demonstrans,
3682 2395 3782 2447 alto

2185 2488 2429 2559 quodam
2489 2488 2609 2542 loco
2673 2486 2959 2553 condidit,
3031 2489 3087 2540 et
3153 2486 3212 2540 in
3276 2487 3436 2541 sinus
3504 2504 3631 2542 suos
3690 2488 3782 2556 (35)

2185 2582 2333 2635 hanc
2370 2581 2504 2634 aleae
2540 2580 2791 2634 tabulam
2823 2583 3074 2651 gestans,
3108 2586 3170 2633 ut
3207 2581 3369 2650 quasi
3406 2580 3528 2651 ipse
3560 2581 3705 2634 lusor
3737 2585 3786 2633 et

2184 2675 2521 2728 adinventor
2576 2674 2746 2744 hujus
2808 2673 3035 2727 malitiae
3096 2678 3434 2743 appareret,
3499 2674 3652 2744 cujus
3702 2689 3789 2726 no-

2185 2783 2320 2821 men
2368 2785 2401 2821 a
2448 2766 2544 2821 Dei
2591 2767 2765 2821 servis
2818 2765 3103 2821 nominari
3151 2783 3266 2820 non
3323 2766 3564 2821 deberet
3615 2764 3786 2838 833

2187 2861 2282 2929 (sic
2321 2861 2471 2914 enim
2511 2860 2568 2913 in
2607 2860 2840 2914 nomine
2875 2860 3056 2930 turpis
3087 2863 3192 2924 est,
3226 2859 3522 2930 quomodo
3560 2860 3616 2914 in
3646 2861 3786 2914 factis

2182 2952 2432 3024 iniquus)
2474 2957 2531 3007 et
2567 2953 2806 3024 quisque
2846 2952 2943 3006 Dei
2989 2969 3183 3006 servus
3223 2953 3362 3007 aleae
3404 2953 3648 3007 tabulam
3679 2968 3783 3006 am-

467 3041 526 3093 et
563 3055 730 3109 poena
775 3039 1012 3093 occulta.
1054 3039 1192 3092 Alea
1235 3043 1321 3093 est
1362 3041 1550 3094 alveus
1572 3042 1618 3075 ³⁵
1664 3041 1800 3095 mali
1850 3041 1982 3111 (32),
2025 3045 2462 3151 ethlectitur,
2529 3046 2774 3100 auctoris
2833 3045 3064 3100 nomine
3113 3050 3430 3100 vocaretur.
3491 3045 3588 3101 llle
3650 3047 3783 3101 enim

463 3132 846 3202 supplantatio
889 3131 1076 3198 amici,
1117 3147 1244 3201 qua:
1291 3149 1392 3186 nec
1441 3133 1661 3188 lucrum
1701 3135 1940 3202 confert,
1984 3135 2079 3189 sed

462 3231 646 3280 totum
685 3223 984 3278 consumit.
1014 3223 1152 3278 Hinc
1195 3224 1398 3279 deinde
1438 3242 1716 3296 pauperes
1749 3227 1914 3296 ﬁunt,
1949 3227 2080 3281 hinc

467 3333 600 3388 opes
631 3333 758 3371 suas
787 3317 1066 3387 perdunt;
1093 3316 1248 3383 hinc,
1280 3318 1401 3387 jam
1437 3321 1788 3390 consumptis
1818 3320 2082 3374 omnibus

462 3410 633 3464 rebus
674 3410 810 3476 suis,
852 3409 1064 3464 mutuis
1103 3410 1358 3480 pecuniis
1396 3427 1454 3465 se
1490 3411 1739 3467 obruunt
1771 3429 1784 3467 :
1821 3412 1952 3467 hinc
1983 3430 2082 3485 pa-

459 3503 819 3569 trimonium,
856 3503 975 3556 sine
1013 3503 1126 3556 ulla
1157 3503 1262 3557 fori
1301 3504 1585 3559 calumnia
1616 3506 1750 3577 (33),
1785 3507 2075 3560 amittunt.

460 3600 647 3664 Qualis
688 3603 774 3652 est
813 3599 901 3665 lis,
944 3604 1004 3653 ut
1041 3617 1180 3671 quos
1222 3617 1391 3656 nemo
1433 3603 1815 3673 persequitur,
1863 3604 2079 3675 seipsos

462 3709 568 3764 per
625 3692 900 3749 invidiam
981 3695 1444 3765 persequantur?
1502 3700 1563 3750 ut
1623 3702 1886 3767 paternas
1952 3713 2079 3752 suas

2180 3156 2310 3193 cum
2354 3155 2412 3193 se
2450 3139 2508 3192 in
2549 3139 2880 3193 statunculis
2907 3142 2968 3193 et
3006 3138 3322 3192 simulacris
3364 3139 3478 3209 (36)
3512 3139 3781 3203 formaret,

2181 3231 2335 3286 aliud
2367 3231 2583 3286 crimen
2613 3231 2919 3296 adinvenit,
2950 3249 3063 3303 quo
3091 3249 3148 3286 se
3176 3231 3247 3285 ab
3278 3232 3663 3287 imitatoribus
3687 3231 3785 3286 suis

2181 3325 2227 3359 ³⁸
2259 3325 2554 3380 colendum
2597 3326 2726 3394 {37),
2771 3328 2831 3379 et
2872 3325 2976 3379 sibi
3023 3324 3464 3379 sacriﬁcandum
3516 3324 3781 3390 instituit;

2179 3417 2260 3473 ita
2299 3422 2362 3472 ut
2400 3417 2496 3489 qui
2538 3418 2705 3472 vellet
2745 3418 2930 3473 studio
2978 3418 3099 3488 ejus
3143 3418 3459 3487 adhaerere,
3518 3435 3628 3472 non
3671 3420 3784 3471 ante

2180 3527 2416 3565 manum
2456 3511 2513 3565 in
2556 3511 2806 3566 tabulam
2853 3512 3188 3582 porrigeret,
3231 3511 3341 3566 nisi
3381 3513 3603 3567 auctori
3639 3510 3785 3580 hujus

2178 3604 2336 3675 prius
2383 3604 2765 3658 sacriﬁcasset.
2818 3605 2949 3659 Inde
3006 3605 3216 3659 factum
3265 3609 3368 3672 est,
3418 3611 3484 3660 ut
3529 3606 3661 3659 olim
3701 3603 3784 3674 qui

2179 3697 2352 3752 homo
2383 3697 2590 3766 fuerat,
2621 3703 2674 3752 et
2712 3697 2978 3752 facinoris
3003 3698 3362 3754 admissionis
3397 3699 3640 3770 adulter,
3673 3700 3784 3769 post

1833 3928 2038 3993 Varic'e
2091 3929 2427 3995 lectiones.

464 4081 481 4122 ε
525 4075 567 4111 ³ο
595 4074 786 4126 Zabuli
814 4076 1024 4127 malum
1053 4076 1178 4128 Boa'.
1219 4077 1262 4128 1.
1331 4083 1370 4112 ³⁸
1395 4078 1464 4129 Et
1489 4079 1556 4130 ad
1591 4081 1757 4132 Bod.1
1850 4087 1890 4116 ³³
1921 4084 2266 4138 Immunitas.
2294 4084 2408 4134 illic
2435 4083 2559 4140 Bod,
2592 4085 2636 4134 1.

2738 4084 2778 4117 ³³
2807 4081 3077 4142 Perditus,
3108 4087 3163 4134 et
3203 4083 3349 4135 dem.
3377 4083 3460 4134 lit.
3495 4086 3571 4146 et,
3597 4082 3715 4134 Bod.
3743 4082 3779 4131 1.

461 4148 482 4179 ⁴
508 4146 824 4216 Insequitur
853 4148 972 4196 Bnd.
1004 4149 1050 4196 1.
1088 4151 1129 4180 ³⁵
1153 4149 1407 4212 Laqueus
1436 4156 1519 4200 est
1553 4151 1646 4202 ille
1677 4153 1808 4203 mali
1838 4154 1965 4204 Bod.
1994 4157 2037 4204 1.
2076 4155 2115 4189 ³⁸
2131 4157 2218 4204 Sic
2241 4155 2385 4206 σοι-ὁ.
2413 4155 2538 4216 Imp.
2565 4152 2682 4203 Sub
2709 4153 2955 4203 hostium
2993 4166 3222 4203 suorum
3250 4153 3454 4205 mallit”.
3489 4167 3640 4204 num.
3673 4152 3782 4203 Dis-

461 4215 689 4279 perdant
715 4215 840 4265 Bod.
879 4218 923 4264 1.
1017 4217 1056 4251 ³⁷
1086 4218 1287 4268 Malum
1311 4221 1450 4269 Lam.

455 4285 622 4337 candi
649 4285 754 4336 sibi
781 4290 959 4351 legem
983 4289 1299 4339 terminabit
1335 4305 1347 4339 :
1375 4292 1447 4342 ita
1470 4291 1595 4342 Bod.
1622 4293 1669 4342 1.

1550 4221 1591 4255 ³⁸
1621 4222 1706 4271 Sic
1730 4224 1878 4272 (:orb.
1916 4224 2041 4287 Imp.
2069 4225 2128 4274 In
2159 4228 2507 4288 peccatorum
2535 4224 2810 4274 subvenit.

2913 4223 2953 4254 ³⁹
2988 4222 3297 4273 Colendum
3331 4223 3561 4275 diceret.
3593 4222 3780 4275 sacrifi-

1785 4481 1949 4546 Edit.
1999 4483 2208 4547 Oxon.
2253 4488 2451 4548 notze.

531 4631 633 4693 (25)
702 4629 836 4691 Quid
889 4633 978 4691 est,
1049 4631 1282 4696 inquam.
1345 4631 1677 4684 Particulam
1734 4635 1953 4700 inquam
2009 4651 2076 4688 ex

462 4702 657 4753 eodem
695 4702 975 4750 Antonino
1009 4701 1186 4765 adjeci
1221 4718 1232 4750 :
1277 4705 1483 4768 quippe
1530 4705 1675 4768 apud
1719 4721 1884 4770 quem
1927 4707 2076 4758 haud

459 4772 628 4822 dubio
683 4771 764 4820 sic
812 4771 1126 4834 legendum,
1183 4787 1282 4836 pro
1333 4787 1398 4824 eo
1445 4776 1596 4839 quod
1655 4776 1839 4839 habet,
1887 4778 2094 4843 inquit.

459 4844 678 4893 PAMEL.

523 4915 626 4977 (‘26)
655 4911 864 4962 Diaboli
887 4913 1197 4963 venabulum
1226 4920 1272 4964 et
1305 4916 1482 4967 delicti
1498 4917 1708 4968 vulnus.
1741 4919 1876 4971 Haec
1910 4920 2076 4972 lectio

461 4996 684 5051 quoque
730 4984 851 5046 ejus
889 4984 1089 5047 placet,
1121 4999 1234 5047 prae
1276 4988 1516 5050 vulgata,
1561 4989 1752 5039 Zabuli
1791 4991 1989 5041 malum
2031 4997 2077 5042 et

460 5055 658 5107 diaboli
707 5053 916 5127 vulnus.
956 5055 1134 5127 iJuxta
1173 5069 1338 5118 quem
1385 5059 1586 5109 iterum
1639 5061 1802 5123 paulo
1855 5067 1980 5127 post
2027 5068 2077 5113 et

459 5125 931 5192 praetermisimus.
955 5126 1175 5175 PAMEL.

520 5197 618 5260 (27)
665 5195 758 5244 Ubi
802 5195 1066 5245 dementia
1109 5202 1154 5246 et
1194 5197 1359 5259 furia.
1409 5201 1740 5265 Antoninus,
1773 5203 1863 5254 ubi
1899 5195 2080 5257 mentis

457 5268 626 5330 furia.
660 5266 876 5315 PAMBL.

521 5337 624 5408 (28)
669 5335 781 5408 Illic
825 5335 1030 5408 rabiosa
1054 5339 1317 5408 amicitia.
1353 5339 1442 5391 Sic
1489 5343 1651 5394 etiam
1693 5346 1806 5408 ille,
1836 5350 1889 5397 et
1931 5349 2075 5400 alius

456 5406 684 5473 quidam
711 5405 941 5456 Morellii
966 5407 1159 5469 codex,
1190 5423 1287 5472 pro
1316 5410 1575 5463 rabidosa.
1606 5405 1822 5468 Parua-ri.

515 5477 617 5542 (29)
663 5476 881 5527 Sceleris
921 5479 1261 5538 fraternitas.
1306 5482 1386 5533 Ita
1438 5484 1579 5535 alius
1631 5487 1862 5538 Morellii
1897 5490 2072 5540 codex

453 5561 553 5614 pro
577 5546 898 5597 immanitas.
936 5549 1156 5600 PAMEL.

514 5619 609 5683 (30)
657 5619 786 5682 Opes
827 5633 1047 5672 avorum
1091 5623 1284 5675 sudore
1333 5628 1596 5688 quaesitas.
1627 5631 1786 5681 Alius
1838 5632 2072 5685 Morellii

453 5690 631 5745 codex
657 5690 973 5754 sudoribus,
1000 5695 1082 5745 sic
1107 5699 1163 5746 et
1197 5698 1402 5748 Anton.
1438 5699 1656 5752 PAMEL.

2097 4661 2154 4732 D
2178 4637 2535 4732 derigentes
2561 4640 3088 4732 ‘ff.°i°.f’ff.°.”"f:f.t“
3115 4633 3725 4732 Ξῖῗα¹¹θυίέῗίί¹έηῗὲἕέ¹⁴ῖ

2239 4709 2338 4771 (3-3)
2394 4708 2521 4758 Alea
2570 4715 2641 4758 est
2683 4707 2862 4758 alveus
2915 4705 3063 4766 mali,
3116 4711 3223 4756 etc.
3284 4705 3407 4756 Hoc
3460 4717 3678 4754 rursum
3722 4710 3779 4752 ex

2175 4780 2399 4840 Anton,
2457 4794 2554 4844 pro
2609 4779 2826 4843 laqueus
2875 4784 2944 4829 est
2991 4777 3080 4826 ille
3128 4776 3281 4839 mali,
3334 4779 3385 4824 et
3435 4776 3778 4840 supplantatio

2176 4851 2399 4913 inimici,
2424 4852 2540 4915 qui.
2575 4851 2794 4901 PAMEL.

2239 4922 2333 4985 (33)
2365 4922 2488 4970 Sine
2541 4921 2652 4971 ulla
2701 4922 2810 4983 fori
2847 4919 3137 4971 calumnia.
3177 4917 3263 4968 Ex
3303 4915 3499 4968 eodem
3539 4915 3656 4978 fon‘,
3692 4925 3776 4978 pro

2176 4994 2316 5056 forti.
2346 4992 2457 5044 Sed
2479 4993 2720 5043 vicissim
2747 4992 2893 5056 apud
2916 4992 3070 5040 illum
3097 4989 3479 5054 reponendum
3504 4987 3775 5044 calumnia,

2175 5078 2274 5128 pro
2297 5065 2531 5127 pecunia.
2558 5065 2776 5114 PAMEL.

2240 5125 2336 5193 (31)
2362 5137 2614 5185 lnstinctu
2643 5134 2808 5186 solius
2838 5133 3036 5184 Zabuli.
3080 5133 3201 5182 Hoc
3232 5143 3455 5195 quoque
3489 5142 3557 5179 ex
3582 5125 3772 5185 eodem,

2176 5221 2273 5271 pro
2302 5207 2576 5271 instigatu,
2613 5209 2708 5271 qui
2743 5207 2911 5257 etiam
2944 5205 3080 5269 legit
3107 5201 3435 5267 adimplevit,
3475 5215 3574 5265 pro
3612 5197 3772 5262 reple-

2173 5285 2352 5339 verat;
2381 5279 2476 5330 sed
2510 5279 2617 5328 hoc
2652 5278 2810 5329 male.
2840 5279 3053 5327 PAMEL.

2239 5351 2338 5413 (35)
2383 5353 2442 5400 In
2478 5351 2626 5400 sinus
2658 5363 2797 5400 suos.
2834 5349 3015 5409 Forte,
3063 5347 3121 5395 in
3153 5347 3274 5398 sinu
3301 5357 3431 5406 suo;
3479 5346 3563 5393 est
3607 5346 3770 5392 tamen

2173 5421 2358 5471 adhuc
2380 5421 2535 5471 locus
2557 5420 2828 5471 obscurus
2853 5423 2907 5469 et
2945 5417 3192 5467 mutilus.
3230 5417 3446 5466 PAMBL.

2237 5493 2336 5551 (36)
2364 5494 2419 5542 In
2447 5491 2759 5542 statunculis
2786 5495 2831 5540 et
2855 5489 3176 5540 simulacris.
3207 5486 3542 5551 Adjecimus,
3573 5486 3637 5545 et,
3658 5483 3769 5531 ante

2171 5563 2548 5612 desideratum.
2583 5563 2799 5612 PAMEL.

2234 5634 2332 5695 (37)
2386 5635 2496 5697 Quo
2551 5648 2605 5684 se
2656 5635 2724 5684 ab
2785 5632 3142 5684 imitatoribus
3199 5631 3490 5693 colendum,
3545 5631 3644 5680 etc.
3696 5624 3764 5674 Ita

2171 5719 2392 5756 rursum
2419 5720 2485 5757 ex
2511 5706 2624 5769 illo,
2661 5719 2759 5770 pro
2798 5719 2865 5758 eo
2901 5704 3051 5772 quod
3095 5708 3232 5763 erat,
3270 5701 3540 5754 colendum
3568 5699 3759 5761 diceret,

510 5761 611 5832 (31)
659 5763 787 5816 Cum
834 5768 880 5817 et
931 5769 1002 5818 tot
1051 5771 1217 5821 essent
1256 5769 1512 5836 augendae
1553 5773 1654 5840 rei,
1694 5776 1797 5826 etc.
1839 5774 2069 5844 Aliquid
2167 5761 2632 5844 sacriﬁcandisibi
2659 5761 2818 5844 legem
2845 5761 3163 5830 terminavit.
3195 5761 3410 5828 Panas.
