4032 6180
177 262 270 320 909

1480 266 1673 324 LIBER
1711 267 1798 323 DE
1839 266 2320 324 ALEATORIBUS.

3429 272 3529 333 910

173 391 436 458 mortem,
470 406 499 444 a
531 391 784 461 profanis
810 390 857 426 ⁸ο
884 397 939 446 et
975 390 1299 447 errantibus
1329 392 1432 447 sub
1471 392 1665 448 ﬁctitio
1696 410 1797 448 no-
1820 392 2078 479 Aaudit,
2122 392 2194 445 ad
2238 392 2571 447 sacrificium
2614 393 2829 461 Zabuli,
2879 394 3309 453 immolantibus
3354 416 3529 470 penes

175 483 324 537 mine
356 484 454 537 Dei
489 484 617 553 (38),
652 485 777 548 talis
808 486 912 541 coli
940 486 1236 541 meruerit.
1263 557 1266 559 Α

234 583 320 636 ΙΧ.
366 582 515 636 Alea:
558 583 748 637 tabula
791 583 890 654 qui
920 584 1083 652 ludit,
1132 590 1188 639 et
1234 585 1515 640 maleﬁcia
1542 586 1584 620 “
1630 602 1795 641 nosse

171 674 354 741 debet,
400 676 550 746 quod
595 692 628 730 a
676 676 771 731 Dei
810 677 986 732 servis
1028 678 1196 749 longe
1241 679 1332 747 sit,
1370 680 1550 734 sciens
1571 680 1618 715 ‘3
1660 696 1796 750 quo-

170 768 318 822 niam
347 768 490 823 foris
532 769 822 824 maleﬁcus
853 776 909 825 et
948 771 1285 826 venenarius
1317 774 1447 843 (39),
1488 776 1545 827 et
1584 773 1794 828 iterum

167 860 218 913 in
252 860 455 930 judicii
492 861 644 916 diem
677 863 736 917 in
784 864 919 935 igne
961 870 1180 920 rotante
1224 866 1601 937 torquebitur.
1634 866 1791 919 Alea:

167 953 357 1007 tabula
385 955 483 1024 qui
509 955 675 1024 ludit,
699 957 852 1027 prius
875 959 1092 1013 auctori
1122 959 1243 1028 ejus
1269 958 1580 1013 sacriﬁcare
1607 959 1789 1025 debet,

167 1046 313 1117 quod
338 1048 664 1103 Christianis
704 1066 819 1104 non
857 1051 1006 1117 licet,
1044 1051 1267 1106 dicente
1299 1052 1535 1106 Domino
1567 1068 1579 1105 :
1609 1054 1791 1108 Sacri-

162 1143 324 1208 ﬁcans
371 1141 477 1195 diis
517 1143 907 1206 eradicabitur,
954 1144 1059 1198 nisi
1104 1147 1217 1199 Deo
1259 1144 1396 1212 soli;
1444 1149 1500 1199 et
1530 1146 1738 1200 iterum
1773 1162 1787 1198 :

160 1234 335 1289 Nolite
399 1237 701 1303 sacriﬁcare
755 1236 863 1289 diis
916 1237 1125 1300 alienis,
1184 1253 1250 1291 ne
1313 1240 1549 1293 ineitetis
1600 1254 1684 1292 me
1736 1240 1794 1291 in

164 1327 410 1395 cperibus
447 1344 705 1383 manuum
746 1334 1046 1384 vestrarum
1095 1331 1170 1385 ad
1212 1331 1633 1400 dispe-rdendum
1673 1346 1787 1385 vos.

164 1424 514 1480 Christianus
552 1426 649 1496 qui
688 1444 768 1494 es,
808 1434 863 1483 et
900 1429 1037 1483 aleae
1072 1430 1264 1484 tabula
1298 1430 1466 1497 ludis,
1498 1429 1631 1484 licet
1676 1446 1790 1483 non

166 1518 463 1585 sacriﬁces,
507 1520 634 1590 lege
666 1520 836 1592 hujus
869 1522 1134 1577 facinoris
1168 1523 1447 1593 particeps
1477 1539 1556 1577 es.
1591 1524 1657 1577 Et
1687 1523 1793 1577 uti-

166 1628 276 1683 que
310 1612 580 1667 Dominus
610 1614 858 1669 occurrit
898 1619 953 1669 et
985 1616 1124 1670 dicit
1155 1633 1167 1671 :
1199 1618 1307 1672 Exi
1333 1617 1399 1671 de
1435 1632 1517 1678 ea,
1556 1616 1791 1686 populus

163 1720 329 1772 meus,
370 1722 436 1761 ne
468 1709 541 1761 sis
576 1711 851 1779 particeps
893 1710 1213 1764 delictorum
1252 1710 1386 1778 ejus.
1422 1711 1486 1763 Et
1530 1709 1742 1763 iterum
1772 1725 1785 1761 :

1900 490 2189 540 auctorem
2214 486 2258 519 ‘7
2304 485 2436 554 (44),
2479 502 2681 540 manus
2721 488 2945 557 polluit.
2975 490 3043 542 Et
3081 491 3288 545 idcirco
3332 494 3524 547 Domi-

1898 596 2004 633 nus
2034 579 2101 633 ad
2132 580 2239 633 hoc
2266 578 2553 649 indignari
2585 579 2757 633 dicit:
2782 583 2981 648 Nolite,
3011 582 3217 655 inquit,
3245 587 3527 640 extendere

1896 688 2089 727 manus
2139 676 2347 727 vestras
2394 672 2613 740 injuste,
2667 688 2731 727 ne
2779 676 3103 730 exacerbetis
3148 694 3259 744 me,
3313 684 3362 733 et
3418 695 3526 734 non

1893 770 2070 821 sinam
2096 782 2188 821 vos
2217 767 2315 820 diu
2352 781 2669 835 permanere
2708 782 2871 836 super
2912 774 3149 836 terram;
3180 776 3234 823 et
3272 771 3481 825 iterum

1897 860 2170 915 Abstinete
2212 875 2404 913 manus
2446 865 2650 914 vestras
2696 861 2763 913 ab
2813 861 3030 928 injuste,
3081 868 3130 916 et
3182 880 3245 917 ne
3289 867 3528 931 feceritis

1896 956 2186 1022 quicquam
2228 954 2363 1006 mali
2395 954 2524 1023 (45).
2571 954 2635 1007 Et
2666 955 2951 1031 apostolus
2985 954 3343 1010 beatissimus
3382 959 3523 1012 Pau-

1896 1051 1981 1104 lus
2030 1051 2288 1105 similiter
2339 1051 2474 1105 dicit
2523 1068 2536 1105 :
2602 1053 2807 1118 Videte,
2861 1055 3097 1121 fratres,
3153 1068 3220 1106 ne
3267 1054 3528 1121 obﬁgure-

1895 1146 2095 1199 mini"8
2127 1144 2235 1214 (46)
2274 1146 2399 1199 huic
2435 1146 2647 1208 sweulo,
2690 1152 2739 1199 et
2779 1149 2988 1215 pompis
3024 1152 3075 1201 et
3116 1146 3322 1200 deliciis
3355 1153 3404 1200 et
3434 1162 3522 1201 υο-

1895 1239 2197 1307 luptatibus
2243 1239 2390 1306 ejus;
2428 1240 2522 1293 sed
2567 1242 2825 1293 continete
2866 1255 2959 1293 vos
3001 1240 3068 1293 ab
3114 1242 3260 1293 omni
3301 1240 3524 1309 injusti-

1896 1333 1974 1385 tia
1997 1332 2063 1384 ‘9.
2092 1334 2232 1386 Nam
2269 1333 2363 1400 qui
2400 1332 2663 1401 delinquit
2692 1335 2751 1385 in
2796 1335 2987 1398 Deum,
3022 1333 3178 1387 nulla
3219 1337 3280 1402 ﬁt
3310 1349 3526 1389 excusa-

1895 1426 1968 1477 tio
1990 1420 2033 1456 ⁵ο
2047 1465 2059 1487 ,
2084 1440 2175 1477 nec
2193 1424 2545 1491 indulgentia
2564 1426 2701 1489 ulla,
2724 1430 2773 1479 et
2798 1427 3003 1478 nemini
3018 1428 3180 1479 venia
3199 1425 3367 1479 datur
3392 1428 3499 1497 (47)
3514 1470 3526 1482 .

1897 1516 1954 1568 In
1988 1516 2298 1586 Evangelio
2329 1516 2607 1570 Dominus
2634 1516 2771 1569 dicit
2796 1533 2808 1569 :
2831 1518 2892 1573 Si
2920 1519 3058 1586 quis,
3090 1517 3292 1588 inquit,
3324 1520 3526 1575 dicrerit

1894 1608 2252 1678 blasphemias
2304 1612 2361 1661 in
2421 1610 2620 1663 Filium
2670 1609 2933 1676 hominis,
2998 1610 3304 1665 dimittetur
3364 1615 3451 1666 illi
3502 1633 3514 1668 :

1895 1708 1951 1755 at
1981 1705 2026 1757 is
2052 1704 2150 1771 qui
2178 1706 2481 1772 peccaverit
2508 1705 2566 1755 in
2594 1704 2857 1771 Spiritum
2894 1709 3157 1770 sanctum,
3186 1721 3293 1759 non
3332 1707 3517 1760 dimit-

164 1799 444 1869 Discedite,
498 1775 755 1856 dis—cedite
786 1775 951 1869 vinde,
1006 1805 1146 1857 εωίιθ
1196 1775 1483 1857 ἀρ’τηεάεο
1533 1802 1652 1870 ejus
1692 1775 1869 1870 quiB
1894 1800 2035 1850 tetur
2062 1796 2167 1859 illi,
2210 1810 2304 1849 nec
2344 1795 2446 1861 hic,
2490 1811 2582 1848 nec
2618 1798 2676 1848 in
2717 1797 2907 1861 futuro
2949 1798 3161 1852 saeculo.
3202 1799 3270 1851 Et
3310 1799 3517 1853 iterum

161 1894 392 1961 portatis
435 1909 565 1947 vasa
617 1896 851 1961 Domini,
894 1901 944 1950 et
994 1896 1331 1950 immundum
1377 1911 1441 1948 ne
1482 1896 1787 1964 tetigeritis.

160 1985 505 2039 Christianus
546 1987 872 2059 quicunque
908 2006 965 2043 es
995 1993 1052 2043 et
1081 1990 1202 2043 alea
1247 1988 1416 2055 ludis,
1447 1988 1552 2041 hoc
1594 1987 1789 2058 primo

162 2080 204 2113 ⁸³
229 2079 293 2132 in
343 2080 461 2133 loco
513 2080 742 2134 credere
793 2080 982 2151 debes,
1029 2082 1165 2153 quia
1210 2098 1328 2135 non
1380 2081 1786 2148 Christianum,

162 2174 259 2227 sed
306 2173 593 2227 ethnicnm
641 2173 742 2227 tibi
791 2190 1005 2229 nomen
1051 2178 1170 2243 est;
1225 2178 1281 2229 et
1334 2175 1473 2229 illud
1511 2173 1669 2246 quod
1717 2172 1790 2227 ad

162 2266 495 2321 sacriﬁcium
534 2267 888 2322 Dominicum
931 2268 1200 2339 pertinet,
1234 2268 1294 2322 in
1317 2285 1558 2323 vacuum
1589 2267 1786 2321 sumis.

164 2360 254 2414 Sic
300 2360 454 2413 enim
476 2361 522 2395 “
567 2360 750 2414 dicit:
797 2362 979 2418 Omnis
1022 2362 1331 2417 immundus
1377 2378 1484 2416 non
1533 2368 1719 2429 tanget
1740 2360 1787 2395 ‘5

162 2455 485 2523 sacrificium
534 2455 738 2510 Sancti.
801 2455 940 2509 Dicit
987 2454 1141 2509 enim
1202 2456 1494 2527 Scriptura
1538 2471 1551 2509 :
1605 2454 1790 2509 Omnis

158 2551 246 2602 vir
275 2548 609 2602 manducans
638 2564 850 2603 carnem
887 2551 1139 2617 sacriﬁcii
1178 2551 1308 2619 (40),
1351 2556 1401 2604 et
1438 2549 1792 2603 immunditia

160 2641 272 2710 ejus
304 2656 470 2710 super
492 2643 698 2710 ipsum;
726 2648 913 2712 pereat
953 2644 1139 2697 anima
1178 2644 1279 2697 illa
1317 2644 1382 2697 de
1416 2643 1616 2712 populo
1654 2656 1786 2694 meo.

229 2738 293 2791 X.
334 2739 566 2792 Aleator
599 2739 924 2811 quicunque
970 2756 1047 2804 es,
1086 2740 1471 2794 Christianum
1513 2744 1567 2793 te
1612 2738 1785 2804 dicis;

160 2830 315 2902 quod
343 2846 457 2884 non
486 2848 564 2899 es,
584 2848 652 2885 eo
678 2834 827 2903 quod
859 2833 1064 2889 saeculo
1093 2834 1373 2904 particeps
1402 2849 1497 2887 es:
1526 2848 1629 2885 nec
1650 2829 1792 2885 ami-

157 2924 319 2976 cus“
366 2923 574 2978 Christi
612 2930 770 2994 potes
811 2942 953 2993 esse,
989 2926 1085 2997 qui
1126 2942 1257 2979 cum
1304 2926 1542 2979 inimico
1587 2923 1791 2980 Christi

155 3022 319 3071 tenes
355 3016 681 3072 amicitiam.
705 3017 867 3072 Certe
895 3018 1073 3089 qualis
1113 3018 1403 3072 dementia
1435 3016 1542 3083 (41)
1576 3017 1789 3070 aleato-

1891 1889 2169 1959 Propheta
2212 1888 2347 1941 dicit
2390 1904 2402 1941 :
2445 1890 2507 1945 Si
2553 1889 2911 1957 delinquendo
2962 1894 3139 1959 peccet
3193 1894 3278 1944 vir
3301 1894 3341 1930 δι
3402 1893 3515 1963 (48)

1890 1983 2146 2037 adversus
2189 1984 2387 2044 virum,
2437 1982 2686 2035 arabitur
2735 1998 2833 2050 pro
2878 1998 2934 2036 eo
2981 1984 3056 2035 ad
3096 1985 3429 2040 Dominum:
3470 1989 3519 2040 si

1890 2081 2069 2129 autem
2116 2077 2173 2128 in
2220 2078 2384 2129 Deum
2419 2075 2738 2142 peccaverit,
2785 2078 2906 2144 quis
2943 2076 3121 2130 orabit
3157 2093 3261 2145 pro
3306 2081 3409 2132 eo?
3453 2082 3519 2134 Et

1890 2168 2088 2222 beatus
2165 2168 2449 2239 apostolus
2514 2167 2759 2234 Paulus,
2838 2172 3208 2238 procurator,
3277 2171 3515 2225 vicarius

1889 2261 2115 2327 Christi,
2150 2261 2588 2316 Ecclesiasticam
2618 2277 2812 2313 curam
2843 2278 3039 2331 agens,
3070 2263 3230 2332 ponit
3255 2268 3310 2317 et
3336 2264 3470 2319 dicit
3498 2282 3512 2319 :

1896 2358 2000 2410 Vos
2030 2358 2155 2409 estis
2196 2356 2447 2424 templum
2486 2356 2602 2417 Dei,
2642 2360 2692 2409 et
2720 2358 2777 2408 in
2814 2355 2958 2409 vobis
2997 2355 3242 2412 Christus
3271 2360 3515 2425 habitat;

1892 2452 1940 2503 si
1985 2451 2106 2518 quis
2144 2450 2398 2517 templum
2440 2450 2539 2501 Dei
2582 2450 2887 2514 violaverit,
2928 2450 3117 2518 perdet
3158 2453 3315 2505 illum
3358 2455 3514 2508 Deus.

1891 2540 2098 2592 lterum
2124 2536 2395 2591 Dominus
2424 2536 2481 2589 in
2511 2536 2819 2605 Evangelio
2843 2554 2944 2592 suo
2968 2544 3140 2609 negat
3167 2549 3512 2610 peccatores,

1892 2634 1947 2685 et
1979 2631 2280 2701 asprobrat
2309 2630 2501 2683 dicens
2526 2647 2537 2684 :
2567 2632 2808 2686 Recedite
2834 2648 2867 2684 a
2894 2648 2992 2694 me,
3020 2648 3193 2688 omnes
3219 2638 3315 2703 qui
3334 2650 3517 2704 opera-

1889 2727 2025 2778 mini
2068 2724 2426 2792 injustitiam;
2472 2740 2749 2792 nunquam
2797 2740 2885 2778 vos
2938 2727 3173 2793 cognitos
3217 2727 3403 2781 habui.
3450 2729 3517 2781 Et

1889 2818 2131 2872 Joannes
2169 2818 2458 2888 apostolus
2497 2816 2675 2870 dicit:
2711 2818 2892 2872 Omnis
2920 2821 3018 2887 qui
3054 2824 3257 2889 peccat,
3297 2836 3403 2875 non
3440 2827 3517 2875 est

1890 2912 1956 2965 de
1994 2913 2119 2973 Deo,
2151 2911 2245 2964 sed
2289 2911 2355 2964 de
2399 2910 2613 2964 diabolo
2656 2915 2766 2975 est;
2814 2917 2863 2965 et
2909 2914 3056 2966 scitis
3100 2916 3356 2981 quoniam
3395 2915 3513 2969 ideo

1889 3010 2141 3059 venturus
2167 3009 2244 3058 est
2270 3005 2439 3059 Filius
2469 3006 2580 3071 Dei,
2611 3008 2674 3057 ut
2695 3005 2897 3073 perdat
2924 3005 3063 3074 ﬁlios
3090 3006 3314 3061 diaboli.

153 3126 285 3164 rum
315 3109 595 3178 fidelium,
620 3111 716 3164 ubi
745 3110 1050 3177 insaniunt,
1075 3114 1132 3165 et
1160 3108 1530 3164 furacissimis
1559 3108 1791 3163 vocibus
1813 3136 1866 3208 Ο
1896 3187 1925 3208 L
2313 3092 2367 3147 Si
2394 3092 3153 3208 ξῖιξίδ,διεδίονηδῗξτίδῖίδηυε
3187 3110 3266 3208 95:
3303 3099 3430 3199 ίξιυε
3461 3100 3519 3208 (ξι

154 3203 425 3273 pejerant
467 3219 481 3254 :
526 3208 584 3256 et
623 3200 816 3275 834
857 3203 1114 3258 deorbati
1153 3203 1350 3257 Zabuli
1392 3201 1636 3272 caligine
1684 3201 1788 3270 (42)

154 3294 405 3349 invicem
443 3294 548 3349 sibi
588 3311 791 3349 manus
820 3295 1097 3363 inferunt,
1129 3294 1492 3360 maledicunt,
1522 3310 1580 3347 se
1621 3292 1793 3346 devo-

154 3394 309 3456 vent,
354 3391 657 3458 parentum
701 3387 983 3459 originem
1030 3388 1211 3442 turbis
1264 3386 1640 3458 praesentibus
1684 3385 1791 3456 (43)

151 3481 525 3536 dehonorant
578 3482 752 3537 Sonat
778 3480 998 3552 publice
1027 3482 1166 3536 aleae
1197 3480 1489 3552 strepitus,
1518 3480 1796 3535 festinant

151 3575 223 3627 ad
272 3590 481 3628 necem
521 3574 870 3635 hereditatis
914 3591 1033 3628 suae
1074 3590 1275 3629 manus
1316 3590 1329 3627 :
1372 3589 1476 3627 nec
1521 3572 1796 3643 intelligit

153 3669 336 3721 miser
380 3666 519 3738 quid
558 3667 663 3721 sibi
706 3672 923 3734 noceat,
953 3666 1187 3739 quando
1233 3683 1292 3720 se
1337 3666 1475 3720 aleae
1513 3670 1789 3720 auctorat.

156 3762 226 3815 Et
272 3761 375 3831 qui
411 3760 533 3831 jam
579 3761 782 3831 smpius
826 3760 1094 3825 vincitur,
1141 3776 1334 3813 rursus
1380 3758 1455 3813 ad
1499 3758 1793 3813 nocentius

156 3852 441 3919 studium,
473 3851 681 3906 Zabulo
712 3853 1004 3918 suadente,
1035 3850 1344 3906 animatur.
1385 3850 1427 3905 Ο
1464 3868 1552 3905 ars
1588 3851 1794 3906 infesta

159 3946 544 4013 studentibus,
574 3948 631 3999 et
656 3950 918 4016 stuprum
945 3944 1350 3999 libidinosum!
1385 3943 1538 4016 quod
1570 3961 1685 3999 non
1713 3944 1793 3999 di-

159 4039 351 4107 vitias,
395 4038 494 4093 sed
534 4038 851 4093 nuditatem
894 4042 951 4092 et
990 4038 1240 4109 inopiam
1287 4042 1549 4109 praestat;
1594 4054 1792 4093 manus

161 4132 443 4200 carnifex,
472 4149 673 4186 manus
701 4132 886 4200 noxia,
917 4148 1042 4204 quas
1070 4148 1175 4186 nec
1205 4135 1330 4203 post
1368 4132 1520 4186 lucra
1563 4131 1790 4198 desinit,

162 4226 268 4281 sed
308 4226 494 4281 adhuc
535 4230 663 4297 post
705 4227 913 4280 damna
953 4225 1114 4280 ludit.
1144 4225 1493 4280 Christianus
1534 4225 1631 4296 qui
1668 4227 1794 4279 alea

1894 3186 2243 3240 haereditatis
2261 3190 2374 3239 tum
2392 3185 2656 3239 inimicus
2678 3202 2756 3239 es.
2774 3186 3106 3257 Quicunque
3125 3204 3204 3254 es,
3232 3189 3428 3244 desine
3447 3191 3515 3244 ab

1895 3279 1986 3332 illa
2014 3279 2298 3333 dementia
2322 3278 2510 3332 miser.
2535 3278 2681 3341 Quid
2708 3283 2759 3333 te
2788 3278 2843 3332 in
2873 3280 3141 3350 laqueum
3168 3284 3369 3337 mortis
3389 3301 3519 3339 cum

1895 3372 2121 3426 diabolo
2157 3372 2300 3426 ultra
2332 3371 2696 3442 preacipitas?
2728 3373 2865 3441 quid
2897 3389 3035 3443 opes
3064 3377 3121 3429 et
3147 3375 3366 3430 divitias
3395 3383 3521 3433 tuas

1895 3465 2291 3520 sordidissimo
2322 3481 2435 3519 aere
2455 3462 2500 3498 ⁶²
2530 3464 2818 3519 admittis?
2855 3466 2991 3537 quid
3018 3472 3073 3521 te
3102 3468 3316 3539 laqueis
3342 3487 3518 3525 saecu-

1893 3559 2105 3614 laribus
2148 3558 2423 3624 involvis,
2477 3565 2539 3613 ut
2583 3559 2653 3612 de
2701 3560 2906 3613 sceculo
2928 3561 2976 3594 ⁵³
3014 3560 3331 3631 judiceris?
3382 3566 3518 3636 quid

1892 3652 2186 3707 inimicum
2209 3658 2370 3707 tuum
2402 3653 2688 3707 favoribus
2716 3653 3025 3722 laudando,
3048 3655 3355 3727 delinquis;
3387 3676 3519 3714 cum

1893 3762 2005 3817 quo
2044 3762 2269 3800 necesse
2317 3751 2400 3799 est
2446 3746 2744 3815 puniaris?
2788 3749 2915 3802 Esto
2961 3748 3170 3819 potius,
3216 3768 3330 3805 non
3379 3753 3521 3807 alea-

1892 3846 1999 3909 tor,
2046 3839 2147 3894 sed
2190 3838 2542 3894 Christianus
2591 3857 2603 3893 :
2666 3841 2970 3909 pecuniam
3031 3847 3187 3897 tuam
3237 3844 3520 3900 assidente

1891 3933 2133 4002 Christo,
2157 3932 2545 4003 spectantibus
2570 3933 2806 4003 angelis,
2829 3936 2887 3987 et
2907 3935 3251 4005 martyribus
3271 3953 3523 4007 praesen-

1891 4027 2059 4095 tibus,
2092 4042 2260 4097 super
2288 4041 2539 4080 mensam
2575 4026 2929 4081 Dominicam
2967 4044 3212 4100 sparge:
3244 4032 3523 4102 patrimo—

1894 4127 2055 4181 nium
2094 4132 2279 4193 tunm,
2317 4124 2469 4195 quod
2509 4124 2743 4179 forsitat
2791 4141 2936 4181 saevo
2968 4125 3153 4181 studio
3191 4129 3518 4198 perditurus

1893 4238 2038 4288 eras,
2070 4218 2416 4290 pauperibus
2446 4217 2631 4273 divide
2670 4234 2680 4272 :
2724 4218 2944 4273 divitias
2988 4224 3112 4275 tuas
3149 4221 3370 4277 Christo
3399 4224 3519 4279 vin-

1544 4367 1753 4437 Varize
1809 4366 2141 4435 lectiones.

230 4497 274 4537 ⁸ο
301 4502 388 4553 Sic
410 4498 535 4553 Bod.
564 4504 605 4553 ι.
638 4496 762 4567 Imp.
791 4496 1000 4554 Pronis.
1084 4497 1126 4537 ⁴¹
1162 4494 1492 4553 Maleﬂcium
1518 4498 1643 4552 Bod.
1674 4501 1715 4551 1.

160 4577 448 4626 Dominus
475 4575 596 4625 Bod.
625 4576 669 4624 1.
736 4578 778 4609 ⁴⁵
799 4576 1014 4639 Tangat
1044 4574 1163 4623 Bod.
1202 4577 1243 4624 1.

162 4646 610 4709 Conﬁguremini
641 4644 759 4695 ϐοά,
792 4648 837 4695 1.
936 4646 979 4680 ⁴⁹
1008 4646 1282 4708 Injustitia
1309 4644 1501 4695 saeculi
1536 4643 1654 4692 Bod.
1688 4644 1731 4690 1.

1813 4499 1856 4532 ⁴¹
1880 4499 2129 4549 Scientes
2156 4492 2282 4546 Bod.
2316 4492 2360 4545 1.

1332 4575 1374 4606 ⁴⁶
1403 4575 1486 4623 Sic
1520 4572 1644 4623 Bod.
1674 4572 1713 4619 Ι.
1749 4569 1790 4618 Ο

1927 4570 2051 4629 Imp.
2087 4567 2314 4615 animat.
2384 4565 2426 4598 47
2459 4566 2544 4615 Sic
2575 4564 2722 4615 σοι-Ι).
2751 4567 2878 4628 Imp.
2912 4566 3095 4616 Pmnis
3121 4570 3375 4619 auctoris.
3470 4572 3513 4602 ⁴⁹

1823 4646 1862 4675 5'
1891 4640 2052 4701 Quod
2084 4638 2269 4688 delicti
2293 4638 2346 4685 in
2378 4638 2555 4685 Deum
2585 4636 2735 4683 nulla
2770 4637 2840 4684 sit
2869 4638 3155 4687 excusatio
3178 4640 3305 4688 Bod.
3338 4642 3384 4690 1.
3471 4641 3512 4676 εί

2460 4492 2500 4528 ⁸³
2522 4492 2605 4543 Sic
2632 4491 2755 4544 Bod.
2790 4492 3032 4544 Primum
3060 4496 3188 4558 Imp.
3286 4494 3328 4529 ⁴⁴
3347 4493 3512 4550 Enim

163 4706 444 4767 Peace—tur
469 4717 731 4767 adversus
756 4718 883 4768 Bod.
910 4719 953 4767 1.
1022 4706 1181 4767 5"Sic
1212 4715 1357 4766 Corb.
1390 4716 1517 4779 Imp.
1546 4712 1967 4763 Sordidissimus
1993 4711 2135 4761 aeris.
2205 4712 2244 4742 ⁵³
2272 4707 2414 4758 Cum
2443 4706 2650 4757 saeculo
2678 4706 2799 4756 Bod.
2836 4709 2878 4756 1.
2907 4707 3057 4758 Corb.

1518 4859 1681 4924 Edit.
1732 4861 1939 4925 Oxon.
1985 4862 2179 4921 notae.

232 4996 341 5086 (38)
378 4996 481 5086 8ξό
521 4997 699 5062 ﬁctilia
744 4999 952 5049 nomine
984 5000 1091 5049 Dei.
1138 4999 1365 5050 Prorsus
1407 4998 1487 5049 sic
1528 4998 1665 5061 lege,
1697 5012 1794 5061 pro
1814 5014 1873 5086 D
1958 4996 2054 5058 (43)
2087 4991 2649 5086 turbispt'wsentibus.
2677 4990 2797 5074 Hoc
2831 4992 3125 5086 cinnami-em
3149 4995 3388 5060 reposui,
3418 5010 3517 5061 pro

158 5067 387 5133 ﬁetioso.
420 5069 637 5119 PAMEL.

231 5139 337 5202 (39)
383 5138 650 5203 Maleﬁcus
689 5146 736 5191 et
772 5140 1111 5191 venenarius.
1161 5142 1307 5191 Nova
1353 5154 1478 5199 vox,
1527 5143 1797 5205 quantum

160 5213 423 5275 apparet,
453 5225 482 5259 a
510 5211 838 5262 venerandis
868 5211 1028 5261 idolis
1057 5212 1317 5261 derivata.
1346 5212 1564 5261 PAMEL.

233 5281 342 5345 (40)
377 5282 550 5330 Omnis
579 5285 665 5331 vir
690 5282 1017 5331 manducans
1046 5296 1257 5332 carnem
1272 5282 1536 5345 sacriﬁcii.
1570 5283 1799 5331 Prorsus

159 5355 254 5404 sic
292 5352 509 5401 restitui
552 5353 705 5403 hunc
750 5353 957 5415 locum,
990 5366 1055 5403 ex
1104 5354 1196 5403 lib.
1230 5353 1294 5402 de
1332 5355 1534 5417 Lapsis,
1575 5352 1673 5402 ubi
1719 5353 1799 5403 sic

158 5426 382 5475 citetur
431 5422 553 5474 haec
602 5423 904 5488 Scriptura,
957 5437 1054 5486 pro
1107 5438 1171 5475 eo
1219 5424 1363 5487 quod
1409 5430 1539 5483 erat,
1586 5423 1797 5473 mendi-

162 5507 314 5546 cans
342 5508 353 5542 :
385 5492 506 5557 lego
536 5509 603 5544 ex
633 5496 850 5557 eodem,
901 5496 1254 5557 immunditia,
1291 5510 1389 5559 pro
1440 5496 1797 5545 immunditiec.

160 5567 400 5617 PAMEL.

238 5637 339 5697 (4t)
373 5638 520 5687 Certe
552 5636 729 5702 qualis
772 5636 1049 5687 dementia.
1092 5637 1354 5687 Antoniu.
1394 5638 1434 5687 Ο
1477 5636 1672 5700 qualis,
1705 5636 1800 5700 qui

164 5709 348 5760 etiam
370 5708 634 5772 pejorant,
660 5709 795 5773 legit
821 5722 936 5771 pro,
960 5708 1256 5772 perjurant.
1285 5709 1504 5759 PAMEL.

240 5779 345 5841 (42)
398 5778 461 5830 Et
513 5778 752 5830 deorbati
805 5779 992 5829 Zabuli
1034 5778 1274 5844 caligine.
1324 5780 1525 5831 Anton.
1579 5778 1799 5831 diaboli.

164 5852 337 5908 Nova
370 5856 554 5903 autem
582 5854 664 5904 est
696 5864 824 5917 vox,
848 5849 1103 5903 deorbati.
1136 5852 1354 5903 PAMEL.

1896 5081 1961 5119 eo
1986 5065 2132 5131 quod
2167 5070 2300 5125 erat,
2322 5065 2579 5128 turpibus,
2614 5064 2867 5127 pessime.
2896 5065 3117 5113 PAMEL.

1959 5140 2059 5201 (44)
2103 5137 2500 5186 Immolantibus
2542 5148 2698 5198 penes
2734 5140 2988 5185 auctores.
3034 5136 3276 5187 Rursum
3314 5139 3517 5191 obscu-

1895 5222 1991 5258 rus
2016 5210 2191 5258 locus.
2228 5207 2436 5257 Eadem
2462 5206 2647 5271 phrasi
2678 5220 2845 5269 supra
2870 5208 3126 5257 occurrit.
3155 5208 3373 5260 PAMEL.

1960 5280 2057 5341 (45)
2113 5280 2177 5328 Et
2230 5292 2292 5327 ne
2333 5278 2562 5339 feceritis
2607 5278 2893 5341 quicquam
2944 5276 3094 5328 mali.
3151 5278 3388 5332 Omnino
3435 5284 3517 5335 sic

1896 5352 2038 5414 lego,
2066 5350 2194 5414 quia
2222 5349 2503 5412 prmcedit,
2534 5348 2790 5398 abstinete.
2829 5348 3046 5399 PAMEL.

1960 5422 2058 5484 (46)
2114 5421 2308 5476 Videte,
2350 5420 2563 5482 fratres,
2609 5435 2669 5469 ne
2704 5420 3087 5483 obﬁguremini.
3130 5422 3346 5488 Ubique
3395 5425 3508 5476 alib

1899 5492 2157 5556 Cyprian.
2192 5492 2607 5554 conﬁgurcmini.
2642 5492 2858 5542 PAMEL.

1961 5567 2058 5626 (47)
2104 5565 2169 5613 Et
2213 5564 2413 5612 nemini
2450 5564 2607 5613 venia
2660 5564 2832 5613 datur.
2862 5563 3043 5614 Etiam
3088 5565 3197 5617 hoc
3243 5566 3365 5630 lego
3416 5582 3515 5632 pro

1899 5637 2147 5697 veniam;
2186 5634 2404 5684 videtur
2437 5637 2619 5684 autem
2676 5635 2784 5685 hoc
2832 5636 3108 5699 pertinere
3159 5637 3229 5687 ad
3276 5652 3515 5690 errorem

1900 5708 2346 5758 Novatianorum.
2380 5707 2598 5756 PAMEL.

1963 5778 2068 5841 (48)
2112 5776 2169 5826 Si
2218 5775 2572 5842 delinquendo
2615 5783 2783 5840 peccet
2835 5779 2933 5829 vir.
2985 5778 3141 5829 Istud
3185 5792 3407 5845 quoque
3453 5793 3522 5833 ex

1902 5848 2163 5915 Cypriani
2190 5848 2309 5901 aliis
2341 5848 2499 5911 locis,
2532 5861 2631 5915 pro
2654 5854 2918 5915 peccatur.
2947 5851 3165 5901 Pauca.
