4032 6180
459 211 555 268 911

1042 206 1132 264 ΑΙ)
1171 207 1393 263 OPERA
1430 207 1485 261 S.
1527 201 1840 261 CYPRIANI
1878 205 2180 262 GENUINA
2215 204 2504 260 APPEND.
2547 203 2610 258 ll.
2650 233 2720 246 —
2757 189 3230 261 SUPPOSlTITlA.

3670 197 3758 267 942‘

458 341 606 395 centi
650 338 942 393 committe
980 353 992 390 :
1026 351 1217 389 servus
1256 349 1386 387 cum
1433 333 1672 386 Domino
1718 339 1813 387 tuo
1851 349 2072 399 vocare,
2097 331 2271 414 Aubi
2301 332 2588 387 dementia
2625 331 2743 386 sine
2783 330 3269 401 consideratione;
3312 331 3406 386 ubi
3447 333 3590 388 nulla
3627 339 3760 392 veri-

456 435 644 489 studio
690 432 892 486 deilico
938 429 1270 499 obsequere,
1320 434 1503 481 artem
1547 428 1768 480 Domini
1819 427 2072 493 imitare,

453 545 582 599 quae
642 542 758 579 non
811 523 994 594 perdit
1043 522 1139 576 sed
1197 521 1381 592 potius
1433 521 1694 591 acquirit.
1751 520 1950 575 Desine
2004 519 2074 573 ab

452 621 562 675 illis
601 619 714 673 tuis
753 617 1119 671 furacissimis
1161 615 1432 680 moribus,
1474 615 1673 668 cohibe
1719 615 2075 686 przecipitem

454 712 764 783 nequitiam
807 714 964 764 tuam
1006 727 1016 762 :
1059 709 1130 762 sit
1167 709 1273 762 tibi
1317 725 1446 762 cum
1495 708 1841 778 pauperibus
1884 707 2072 778 quoti-

451 805 636 859 dianis
663 805 836 869 lusus,
866 804 936 857 sit
973 802 1074 856 tibi
1106 818 1234 856 cum
1265 801 1444 854 viduis
1475 801 1744 871 frequens
1775 802 2031 871 operatio
2057 819 2071 868 ;

447 896 640 970 836
666 914 897 954 censum
922 903 976 951 et
1001 901 1305 965 apparatus
1335 902 1456 948 tuos
1483 911 1680 948 omnes
1708 895 1779 948 ad
1819 895 2072 948 studium

451 992 711 1045 Ecclesim
750 991 996 1044 distraho
1043 1006 1055 1042 :
1102 1005 1304 1042 aurum
1345 995 1526 1054 tuum,
1564 991 1620 1040 et
1663 994 1984 1058 argentum,
2019 991 2075 1041 et

449 1085 716 1156 pecunias
745 1091 866 1138 tuas
907 1085 964 1136 in
996 1083 1274 1136 thesauris
1307 1081 1620 1135 caelestibus
1657 1097 1903 1152 repone;
1948 1081 2075 1134 fun-

451 1179 548 1232 dos
592 1182 648 1232 et
684 1178 836 1232 villas
881 1180 1025 1243 tuas,
1065 1177 1220 1246 justa
1260 1175 1590 1245 operatione
1629 1175 1700 1228 ad
1744 1174 2072 1244 paradisum

449 1288 677 1326 remove
704 1271 812 1342 (49)
841 1288 852 1324 :
879 1273 938 1324 ut
967 1273 1200 1340 peccata
1227 1269 1512 1322 donentur
1542 1268 1661 1336 tibi,
1696 1267 2074 1338 eleemosynis

449 1369 508 1419 et
535 1365 878 1419 orationibus
909 1363 1192 1417 continuis
1221 1361 1505 1416 incumbe.
1540 1361 1676 1414 Alea
1716 1377 1786 1415 ne
1823 1362 2023 1415 luseris
2057 1377 2069 1414 :

452 1458 548 1512 ubi
596 1458 752 1512 lusus
799 1457 1035 1511 nocivus
1079 1460 1164 1509 est
1211 1460 1267 1508 et
1319 1455 1536 1508 crimen
1585 1453 1887 1509 mortale“
1928 1454 2068 1525 (50);

2177 433 2278 492 tas,
2326 426 2424 479 sed
2469 425 2901 480 mendaciorum
2945 425 3187 479 mandra
3218 426 3341 495 (5t).
3385 426 3609 484 Abscide
3646 429 3764 486 inde

2177 534 2408 573 manum
2456 521 2636 586 tuam,
2682 524 2739 573 et
2778 522 2970 573 averte
3013 518 3142 573 inde
3191 534 3289 573 cor
3327 521 3483 574 tuum
3514 537 3527 574 :
3558 525 3768 582 extrahe

2175 612 2481 682 caliginem
2512 612 2731 666 inimici
2757 613 2826 666 ab
2851 611 3024 667 oculis
3050 613 3181 678 tuis,
3216 618 3272 666 et
3301 614 3534 683 puriﬁca
3556 633 3768 674 manum

2176 709 2336 760 tuam
2390 722 2422 759 a
2476 705 2758 760 sacriliciis
2810 705 3005 780 Zabuli
3051 723 3064 759 :
3109 705 3279 776 abige
3327 706 3424 760 abs
3474 713 3524 762 te
3574 709 3769 767 furaces

2176 815 2385 866 mores,
2418 801 2539 853 esto
2567 799 2791 869 patiens
2817 803 2875 853 et
2903 798 3278 868 Christianus,
3309 805 3424 854 esto
3452 801 3549 855 tibi
3579 808 3630 857 et
3653 804 3770 860 vita:

2175 903 2288 951 tuae
2349 898 2402 950 in
2463 896 2886 966 operationibus
2937 897 3124 967 justus
3182 903 3240 951 et
3303 899 3582 968 providus.
3638 903 3770 973 Fuge

2174 989 2458 1044 diabolum
2502 995 2957 1060 persequentem,
2996 993 3053 1044 et
3089 991 3224 1060 fuge
3270 992 3452 1046 aleam
3501 993 3769 1049 inimicam

2175 1099 2369 1137 rerum
2399 1087 2624 1136 tuarum
2657 1105 2667 1135 :
2700 1082 2950 1137 studium
2979 1084 3050 1136 sit
3079 1084 3180 1137 tibi
3207 1085 3519 1154 sapientiae,
3547 1087 3772 1158 Evange-

2174 1177 2232 1230 lii
2293 1176 2524 1230 monitis
2581 1176 2839 1243 erudire,
2892 1193 3064 1246 puras
3118 1194 3324 1232 manus
3384 1179 3456 1232 ad
3511 1179 3772 1235 Christum

2175 1269 2442 1335 extende,
2499 1272 2562 1322 ut
2615 1270 2932 1339 promereri
2989 1271 3296 1325 Dominum
3360 1273 3555 1342 possis,
3606 1273 3770 1329 aleam

2176 1363 2293 1417 noli
2322 1361 2625 1433 respicere.
2660 1365 2859 1416 Amen.

1823 1577 2032 1641 Variae
2074 1577 2411 1641 lectiones.

510 1691 551 1723 ⁵⁴
579 1686 802 1740 Crimen
825 1687 1134 1738 immortale
1161 1687 1304 1739 σον-Ι).

1819 1764 1982 1828 Edit.
2032 1765 2448 1830 Oxon.notae.

509 1881 606 1943 (49)
659 1879 739 1930 Ad
786 1875 1102 1943 paradisum
1159 1890 1380 1926 remove.
1441 1875 1621 1935 Forte,
1673 1875 1889 1924 remitte.
1947 1876 2064 1924 PA-

443 1963 605 2085 Μιῗὲἓό)
634 2023 700 2071 Et
718 2021 916 2071 crimen
942 2019 1180 2069 mortale.
1213 2019 1443 2067 Prorsus
1474 2018 1555 2067 sic
1580 2017 1704 2081 lego
1734 2029 1862 2068 cum
1887 2017 2059 2067 altero

2167 1875 2402 1924 Morellii
2426 1873 2574 1932 θοὰ..
2609 1889 2707 1939 pro
2736 1873 3050 1926 immortale.
3080 1877 3298 1927 PAMEL.

2163 2018 2203 2066 Ρ
2225 1947 2326 2006 (51)
2361 1946 2754 1996 Mendaciorum
2779 1949 3028 1997 mandra.
3062 1950 3243 2007 Alius,
3270 1949 3529 1999 mendacii
3557 1949 3768 2000 malitia.

2207 2029 2382 2066 AMEL.

2207 2029 2382 2066 AMEL.

529 2381 755 2505 DE
850 2372 2284 2504 SINGULARITATE
2378 2375 3532 2509 CLERICORUM
3611 2358 3694 2437 (1)

1772 2618 2438 2711 TBACTATUS

715 2865 1100 2927 CYPRIANO
1142 2863 1552 2926 PERPERAM
1600 2862 2092 2926 ADSCRIPTUS.
2140 2862 2452 2925 NECNON
2498 2861 2935 2924 AUGUSTINO
2977 2864 3072 2924 ET
3116 2864 3458 2938 ORIGENI,

1781 2963 2020 3025 JUXTA
2064 2961 2426 3034 QUOSDAM

1954 3158 2205 3173 ψ

505 3409 881 3464 Promiseram
907 3409 1139 3480 quidem
1162 3407 1318 3463 vobis
1339 3409 1470 3462 ante
1495 3411 1715 3478 tempus
1736 3406 2051 3476 epistolam,
2076 3417 2132 3488 B
2154 3404 2472 3460 litterarum
2504 3421 2766 3460 mearum
2793 3407 3124 3462 auctoritate
3152 3406 3462 3478 sufﬁceret,
3492 3409 3677 3461 tamen
3703 3419 3766 3459 ne

432 3504 532 3557 filii
563 3503 900 3569 charissimi,
944 3518 1073 3572 quae
1115 3502 1374 3555 omnium
1417 3519 1639 3556 morum
1688 3502 1945 3556 instituta
1982 3503 2050 3558 de

432 3598 560 3667 lege
599 3597 1030 3663 commendans,
1063 3596 1397 3649 summatim
1436 3597 1629 3650 omnia
1667 3597 1837 3650 etiam
1879 3597 2052 3651 conti-

432 3695 612 3757 neret,
649 3705 1002 3760 quaecunque
1036 3689 1309 3744 universis
1345 3690 1558 3743 clericis
1602 3691 1945 3761 generaliter
1981 3694 2050 3746 ad

432 3783 792 3854 dirigendam
845 3785 1103 3853 regulam
1167 3787 1497 3854 competunt
1557 3783 1887 3854 disciplinae.
1943 3787 2049 3840 Sed

427 3879 560 3951 quia
602 3895 750 3931 nunc
787 3878 854 3931 de
891 3877 1237 3930 feminarum
1276 3878 1717 3932 commoratione
1750 3879 1824 3949 (2)
1863 3881 2051 3950 vulga-

429 3973 567 4026 riter
617 3971 766 4025 inter
822 3986 917 4024 vos
968 3970 1200 4041 quidam
1251 3971 1321 4024 ad
1377 3971 1750 4041 ignominiam
1799 3974 2049 4028 devoluti

427 4068 557 4119 sunt
588 4065 683 4135 (3),
714 4063 888 4117 etiam
920 4063 990 4116 de
1029 4064 1132 4116 hac
1163 4079 1222 4117 re
1256 4064 1578 4133 specialiter
1611 4065 1790 4132 vobis,
1830 4067 2050 4124 Domini

428 4157 781 4227 correptione
820 4159 891 4226 (3)
933 4155 1178 4210 scribere
1209 4158 1532 4226 compulsus
1570 4175 1716 4226 sum,
1755 4161 1853 4230 qui
1888 4162 2052 4217 mise-

431 4267 555 4304 rum
621 4267 711 4303 me
767 4265 866 4318 pro
918 4255 1102 4301 vestra
1159 4249 1513 4319 negligentia
1565 4269 1692 4307 cum
1751 4258 2053 4313 severitate

429 4342 759 4412 corripiens,
791 4340 1062 4395 mandare
1090 4342 1376 4411 praecepit,
1407 4360 1480 4397 ne
1506 4345 1694 4401 clerici
1721 4365 1854 4404 cum
1885 4353 2048 4408 femi-

431 4435 517 4489 nis
570 4438 1010 4488 commoreutur.
1067 4436 1134 4489 Et
1193 4434 1324 4490 licet
1386 4436 1508 4492 haec
1570 4441 1882 4500 admonitio
1936 4449 2053 4503 sola

2154 3520 2242 3557 me
2265 3504 2675 3558 somniatorem
2699 3506 2930 3560 irrideat
2951 3507 3274 3577 quisquam,
3290 3506 3438 3560 sicut
3455 3505 3654 3576 Ioseph
3671 3504 3767 3558 fra-

2148 3601 2261 3652 tres
2277 3597 2502 3651 irriseru
2513 3600 2590 3665 nt,
2607 3598 2829 3669 Scriptu
2840 3616 3031 3654 rarum
3050 3600 3311 3654 addimus
3327 3600 3665 3655 firmitatem
3684 3614 3695 3652 :
3713 3602 3768 3650 ut

2149 3706 2344 3744 omnes
2372 3691 2552 3745 sciant
2577 3692 2686 3746 hoc
2709 3693 2882 3746 etiam
2913 3692 3082 3747 modo
3109 3709 3210 3764 per
3236 3693 3644 3748 revelationem
3670 3693 3760 3745 Do-

2150 3789 2372 3842 minum
2381 3789 2603 3859 jubere,
2620 3789 2771 3860 quod
2791 3791 2988 3846 litteris
3003 3791 3363 3864 cognoscitur
3373 3798 3510 3848 ante
3523 3793 3544 3864 j
3557 3791 3764 3857 ussisse;

2149 3904 2252 3944 nec
2279 3907 2377 3944 nos
2396 3907 2516 3947 esse
2531 3891 2916 3947 adulterantes
2939 3894 3173 3948 verbum
3195 3893 3447 3962 Domini,
3469 3898 3567 3950 aut
3590 3893 3764 3949 volen-

2151 3993 2231 4041 tes
2249 3987 2538 4057 jactanter
2565 3990 2632 4043 de
2668 3991 3104 4046 revelationibus
3135 3992 3387 4063 gloriari,
3422 3992 3526 4048 sed
3547 3992 3625 4047 sic
3645 3994 3761 4046 ante

2150 4084 2511 4151 conspectuin
2539 4084 2759 4138 Domini
2782 4083 3084 4139 referendo
3112 4102 3228 4140 non
3258 4086 3491 4141 mentiri
3521 4083 3666 4157 quod
3697 4085 3764 4137 lo-

2151 4173 2398 4244 quimur;
2424 4176 2568 4229 sicut
2593 4193 2623 4229 a
2645 4178 3255 4233 Domino‘confidimns
3281 4196 3384 4235 nos
3410 4197 3526 4235 non
3557 4178 3760 4234 audisse

2152 4272 2530 4340 mendacium,
2551 4282 2958 4345 praesumentes
2981 4292 3178 4330 vocem
3204 4277 3446 4348 apostoli
3475 4277 3626 4332 Pauli
3653 4291 3767 4347 pro-

2152 4367 2414 4420 testantis
2441 4383 2452 4421 :
2491 4388 2518 4415 ‹‹
2550 4369 2671 4422 Νοη
2703 4369 2857 4423 enim
2888 4386 3103 4439 sumus,
3137 4369 3344 4441 inquit,
3379 4371 3525 4426 sicut
3554 4367 3768 4441 plurimi

2152 4457 2538 4515 adulterantes
2569 4462 2803 4516 verbum
2843 4463 2956 4531 Dei,
2996 4464 3093 4518 sed
3135 4480 3206 4518 ex
3249 4465 3593 4532 sinceritate,
3639 4463 3766 4516 sicut

1737 4614 1958 4698 Steph.
2006 4622 2252 4690 Baluzii
2295 4636 2489 4696 notae.

492 4747 561 4806 (1)
631 4744 701 4792 De
769 4743 1146 4834 singularitate
1219 4742 1544 4794 clericorum.
1607 4746 1838 4798 Videtur
1912 4755 2058 4806 circa

492 4815 595 4834 --1η
629 4826 771 4834 _.._..
803 4813 906 4834 "—2-
937 4814 1107 4834 κ.--ι..2
1133 4817 1372 4834 ιΑκκλμ-
1435 4816 1645 4834 __-__J_
1713 4819 1752 4834 ἰν
1882 4823 1938 4834 ιιι
2000 4829 2008 4834 .

2167 4763 2438 4815 Pamelius
2498 4767 2590 4828 ait,
2621 4767 2903 4819 Manutius
2943 4771 2996 4819 et
3042 4766 3342 4834 Morellius,
3373 4784 3503 4822 cum
3547 4766 3765 4823 Landul-

435 4815 598 4866 Beda:
629 4812 908 4876 popularis
937 4814 1110 4862 nostri
1133 4817 1395 4877 tempora,
1429 4816 1652 4879 quando
1693 4819 1762 4868 de
1793 4823 2058 4876 cmlibatu

436 4886 775 4937 Clericoruin
835 4885 1075 4933 maxime
1129 4885 1374 4934 fervebat
1418 4890 1720 4948 praesertim
1784 4892 1839 4941 in
1896 4895 2060 4946 Occi-

435 4957 600 5007 dente
653 4956 1048 5014 controversia,
1103 4957 1449 5018 conscriptus
1493 4958 1665 5020 liber;
1713 4965 1808 5026 qui
1851 4969 2063 5018 saeculo

437 5027 730 5090 respondet
781 5039 810 5075 a
866 5026 1200 5076 revelatione
1256 5028 1611 5092 desumptum
1656 5042 2060 5096 argumentum.

439 5108 740 5159 Ferebatur
802 5106 990 5165 enim,
1052 5106 1364 5157 Gabrielem
1430 5111 1704 5173 Angelum
1767 5115 2062 5169 duodecim

439 5177 702 5228 articulos
729 5178 974 5241 signatos
1016 5176 1298 5238 detulisse,
1327 5180 1476 5242 quod
1516 5185 1836 5246 conjugium
1879 5202 2064 5239 sacer-

440 5249 628 5298 dotum
683 5262 794 5297 non
841 5253 988 5299 esset
1045 5249 1407 5299 tolerandum.
1448 5252 1572 5302 Post
1620 5255 1899 5319 vulgatam
1942 5274 2063 5310 ver-

439 5321 651 5369 sionem
704 5321 758 5367 in
806 5332 911 5368 usu
968 5323 1266 5383 receptam,
1311 5324 1580 5384 scriptum
1613 5326 1782 5378 fuisse
1810 5335 2060 5380 constat:

437 5404 543 5441 nec
577 5392 739 5440 refert
773 5390 920 5454 quod
963 5391 1215 5455 Origenis
1265 5394 1596 5444 sententiam
1636 5399 1774 5448 tueri
1817 5400 2066 5453 videatur

439 5465 657 5521 auctor;
706 5459 982 5533 siquidem
1024 5461 1132 5511 hoc
1181 5462 1251 5511 ad
1289 5462 1622 5526 hypothesin
1661 5483 1826 5533 quam
1868 5487 2064 5524 susce—

439 5538 609 5600 perat,
665 5532 992 5597 pertinebat.
1037 5533 1288 5597 Rigaltius
1335 5536 1429 5595 ait,
1485 5532 1690 5589 Codex,
1726 5541 2066 5595 Fossatensis

440 5605 718 5669 Cypriano
741 5604 948 5654 tribuit.
977 5605 1035 5654 In
1065 5605 1383 5657 Corbeiensi
1405 5609 1738 5674 inscribitur,
1769 5617 2066 5678 Augustini

440 5681 502 5729 de
533 5679 914 5745 Si‘ngutm'itate
942 5678 1270 5728 clericorum.

500 5752 564 5817 (2)
623 5753 724 5804 Sed
772 5752 903 5817 quiJ
951 5763 1084 5802 nunc
1138 5751 1202 5802 de
1255 5753 1585 5815 feminarum
1630 5757 2062 5811 commeratione.

2162 4833 2273 4906 pho
2321 4835 2388 4886 de
2445 4837 2755 4900 Columna,
2808 4843 3312 4891 commemoratione.
3368 4843 3574 4894 Verum
3632 4842 3765 4906 prius

2165 4905 2330 4956 habet
2385 4909 2701 4959 Antoninus
2764 4924 2892 4960 cum
2944 4916 3050 4962 vet.
3109 4925 3298 4964 excus.
3353 4917 3408 4965 et
3457 4905 3762 4977 argumento

2163 4977 2289 5026 libri
2334 4980 2508 5042 magis
2551 4982 2832 5031 convenit.
2885 4983 3002 5032 Nisi
3043 4995 3173 5033 vero
3212 4986 3378 5034 etiam
3421 4983 3763 5047 Landulphus

2162 5048 2366 5111 legeret
2410 5050 2548 5100 illud
2590 5052 2669 5112 de,
2697 5050 3039 5116 superﬂuum
3083 5058 3354 5118 putarem,
3384 5059 3438 5105 et
3470 5057 3762 5106 omitterem

2165 5132 2293 5169 cum
2321 5121 2617 5172 Antonino.
2647 5124 2864 5173 PAMEL.

2227 5191 2291 5253 (3)
2351 5193 2433 5241 Ad
2476 5194 2822 5257 ignominiam
2877 5195 3107 5246 devoluti
3156 5203 3296 5247 sunt.
3344 5199 3616 5250 Pamelius
3666 5198 3759 5252 ait,

2165 5261 2249 5311 Ex
2305 5264 2438 5312 vitio
2493 5265 2702 5316 codicis
2759 5265 3049 5317 Remboldi
3115 5267 3395 5332 legebatur
3453 5267 3758 5333 ignominia,

2166 5333 2436 5383 duntaxat
2501 5335 2651 5400 quod
2716 5351 2827 5387 non
2891 5339 3160 5401 placeret,
3223 5342 3463 5403 reposuit
3519 5342 3759 5391 Erasmus

2166 5403 2526 5467 ignominiosa,
2561 5412 2615 5457 et
2654 5408 2791 5458 illud
2833 5409 3024 5473 legunt
3071 5413 3387 5462 Antoninus
3413 5417 3467 5462 et
3506 5416 3609 5462 vet.
3652 5421 3756 5460 exc.

2166 5476 2386 5529 PAMEL.

2230 5549 2292 5607 (4)
2321 5549 2534 5598 Domini
2568 5552 2910 5613 correptione.
2956 5550 3233 5603 Pamellus
3279 5555 3369 5616 ait,
3414 5553 3678 5605 Manutius
3709 5554 3755 5601 et

2170 5617 2447 5691 Morellius
2508 5625 2868 5686 correptione,
2925 5637 3115 5675 verum
3175 5627 3327 5690 prius
3384 5627 3554 5691 placet
3611 5623 3751 5674 obse-

2167 5689 2413 5753 quentia,
2451 5695 2757 5756 prmsertim
2790 5696 2837 5745 si
2870 5695 3120 5761 legamus
3155 5689 3283 5750 cum
3326 5689 3617 5761 Antonino,
3647 5706 3750 5746 cor-

2167 5762 2369 5828 ripiens
2391 5776 2489 5828 pro
2517 5766 2844 5819 conveniam.
2872 5767 3085 5821 Pansa.
