4032 6180
250 271 349 337 913

1344 278 1429 339 DE
1470 280 2002 344 SINGULARITATE
2040 282 2491 343 CLERICORUM.

3492 295 3595 355 914

246 418 309 459 ex
343 400 475 471 Deo,
512 416 703 458 coram
729 400 849 475 ipso
886 401 941 457 in
971 401 1188 461 Christo
1230 404 1519 478 loquimur
1551 429 1575 461 ιι
1625 409 1693 478 (ΙΙ
1727 409 1869 477 Cor.,
1896 408 2059 493 Abit
2106 429 2275 483 super
2320 410 2598 470 carbones
2626 411 2773 485 ignis
2823 434 2833 472 :
2877 416 3051 491 pedes
3100 435 3231 475 vero
3278 437 3394 477 non
3437 438 3592 479 com-

245 500 296 562 2,
353 496 462 566 l7).
519 497 579 551 In
640 497 836 553 dolore
890 499 1079 571 itaque
1137 501 1389 557 maximo
1450 503 1740 558 constituti
1800 505 1871 558 de

248 590 588 662 quibusdam
617 593 946 663 putrefactis
977 595 1248 651 membris
1291 598 1541 668 corporis
1588 598 1786 663 nostri,
1818 604 1874 653 et

244 689 299 744 in
332 690 552 759 gemitu
577 691 859 761 jacturam
891 692 1272 749 lamentantes
1304 694 1581 763 Ecclesiae,
1616 712 1743 767 quae
1771 712 1874 767 per

242 785 547 855 segnitiem
595 791 841 841 nostram
886 788 1160 859 redigitur
1206 806 1308 859 per
1353 789 1473 843 dies
1514 790 1763 861 singulos
1803 791 1871 844 ad

242 878 482 934 nimiam
521 881 862 950 paucitatem
897 899 910 935 :
943 881 1132 954 837
1169 883 1452 938 credimus
1479 901 1583 938 nos
1614 900 1677 938 ex
1713 891 1869 954 parte

240 973 432 1046 aliqua
459 974 759 1043 sublevari,
789 975 944 1046 quod
984 976 1292 1047 diligentias
1336 982 1543 1032 nostra:
1584 977 1873 1049 negligen-

239 1068 757 1139 tia.quorumdam
812 1070 1013 1124 obesse
1067 1086 1183 1124 non
1230 1073 1428 1142 possit,
1470 1071 1673 1143 quibus
1721 1091 1868 1127 nun-

236 1176 409 1231 quam
445 1167 654 1216 nostras
682 1162 883 1217 litteras
911 1163 1235 1231 defuerunt,
1269 1181 1396 1235 quae
1425 1182 1527 1236 per
1553 1166 1867 1221 absentiam

236 1258 494 1309 nostram
536 1256 915 1327 frequentiam
972 1257 1229 1311 omnibus
1274 1266 1653 1328 pensaverunt
1707 1260 1868 1313 dissi-

236 1349 571 1403 mulationis
602 1366 717 1403 sua:
747 1368 759 1404 :
794 1357 854 1404 ut
885 1368 1276 1422 unusquisque
1318 1355 1683 1422 contemptor
1710 1370 1869 1407 reum

237 1444 606 1513 semetipsum
643 1445 963 1499 conscribat
1000 1448 1094 1516 (5),
1124 1462 1224 1499 nos
1255 1449 1445 1500 autem
1482 1446 1653 1500 libera
1682 1447 1869 1501 fronte

235 1537 729 1607 contemptoribus
768 1539 1169 1606 exclamemus,
1194 1539 1342 1610 quod
1390 1540 1659 1595 Salomon
1701 1541 1871 1596 conﬁ-

234 1632 445 1685 denter
495 1632 796 1701 exprobrat
836 1648 848 1685 :
900 1652 926 1684 ‹‹
977 1633 1255 1696 Quoniam
1299 1634 1533 1704 quidem
1578 1634 1867 1703 vocabam,

233 1725 444 1794 inquit,
477 1731 676 1778 etnon
718 1724 1132 1794 obaudiebatis;
1171 1730 1228 1780 et
1269 1727 1647 1782 extendebam
1700 1729 1867 1782 verba

1972 502 2179 559 buret?
2219 507 2307 560 Sic
2350 508 2445 579 qui
2487 509 2772 566 introierit
2812 514 2878 568 ad
2920 530 3160 569 uxorem
3206 516 3449 587 proximi
3486 518 3592 586 sui,

1974 615 2089 652 non
2140 600 2250 654 erit
2294 601 2584 673 immunis,
2633 623 2819 676 neque
2872 609 3054 662 omnis
3099 610 3192 679 qui
3233 610 3419 681 tangit
3464 628 3593 666 eam

1975 691 2175 761 (Prov.,
2224 711 2296 762 v1,
2341 698 2553 768 27-29).
2603 718 2629 750 »
2680 701 2924 770 Credite,
2972 719 3163 773 quasso
3214 722 3328 775 vos,
3379 706 3594 759 credite

1975 783 2179 841 divina:
2231 789 2394 858 fidei,
2458 793 2714 863 quinimo
2773 810 2942 865 quam
3008 802 3213 851 nostra:
3264 801 3330 867 (8)
3389 815 3400 851 :
3460 800 3594 870 quia

1972 894 2140 934 omne
2184 884 2462 955 quidquid
2506 888 2818 958 pollicetur,
2864 906 2977 943 non
3024 894 3209 960 potest
3253 892 3467 961 fallere,
3504 893 3592 946 di-

1973 981 2137 1031 cente
2181 979 2414 1033 Domino
2459 997 2472 1035 :
2525 1003 2552 1031 «
2598 984 2832 1037 Facilius
2876 988 2978 1049 est,
3032 985 3234 1055 inquit,
3284 986 3485 1039 caelum
3538 988 3597 1039 et

1970 1075 2182 1125 terram
2237 1075 2551 1144 praeterire,
2607 1094 2783 1147 quam
2839 1078 2909 1131 de
2964 1077 3087 1149 lege
3142 1095 3323 1132 unum
3376 1080 3593 1149 apicem

1973 1165 2174 1219 cadere
2215 1167 2457 1237 (Matth.,
2488 1187 2540 1237 v,
2586 1172 2692 1241 l8).
2728 1194 2753 1219 ››
2797 1174 2861 1227 Et
2898 1173 3107 1227 iterum
3157 1189 3169 1227 :
3218 1195 3243 1221 ‹‹
3283 1173 3497 1227 Coelum
3543 1178 3599 1227 et

1974 1264 2127 1312 terra
2168 1263 2511 1332 transibunt,
2559 1266 2728 1319 verba
2772 1273 2966 1320 autem
3015 1285 3139 1322 mea
3181 1285 3289 1321 non
3337 1270 3594 1339 praeteri-

1971 1352 2111 1406 bunt
2149 1356 2389 1425 (Mutila,
2436 1374 2581 1425 xxiv,
2631 1360 2740 1428 35).
2780 1381 2804 1408 ››
2852 1360 2953 1430 Ipsi
2999 1377 3136 1431 ergo
3184 1378 3285 1414 nos
3324 1362 3594 1431 fallimus,

1973 1447 2194 1516 quoties
2249 1449 2649 1505 inordinaliter
2702 1453 3025 1519 credimus,
3084 1454 3429 1510 aestimantes
3494 1473 3595 1527 per

1971 1540 2142 1594 ﬁdem
2186 1548 2433 1597 nostram
2720 1548 2863 1616 legis
2909 1554 3187 1617 praecepta
3224 1550 3481 1602 mutari:
3530 1556 3592 1603 ut

1970 1632 2122 1686 inter
2150 1637 2428 1691 masculos
2457 1645 2513 1692 et
2541 1639 2782 1693 feminas
2809 1656 3103 1711 speremus
3132 1642 3338 1711 passim
3367 1642 3591 1695 castita—

1969 1729 2086 1780 tem
2117 1728 2470 1785 immobilem
2500 1734 2787 1787 custodiri.

234 1835 389 1884 mea,
422 1822 480 1873 et
518 1836 628 1873 nou
662 1820 1063 1886 intendebatis,
1091 1821 1190 1875 sed
1223 1821 1377 1875 irrita
1414 1820 1702 1876 faciebatis
1740 1838 1864 1876 mea
1888 1793 1944 1864 Β
2040 1821 2270 1876 Difﬁcile
2308 1825 2432 1894 quis
2458 1842 2741 1881 venenum
2782 1827 2939 1881 bibet
2977 1832 3035 1881 et
3070 1828 3235 1882 vivet.
3270 1830 3592 1884 Verendum

232 1912 489 1975 consilia,
544 1914 686 1967 meis
737 1917 933 1968 autem
982 1914 1465 1985 increpationibus
1511 1932 1627 1970 non
1674 1915 1862 1970 inten-

234 2004 499 2059 debatis:
534 2007 721 2077 itaque
761 2011 816 2060 et
864 2024 970 2078 ego
1015 2012 1216 2062 vestra:
1262 2008 1572 2078 perditioni
1615 2008 1862 2079 superri-

230 2098 401 2152 debo.
433 2099 772 2155 Gratulabor
798 2117 936 2171 ergo
966 2102 1264 2156 adversum
1306 2119 1418 2169 vos,
1449 2118 1578 2157 cum
1622 2103 1864 2157 advene-

232 2193 305 2247 rit
345 2194 501 2247 vobis
542 2195 822 2261 interitus,
864 2202 918 2249 et
961 2212 1088 2249 cum
1140 2196 1432 2250 advenerit
1475 2197 1633 2251 vobis
1683 2197 1868 2251 subito

232 2288 513 2341 tumultus
545 2307 555 2341 :
592 2288 808 2343 eversio
831 2294 1020 2343 autem
1049 2289 1217 2343 simul
1250 2296 1306 2344 et
1330 2291 1614 2362 procellas,
1649 2294 1707 2345 et
1739 2308 1869 2345 cum

233 2381 534 2437 advenerit
585 2383 744 2437 vobis
797 2400 1057 2452 pressura
1110 2384 1179 2453 (6)
1234 2387 1292 2437 et
1343 2385 1710 2456 expugnatio.
1757 2386 1873 2439 Erit

232 2478 391 2532 enim
418 2494 547 2531 cum
594 2493 685 2530 me
712 2476 1129 2543 invocaveritis,
1162 2493 1270 2547 ego
1310 2482 1501 2532 autem
1534 2495 1649 2532 non
1701 2496 1868 2534 exau-

235 2571 393 2625 diam
441 2588 559 2625 vos.
604 2572 872 2635 Quaerent
927 2587 1017 2624 me
1070 2570 1225 2638 mali,
1274 2576 1331 2625 et
1377 2588 1491 2626 non
1534 2572 1869 2627 invenient:

235 2665 485 2719 oderunt
531 2665 684 2718 enim
735 2664 1090 2734 sapientiam.
1126 2663 1365 2717 Verbum
1413 2667 1605 2719 autem
1650 2666 1871 2721 Domini

234 2776 354 2813 non
404 2764 852 2828 assumpserunt,
884 2774 1070 2829 neque
1102 2758 1400 2811 voluerunt
1442 2758 1581 2812 meis
1622 2760 1873 2813 consiliis

234 2853 559 2907 intendere.
610 2853 962 2923 Spreverunt
1014 2852 1167 2906 enim
1214 2869 1374 2907 meas
1425 2853 1814 2923 correptiones
1856 2870 1869 2908 :

234 2942 481 3012 ideoque
526 2943 696 2996 edent
739 2941 843 2995 via:
893 2958 1011 2996 suae
1061 2942 1296 3007 fructus,
1338 2946 1394 2997 et
1438 2959 1538 2997 sua
1579 2943 1872 3014 impietate

238 3035 621 3090 satiabuntur.
660 3057 685 3084 ››

307 3130 389 3186 Ad
448 3146 548 3184 vos
586 3146 740 3183 nunc
787 3145 915 3184 mea
956 3130 1271 3185 exhortatio
1318 3130 1685 3199 convertitur,
1731 3148 1944 3231 quosC

241 3224 513 3277 nolumus
565 3223 811 3294 experiri
859 3223 993 3277 talia
1042 3224 1353 3294 praecipitia
1397 3225 1718 3278 ruinarum.
1765 3227 1867 3280 Me-

237 3317 382 3371 tuite
436 3324 715 3388 quantum
754 3318 983 3388 potestis
1023 3318 1303 3388 ejusmodi
1343 3334 1500 3371 casus
1544 3318 1717 3372 entia
1753 3335 1764 3372 :
1812 3322 1869 3372 et

234 3413 297 3465 in
349 3411 458 3464 ista
507 3411 894 3478 subversione,
955 3411 1270 3465 labentium
1328 3427 1426 3465 vos
1482 3412 1868 3481 experimenta

236 3510 618 3575 perterreant.
652 3504 905 3557 Nimium
936 3521 1187 3574 praeceps
1216 3509 1300 3558 est
1327 3504 1427 3575 qui
1454 3505 1696 3558 transire
1728 3521 1865 3559 con-

237 3599 446 3664 tendit,
483 3597 576 3651 ubi
617 3598 795 3651 alium
837 3599 1195 3668 conspexerit
1232 3598 1500 3652 cecidisse
1536 3616 1547 3652 :
1593 3602 1650 3652 et
1694 3600 1865 3653 vehe-

238 3697 467 3745 menter
514 3691 769 3745 infra’niS
808 3694 911 3758 est,
942 3692 1030 3745 cui
1076 3708 1188 3745 non
1232 3690 1508 3744 incutitur
1536 3692 1712 3745 timor
1755 3691 1866 3744 alio

235 3790 535 3856 pereunte.
571 3788 802 3839 Amator
846 3801 981 3839 vero
1024 3788 1106 3838 est
1156 3784 1352 3837 salutis
1392 3801 1529 3853 sum,
1562 3785 1657 3855 qui
1701 3785 1870 3839 evitat

237 3881 448 3933 alienas
499 3879 699 3933 mortis
725 3880 1041 3933 incursum.
1073 3880 1141 3931 Et
1182 3878 1300 3948 ipse
1328 3883 1411 3932 est
1453 3877 1741 3948 providus,
1772 3879 1870 3948 qui

233 3972 512 4028 sollicitus
560 3972 625 4027 tit
676 3971 933 4025 cladibus
987 3975 1348 4039 ceterorum,
1405 3972 1546 4025 sicut
1601 3972 1869 4026 Salomon

233 4065 540 4137 approbat,
574 4065 767 4119 dicens
800 4082 812 4119 :
845 4086 872 4114 ‹‹
900 4067 1130 4119 Astutus
1158 4065 1356 4120 videns
1395 4067 1610 4119 malum
1656 4064 1867 4134 puniri,

235 4160 617 4214 vehementer
666 4158 954 4212 erudietur
996 4159 1198 4227 (Prom,
1230 4175 1394 4225 xxvn,
1425 4158 1536 4229 12).
1575 4179 1602 4207 υ
1656 4159 1725 4211 Et
1763 4158 1867 4211 ite-

234 4270 368 4307 rum
406 4271 419 4306 :
451 4273 478 4301 α
504 4251 847 4307 Cadentibus
890 4251 1081 4322 impiis
1121 4251 1262 4322 justi
1292 4252 1663 4307 vehementer
1691 4254 1867 4304 terre-

235 4350 473 4402 buntur.
507 4368 533 4395 ››
564 4345 899 4401 Adversaria
931 4348 1016 4398 est
1041 4346 1387 4400 confidentia
1425 4344 1521 4417 (7),
1556 4362 1682 4416 quae
1712 4346 1867 4415 peri-

234 4441 383 4494 culis
427 4440 599 4493 vitam
654 4455 813 4493 suam
872 4455 973 4509 pro
1028 4443 1180 4493 certo
1226 4440 1606 4493 commendat.
1662 4442 1728 4495 Et
1780 4441 1867 4493 lu-

1966 1919 2049 1967 est
2075 1915 2383 1971 dormienti
2412 1919 2470 1972 in
2498 1919 2642 1988 ripa,
2672 1936 2743 1973 ne
2788 1921 2971 1987 cadat,
3008 1938 3134 1975 cum
3174 1922 3323 1975 dicat
3359 1927 3593 1992 Aposto-

1964 2012 2094 2066 lus:
2130 2030 2157 2058 ‹‹
2187 2010 2293 2074 Qui
2324 2028 2382 2065 se
2424 2016 2585 2082 putat
2628 2018 2800 2081 stare,
2842 2015 3033 2068 videat
3075 2031 3145 2069 ne
3172 2016 3338 2069 cadat
3364 2016 3407 2086 (Ι
3439 2017 3580 2086 Cor.,

1966 2120 2020 2171 x,
2053 2106 2161 2172 12).
2205 2126 2231 2154 ››
2277 2107 2339 2159 In
2384 2106 2486 2158 hac
2525 2110 2689 2177 parte
2737 2108 2962 2177 expedit
3011 2109 3137 2178 plus
3181 2110 3326 2164 bene
3367 2110 3591 2174 timere,

1970 2214 2141 2268 quam
2176 2199 2320 2252 male
2349 2198 2544 2252 ﬁdere.
2580 2202 2640 2254 Et
2675 2201 2865 2253 utilius
2895 2204 2976 2254 est
3006 2202 3296 2257 infirmum
3335 2221 3393 2258 se
3421 2204 3597 2260 homo

1971 2298 2301 2361 cognoscat,
2355 2298 2416 2346 ut
2462 2293 2620 2346 fortis
2673 2295 2924 2363 exsistat;
2976 2312 3150 2365 quam
3202 2298 3365 2351 fortis
3422 2298 3599 2353 videri

1970 2385 2123 2451 velit,
2154 2389 2211 2439 et
2249 2386 2508 2439 infirmus
2539 2394 2816 2458 emergat.
2854 2388 2928 2440 De
2970 2405 3084 2458 qua
3119 2406 3177 2443 re
3214 2397 3598 2463 praesumpto-

1972 2496 2063 2533 res
2106 2480 2371 2549 objurgat
2416 2480 2731 2549 Apostolus,
2777 2480 2966 2537 dicens
3015 2498 3027 2535 :
3080 2504 3107 2531 ‹‹
3155 2483 3212 2538 Si
3265 2484 3392 2555 quis
3436 2490 3602 2555 putat

1972 2590 2030 2627 se
2071 2573 2287 2644 aliquid
2332 2589 2475 2639 esse,
2525 2590 2652 2627 cum
2702 2574 2841 2628 nihil
2893 2575 2983 2641 sit,
3032 2576 3276 2646 seipsum
3322 2578 3599 2647 implanat

1974 2666 2199 2736 ((ἳίιιατ.³
2254 2682 2326 2733 vr,
2380 2666 2455 2735 3).
2504 2687 2531 2715 »
2581 2668 2684 2720 Pro
2728 2674 2881 2721 certo
2936 2668 3281 2739 implanator
3331 2672 3599 2741 proprius

1974 2777 2136 2814 suam
2185 2760 2435 2814 animam
2485 2760 2725 2831 decepit,
2773 2762 2869 2832 qui
2918 2779 3029 2816 non
3075 2764 3326 2818 cavendo
3369 2770 3595 2819 contra-

1974 2854 2075 2921 ria,
2106 2854 2286 2907 noxiis
2331 2854 2500 2907 rebus
2534 2854 2835 2925 semetipse
2870 2855 3236 2909 commiserit.
3267 2858 3361 2911 Ille
3402 2863 3597 2913 autem

1972 2947 2149 3001 tutius
2179 2947 2284 3001 sibi
2318 2947 2578 3015 consulit,
2613 2948 2709 3018 qui
2747 2948 2897 3003 circa
2928 2950 3110 3003 malos
3140 2966 3368 3021 semper
3393 2951 3600 3005 infidus

1972 3040 2186 3111 species
2247 3057 2611 3113 quascunque
2678 3041 2877 3096 noxias
2940 3043 3270 3100 extimescit.
3337 3044 3595 3108 Quorum

1974 3134 2297 3189 distantiam
2349 3135 2618 3190 Salomon
2661 3135 2943 3202 disseruit,
2997 3135 3188 3191 dicens
3228 3154 3240 3191 ε
3285 3157 3311 3189 a
3361 3138 3597 3209 Sapiens

1971 3229 2224 3282 timendo
2256 3228 2559 3283 declinabit
2584 3228 2652 3282 ab
2683 3228 2839 3284 omni
2869 3230 3054 3295 malo;
3086 3231 3365 3302 insipiens
3404 3238 3596 3287 autem

1968 3322 2258 3375 conlidens
2302 3321 2386 3375 sui
2438 3323 2709 3375 miscetur
2758 3322 2955 3393 iniquo
3005 3325 3211 3393 (Prov.,
3250 3342 3360 3391 XIV,
3407 3326 3513 3395 t6).
3564 3349 3593 3376 ››

1967 3416 2236 3485 Magnum
2270 3415 2560 3485 sapientiae
2589 3415 2795 3468 divinas
2827 3416 3128 3470 consilium
3162 3417 3456 3471 inventum
3490 3422 3595 3485 est,

1966 3508 2064 3561 ubi
2112 3509 2333 3562 timoris
2385 3508 2591 3563 auxilio
2635 3508 2960 3563 liberemur.
3006 3510 3204 3580 Magna
3257 3512 3598 3582 compendia

1966 3601 2375 3672 providentiae,
2426 3608 2489 3655 nt
2537 3602 2846 3672 aliquando
2889 3601 2988 3656 ﬁat
3025 3604 3201 3657 virtus
3254 3607 3309 3658 et
3360 3605 3597 3659 victoria

1971 3711 2072 3765 per
2101 3696 2383 3749 timorem.
2418 3695 2619 3765 Magna
2652 3695 2901 3749 remedia
2934 3697 3205 3749 Dominus
3254 3699 3496 3753 contulit
3523 3699 3595 3752 ad

1968 3790 2233 3855 salutem,
2265 3792 2326 3841 ut
2372 3788 2574 3842 habeat
2613 3791 2669 3841 et.
2707 3788 2937 3842 timidus
2977 3789 3224 3855 laudem,
3267 3790 3410 3845 sicut
3450 3794 3596 3847 Salo-

1970 3898 2104 3935 mon
2158 3881 2379 3951 repetit,
2434 3882 2627 3935 dicens
2676 3896 2688 3933 :
2750 3902 2776 3930 «
2839 3882 3038 3935 Beatus
3086 3882 3170 3935 vir
3222 3884 3320 3952 qui
3372 3889 3597 3939 veretur

1969 3974 2160 4028 omnia
2201 3991 2305 4045 per
2335 3977 2551 4027 metum
2588 3975 2801 4044 (Eccle.,
2832 3990 2947 4041 vm,
2980 3976 3090 4043 12).
3126 3996 3154 4023 »
3189 3959 3597 4032 lnaestimabilis

1970 4067 2199 4121 Domini
2240 4066 2647 4133 misericordia,
2687 4082 2813 4136 quae
2845 4066 3155 4137 unicuique
3184 4069 3401 4123 homini
3436 4087 3596 4125 suam

1969 4161 2209 4213 contulit
2244 4160 2483 4230 gloriam
2517 4160 2621 4230 (9);
2656 4165 2712 4213 et
2758 4160 3345 4229 incomprehensibilis
3390 4164 3593 4234 pietas,

1967 4269 2095 4322 quae
2125 4253 2439 4307 secundum
2473 4269 2696 4324 pugnas
2740 4253 2899 4308 dedit
2940 4260 2996 4307 et
3041 4256 3282 4324 palmas,
3319 4262 3381 4310 ut
3422 4258 3594 4312 confi-

1969 4347 2137 4400 tendo
2166 4348 2546 4400 masculorum
2575 4346 2845 4401 saevitiam
2868 4364 3220 4419 superemus,
3257 4354 3311 4403 et
3343 4351 3597 4406 timendo

1967 4440 2310 4494 feminarum
2334 4440 2729 4494 blandimenta
2758 4442 3080 4509 vincamus;
3110 4444 3420 4498 dummodo
3450 4445 3595 4499 etde

230 4533 398 4588 brica
438 4549 564 4602 spes
611 4536 714 4601 est,
750 4549 878 4603 quae
913 4533 1061 4586 inter
1101 4534 1358 4587 fomenta
1407 4534 1621 4603 peccati
1667 4533 1861 4587 salvari
1886 4523 1942 4594 Ι)
1965 4534 2169 4588 virtute
2198 4539 2254 4586 et
2282 4533 2352 4586 de
2392 4533 2723 4588 infirmitate
2756 4551 2929 4605 super
2954 4551 3055 4587 nos
3084 4537 3353 4590 Dominus
3384 4539 3594 4607 glorias

232 4643 297 4680 se
347 4630 555 4696 sperat.
586 4628 797 4680 Incerta
834 4626 1066 4679 victoria
1114 4632 1215 4693 est,
1250 4626 1400 4680 inter
1438 4626 1663 4679 hostilia
1706 4644 1867 4681 arma

233 4736 521 4791 pugnare.
583 4720 647 4773 Et
709 4719 1072 4790 impossibilis
1132 4719 1391 4774 liberatio
1456 4723 1560 4788 est,
1619 4720 1867 4775 ﬂammis

231 4812 597 4880 circumdari,
632 4829 735 4867 nec
763 4813 982 4867 ardere.
1015 4813 1175 4876 Quod
1208 4813 1470 4868 Salomon
1515 4831 1631 4867 non
1671 4820 1863 4885 negat,

228 4907 430 4961 dicens
464 4921 476 4960 :
505 4927 532 4953 «ι
560 4906 692 4969 Quis
718 4907 972 4978 alligabit
1014 4907 1077 4960 in
1106 4907 1236 4960 sinu
1285 4924 1386 4962 suo
1434 4907 1652 4978 ignem,
1688 4908 1865 4962 vesti-

230 5003 434 5055 menta
461 5003 655 5055 autem
682 5017 783 5055 sua
811 5018 927 5056 non
955 5001 1295 5056 comburet?
1317 5004 1427 5057 Aut
1452 5001 1579 5073 quis
1607 5001 1865 5056 ambula-

1965 4630 2261 4698 operetur;
2284 4630 2345 4681 ut
2362 4626 2417 4680 in
2445 4627 2707 4680 omnibus
2729 4633 2782 4680 ct
2808 4644 2909 4697 per
2931 4628 3121 4683 omnia
3141 4631 3596 4699 omnipotentem

1966 4722 2273 4791 semetipsa
2310 4723 2568 4784 testetur,
2599 4719 2853 4773 dividens
2885 4720 3233 4775 differentias
3271 4723 3594 4794 triumpho-

1967 4830 2130 4881 rum;
2166 4818 2229 4867 ut
2256 4819 2372 4867 tam
2421 4813 2665 4867 consiliis
2712 4829 2885 4883 quam
2919 4813 3130 4867 viribus
3174 4832 3207 4869 a
3242 4816 3400 4870 nobis
3439 4817 3594 4874 bella

1966 4907 2285 4975 vincantur,
2316 4923 2388 4962 ne
2428 4906 2474 4960 si
2516 4906 2813 4960 vicerimus
2856 4907 3031 4961 solius
3069 4908 3197 4962 ﬁdei
3240 4909 3593 4981 fortitudine,

1967 5005 2165 5056 contra
2208 5000 2568 5055 Salomonem
2618 5016 2794 5054 vacua
2839 5006 3024 5056 essent
3067 5018 3235 5072 opera
3276 5003 3592 5075 sapientiae.

1589 5140 1753 5203 Edit.
1788 5141 1999 5204 Oxon.
2031 5146 2226 5204 notas.

294 5247 367 5309 (5)
423 5249 576 5295 Reum
639 5248 969 5310 semetipsum
1042 5247 1357 5297 conscribat.
1423 5248 1702 5298 Pamelius
1756 5249 1862 5297 ait.

228 5320 415 5370 Etiam
477 5318 573 5366 hic
624 5317 966 5368 Remboldus
1018 5318 1280 5381 reposuit,
1332 5332 1513 5367 rerum
1565 5321 1863 5382 corruptis-

226 5392 408 5448 sime;
444 5400 572 5436 nam
601 5387 736 5436 illud
767 5388 973 5438 habent
1009 5392 1120 5438 vet.
1163 5402 1354 5439 excus.
1385 5388 1624 5440 Gravius
1653 5394 1706 5438 et
1748 5389 1865 5439 Mo-

226 5460 439 5510 rellius.
466 5460 685 5508 PAMEL.

300 5533 362 5595 (6)
418 5531 547 5581 Cum
603 5530 871 5579 advenerit
928 5530 1073 5579 vobis
1124 5531 1379 5580 interitus.
1431 5532 1709 5581 Pamelius
1768 5533 1862 5589 ait,

226 5605 349 5655 Nec
392 5607 494 5652 vet.
535 5616 723 5651 excus.
769 5615 949 5665 neque
990 5602 1331 5653 Remboldus
1373 5603 1481 5653 hoc
1511 5604 1734 5662 habent,
1767 5604 1864 5653 sed

226 5680 320 5726 est
377 5674 521 5736 apud
577 5673 742 5721 LXX.
800 5673 982 5734 Quare
1042 5681 1188 5723 recte
1240 5688 1464 5737 quoque
1527 5689 1594 5724 ex
1648 5676 1864 5737 conjec-

226 5753 355 5795 tura
422 5744 654 5793 Cauchii
713 5744 1019 5807 adjecimus
1081 5749 1133 5794 et
1194 5745 1329 5794 illud
1389 5745 1539 5809 quod
1589 5747 1856 5809 sequitur,

226 5819 455 5869 PAMEL.

299 5890 366 5953 (7)
422 5885 744 5939 Advorsaria
800 5890 873 5938 est
923 5886 1245 5951 conﬁdentia.
1298 5887 1575 5940 Pamelius
1626 5888 1718 5949 ait,
1782 5888 1861 5939 lta

1967 5250 2133 5300 etiam
2166 5248 2256 5298 ille
2293 5253 2495 5309 rectus,
2531 5262 2700 5312 quam
2730 5249 2878 5311 vulg.
2911 5248 3150 5298 adversa.
3184 5249 3403 5301 PAMEL.

2028 5321 2099 5382 (8)
2153 5321 2396 5381 Quinimo
2451 5334 2612 5383 quam
2650 5323 2858 5369 nostrae.
2916 5320 3190 5370 Pamelius
3240 5322 3331 5384 ait,
3376 5324 3596 5387 Accipit

1966 5391 2198 5455 quinimo
2228 5406 2325 5455 pro
2372 5392 2581 5455 potius;
2626 5406 2755 5439 nam
2800 5391 2935 5439 illud
2988 5391 3108 5456 plus
3154 5407 3339 5457 neque
3387 5395 3596 5444 habent

1966 5466 2069 5510 vet.
2114 5476 2253 5523 exc.,
2300 5476 2483 5527 neque
2534 5461 2893 5521 Remboldus,
2932 5462 3031 5513 sed
3074 5467 3285 5527 primus
3327 5465 3594 5515 Erasmus

1964 5533 2192 5583 addidit.
2225 5536 2445 5585 PAMED.

2025 5607 2087 5665 (9)
2139 5608 2261 5667 Qua:
2305 5607 2585 5669 unicuique
2630 5607 2822 5655 homini
2872 5620 3021 5656 suam
3079 5608 3302 5657 contulit
3344 5606 3589 5671 gloriam.

1966 5678 2243 5727 Pamelius
2295 5680 2387 5737 ait,
2429 5678 2771 5727 Remboldus
2823 5679 2955 5726 vitio
3007 5692 3296 5742 operarum
3354 5676 3595 5726 habebat

1961 5760 2071 5805 suo,
2119 5748 2267 5810 quod
2314 5762 2441 5798 cum
2489 5762 2599 5798 non
2652 5748 2965 5812 quadraret,
3017 5749 3263 5812 reposuit
3306 5747 3594 5807 Erasmus,

1962 5817 2198 5890 undique
2256 5833 2354 5884 pro
2412 5821 2728 5890 unicuique;
2789 5824 2844 5871 at
2902 5822 3055 5886 prius
3122 5819 3430 5884 genuinum
3486 5822 3594 5868 est.

1960 5888 2179 5941 PanaL.
