4032 6180
495 203 595 264 915
1096 202 1186 262 AD
1218 205 1442 264 OPERA
1480 207 1535 264 S.
1576 208 1888 266 CYPRIANI
1916 209 2211 267 GENUINA
2247 209 2536 266 APPEND.
2571 210 2639 266 Il.
2669 239 2738 251 -—
2765 209 3241 268 SUPPOSITITIA.
3708 220 3797 280 916

494 331 656 389 Nunc
681 331 857 405 igitur
881 330 1176 404 sapientia!
1199 349 1354 386 arma
1373 333 1668 403 gestanda,
1695 335 1789 388 ubi
1810 335 2045 389 feminei
2069 341 2125 389 et
2145 345 2205 420 Α
2228 351 2474 405 rumque
2507 335 2714 388 calcata
2745 335 3080 403 certamina,
3120 339 3246 406 post
3282 338 3554 408 magnalia
3583 344 3637 394 et
3657 342 3798 414 signa

495 427 672 484 virilis
699 444 861 482 sexus
899 429 1182 482 certamen
1220 428 1506 483 indicitur.
1536 429 1691 482 Unde
1731 429 1999 484 Salomon
2043 429 2122 483 sic
2224 428 2310 480 Vel
2366 427 2648 483 mirabilia
2702 446 3105 500 usquequaque
3160 433 3478 497 monstrata,
3521 443 3798 492 noscuntur

497 522 748 588 instruit,
781 521 976 576 dicens
1015 538 1030 576 :
1073 542 1100 571 «
1128 522 1515 591 Prudentium,
1548 522 1751 593 inquit,
1798 524 1880 577 fac
1927 527 2120 578 notam
2221 537 2352 576 cum
2379 522 2466 575 his
2503 523 2766 576 omnibus
2801 523 3193 593 naufragasse,
3221 540 3348 577 cum
3387 526 3576 581 volunt
3613 528 3664 582 in
3696 534 3806 588 navi

495 617 620 681 tibi,
675 620 738 670 ut
791 619 847 670 te
903 620 1086 672 servet
1136 633 1171 670 a
1224 617 1465 670 muliere
1517 616 1705 670 aliena
1758 621 1815 671 et
1871 617 2121 687 pessima
2218 615 2404 686 fragili
2433 613 2754 686 navigare?
2793 616 3050 680 Quantos
3095 616 3292 671 leones
3317 617 3533 673 domuit
3571 636 3678 676 una
3703 640 3806 680 mu-

500 712 696 780 (Prov.,
724 727 819 777 vn,
848 711 900 778 4,
935 711 1011 779 5).
1053 732 1080 758 ι)
1129 709 1321 765 Videte
1354 725 1505 763 nunc
1545 709 1906 780 prudentiam
1929 711 1987 764 in
2015 711 2120 765 isto
2219 709 2412 764 liebris
2440 709 2744 764 inﬁrmitas
2774 709 3030 777 delicata,
3062 726 3191 782 qua:
3237 727 3366 766 cum
3401 711 3472 766 sit
3498 713 3611 768 vilis
3646 718 3697 769 et
3720 720 3809 772 mi-

490 803 663 871 bello,
695 821 810 858 non
851 803 1022 858 [idem
1055 803 1218 858 nobis
1257 803 1451 857 datam
1491 820 1612 857 esse
1651 803 1960 872 victricem,
1991 820 2120 874 qua:
2217 819 2358 870 sera,
2387 803 2458 858 de
2490 802 2716 874 magnis
2740 803 2911 858 efficit
2943 804 3195 874 praedam
3223 805 3373 875 (it)?
3396 806 3550 869 Quod
3575 809 3804 868 Salomon

492 914 595 952 nos
638 897 952 952 timiditatis
999 896 1250 951 remedio
1296 897 1623 964 liberasset;
1671 902 1727 950 et
1768 898 2115 967 contempla-
2218 899 2494 968 loquitur,
2527 897 2721 951 dicens
2753 913 2766 951 :
2801 918 2828 947 «
2876 897 3127 952 Pretium
3155 899 3465 954 meretricis
3497 904 3698 957 tantum
3737 911 3808 960 est

491 991 633 1045 mini
664 1007 791 1061 qua:
822 996 952 1045 sunt
991 993 1160 1046 modo
1198 1006 1357 1044 arma
1400 990 1696 1057 sumenda,
1727 989 1772 1043 si
1810 990 1976 1044 vultis
2014 991 2114 1045 ha-
2221 991 2390 1044 unius
2415 991 2598 1061 panis,
2631 991 2836 1045 mulier
2879 992 3072 1045 autem
3117 993 3389 1063 pretiosas
3431 994 3640 1048 animas
3679 1000 3807 1070 capit

491 1086 628 1141 bere
653 1085 796 1154 legis
823 1085 1048 1138 auxilia.
1097 1087 1282 1139 Estote
1325 1083 1536 1152 timidi,
1575 1089 1634 1137 ut
1677 1083 1796 1137 sitis
1826 1082 2116 1154 intrepidi,
2218 1084 2420 1156 (Prae,
2451 1101 2524 1152 γι,
2554 1087 2663 1152 26).
2701 1105 2726 1134 ι

493 1184 549 1233 et
573 1179 707 1232 licet
734 1179 906 1232 timor
934 1179 994 1232 in
1027 1178 1340 1232 certamine
1371 1176 1667 1231 inﬁrmitas
1697 1192 1817 1231 esse
1839 1176 2116 1246 videatur,
2287 1180 2434 1232 Ante
2492 1194 2596 1232 nos
2648 1178 2752 1232 ista
2804 1181 3155 1250 tractantur,
3211 1185 3266 1234 et
3314 1180 3484 1234 nullis
3533 1185 3806 1240 terroribus

488 1277 706 1340 tamen,
740 1272 1048 1326 secundum
1079 1272 1316 1325 verbum
1345 1271 1596 1341 Apostoli
1640 1271 1700 1335 (ll
1731 1271 1874 1332 Cor.,
1908 1288 2003 1339 xu,
2037 1270 2115 1341 9),
2217 1287 2565 1337 coercemur,
2622 1272 2760 1342 quid
2815 1273 3150 1340 faceremus,
3205 1273 3254 1328 si
3303 1274 3653 1345 opinionibus
3706 1281 3807 1334 tan-

489 1366 667 1420 virtus
699 1365 756 1418 in
785 1365 1116 1418 inﬁrmitate
1157 1364 1465 1434 perficitur.
1500 1363 1877 1434 Separamini,
1910 1365 2114 1435 depre-
2216 1365 2511 1420 tummodo
2533 1370 2718 1436 gestas
2749 1365 3014 1421 historias
3057 1366 3430 1422 audiremus?
3469 1369 3575 1423 Sed
3604 1371 3711 1425 haec
3736 1379 3807 1427 est

490 1475 607 1525 cor,
638 1457 980 1528 separamini
1007 1458 1339 1525 contagione
1370 1457 1656 1528 pestifera.
2215 1475 2448 1529 semper
2485 1459 2852 1513 incredulitas
2898 1460 3165 1514 humana:
3195 1460 3444 1530 duritiae,
3477 1467 3535 1517 ut
3575 1479 3682 1518 non
3729 1483 3805 1520 so-

561 1552 1071 1622 Quantumcunqne
1118 1551 1292 1604 fuerit
1337 1551 1722 1622 unusquisque
1772 1551 1996 1622 longius
2043 1551 2115 1606 ab
2214 1553 2335 1608 lum
2400 1552 2707 1620 audiendo,
2771 1554 2870 1607 sed
2935 1553 3108 1608 etiam
3172 1554 3418 1610 videndo
3482 1573 3592 1611 non
3650 1559 3817 1614 credat

489 1645 754 1711 adversis,
785 1648 1006 1699 tantum
1033 1661 1148 1699 non
1171 1644 1340 1698 sentit
1360 1644 1608 1698 adversa.
1645 1643 1826 1698 Minus
1853 1644 2115 1715 volupta-
2137 1713 2183 1722 _
2218 1647 2424 1700 alteros
2453 1645 2780 1712 interiissse,
2811 1646 2916 1700 nisi
2945 1653 3000 1702 et
3029 1663 3086 1701 se
3116 1647 3297 1718 ipsam
3327 1648 3529 1703 viderit
3564 1651 3810 1722 interire;

488 1737 638 1790 tibus
673 1737 1018 1806 stimulatur,
1051 1738 1146 1808 qui
1175 1753 1289 1792 non
1319 1742 1404 1791 est
1430 1736 1526 1790 ubi
1555 1737 1877 1807 frequentia
1915 1742 2001 1793 est
2017 1754 2112 1792 vo-
2137 1713 2193 1785 B
2227 1755 2330 1794 nec
2357 1739 2635 1793 sociorum
2682 1739 2962 1794 mortibus
2993 1741 3265 1811 quatitur,
3299 1741 3438 1796 dum
3475 1742 3596 1798 illos
3623 1761 3818 1814 prome-

499 1832 802 1900 luptatum.
834 1831 900 1884 Et
925 1830 1116 1884 minus
1156 1830 1407 1884 avaritiae
1439 1830 1725 1884 molestias
1764 1830 1999 1901 patitur,
2030 1833 2126 1902 qui
2227 1832 2364 1886 ritos
2393 1835 2490 1886 aut
2518 1831 2798 1887 invalidos
2827 1833 3247 1904 opinatur(l2).
3280 1836 3351 1890 Se
3378 1842 3572 1890 autem
3604 1838 3818 1892 multum

497 1923 720 1978 divitias
769 1939 880 1976 non
915 1923 1088 1990 videt,
1119 1923 1164 1976 si
1201 1923 1555 1977 admittimus
1593 1925 1922 1994 Apostolum
1962 1924 2123 1994 polli-
2229 1926 2460 1994 mereri,
2507 1929 2605 1979 aut
2645 1927 2890 1980 multum
2926 1928 3114 1982 valere
3161 1927 3502 1984 ﬁducialiter
3542 1933 3708 2000 putat,
3743 1948 3821 1988 ne-

492 2023 717 2071 ceutem
750 2032 762 2070 :
799 2015 991 2088 839
1023 2037 1052 2068 (ι
1094 2017 1200 2080 Qui
1237 2018 1454 2083 volunt,
1496 2016 1703 2087 inquit,
1733 2018 1933 2072 divites
1975 2018 2123 2086 ﬁeri,
2228 2019 2412 2073 sciens
2440 2019 2682 2090 prmberi
2723 2021 2938 2074 cunctis
2977 2023 3258 2091 exempla,
3287 2038 3422 2076 cum
3468 2022 3672 2077 fuerint
3713 2025 3818 2095 qui-

488 2109 754 2165 incidunt
799 2110 856 2163 in
901 2109 1270 2164 tentationem
1312 2115 1366 2164 et
1412 2110 1472 2163 in
1517 2111 2025 2183 muscipulas(t0),
2069 2116 2128 2167 et
2224 2111 2470 2166 busdam
2545 2111 2800 2183 irrogata
2871 2113 3164 2184 supplicia,
3228 2115 3372 2169 sicut
3450 2117 3712 2170 Dominus
3771 2117 3820 2171 in

493 2203 774 2258 desideria
806 2204 989 2257 multa
1036 2207 1095 2257 et
1132 2203 1350 2257 inutilia
1382 2206 1441 2256 et
1472 2204 1658 2270 noxia,
1693 2220 1818 2274 qua:
1859 2211 2128 2276 mergunt
2225 2205 2532 2276 Evangelio
2587 2205 2857 2276 proponit
2911 2210 2968 2260 et
3020 2207 3197 2262 dicit:
3243 2227 3271 2257 «
3324 2209 3542 2262 Putatis
3591 2209 3728 2280 quod
3774 2209 3820 2264 hi

490 2296 785 2351 hominem
829 2297 888 2350 in
932 2297 1312 2367 perditionem
1353 2302 1408 2351 et
1449 2297 1508 2351 in
1555 2297 1849 2352 interitum
1882 2300 1921 2366 (ι
1965 2301 2122 2368 Tim,
2227 2297 2421 2370 840
2455 2298 2668 2353 Galilasi
2703 2315 2823 2369 prae
2855 2299 3122 2353 omnibus
3148 2300 3398 2355 Galilmis
3426 2301 3636 2356 fuerint
3659 2319 3820 2373 pecca-

493 2407 564 2457 vx,
620 2391 694 2458 9).
754 2413 780 2440 »
847 2390 966 2443 Non
1019 2390 1183 2443 aliter
1236 2390 1650 2444 tentationibus
1713 2391 1965 2461 subjacet
2030 2392 2126 2463 qui
2225 2396 2395 2459 tores,
2437 2392 2537 2462 qui
2578 2393 2705 2446 talia
2755 2392 2901 2463 passi
2933 2392 3110 2447 sunt?
3154 2394 3296 2448 Non.
3350 2394 3481 2449 DltO
3517 2395 3821 2451 vobiszNisi

482 2484 718 2553 junctus
764 2486 848 2536 est
889 2483 1151 2552 feminas;
1197 2484 1257 2537 in
1317 2500 1432 2554 qua
1481 2484 1626 2539 nihil
1675 2490 1759 2539 est
1812 2485 1966 2539 aliud
2017 2486 2126 2540 nisi
2224 2485 2623 2555 paenitentiam
2650 2485 2982 2553 habueritis,
3011 2485 3273 2540 similiter
3317 2488 3568 2558 peristis,
3601 2490 3732 2543 sicut
3755 2489 3820 2543 illi

491 2576 642 2646 quod
694 2576 864 2631 feriat
921 2576 1370 2646 proximantem.
1425 2578 1662 2632 Aculeus
1713 2579 1931 2648 peccati
1979 2580 2126 2633 facta
2225 2593 2396 2648 supra
2432 2594 2572 2648 quos
2616 2577 2820 2633 cecidit
2862 2579 3034 2633 turris
3077 2580 3136 2633 in
3177 2579 3354 2648 Siloa,
3390 2585 3448 2635 et
3486 2582 3681 2636 occidit
3719 2598 3815 2637 eos.

491 2675 574 2725 est
615 2670 800 2723 forma
841 2671 1121 2736 feminea;
1153 2677 1210 2724 et
1235 2670 1442 2725 mortis
1478 2671 1721 2725 conditio
1748 2688 1866 2726 non
1893 2672 2124 2727 aliunde
2224 2671 2437 2725 Putatis
2460 2671 2732 2742 quoniam
2767 2676 2824 2725 et
2846 2672 2950 2742 ipsi
2967 2672 3254 2727 debitores
3273 2674 3515 2728 fuerunt
3537 2692 3649 2745 prae
3669 2676 3823 2730 omni-

501 2764 765 2831 surrexit,
813 2762 918 2817 nisi
964 2764 1036 2818 de
1081 2763 1343 2817 muliebri
1389 2765 1718 2819 substantia.
1763 2765 1922 2829 Quod
1966 2766 2122 2821 Salo-
2225 2763 2334 2818 bus
2365 2765 2694 2818 hominibus
2738 2764 3131 2820 habitantibus
3172 2768 3232 2820 in
3275 2768 3670 2822 Hierusalem?
3699 2769 3818 2822 Non.

491 2873 626 2911 mon
666 2857 734 2910 ad
776 2861 1028 2911 nostram
1070 2857 1513 2912 sollicitudinem
1553 2862 1856 2926 memorat,
1887 2860 2119 2916 dicens:
2226 2858 2360 2911 Dico
2410 2857 2608 2912 vobis:
2639 2859 2695 2913 Si
2734 2873 2850 2912 non
2891 2859 3290 2929 pasnitueritis,
3321 2861 3587 2916 similiter
3623 2861 3822 2934 peristis

496 2972 524 3000 «
561 2954 603 3006 Α
651 2951 889 3005 muliere
929 2952 1144 3005 factum
1202 2954 1286 3004 est
1334 2951 1556 3005 initium
1604 2953 1848 3022 peccati,
1896 2957 2126 3024 propter
2229 2951 2535 3020 tLuc.,xv1,
2571 2950 2646 3020 3).
2683 2971 2712 3000 »

491 3046 642 3100 hanc
671 3062 868 3100 omnes
893 3046 1174 3100 morimur
1203 3047 1412 3115 (Eccli.,
1441 3061 1567 3111 xxv,
1600 3048 1707 3112 33).
1741 3069 1768 3096 ››
1800 3045 1936 3101 lnde
1964 3063 2120 3102 mor-
2144 3073 2200 3147 Ο
2295 3045 2566 3098 Miramur
2591 3045 2638 3098 si
2663 3045 2848 3098 Adam
2893 3062 2995 3116 per
3032 3048 3202 3101 Evam
3240 3049 3509 3103 seductus
3547 3055 3647 3115 est,
3675 3064 3821 3120 quem

492 3141 630 3194 tales
660 3145 946 3206 tenemur,
979 3155 1084 3193 nec
1117 3138 1398 3192 timemus.
1434 3138 1579 3202 Quid
1615 3139 1660 3192 si
1698 3140 1822 3208 jam
1859 3142 2124 3194 mortales
2155 3138 2200 3147 “
2230 3139 2388 3192 nulla
2431 3138 2801 3192 morientium
2853 3141 3116 3211 exempla
3162 3149 3593 3212 praecesserant,
3637 3146 3691 3196 et
3730 3141 3816 3195 nisi

495 3234 794 3289 essemus?
844 3235 956 3286 Per
1012 3232 1313 3286 mulierem
1378 3231 1635 3286 liberavit
1695 3249 1800 3286 nos
1862 3235 2127 3304 equidem
2219 3232 2400 3304 jussio
2429 3248 2544 3286 una
2569 3233 3000 3301 constrinxerat,
3029 3251 3160 3288 cum
3189 3235 3365 3289 modo
3411 3252 3518 3289 nos
3545 3251 3644 3289 nec
3685 3235 3822 3288 innu-

492 3328 764 3392 Christus,
807 3326 904 3380 sed
952 3326 1106 3379 unde
1149 3325 1334 3380 adhuc
1378 3326 1656 3379 morimur
1683 3326 1993 3382 formidare
2025 3327 2125 3382 de-
2227 3325 2530 3379 merabiles
2576 3331 2812 3393 mortes,
2845 3342 2950 3380 nec
2993 3327 3221 3381 infinita
3263 3328 3426 3398 jussa
3469 3330 3819 3398 compescant.

494 3421 713 3474 bemus.
764 3421 916 3473 Tunc
967 3419 1227 3472 liberatio
1280 3419 1400 3489 ipsa
1455 3420 1734 3474 constabit
1791 3420 1849 3474 in
1893 3420 2126 3488 femina,
2227 3417 2439 3481 Quibus
2489 3418 2895 3472 convenienter
2920 3418 3126 3474 dicitur
3161 3421 3481 3474 secundum
3526 3421 3824 3491 increpatio-

495 3515 542 3568 si
595 3531 628 3566 a
679 3513 838 3566 nobis
879 3529 1035 3566 mors
1087 3512 1408 3567 revincatur
1433 3555 1446 3581 ,
1501 3529 1629 3584 quas
1691 3530 1794 3584 per
1856 3514 2129 3569 feminam
2227 3527 2363 3565 nem
2396 3511 2659 3566 Domini:
2691 3511 2749 3566 Si
2778 3511 2956 3566 Adam
2997 3511 3234 3566 vidisset
3277 3517 3511 3581 mortes,
3544 3530 3663 3584 quas
3691 3513 3822 3566 facta

493 3613 746 3662 venerat.
798 3608 1081 3661 Ca3terum
1139 3606 1184 3659 si
1235 3607 1422 3660 adhuc
1474 3623 1577 3678 per
1631 3607 1931 3662 mulierem
1977 3609 2123 3663 circa
2227 3605 2282 3658 in
2330 3604 2505 3671 vobis,
2559 3604 2699 3659 olim
2745 3606 2804 3658 in
2857 3604 3042 3660 cilicio
3107 3610 3164 3660 et
3214 3606 3410 3661 cinere
3464 3606 3822 3678 paenitentiam

496 3718 599 3755 nos
683 3701 944 3754 scandala
1019 3700 1418 3766 dominantur,
1501 3700 1850 3755 liberationis
1925 3702 2128 3758 Christi
2228 3698 2460 3768 egisset.
2519 3697 2652 3751 Dico
2701 3703 2894 3752 autem
2937 3698 3113 3766 vobis,
3156 3700 3436 3769 quoniam
3480 3703 3610 3756 Adaa
3647 3700 3822 3754 tolera-

493 3793 736 3849 fecimus
762 3810 864 3865 pro
891 3798 1047 3848 certo
1065 3793 1845 3865 dispendium.Siquidemin
1873 3795 2127 3850 futurum
2228 3791 2406 3846 bilius
2452 3791 2562 3846 erit
2603 3790 2661 3844 in
2706 3790 2796 3844 die
2834 3790 3058 3860 judicii,
3108 3808 3280 3862 quam
3326 3793 3508 3849 vobis.
3554 3794 3730 3863 Longe
3767 3790 3824 3844 sit

497 3905 624 3960 spes
653 3889 756 3942 ista
783 3887 1060 3941 libertatis
1085 3893 1296 3955 manet,
1329 3904 1501 3958 quam
1543 3887 1678 3942 ﬁdei
1703 3895 1912 3942 nostrae
1939 3889 2124 3943 Chris-
2229 3885 2402 3957 pestis
2454 3885 2567 3950 illa,
2619 3889 2676 3938 et
2726 3883 2873 3956 lues,
2918 3887 2976 3938 et
3037 3885 3395 3940 clandestina
3451 3887 3736 3957 pernicies.
3785 3883 3820 3936 Ο

496 3988 620 4037 tum
668 3983 954 4036 credimus
999 3981 1302 4036 contulisse
1343 3998 1355 4036 :
1409 3985 1469 4036 ut
1516 3987 1650 4036 tunc
1691 3982 1852 4036 nobis
1895 3983 2128 4037 omnino
2231 3995 2404 4050 quam
2437 3977 2840 4034 inordinabilis
2875 3978 2980 4046 (13)
3017 3979 3245 4032 feminea
3273 3979 3667 4052 propinquitas
3682 3979 3821 4050 jacu-

504 4077 718 4130 mulier
752 4092 867 4129 non
911 4077 1134 4143 noceat,
1177 4092 1305 4129 cum
1352 4080 1408 4129 et
1438 4076 1556 4146 ipsa
1599 4092 1753 4131 mors
1794 4075 1968 4130 fuerit
2004 4093 2128 4131 eva-
2227 4073 2394 4140 latur,
2421 4072 2582 4142 cujus
2608 4071 2792 4126 vicina
2819 4075 2904 4125 est
2939 4071 3282 4125 delictorum
3326 4072 3694 4127 latrocinium.
3720 4072 3821 4125 Non

499 4174 682 4223 cuata.
717 4170 857 4222 Nam
888 4168 934 4222 si
964 4168 1132 4222 modo
1163 4173 1448 4238 putamus,
1483 4185 1587 4222 nos
1616 4169 1977 4224 intentabiles
2006 4187 2128 4224 esse
2229 4171 2316 4220 est
2359 4165 2420 4219 in
2472 4165 2575 4219 hac
2617 4164 2878 4218 societate
2935 4163 3228 4220 sinceritas
3277 4166 3672 4237 approbabilis,
3718 4178 3822 4236 qua:

503 4262 887 4316 muliebribus
921 4261 1156 4331 jaculis,
1206 4261 1346 4332 quid
1403 4279 1540 4332 ergo
1590 4267 1765 4317 restat
1815 4263 2129 4318 caelestibus
2229 4258 2544 4313 collisiones
2571 4257 2746 4311 habet
2783 4257 2936 4311 velut
2979 4256 3315 4328 quibusdam
3354 4259 3617 4314 fluctibus
3661 4258 3822 4312 turbu-

508 4355 742 4426 regnis?
785 4356 906 4409 Non
947 4355 1233 4409 immerito
1285 4355 1422 4409 tales
1463 4372 1660 4410 sensus
1703 4357 1999 4427 Apostolus
2039 4358 2126 4411 in-
2229 4353 2432 4408 lentas.
2467 4353 2528 4405 In
2563 4351 2664 4404 hac
2691 4350 3077 4404 familiaritate
3102 4367 3217 4404 non
3256 4351 3484 4406 habitat
3507 4353 3683 4407 amica
3708 4365 3818 4404 con-

497 4452 712 4519 crepat,
772 4448 966 4502 dicens
1011 4463 1024 4501 :
1075 4469 1102 4498 ‹‹
1148 4450 1272 4503 iam
1319 4448 1503 4502 satiati
1549 4450 1702 4515 estis,
1746 4450 1868 4518 jam
1926 4442 2434 4513 divitesDcordia,
2467 4444 2741 4515 quoniam
2795 4460 2910 4497 non
2952 4443 3062 4497 nisi
3103 4443 3490 4500 discordantes
3529 4443 3822 4499 inimicitias

495 4543 632 4597 facti
660 4542 825 4608 estis;
854 4543 975 4596 sine
1024 4542 1188 4597 nobis
1226 4543 1495 4613 regnetis,
1529 4548 1585 4596 et
1625 4543 1841 4598 utinam
1880 4546 2130 4615 regnetis
2232 4546 2407 4594 creat.
2440 4523 2590 4592 Fecit
2616 4536 2884 4608 equidem
2930 4537 3048 4591 viro
3096 4538 3365 4592 Dominus
3414 4539 3705 4593 mulierem
3743 4533 3820 4589 ad-

494 4636 537 4708 (l
579 4636 722 4696 Cor..
779 4653 849 4702 ιν,
903 4638 976 4706 8).
1022 4657 1050 4686 »
1097 4637 1341 4707 Tempus
1396 4652 1532 4707 ergo
1581 4637 1907 4691 luctaminis
1947 4639 2131 4693 adhuc
2225 4633 2518 4704 jutriccm,
2559 4631 2658 4684 sed
2706 4629 2982 4701 serpentis
3012 4630 3224 4684 invidia
3267 4646 3571 4701 personam
3614 4628 3819 4699 sumpsit

499 4731 738 4800 geritur,
771 4735 826 4784 et
865 4745 1016 4782 mors
1065 4746 1168 4800 per
1212 4729 1486 4784 feminam
1531 4729 1716 4784 adhuc
1761 4747 1937 4800 usque
1978 4747 2133 4802 gras-
2229 4725 2515 4781 hostilem.
2561 4723 2721 4788 Quod
2772 4724 2818 4777 si
2861 4723 2960 4777 illa
3004 4723 3077 4777 de
3131 4723 3251 4777 viro
3301 4741 3404 4778 suo
3464 4728 3617 4793 nata,
3668 4735 3816 4792 usque

500 4828 680 4877 satur.
745 4821 1020 4888 Mentior,
1091 4823 1137 4876 si
1202 4839 1319 4877 non
1390 4822 1644 4877 videmus
1709 4822 1914 4878 exinde
1978 4824 2128 4879 inte-
2228 4819 2395 4875 hodie
2435 4819 2626 4890 ipsum
2671 4818 2762 4872 cui
2799 4817 3083 4888 jungitur,
3123 4820 3353 4887 tentat;
3400 4826 3615 4890 quanto
3665 4813 3817 4884 magis

496 4917 642 4971 ritus
698 4915 1102 4986 plurimorum.
1159 4915 1366 4979 Quanti
1419 4919 1476 4970 et
1528 4916 1724 4986 quales
1779 4917 2027 4988 episcopi
2076 4921 2133 4972 et
2229 4914 2324 4968 illa
2350 4929 2478 4984 quae
2507 4912 2825 4982 copulatur,
2856 4912 3011 4965 nulla
3038 4911 3165 4982 lege
3193 4911 3543 4982 conjuncta?
3569 4913 3636 4966 Et
3676 4910 3718 4963 si
3753 4904 3816 4961 illi

496 5009 682 5064 clerici
730 5009 898 5063 simul
941 5013 1001 5064 et
1044 5008 1194 5075 laici,
1237 5012 1364 5079 post
1407 5009 1824 5064 confessionum
1868 5009 2125 5065 victoria-
2229 5007 2327 5080 qui
2355 5007 2467 5061 duo
2504 5012 2637 5060 sunt
2666 5005 2724 5060 in
2750 5021 2922 5060 carne
2957 5021 3075 5060 una
3116 5005 3387 5068 concreti,
3419 5002 3806 5061 tentatiouibus

1836 5120 2000 5185 Edit.
2035 5123 2242 5191 Oxon.
2282 5128 2486 5187 notae.

556 5217 654 5277 HO)
679 5219 745 5268 Et
768 5219 824 5267 in
842 5218 1584 5282 muscipulas.Pameliusait,
1605 5218 1910 5270 Omisimus
1937 5234 2128 5274 vocem
2230 5222 2507 5274 Pamelius
2556 5221 2651 5282 ait,
2695 5221 2816 5271 Non
2870 5219 3016 5270 male
3072 5221 3240 5270 etiam
3286 5219 3550 5270 Erasmus
3593 5215 3802 5268 emeritos

492 5287 715 5349 diaboli,
753 5289 903 5352 quod
942 5303 1124 5353 neque
1164 5293 1270 5338 vet.
1315 5302 1504 5340 excus.
1555 5302 1737 5354 neque
1787 5290 2128 5344 Remboldus
2229 5295 2333 5344 nisi
2394 5297 2740 5356 sequeretur,
2796 5293 2844 5340 si
2897 5295 3076 5342 autem
3140 5291 3362 5342 multum
3419 5291 3623 5347 mereri,
3674 5296 3816 5352 quare

493 5363 720 5422 habent,
752 5377 935 5428 neque
963 5365 1094 5414 alibi
1128 5363 1459 5428 Cyprianus,
1489 5367 1674 5414 tamen
1704 5364 1914 5429 ubique
1938 5367 2126 5417 musci-
2224 5363 2363 5414 illud
2431 5376 2498 5413 ex
2553 5367 2662 5412 vet.
2726 5373 2917 5412 excus.
2986 5365 3042 5411 et
3104 5360 3409 5412 Remboldo
3484 5360 3819 5426 reposuimus.

490 5433 674 5495 pulum
710 5434 855 5496 legit.
884 5436 1109 5484 PAMED.
2225 5438 2445 5486 PAMEL.

555 5505 648 5566 (tt)
686 5507 753 5553 De
779 5507 983 5568 magnis
1026 5506 1182 5569 efﬁcit
1220 5506 1472 5569 praedam.
1504 5505 1782 5556 Pamelius
1823 5506 1916 5566 ait,
1949 5507 2120 5558 Anto-
2287 5509 2385 5571 (13)
2417 5507 2456 5555 0
2486 5519 2643 5568 quam
2673 5503 3070 5567 inorpinabih‘s.
3096 5504 3373 5555 Pamelius
3413 5505 3510 5554 ait.
3547 5501 3636 5554 Sic
3673 5499 3814 5571 etiam

491 5577 620 5624 nius
645 5575 793 5624 addit
818 5579 930 5640 ejus
954 5591 1052 5640 pro
1078 5591 1267 5637 suam;
1308 5578 1574 5642 antiquus
1601 5589 1730 5627 vero
1776 5576 1916 5626 alter
1944 5576 2121 5627 codex
2222 5570 2558 5628 Antoninus.
2591 5575 2710 5624 Vet.
2744 5587 2930 5625 excus.
2960 5589 3089 5625 vero
3123 5581 3178 5626 et
3208 5573 3547 5626 Remboldus
3573 5570 3814 5642 inordina-

487 5647 720 5697 Morellii
747 5638 910 5712 longe
942 5638 1100 5698 aliter
1126 5649 1274 5712 legit,
1296 5649 1360 5698 de
1377 5638 1585 5712 magnis
1607 5652 1808 5697 tantum
1829 5653 1876 5697 et
1900 5646 2121 5709 fortibus
2223 5647 2304 5705 lis,
2334 5645 2490 5696 locus
2517 5645 2805 5696 obscurus.
2831 5645 3070 5710 Conjicit
3089 5651 3274 5696 autem
3295 5646 3529 5698 Gravius
3551 5638 3810 5717 legenduyl

483 5732 634 5767 suam
658 5711 873 5768 mixtam
906 5719 1061 5782 efﬁcit
1095 5711 1343 5782 praedam.
1369 5722 1587 5770 PAMEL.
2221 5717 2534 5767 lenocinium
2579 5730 2678 5780 pro
2717 5717 3072 5780 latrocinium,
3111 5717 3212 5769 sed
3256 5717 3360 5769 hoc
3405 5729 3518 5767 non
3556 5711 3806 5764 satisfecit.

545 5788 642 5854 (12)
691 5791 827 5840 Dum
869 5789 990 5842 illos
1035 5791 1349 5855 promeritos
1387 5795 1484 5841 aut
1535 5789 1806 5840 invalidos
1842 5791 2117 5853 Opinatur.
2219 5789 2439 5840 PAMEL.
