  <div class='ocr_page' id='page_1' title='image "/cluster/home/n/w/nwhite01/storage/ocr_20150623/4/hvd.32044073549446/464.png"; bbox 0 0 4032 6180; ppageno 0'>
   <div class='ocr_carea' id='block_1_1' title="bbox 236 312 335 371">
    <p class='ocr_par' dir='ltr' id='par_1_1' title="bbox 236 312 335 371">
     <span class='ocr_line' id='line_1_1' title="bbox 236 312 335 371; baseline -0.01 0"><span class='ocrx_word' id='word_1_1' title='bbox 236 312 335 371; x_wconf 79' lang='grc'>917</span> 
     </span>
    </p>
   </div>
   <div class='ocr_carea' id='block_1_2' title="bbox 1336 301 2483 365">
    <p class='ocr_par' dir='ltr' id='par_1_2' title="bbox 1336 301 2483 365">
     <span class='ocr_line' id='line_1_2' title="bbox 1336 301 2483 365; baseline -0.003 0"><span class='ocrx_word' id='word_1_2' title='bbox 1336 303 1425 365; x_wconf 86' lang='lat' dir='ltr'>DE</span> <span class='ocrx_word' id='word_1_3' title='bbox 1464 301 1998 365; x_wconf 81' lang='lat' dir='ltr'>SINGULARITATE</span> <span class='ocrx_word' id='word_1_4' title='bbox 2035 302 2483 364; x_wconf 80' lang='lat' dir='ltr'>CLERICORUM.</span> 
     </span>
    </p>
   </div>
   <div class='ocr_carea' id='block_1_3' title="bbox 3488 304 3590 365">
    <p class='ocr_par' dir='ltr' id='par_1_3' title="bbox 3488 304 3590 365">
     <span class='ocr_line' id='line_1_3' title="bbox 3488 304 3590 365; baseline 0.02 -2"><span class='ocrx_word' id='word_1_5' title='bbox 3488 304 3590 365; x_wconf 85' lang='grc'>918</span> 
     </span>
    </p>
   </div>
   <div class='ocr_carea' id='block_1_4' title="bbox 234 430 3585 513">
    <p class='ocr_par' dir='ltr' id='par_1_4' title="bbox 234 430 3585 513">
     <span class='ocr_line' id='line_1_4' title="bbox 234 430 3585 513; baseline 0 -19"><span class='ocrx_word' id='word_1_6' title='bbox 234 436 448 495; x_wconf 78' lang='lat' dir='ltr'>mutuis</span> <span class='ocrx_word' id='word_1_7' title='bbox 503 435 742 495; x_wconf 86' lang='lat' dir='ltr'>invicem</span> <span class='ocrx_word' id='word_1_8' title='bbox 790 440 1071 509; x_wconf 87' lang='lat' dir='ltr'>pungunt,</span> <span class='ocrx_word' id='word_1_9' title='bbox 1114 435 1248 509; x_wconf 88' lang='lat' dir='ltr'>quid</span> <span class='ocrx_word' id='word_1_10' title='bbox 1292 436 1503 491; x_wconf 82' lang='lat' dir='ltr'>facient</span> <span class='ocrx_word' id='word_1_11' title='bbox 1550 435 1607 489; x_wconf 88' lang='lat' dir='ltr'>bi</span> <span class='ocrx_word' id='word_1_12' title='bbox 1658 435 1756 505; x_wconf 86' lang='lat' dir='ltr'>qui</span> <span class='ocrx_word' id='word_1_13' title='bbox 1802 434 1857 488; x_wconf 91' lang='lat' dir='ltr'>in</span> <span class='ocrx_word' id='word_1_14' title='bbox 1882 430 2209 513; x_wconf 73' lang='lat' dir='ltr'>Alibidinis</span> <span class='ocrx_word' id='word_1_15' title='bbox 2247 433 2380 488; x_wconf 89' lang='lat' dir='ltr'>hinc</span> <span class='ocrx_word' id='word_1_16' title='bbox 2424 439 2477 489; x_wconf 89' lang='lat' dir='ltr'>et</span> <span class='ocrx_word' id='word_1_17' title='bbox 2516 434 2647 490; x_wconf 91' lang='lat' dir='ltr'>inde</span> <span class='ocrx_word' id='word_1_18' title='bbox 2692 432 2953 492; x_wconf 87' lang='lat' dir='ltr'>miranda</span> <span class='ocrx_word' id='word_1_19' title='bbox 2996 440 3144 501; x_wconf 84' lang='lat' dir='ltr'>sunt,</span> <span class='ocrx_word' id='word_1_20' title='bbox 3175 452 3302 509; x_wconf 73' lang='lat' dir='ltr'>quae</span> <span class='ocrx_word' id='word_1_21' title='bbox 3346 440 3585 512; x_wconf 88' lang='lat' dir='ltr'>utraque</span> 
     </span>
    </p>
   </div>
   <div class='ocr_carea' id='block_1_5' title="bbox 235 530 1858 603">
    <p class='ocr_par' dir='ltr' id='par_1_5' title="bbox 235 530 1858 603">
     <span class='ocr_line' id='line_1_5' title="bbox 235 530 1858 603; baseline -0.003 -14"><span class='ocrx_word' id='word_1_22' title='bbox 235 551 344 589; x_wconf 88' lang='lat' dir='ltr'>una</span> <span class='ocrx_word' id='word_1_23' title='bbox 383 550 552 589; x_wconf 89' lang='lat' dir='ltr'>carne</span> <span class='ocrx_word' id='word_1_24' title='bbox 597 550 703 588; x_wconf 89' lang='lat' dir='ltr'>nec</span> <span class='ocrx_word' id='word_1_25' title='bbox 751 533 872 588; x_wconf 87' lang='lat' dir='ltr'>nati</span> <span class='ocrx_word' id='word_1_26' title='bbox 923 550 1026 589; x_wconf 90' lang='lat' dir='ltr'>nec</span> <span class='ocrx_word' id='word_1_27' title='bbox 1072 531 1257 603; x_wconf 91' lang='lat' dir='ltr'>juncti</span> <span class='ocrx_word' id='word_1_28' title='bbox 1303 530 1481 585; x_wconf 85' lang='lat' dir='ltr'>sunt?</span> <span class='ocrx_word' id='word_1_29' title='bbox 1537 531 1858 584; x_wconf 63' lang='lat' dir='ltr'>Praesertim</span> 
     </span>
    </p>
   </div>
   <div class='ocr_carea' id='block_1_6' title="bbox 232 624 1859 699">
    <p class='ocr_par' dir='ltr' id='par_1_6' title="bbox 232 624 1859 699">
     <span class='ocr_line' id='line_1_6' title="bbox 232 624 1859 699; baseline -0.002 -18"><span class='ocrx_word' id='word_1_30' title='bbox 232 630 366 699; x_wconf 92' lang='lat' dir='ltr'>quia</span> <span class='ocrx_word' id='word_1_31' title='bbox 395 645 498 683; x_wconf 88' lang='lat' dir='ltr'>nec</span> <span class='ocrx_word' id='word_1_32' title='bbox 529 629 702 683; x_wconf 89' lang='lat' dir='ltr'>Deum</span> <span class='ocrx_word' id='word_1_33' title='bbox 736 628 851 697; x_wconf 87' lang='lat' dir='ltr'>jam</span> <span class='ocrx_word' id='word_1_34' title='bbox 887 627 1146 680; x_wconf 79' lang='lat' dir='ltr'>invocare</span> <span class='ocrx_word' id='word_1_35' title='bbox 1194 625 1561 697; x_wconf 88' lang='lat' dir='ltr'>permittitur,</span> <span class='ocrx_word' id='word_1_36' title='bbox 1591 624 1688 697; x_wconf 86' lang='lat' dir='ltr'>qui</span> <span class='ocrx_word' id='word_1_37' title='bbox 1729 626 1859 679; x_wconf 88' lang='lat' dir='ltr'>cha-</span> 
     </span>
    </p>
   </div>
   <div class='ocr_carea' id='block_1_7' title="bbox 230 719 1859 789">
    <p class='ocr_par' dir='ltr' id='par_1_7' title="bbox 230 719 1859 789">
     <span class='ocr_line' id='line_1_7' title="bbox 230 719 1859 789; baseline -0.002 -14"><span class='ocrx_word' id='word_1_38' title='bbox 230 724 394 776; x_wconf 82' lang='lat' dir='ltr'>ritate</span> <span class='ocrx_word' id='word_1_39' title='bbox 442 721 678 775; x_wconf 76' lang='lat' dir='ltr'>alterius</span> <span class='ocrx_word' id='word_1_40' title='bbox 726 724 1011 788; x_wconf 78' lang='lat' dir='ltr'>avocatur,</span> <span class='ocrx_word' id='word_1_41' title='bbox 1064 737 1167 775; x_wconf 89' lang='lat' dir='ltr'>nec</span> <span class='ocrx_word' id='word_1_42' title='bbox 1213 720 1418 773; x_wconf 90' lang='lat' dir='ltr'>sinitur</span> <span class='ocrx_word' id='word_1_43' title='bbox 1471 720 1729 789; x_wconf 86' lang='lat' dir='ltr'>cogitare</span> <span class='ocrx_word' id='word_1_44' title='bbox 1780 719 1859 773; x_wconf 89' lang='lat' dir='ltr'>di-</span> 
     </span>
    </p>
   </div>
   <div class='ocr_carea' id='block_1_8' title="bbox 231 805 1857 886">
    <p class='ocr_par' dir='ltr' id='par_1_8' title="bbox 231 805 1857 886">
     <span class='ocr_line' id='line_1_8' title="bbox 231 805 1857 886; baseline -0.002 -17"><span class='ocrx_word' id='word_1_45' title='bbox 231 816 387 881; x_wconf 89' lang='lat' dir='ltr'>vina,</span> <span class='ocrx_word' id='word_1_46' title='bbox 424 816 520 886; x_wconf 89' lang='lat' dir='ltr'>qui</span> <span class='ocrx_word' id='word_1_47' title='bbox 559 815 663 868; x_wconf 84' lang='lat' dir='ltr'>sibi</span> <span class='ocrx_word' id='word_1_48' title='bbox 706 814 965 885; x_wconf 73' lang='lat' dir='ltr'>qumsivit</span> <span class='ocrx_word' id='word_1_49' title='bbox 1002 815 1091 869; x_wconf 90' lang='lat' dir='ltr'>cui</span> <span class='ocrx_word' id='word_1_50' title='bbox 1146 814 1443 867; x_wconf 87' lang='lat' dir='ltr'>exhiberet</span> <span class='ocrx_word' id='word_1_51' title='bbox 1487 805 1857 867; x_wconf 75' lang='lat' dir='ltr'>domesticam</span> 
     </span>
    </p>
   </div>
   <div class='ocr_carea' id='block_1_9' title="bbox 230 907 1856 981">
    <p class='ocr_par' dir='ltr' id='par_1_9' title="bbox 230 907 1856 981">
     <span class='ocr_line' id='line_1_9' title="bbox 230 907 1856 981; baseline -0.002 -18"><span class='ocrx_word' id='word_1_52' title='bbox 230 926 453 963; x_wconf 87' lang='lat' dir='ltr'>curam.</span> <span class='ocrx_word' id='word_1_53' title='bbox 518 911 753 979; x_wconf 87' lang='lat' dir='ltr'>PrOpter</span> <span class='ocrx_word' id='word_1_54' title='bbox 817 908 972 981; x_wconf 92' lang='lat' dir='ltr'>quod</span> <span class='ocrx_word' id='word_1_55' title='bbox 1054 909 1132 963; x_wconf 87' lang='lat' dir='ltr'>sic</span> <span class='ocrx_word' id='word_1_56' title='bbox 1204 909 1507 979; x_wconf 80' lang='lat' dir='ltr'>Apostolus</span> <span class='ocrx_word' id='word_1_57' title='bbox 1570 907 1856 972; x_wconf 85' lang='lat' dir='ltr'>consulit,</span> 
     </span>
    </p>
   </div>
   <div class='ocr_carea' id='block_1_10' title="bbox 236 1000 1859 1063">
    <p class='ocr_par' dir='ltr' id='par_1_10' title="bbox 236 1000 1859 1063">
     <span class='ocr_line' id='line_1_10' title="bbox 236 1000 1859 1063; baseline -0.002 -6"><span class='ocrx_word' id='word_1_58' title='bbox 236 1002 481 1057; x_wconf 89' lang='lat' dir='ltr'>dicens:</span> <span class='ocrx_word' id='word_1_59' title='bbox 545 1024 573 1052; x_wconf 77' lang='grc' dir='ltr'>ιι</span> <span class='ocrx_word' id='word_1_60' title='bbox 630 1004 759 1056; x_wconf 89' lang='lat' dir='ltr'>Volo</span> <span class='ocrx_word' id='word_1_61' title='bbox 813 1020 907 1056; x_wconf 91' lang='lat' dir='ltr'>vos</span> <span class='ocrx_word' id='word_1_62' title='bbox 952 1003 1072 1057; x_wconf 90' lang='lat' dir='ltr'>sine</span> <span class='ocrx_word' id='word_1_63' title='bbox 1130 1001 1504 1057; x_wconf 88' lang='lat' dir='ltr'>sollicitudine</span> <span class='ocrx_word' id='word_1_64' title='bbox 1555 1018 1691 1056; x_wconf 90' lang='lat' dir='ltr'>esse.</span> <span class='ocrx_word' id='word_1_65' title='bbox 1754 1000 1859 1063; x_wconf 87' lang='lat' dir='ltr'>Qui</span> 
     </span>
    </p>
   </div>
   <div class='ocr_carea' id='block_1_11' title="bbox 232 1095 1860 1168">
    <p class='ocr_par' dir='ltr' id='par_1_11' title="bbox 232 1095 1860 1168">
     <span class='ocr_line' id='line_1_11' title="bbox 232 1095 1860 1168; baseline -0.002 -17"><span class='ocrx_word' id='word_1_66' title='bbox 232 1098 359 1151; x_wconf 90' lang='lat' dir='ltr'>sine</span> <span class='ocrx_word' id='word_1_67' title='bbox 417 1113 589 1151; x_wconf 85' lang='lat' dir='ltr'>uxore</span> <span class='ocrx_word' id='word_1_68' title='bbox 638 1099 761 1164; x_wconf 90' lang='lat' dir='ltr'>est,</span> <span class='ocrx_word' id='word_1_69' title='bbox 812 1096 1080 1151; x_wconf 85' lang='lat' dir='ltr'>sollicitus</span> <span class='ocrx_word' id='word_1_70' title='bbox 1136 1101 1220 1151; x_wconf 90' lang='lat' dir='ltr'>est</span> <span class='ocrx_word' id='word_1_71' title='bbox 1279 1096 1567 1168; x_wconf 91' lang='lat' dir='ltr'>quomodo</span> <span class='ocrx_word' id='word_1_72' title='bbox 1644 1095 1860 1165; x_wconf 82' lang='lat' dir='ltr'>placeat</span> 
     </span>
    </p>
   </div>
   <div class='ocr_carea' id='block_1_12' title="bbox 232 1191 1861 1262">
    <p class='ocr_par' dir='ltr' id='par_1_12' title="bbox 232 1191 1861 1262">
     <span class='ocr_line' id='line_1_12' title="bbox 232 1191 1861 1262; baseline -0.002 -17"><span class='ocrx_word' id='word_1_73' title='bbox 232 1192 352 1245; x_wconf 86' lang='lat' dir='ltr'>Deo</span> <span class='ocrx_word' id='word_1_74' title='bbox 383 1208 396 1245; x_wconf 90' lang='lat'>:</span> <span class='ocrx_word' id='word_1_75' title='bbox 430 1192 523 1262; x_wconf 88' lang='lat' dir='ltr'>qui</span> <span class='ocrx_word' id='word_1_76' title='bbox 550 1196 741 1244; x_wconf 88' lang='lat' dir='ltr'>autem</span> <span class='ocrx_word' id='word_1_77' title='bbox 787 1191 961 1246; x_wconf 86' lang='lat' dir='ltr'>habet</span> <span class='ocrx_word' id='word_1_78' title='bbox 1004 1207 1257 1258; x_wconf 89' lang='lat' dir='ltr'>uxorem,</span> <span class='ocrx_word' id='word_1_79' title='bbox 1290 1191 1505 1262; x_wconf 84' lang='lat' dir='ltr'>cogitat</span> <span class='ocrx_word' id='word_1_80' title='bbox 1555 1206 1682 1261; x_wconf 66' lang='lat' dir='ltr'>qua:</span> <span class='ocrx_word' id='word_1_81' title='bbox 1728 1192 1861 1242; x_wconf 89' lang='lat' dir='ltr'>sunt</span> 
     </span>
    </p>
   </div>
   <div class='ocr_carea' id='block_1_13' title="bbox 231 1284 1856 1357">
    <p class='ocr_par' dir='ltr' id='par_1_13' title="bbox 231 1284 1856 1357">
     <span class='ocr_line' id='line_1_13' title="bbox 231 1284 1856 1357; baseline -0.001 -19"><span class='ocrx_word' id='word_1_82' title='bbox 231 1284 407 1355; x_wconf 83' lang='lat' dir='ltr'>hujus</span> <span class='ocrx_word' id='word_1_83' title='bbox 449 1285 662 1351; x_wconf 89' lang='lat' dir='ltr'>mundi,</span> <span class='ocrx_word' id='word_1_84' title='bbox 697 1286 986 1355; x_wconf 86' lang='lat' dir='ltr'>quomodo</span> <span class='ocrx_word' id='word_1_85' title='bbox 1042 1287 1261 1357; x_wconf 89' lang='lat' dir='ltr'>placeat</span> <span class='ocrx_word' id='word_1_86' title='bbox 1300 1286 1458 1341; x_wconf 82' lang='lat' dir='ltr'>uxori</span> <span class='ocrx_word' id='word_1_87' title='bbox 1501 1286 1541 1357; x_wconf 90' lang='lat' dir='ltr'>(l</span> <span class='ocrx_word' id='word_1_88' title='bbox 1595 1286 1737 1345; x_wconf 87' lang='lat' dir='ltr'>Cor.,</span> <span class='ocrx_word' id='word_1_89' title='bbox 1766 1298 1856 1349; x_wconf 84' lang='lat' dir='ltr'>vn,</span> 
     </span>
    </p>
   </div>
   <div class='ocr_carea' id='block_1_14' title="bbox 233 1377 1857 1451">
    <p class='ocr_par' dir='ltr' id='par_1_14' title="bbox 233 1377 1857 1451">
     <span class='ocr_line' id='line_1_14' title="bbox 233 1377 1857 1451; baseline -0.001 -20"><span class='ocrx_word' id='word_1_90' title='bbox 233 1381 326 1444; x_wconf 84' lang='lat'>32,</span> <span class='ocrx_word' id='word_1_91' title='bbox 356 1378 463 1448; x_wconf 88' lang='lat'>33).</span> <span class='ocrx_word' id='word_1_92' title='bbox 497 1400 523 1427; x_wconf 82' lang='grc'><strong>››</strong></span> <span class='ocrx_word' id='word_1_93' title='bbox 554 1379 695 1442; x_wconf 89' lang='lat' dir='ltr'>Quid</span> <span class='ocrx_word' id='word_1_94' title='bbox 725 1386 807 1432; x_wconf 87' lang='lat' dir='ltr'>est</span> <span class='ocrx_word' id='word_1_95' title='bbox 835 1396 985 1433; x_wconf 90' lang='lat' dir='ltr'>nunc</span> <span class='ocrx_word' id='word_1_96' title='bbox 1024 1380 1174 1451; x_wconf 86' lang='lat' dir='ltr'>quod</span> <span class='ocrx_word' id='word_1_97' title='bbox 1216 1380 1273 1433; x_wconf 91' lang='lat' dir='ltr'>in</span> <span class='ocrx_word' id='word_1_98' title='bbox 1307 1379 1413 1433; x_wconf 86' lang='lat' dir='ltr'>hac</span> <span class='ocrx_word' id='word_1_99' title='bbox 1456 1377 1857 1449; x_wconf 85' lang='lat' dir='ltr'>conjunctione</span> 
     </span>
    </p>
   </div>
   <div class='ocr_carea' id='block_1_15' title="bbox 234 1470 1859 1543">
    <p class='ocr_par' dir='ltr' id='par_1_15' title="bbox 234 1470 1859 1543">
     <span class='ocr_line' id='line_1_15' title="bbox 234 1470 1859 1543; baseline -0.002 -17"><span class='ocrx_word' id='word_1_100' title='bbox 234 1473 499 1535; x_wconf 80' lang='lat' dir='ltr'>delectet,</span> <span class='ocrx_word' id='word_1_101' title='bbox 527 1474 585 1525; x_wconf 91' lang='lat' dir='ltr'>in</span> <span class='ocrx_word' id='word_1_102' title='bbox 615 1490 727 1543; x_wconf 87' lang='lat' dir='ltr'>qua</span> <span class='ocrx_word' id='word_1_103' title='bbox 754 1479 884 1527; x_wconf 89' lang='lat' dir='ltr'>sunt</span> <span class='ocrx_word' id='word_1_104' title='bbox 910 1474 1043 1527; x_wconf 75' lang='lat' dir='ltr'>solm</span> <span class='ocrx_word' id='word_1_105' title='bbox 1075 1474 1325 1543; x_wconf 76' lang='lat' dir='ltr'>pugnae?</span> <span class='ocrx_word' id='word_1_106' title='bbox 1358 1474 1458 1526; x_wconf 90' lang='lat' dir='ltr'>aut</span> <span class='ocrx_word' id='word_1_107' title='bbox 1486 1488 1613 1542; x_wconf 62' lang='lat' dir='ltr'>quas</span> <span class='ocrx_word' id='word_1_108' title='bbox 1648 1470 1859 1524; x_wconf 86' lang='lat' dir='ltr'>utilitas</span> 
     </span>
    </p>
   </div>
   <div class='ocr_carea' id='block_1_16' title="bbox 230 1564 1859 1637">
    <p class='ocr_par' dir='ltr' id='par_1_16' title="bbox 230 1564 1859 1637">
     <span class='ocr_line' id='line_1_16' title="bbox 230 1564 1859 1637; baseline -0.002 -17"><span class='ocrx_word' id='word_1_109' title='bbox 230 1566 402 1633; x_wconf 85' lang='lat' dir='ltr'>favet,</span> <span class='ocrx_word' id='word_1_110' title='bbox 439 1566 529 1619; x_wconf 91' lang='lat' dir='ltr'>ubi</span> <span class='ocrx_word' id='word_1_111' title='bbox 562 1583 676 1620; x_wconf 91' lang='lat' dir='ltr'>non</span> <span class='ocrx_word' id='word_1_112' title='bbox 709 1570 842 1620; x_wconf 90' lang='lat' dir='ltr'>sunt</span> <span class='ocrx_word' id='word_1_113' title='bbox 889 1567 1076 1621; x_wconf 82' lang='lat' dir='ltr'>ofﬁcia</span> <span class='ocrx_word' id='word_1_114' title='bbox 1106 1566 1445 1637; x_wconf 88' lang='lat' dir='ltr'>conjugalia,</span> <span class='ocrx_word' id='word_1_115' title='bbox 1476 1564 1707 1636; x_wconf 82' lang='lat' dir='ltr'>quando</span> <span class='ocrx_word' id='word_1_116' title='bbox 1752 1580 1859 1617; x_wconf 92' lang='lat' dir='ltr'>nec</span> 
     </span>
    </p>
   </div>
   <div class='ocr_carea' id='block_1_17' title="bbox 230 1659 1038 1731">
    <p class='ocr_par' dir='ltr' id='par_1_17' title="bbox 230 1659 1038 1731">
     <span class='ocr_line' id='line_1_17' title="bbox 230 1659 1038 1731; baseline 0.002 -18"><span class='ocrx_word' id='word_1_117' title='bbox 230 1659 357 1731; x_wconf 89' lang='lat' dir='ltr'>ipsa</span> <span class='ocrx_word' id='word_1_118' title='bbox 380 1666 613 1731; x_wconf 89' lang='lat' dir='ltr'>possunt</span> <span class='ocrx_word' id='word_1_119' title='bbox 640 1677 757 1714; x_wconf 88' lang='lat' dir='ltr'>esse</span> <span class='ocrx_word' id='word_1_120' title='bbox 788 1677 988 1714; x_wconf 90' lang='lat' dir='ltr'>secura</span> <span class='ocrx_word' id='word_1_121' title='bbox 1010 1661 1038 1715; x_wconf 84' lang='lat'>‘?</span> 
     </span>
    </p>
   </div>
   <div class='ocr_carea' id='block_1_18' title="bbox 307 1754 1851 1825">
    <p class='ocr_par' dir='ltr' id='par_1_18' title="bbox 307 1754 1851 1825">
     <span class='ocr_line' id='line_1_18' title="bbox 307 1754 1851 1825; baseline -0.003 -16"><span class='ocrx_word' id='word_1_122' title='bbox 307 1754 540 1809; x_wconf 88' lang='lat' dir='ltr'>Causale</span> <span class='ocrx_word' id='word_1_123' title='bbox 569 1757 651 1808; x_wconf 86' lang='lat' dir='ltr'>est</span> <span class='ocrx_word' id='word_1_124' title='bbox 679 1770 850 1808; x_wconf 92' lang='lat' dir='ltr'>omne</span> <span class='ocrx_word' id='word_1_125' title='bbox 880 1755 1031 1825; x_wconf 91' lang='lat' dir='ltr'>quod</span> <span class='ocrx_word' id='word_1_126' title='bbox 1073 1754 1303 1808; x_wconf 76' lang='lat' dir='ltr'>feminae</span> <span class='ocrx_word' id='word_1_127' title='bbox 1343 1758 1425 1807; x_wconf 89' lang='lat' dir='ltr'>est</span> <span class='ocrx_word' id='word_1_128' title='bbox 1468 1754 1617 1825; x_wconf 59' lang='lat' dir='ltr'>(lli);</span> <span class='ocrx_word' id='word_1_129' title='bbox 1658 1758 1718 1806; x_wconf 88' lang='lat' dir='ltr'>et</span> <span class='ocrx_word' id='word_1_130' title='bbox 1762 1769 1851 1805; x_wconf 92' lang='lat' dir='ltr'>co-</span> 
     </span>
    </p>
   </div>
   <div class='ocr_carea' id='block_1_19' title="bbox 228 1846 1856 1919">
    <p class='ocr_par' dir='ltr' id='par_1_19' title="bbox 228 1846 1856 1919">
     <span class='ocr_line' id='line_1_19' title="bbox 228 1846 1856 1919; baseline -0.002 -18"><span class='ocrx_word' id='word_1_131' title='bbox 228 1847 443 1917; x_wconf 85' lang='lat' dir='ltr'>pulatio</span> <span class='ocrx_word' id='word_1_132' title='bbox 482 1848 603 1917; x_wconf 89' lang='lat' dir='ltr'>ejus</span> <span class='ocrx_word' id='word_1_133' title='bbox 647 1865 874 1919; x_wconf 86' lang='lat' dir='ltr'>semper</span> <span class='ocrx_word' id='word_1_134' title='bbox 902 1848 1103 1902; x_wconf 88' lang='lat' dir='ltr'>infesta</span> <span class='ocrx_word' id='word_1_135' title='bbox 1144 1852 1248 1902; x_wconf 91' lang='lat' dir='ltr'>est.</span> <span class='ocrx_word' id='word_1_136' title='bbox 1284 1846 1512 1902; x_wconf 80' lang='lat' dir='ltr'>Foedera</span> <span class='ocrx_word' id='word_1_137' title='bbox 1562 1864 1661 1901; x_wconf 89' lang='lat' dir='ltr'>suo</span> <span class='ocrx_word' id='word_1_138' title='bbox 1698 1863 1856 1917; x_wconf 50' lang='lat' dir='ltr'>mag-</span> 
     </span>
    </p>
   </div>
   <div class='ocr_carea' id='block_1_20' title="bbox 229 1946 1854 2017">
    <p class='ocr_par' dir='ltr' id='par_1_20' title="bbox 229 1946 1854 2017">
     <span class='ocr_line' id='line_1_20' title="bbox 229 1946 1854 2017; baseline -0.002 -17"><span class='ocrx_word' id='word_1_139' title='bbox 229 1964 338 2000; x_wconf 88' lang='lat' dir='ltr'>nas</span> <span class='ocrx_word' id='word_1_140' title='bbox 389 1947 673 2000; x_wconf 88' lang='lat' dir='ltr'>molestias</span> <span class='ocrx_word' id='word_1_141' title='bbox 716 1950 979 2017; x_wconf 67' lang='lat' dir='ltr'>praestat;</span> <span class='ocrx_word' id='word_1_142' title='bbox 1045 1952 1101 2001; x_wconf 89' lang='lat' dir='ltr'>et</span> <span class='ocrx_word' id='word_1_143' title='bbox 1149 1947 1239 2000; x_wconf 92' lang='lat' dir='ltr'>cui</span> <span class='ocrx_word' id='word_1_144' title='bbox 1302 1946 1605 2001; x_wconf 72' lang='lat' dir='ltr'>adhaeserit</span> <span class='ocrx_word' id='word_1_145' title='bbox 1662 1951 1854 1999; x_wconf 90' lang='lat' dir='ltr'>contra</span> 
     </span>
    </p>
   </div>
   <div class='ocr_carea' id='block_1_21' title="bbox 224 2039 1855 2112">
    <p class='ocr_par' dir='ltr' id='par_1_21' title="bbox 224 2039 1855 2112">
     <span class='ocr_line' id='line_1_21' title="bbox 224 2039 1855 2112; baseline -0.001 -18"><span class='ocrx_word' id='word_1_146' title='bbox 224 2040 331 2103; x_wconf 82' lang='lat' dir='ltr'>fas,</span> <span class='ocrx_word' id='word_1_147' title='bbox 374 2040 745 2094; x_wconf 78' lang='lat' dir='ltr'>insanabilem</span> <span class='ocrx_word' id='word_1_148' title='bbox 799 2041 1014 2110; x_wconf 83' lang='lat' dir='ltr'>ingerit</span> <span class='ocrx_word' id='word_1_149' title='bbox 1064 2042 1317 2112; x_wconf 84' lang='lat' dir='ltr'>plagam.</span> <span class='ocrx_word' id='word_1_150' title='bbox 1375 2042 1451 2094; x_wconf 90' lang='lat' dir='ltr'>De</span> <span class='ocrx_word' id='word_1_151' title='bbox 1509 2039 1855 2094; x_wconf 88' lang='lat' dir='ltr'>carbonibus</span> 
     </span>
    </p>
   </div>
   <div class='ocr_carea' id='block_1_22' title="bbox 227 2134 1851 2204">
    <p class='ocr_par' dir='ltr' id='par_1_22' title="bbox 227 2134 1851 2204">
     <span class='ocr_line' id='line_1_22' title="bbox 227 2134 1851 2204; baseline 0 -17"><span class='ocrx_word' id='word_1_152' title='bbox 227 2135 485 2188; x_wconf 71' lang='lat' dir='ltr'>scintillae</span> <span class='ocrx_word' id='word_1_153' title='bbox 507 2134 808 2203; x_wconf 85' lang='lat' dir='ltr'>dissiliunt,</span> <span class='ocrx_word' id='word_1_154' title='bbox 840 2135 910 2189; x_wconf 90' lang='lat' dir='ltr'>de</span> <span class='ocrx_word' id='word_1_155' title='bbox 945 2136 1096 2189; x_wconf 89' lang='lat' dir='ltr'>ferro</span> <span class='ocrx_word' id='word_1_156' title='bbox 1138 2135 1340 2204; x_wconf 82' lang='lat' dir='ltr'>rubigo</span> <span class='ocrx_word' id='word_1_157' title='bbox 1387 2134 1658 2201; x_wconf 86' lang='lat' dir='ltr'>nutritur,</span> <span class='ocrx_word' id='word_1_158' title='bbox 1694 2150 1851 2187; x_wconf 90' lang='lat' dir='ltr'>mor-</span> 
     </span>
    </p>
   </div>
   <div class='ocr_carea' id='block_1_23' title="bbox 220 2228 1855 2301">
    <p class='ocr_par' dir='ltr' id='par_1_23' title="bbox 220 2228 1855 2301">
     <span class='ocr_line' id='line_1_23' title="bbox 220 2228 1855 2301; baseline 0.001 -20"><span class='ocrx_word' id='word_1_159' title='bbox 220 2229 335 2301; x_wconf 24' lang='lat' dir='ltr'>vbos</span> <span class='ocrx_word' id='word_1_160' title='bbox 363 2228 589 2298; x_wconf 85' lang='lat' dir='ltr'>aspides</span> <span class='ocrx_word' id='word_1_161' title='bbox 621 2228 865 2296; x_wconf 78' lang='lat' dir='ltr'>sibilent,</span> <span class='ocrx_word' id='word_1_162' title='bbox 898 2232 954 2283; x_wconf 89' lang='lat' dir='ltr'>et</span> <span class='ocrx_word' id='word_1_163' title='bbox 996 2228 1199 2282; x_wconf 86' lang='lat' dir='ltr'>mulier</span> <span class='ocrx_word' id='word_1_164' title='bbox 1240 2228 1427 2282; x_wconf 90' lang='lat' dir='ltr'>fundit</span> <span class='ocrx_word' id='word_1_165' title='bbox 1456 2229 1855 2299; x_wconf 89' lang='lat' dir='ltr'>concupiscen-</span> 
     </span>
    </p>
   </div>
   <div class='ocr_carea' id='block_1_24' title="bbox 227 2320 1849 2395">
    <p class='ocr_par' dir='ltr' id='par_1_24' title="bbox 227 2320 1849 2395">
     <span class='ocr_line' id='line_1_24' title="bbox 227 2320 1849 2395; baseline 0.001 -20"><span class='ocrx_word' id='word_1_166' title='bbox 227 2320 323 2375; x_wconf 65' lang='lat' dir='ltr'>tiae</span> <span class='ocrx_word' id='word_1_167' title='bbox 381 2322 798 2392; x_wconf 82' lang='lat' dir='ltr'>pestilentiam,</span> <span class='ocrx_word' id='word_1_168' title='bbox 849 2339 1021 2395; x_wconf 88' lang='lat' dir='ltr'>quam</span> <span class='ocrx_word' id='word_1_169' title='bbox 1080 2323 1338 2377; x_wconf 88' lang='lat' dir='ltr'>Salomon</span> <span class='ocrx_word' id='word_1_170' title='bbox 1389 2322 1470 2375; x_wconf 84' lang='lat' dir='ltr'>sic</span> <span class='ocrx_word' id='word_1_171' title='bbox 1522 2326 1849 2392; x_wconf 81' lang='lat' dir='ltr'>comparat,</span> 
     </span>
    </p>
   </div>
   <div class='ocr_carea' id='block_1_25' title="bbox 228 2416 1851 2488">
    <p class='ocr_par' dir='ltr' id='par_1_25' title="bbox 228 2416 1851 2488">
     <span class='ocr_line' id='line_1_25' title="bbox 228 2416 1851 2488; baseline -0.001 -18"><span class='ocrx_word' id='word_1_172' title='bbox 228 2416 461 2470; x_wconf 87' lang='lat' dir='ltr'>dicens:</span> <span class='ocrx_word' id='word_1_173' title='bbox 492 2438 520 2465; x_wconf 72' lang='grc' dir='ltr'>ί(</span> <span class='ocrx_word' id='word_1_174' title='bbox 568 2420 641 2472; x_wconf 88' lang='lat' dir='ltr'>De</span> <span class='ocrx_word' id='word_1_175' title='bbox 682 2418 1031 2471; x_wconf 85' lang='lat' dir='ltr'>vestimentis</span> <span class='ocrx_word' id='word_1_176' title='bbox 1075 2416 1330 2488; x_wconf 84' lang='lat' dir='ltr'>procedit</span> <span class='ocrx_word' id='word_1_177' title='bbox 1357 2416 1532 2483; x_wconf 90' lang='lat' dir='ltr'>tinea,</span> <span class='ocrx_word' id='word_1_178' title='bbox 1568 2421 1625 2470; x_wconf 91' lang='lat' dir='ltr'>et</span> <span class='ocrx_word' id='word_1_179' title='bbox 1666 2433 1698 2469; x_wconf 92' lang='lat' dir='ltr'>a</span> <span class='ocrx_word' id='word_1_180' title='bbox 1728 2433 1851 2469; x_wconf 89' lang='lat' dir='ltr'>mu-</span> 
     </span>
    </p>
   </div>
   <div class='ocr_carea' id='block_1_26' title="bbox 228 2503 1839 2577">
    <p class='ocr_par' dir='ltr' id='par_1_26' title="bbox 228 2503 1839 2577">
     <span class='ocr_line' id='line_1_26' title="bbox 228 2503 1839 2577; baseline 0 -19"><span class='ocrx_word' id='word_1_181' title='bbox 228 2505 369 2559; x_wconf 86' lang='lat' dir='ltr'>liere</span> <span class='ocrx_word' id='word_1_182' title='bbox 400 2505 667 2577; x_wconf 78' lang='lat' dir='ltr'>iniquitas</span> <span class='ocrx_word' id='word_1_183' title='bbox 711 2506 813 2559; x_wconf 92' lang='lat' dir='ltr'>viri</span> <span class='ocrx_word' id='word_1_184' title='bbox 861 2507 1070 2577; x_wconf 80' lang='lat' dir='ltr'>(Eccli.,</span> <span class='ocrx_word' id='word_1_185' title='bbox 1102 2523 1229 2573; x_wconf 77' lang='lat' dir='ltr'>xw,</span> <span class='ocrx_word' id='word_1_186' title='bbox 1266 2506 1367 2574; x_wconf 85' lang='grc'>13).</span> <span class='ocrx_word' id='word_1_187' title='bbox 1400 2527 1426 2553; x_wconf 88' lang='grc'><strong>››</strong></span> <span class='ocrx_word' id='word_1_188' title='bbox 1478 2506 1610 2559; x_wconf 89' lang='lat' dir='ltr'>Volo</span> <span class='ocrx_word' id='word_1_189' title='bbox 1655 2503 1839 2576; x_wconf 76' lang='grc'>841</span> 
     </span>
    </p>
   </div>
   <div class='ocr_carea' id='block_1_27' title="bbox 231 2594 1849 2666">
    <p class='ocr_par' dir='ltr' id='par_1_27' title="bbox 231 2594 1849 2666">
     <span class='ocr_line' id='line_1_27' title="bbox 231 2594 1849 2666; baseline -0.002 -17"><span class='ocrx_word' id='word_1_190' title='bbox 231 2596 378 2649; x_wconf 89' lang='lat' dir='ltr'>scire</span> <span class='ocrx_word' id='word_1_191' title='bbox 413 2612 539 2666; x_wconf 67' lang='lat' dir='ltr'>qua:</span> <span class='ocrx_word' id='word_1_192' title='bbox 584 2594 657 2649; x_wconf 89' lang='lat' dir='ltr'>sit</span> <span class='ocrx_word' id='word_1_193' title='bbox 706 2595 925 2649; x_wconf 80' lang='lat' dir='ltr'>affectio</span> <span class='ocrx_word' id='word_1_194' title='bbox 974 2595 1082 2648; x_wconf 89' lang='lat' dir='ltr'>ista</span> <span class='ocrx_word' id='word_1_195' title='bbox 1128 2594 1462 2659; x_wconf 88' lang='lat' dir='ltr'>communis,</span> <span class='ocrx_word' id='word_1_196' title='bbox 1493 2610 1620 2664; x_wconf 70' lang='lat' dir='ltr'>quas</span> <span class='ocrx_word' id='word_1_197' title='bbox 1670 2594 1849 2647; x_wconf 88' lang='lat' dir='ltr'>morbi</span> 
     </span>
    </p>
   </div>
   <div class='ocr_carea' id='block_1_28' title="bbox 224 2683 1851 2754">
    <p class='ocr_par' dir='ltr' id='par_1_28' title="bbox 224 2683 1851 2754">
     <span class='ocr_line' id='line_1_28' title="bbox 224 2683 1851 2754; baseline -0.002 -16"><span class='ocrx_word' id='word_1_198' title='bbox 224 2684 508 2738; x_wconf 82' lang='lat' dir='ltr'>dissensio</span> <span class='ocrx_word' id='word_1_199' title='bbox 544 2700 769 2754; x_wconf 85' lang='lat' dir='ltr'>semper</span> <span class='ocrx_word' id='word_1_200' title='bbox 799 2684 1087 2754; x_wconf 88' lang='lat' dir='ltr'>ambigua,</span> <span class='ocrx_word' id='word_1_201' title='bbox 1119 2700 1247 2753; x_wconf 68' lang='lat' dir='ltr'>quae</span> <span class='ocrx_word' id='word_1_202' title='bbox 1289 2683 1641 2754; x_wconf 79' lang='lat' dir='ltr'>prapositum</span> <span class='ocrx_word' id='word_1_203' title='bbox 1684 2698 1851 2736; x_wconf 90' lang='lat' dir='ltr'>suum</span> 
     </span>
    </p>
   </div>
   <div class='ocr_carea' id='block_1_29' title="bbox 224 2771 1854 2843">
    <p class='ocr_par' dir='ltr' id='par_1_29' title="bbox 224 2771 1854 2843">
     <span class='ocr_line' id='line_1_29' title="bbox 224 2771 1854 2843; baseline -0.002 -16"><span class='ocrx_word' id='word_1_204' title='bbox 224 2773 563 2827; x_wconf 85' lang='lat' dir='ltr'>nutantibus</span> <span class='ocrx_word' id='word_1_205' title='bbox 632 2772 882 2827; x_wconf 89' lang='lat' dir='ltr'>consiliis</span> <span class='ocrx_word' id='word_1_206' title='bbox 946 2773 1340 2843; x_wconf 80' lang='lat' dir='ltr'>impugnanda</span> <span class='ocrx_word' id='word_1_207' title='bbox 1418 2771 1738 2827; x_wconf 83' lang='lat' dir='ltr'>conturbat.</span> <span class='ocrx_word' id='word_1_208' title='bbox 1784 2773 1854 2825; x_wconf 89' lang='lat' dir='ltr'>Ut</span> 
     </span>
    </p>
   </div>
   <div class='ocr_carea' id='block_1_30' title="bbox 224 2866 1850 2937">
    <p class='ocr_par' dir='ltr' id='par_1_30' title="bbox 224 2866 1850 2937">
     <span class='ocr_line' id='line_1_30' title="bbox 224 2866 1850 2937; baseline -0.001 -17"><span class='ocrx_word' id='word_1_209' title='bbox 224 2867 368 2937; x_wconf 78' lang='lat' dir='ltr'>quid</span> <span class='ocrx_word' id='word_1_210' title='bbox 409 2867 515 2920; x_wconf 85' lang='lat' dir='ltr'>sibi</span> <span class='ocrx_word' id='word_1_211' title='bbox 558 2866 819 2920; x_wconf 83' lang='lat' dir='ltr'>adhibuit</span> <span class='ocrx_word' id='word_1_212' title='bbox 861 2866 1158 2921; x_wconf 84' lang='lat' dir='ltr'>mulierem</span> <span class='ocrx_word' id='word_1_213' title='bbox 1192 2866 1285 2937; x_wconf 87' lang='lat' dir='ltr'>qui</span> <span class='ocrx_word' id='word_1_214' title='bbox 1319 2866 1526 2920; x_wconf 90' lang='lat' dir='ltr'>ducere</span> <span class='ocrx_word' id='word_1_215' title='bbox 1556 2868 1850 2935; x_wconf 87' lang='lat' dir='ltr'>contemp-</span> 
     </span>
    </p>
   </div>
   <div class='ocr_carea' id='block_1_31' title="bbox 220 2959 1850 3031">
    <p class='ocr_par' dir='ltr' id='par_1_31' title="bbox 220 2959 1850 3031">
     <span class='ocr_line' id='line_1_31' title="bbox 220 2959 1850 3031; baseline -0.001 -18"><span class='ocrx_word' id='word_1_216' title='bbox 220 2961 293 3014; x_wconf 86' lang='lat' dir='ltr'>sit</span> <span class='ocrx_word' id='word_1_217' title='bbox 340 2961 615 3014; x_wconf 82' lang='lat' dir='ltr'>uxorem?</span> <span class='ocrx_word' id='word_1_218' title='bbox 661 2960 859 3014; x_wconf 88' lang='lat' dir='ltr'>Omnis</span> <span class='ocrx_word' id='word_1_219' title='bbox 915 2961 1013 3031; x_wconf 90' lang='lat' dir='ltr'>qui</span> <span class='ocrx_word' id='word_1_220' title='bbox 1087 2978 1199 3013; x_wconf 90' lang='lat' dir='ltr'>non</span> <span class='ocrx_word' id='word_1_221' title='bbox 1254 2959 1685 3013; x_wconf 90' lang='lat' dir='ltr'>manducaverit</span> <span class='ocrx_word' id='word_1_222' title='bbox 1732 2975 1850 3012; x_wconf 90' lang='lat' dir='ltr'>car-</span> 
     </span>
    </p>
   </div>
   <div class='ocr_carea' id='block_1_32' title="bbox 221 3052 1850 3124">
    <p class='ocr_par' dir='ltr' id='par_1_32' title="bbox 221 3052 1850 3124">
     <span class='ocr_line' id='line_1_32' title="bbox 221 3052 1850 3124; baseline -0.001 -18"><span class='ocrx_word' id='word_1_223' title='bbox 221 3070 361 3108; x_wconf 90' lang='lat' dir='ltr'>nem</span> <span class='ocrx_word' id='word_1_224' title='bbox 426 3052 556 3123; x_wconf 71' lang='lat'>(133),</span> <span class='ocrx_word' id='word_1_225' title='bbox 622 3059 686 3107; x_wconf 88' lang='lat' dir='ltr'>ut</span> <span class='ocrx_word' id='word_1_226' title='bbox 749 3054 885 3124; x_wconf 90' lang='lat' dir='ltr'>quid</span> <span class='ocrx_word' id='word_1_227' title='bbox 963 3054 1374 3108; x_wconf 86' lang='lat' dir='ltr'>habitationem</span> <span class='ocrx_word' id='word_1_228' title='bbox 1440 3070 1600 3107; x_wconf 86' lang='lat' dir='ltr'>suam</span> <span class='ocrx_word' id='word_1_229' title='bbox 1664 3052 1850 3106; x_wconf 90' lang='lat' dir='ltr'>carnis</span> 
     </span>
    </p>
   </div>
   <div class='ocr_carea' id='block_1_33' title="bbox 1962 526 3582 605">
    <p class='ocr_par' dir='ltr' id='par_1_33' title="bbox 1962 526 3582 605">
     <span class='ocr_line' id='line_1_33' title="bbox 1962 526 3582 605; baseline 0.006 -26"><span class='ocrx_word' id='word_1_230' title='bbox 1962 526 2200 580; x_wconf 86' lang='lat' dir='ltr'>invicem</span> <span class='ocrx_word' id='word_1_231' title='bbox 2230 530 2450 598; x_wconf 85' lang='lat' dir='ltr'>tegunt,</span> <span class='ocrx_word' id='word_1_232' title='bbox 2481 534 2535 583; x_wconf 90' lang='lat' dir='ltr'>et</span> <span class='ocrx_word' id='word_1_233' title='bbox 2563 536 2799 602; x_wconf 90' lang='lat' dir='ltr'>utraque</span> <span class='ocrx_word' id='word_1_234' title='bbox 2825 532 3067 586; x_wconf 89' lang='lat' dir='ltr'>invicem</span> <span class='ocrx_word' id='word_1_235' title='bbox 3108 533 3377 605; x_wconf 89' lang='lat' dir='ltr'>produnt.</span> <span class='ocrx_word' id='word_1_236' title='bbox 3414 534 3582 605; x_wconf 87' lang='lat' dir='ltr'>lnge-</span> 
     </span>
    </p>
   </div>
   <div class='ocr_carea' id='block_1_34' title="bbox 1960 621 3583 682">
    <p class='ocr_par' dir='ltr' id='par_1_34' title="bbox 1960 621 3583 682">
     <span class='ocr_line' id='line_1_34' title="bbox 1960 621 3583 682; baseline 0.006 -8"><span class='ocrx_word' id='word_1_237' title='bbox 1960 621 2151 674; x_wconf 90' lang='lat' dir='ltr'>niosus</span> <span class='ocrx_word' id='word_1_238' title='bbox 2182 622 2475 675; x_wconf 88' lang='lat' dir='ltr'>eunuchus</span> <span class='ocrx_word' id='word_1_239' title='bbox 2503 626 2559 676; x_wconf 92' lang='lat' dir='ltr'>et</span> <span class='ocrx_word' id='word_1_240' title='bbox 2608 625 2858 679; x_wconf 86' lang='lat' dir='ltr'>moechus</span> <span class='ocrx_word' id='word_1_241' title='bbox 2900 626 3111 681; x_wconf 87' lang='lat' dir='ltr'>invidet</span> <span class='ocrx_word' id='word_1_242' title='bbox 3136 628 3241 681; x_wconf 91' lang='lat' dir='ltr'>sibi</span> <span class='ocrx_word' id='word_1_243' title='bbox 3280 628 3414 681; x_wconf 90' lang='lat' dir='ltr'>dum</span> <span class='ocrx_word' id='word_1_244' title='bbox 3447 644 3583 682; x_wconf 87' lang='lat' dir='ltr'>con-</span> 
     </span>
    </p>
   </div>
   <div class='ocr_carea' id='block_1_35' title="bbox 1961 715 3585 790">
    <p class='ocr_par' dir='ltr' id='par_1_35' title="bbox 1961 715 3585 790">
     <span class='ocr_line' id='line_1_35' title="bbox 1961 715 3585 790; baseline 0.006 -23"><span class='ocrx_word' id='word_1_245' title='bbox 1961 715 2113 780; x_wconf 89' lang='lat' dir='ltr'>sulit,</span> <span class='ocrx_word' id='word_1_246' title='bbox 2144 718 2200 768; x_wconf 91' lang='lat' dir='ltr'>et</span> <span class='ocrx_word' id='word_1_247' title='bbox 2228 716 2363 769; x_wconf 92' lang='lat' dir='ltr'>dum</span> <span class='ocrx_word' id='word_1_248' title='bbox 2406 716 2608 786; x_wconf 82' lang='lat' dir='ltr'>quaerit</span> <span class='ocrx_word' id='word_1_249' title='bbox 2652 724 2977 790; x_wconf 89' lang='lat' dir='ltr'>utrumque,</span> <span class='ocrx_word' id='word_1_250' title='bbox 3007 726 3275 775; x_wconf 88' lang='lat' dir='ltr'>neutrum</span> <span class='ocrx_word' id='word_1_251' title='bbox 3314 722 3449 775; x_wconf 86' lang='lat' dir='ltr'>facit</span> <span class='ocrx_word' id='word_1_252' title='bbox 3476 740 3490 789; x_wconf 90' lang='lat'>;</span> <span class='ocrx_word' id='word_1_253' title='bbox 3522 728 3585 777; x_wconf 91' lang='lat' dir='ltr'>ut</span> 
     </span>
    </p>
   </div>
   <div class='ocr_carea' id='block_1_36' title="bbox 1960 809 3579 884">
    <p class='ocr_par' dir='ltr' id='par_1_36' title="bbox 1960 809 3579 884">
     <span class='ocr_line' id='line_1_36' title="bbox 1960 809 3579 884; baseline 0.004 -22"><span class='ocrx_word' id='word_1_254' title='bbox 1960 812 2185 862; x_wconf 88' lang='lat' dir='ltr'>sanctus</span> <span class='ocrx_word' id='word_1_255' title='bbox 2226 810 2458 864; x_wconf 89' lang='lat' dir='ltr'>minime</span> <span class='ocrx_word' id='word_1_256' title='bbox 2507 809 2834 881; x_wconf 84' lang='lat' dir='ltr'>deputetur,</span> <span class='ocrx_word' id='word_1_257' title='bbox 2867 812 2963 882; x_wconf 90' lang='lat' dir='ltr'>qui</span> <span class='ocrx_word' id='word_1_258' title='bbox 3012 832 3125 867; x_wconf 90' lang='lat' dir='ltr'>non</span> <span class='ocrx_word' id='word_1_259' title='bbox 3154 831 3280 868; x_wconf 82' lang='lat' dir='ltr'>vera</span> <span class='ocrx_word' id='word_1_260' title='bbox 3310 817 3579 884; x_wconf 87' lang='lat' dir='ltr'>conjunc-</span> 
     </span>
    </p>
   </div>
   <div class='ocr_carea' id='block_1_37' title="bbox 1960 902 3559 977">
    <p class='ocr_par' dir='ltr' id='par_1_37' title="bbox 1960 902 3559 977">
     <span class='ocr_line' id='line_1_37' title="bbox 1960 902 3559 977; baseline 0.004 -22"><span class='ocrx_word' id='word_1_261' title='bbox 1960 902 2112 956; x_wconf 89' lang='lat' dir='ltr'>tione</span> <span class='ocrx_word' id='word_1_262' title='bbox 2172 904 2542 973; x_wconf 79' lang='lat' dir='ltr'>perfruatur,</span> <span class='ocrx_word' id='word_1_263' title='bbox 2598 922 2728 959; x_wconf 89' lang='lat' dir='ltr'>cum</span> <span class='ocrx_word' id='word_1_264' title='bbox 2792 906 2992 959; x_wconf 88' lang='lat' dir='ltr'>Paulus</span> <span class='ocrx_word' id='word_1_265' title='bbox 3066 908 3350 977; x_wconf 86' lang='lat' dir='ltr'>apostolus</span> <span class='ocrx_word' id='word_1_266' title='bbox 3407 909 3559 962; x_wconf 84' lang='lat' dir='ltr'>dicat</span> 
     </span>
    </p>
   </div>
   <div class='ocr_carea' id='block_1_38' title="bbox 1961 996 3582 1072">
    <p class='ocr_par' dir='ltr' id='par_1_38' title="bbox 1961 996 3582 1072">
     <span class='ocr_line' id='line_1_38' title="bbox 1961 996 3582 1072; baseline 0.004 -24"><span class='ocrx_word' id='word_1_267' title='bbox 1961 1016 1989 1043; x_wconf 79' lang='grc' dir='ltr'>ι(</span> <span class='ocrx_word' id='word_1_268' title='bbox 2019 996 2295 1065; x_wconf 79' lang='lat' dir='ltr'>Alligatus</span> <span class='ocrx_word' id='word_1_269' title='bbox 2329 1001 2413 1051; x_wconf 90' lang='lat' dir='ltr'>est</span> <span class='ocrx_word' id='word_1_270' title='bbox 2444 999 2648 1052; x_wconf 81' lang='lat' dir='ltr'>uxori?</span> <span class='ocrx_word' id='word_1_271' title='bbox 2672 1016 2748 1053; x_wconf 80' lang='lat' dir='ltr'>ne</span> <span class='ocrx_word' id='word_1_272' title='bbox 2781 1000 3069 1070; x_wconf 69' lang='lat' dir='ltr'>quaesieris</span> <span class='ocrx_word' id='word_1_273' title='bbox 3097 1017 3327 1055; x_wconf 83' lang='lat' dir='ltr'>uxorem</span> <span class='ocrx_word' id='word_1_274' title='bbox 3360 1002 3405 1072; x_wconf 92' lang='grc' dir='ltr'>(Ι</span> <span class='ocrx_word' id='word_1_275' title='bbox 3437 1004 3582 1065; x_wconf 88' lang='lat' dir='ltr'>Cor.,</span> 
     </span>
    </p>
   </div>
   <div class='ocr_carea' id='block_1_39' title="bbox 1959 1090 3584 1164">
    <p class='ocr_par' dir='ltr' id='par_1_39' title="bbox 1959 1090 3584 1164">
     <span class='ocr_line' id='line_1_39' title="bbox 1959 1090 3584 1164; baseline 0.004 -23"><span class='ocrx_word' id='word_1_276' title='bbox 1959 1106 2049 1157; x_wconf 85' lang='lat' dir='ltr'>vii,</span> <span class='ocrx_word' id='word_1_277' title='bbox 2094 1090 2206 1159; x_wconf 81' lang='lat'>27).</span> <span class='ocrx_word' id='word_1_278' title='bbox 2233 1112 2259 1138; x_wconf 74' lang='grc' dir='ltr'><strong>η</strong></span> <span class='ocrx_word' id='word_1_279' title='bbox 2300 1091 2401 1145; x_wconf 87' lang='lat' dir='ltr'>Sad</span> <span class='ocrx_word' id='word_1_280' title='bbox 2444 1093 2734 1147; x_wconf 87' lang='lat' dir='ltr'>consentio</span> <span class='ocrx_word' id='word_1_281' title='bbox 2784 1110 2895 1147; x_wconf 87' lang='lat' dir='ltr'>non</span> <span class='ocrx_word' id='word_1_282' title='bbox 2943 1111 3061 1147; x_wconf 82' lang='lat' dir='ltr'>esse</span> <span class='ocrx_word' id='word_1_283' title='bbox 3107 1095 3376 1147; x_wconf 87' lang='lat' dir='ltr'>castitatis</span> <span class='ocrx_word' id='word_1_284' title='bbox 3416 1095 3584 1164; x_wconf 84' lang='lat' dir='ltr'>hujus</span> 
     </span>
    </p>
   </div>
   <div class='ocr_carea' id='block_1_40' title="bbox 1962 1183 3579 1257">
    <p class='ocr_par' dir='ltr' id='par_1_40' title="bbox 1962 1183 3579 1257">
     <span class='ocr_line' id='line_1_40' title="bbox 1962 1183 3579 1257; baseline 0.004 -22"><span class='ocrx_word' id='word_1_285' title='bbox 1962 1183 2294 1253; x_wconf 88' lang='lat' dir='ltr'>pudicitiam</span> <span class='ocrx_word' id='word_1_286' title='bbox 2348 1184 2669 1239; x_wconf 86' lang='lat' dir='ltr'>violatam:</span> <span class='ocrx_word' id='word_1_287' title='bbox 2734 1188 3049 1257; x_wconf 83' lang='lat' dir='ltr'>suspiciosis</span> <span class='ocrx_word' id='word_1_288' title='bbox 3114 1193 3307 1242; x_wconf 89' lang='lat' dir='ltr'>tamen</span> <span class='ocrx_word' id='word_1_289' title='bbox 3377 1190 3579 1242; x_wconf 87' lang='lat' dir='ltr'>malam</span> 
     </span>
    </p>
   </div>
   <div class='ocr_carea' id='block_1_41' title="bbox 1960 1276 3583 1351">
    <p class='ocr_par' dir='ltr' id='par_1_41' title="bbox 1960 1276 3583 1351">
     <span class='ocr_line' id='line_1_41' title="bbox 1960 1276 3583 1351; baseline 0.004 -23"><span class='ocrx_word' id='word_1_290' title='bbox 1960 1276 2202 1347; x_wconf 85' lang='lat' dir='ltr'>porrigit</span> <span class='ocrx_word' id='word_1_291' title='bbox 2228 1278 2436 1331; x_wconf 86' lang='lat' dir='ltr'>famam</span> <span class='ocrx_word' id='word_1_292' title='bbox 2470 1297 2482 1346; x_wconf 90' lang='lat'>;</span> <span class='ocrx_word' id='word_1_293' title='bbox 2513 1286 2567 1334; x_wconf 90' lang='lat' dir='ltr'>et</span> <span class='ocrx_word' id='word_1_294' title='bbox 2600 1280 2883 1351; x_wconf 68' lang='lat' dir='ltr'>pudicitia:</span> <span class='ocrx_word' id='word_1_295' title='bbox 2912 1282 3123 1335; x_wconf 85' lang='lat' dir='ltr'>bonum</span> <span class='ocrx_word' id='word_1_296' title='bbox 3148 1282 3356 1335; x_wconf 85' lang='lat' dir='ltr'>frustra</span> <span class='ocrx_word' id='word_1_297' title='bbox 3381 1282 3583 1335; x_wconf 89' lang='lat' dir='ltr'>intrin-</span> 
     </span>
    </p>
   </div>
   <div class='ocr_carea' id='block_1_42' title="bbox 1960 1372 3577 1445">
    <p class='ocr_par' dir='ltr' id='par_1_42' title="bbox 1960 1372 3577 1445">
     <span class='ocr_line' id='line_1_42' title="bbox 1960 1372 3577 1445; baseline 0.004 -22"><span class='ocrx_word' id='word_1_298' title='bbox 1960 1388 2114 1425; x_wconf 89' lang='lat' dir='ltr'>secus</span> <span class='ocrx_word' id='word_1_299' title='bbox 2144 1372 2420 1427; x_wconf 69' lang='lat' dir='ltr'>laborioso</span> <span class='ocrx_word' id='word_1_300' title='bbox 2470 1390 2657 1443; x_wconf 88' lang='lat' dir='ltr'>agone</span> <span class='ocrx_word' id='word_1_301' title='bbox 2702 1375 2966 1440; x_wconf 63' lang='lat' dir='ltr'>custodit,</span> <span class='ocrx_word' id='word_1_302' title='bbox 3000 1376 3097 1445; x_wconf 87' lang='lat' dir='ltr'>qui</span> <span class='ocrx_word' id='word_1_303' title='bbox 3147 1376 3285 1429; x_wconf 90' lang='lat' dir='ltr'>illud</span> <span class='ocrx_word' id='word_1_304' title='bbox 3334 1375 3577 1430; x_wconf 88' lang='lat' dir='ltr'>forinse-</span> 
     </span>
    </p>
   </div>
   <div class='ocr_carea' id='block_1_43' title="bbox 1960 1466 3582 1538">
    <p class='ocr_par' dir='ltr' id='par_1_43' title="bbox 1960 1466 3582 1538">
     <span class='ocr_line' id='line_1_43' title="bbox 1960 1466 3582 1538; baseline 0.002 -20"><span class='ocrx_word' id='word_1_305' title='bbox 1960 1482 2055 1519; x_wconf 90' lang='lat' dir='ltr'>cus</span> <span class='ocrx_word' id='word_1_306' title='bbox 2110 1466 2279 1519; x_wconf 85' lang='lat' dir='ltr'>efticit</span> <span class='ocrx_word' id='word_1_307' title='bbox 2332 1466 2597 1519; x_wconf 87' lang='lat' dir='ltr'>infamari</span> <span class='ocrx_word' id='word_1_308' title='bbox 2651 1469 2780 1535; x_wconf 83' lang='grc'>(18),</span> <span class='ocrx_word' id='word_1_309' title='bbox 2836 1467 3134 1521; x_wconf 87' lang='lat' dir='ltr'>destruens</span> <span class='ocrx_word' id='word_1_310' title='bbox 3186 1468 3582 1538; x_wconf 81' lang='lat' dir='ltr'>magisterium</span> 
     </span>
    </p>
   </div>
   <div class='ocr_carea' id='block_1_44' title="bbox 1958 1559 3580 1632">
    <p class='ocr_par' dir='ltr' id='par_1_44' title="bbox 1958 1559 3580 1632">
     <span class='ocr_line' id='line_1_44' title="bbox 1958 1559 3580 1632; baseline 0.002 -20"><span class='ocrx_word' id='word_1_311' title='bbox 1958 1559 2116 1612; x_wconf 88' lang='lat' dir='ltr'>Pauli</span> <span class='ocrx_word' id='word_1_312' title='bbox 2147 1560 2492 1629; x_wconf 90' lang='lat' dir='ltr'>providentis</span> <span class='ocrx_word' id='word_1_313' title='bbox 2538 1560 2752 1631; x_wconf 87' lang='lat' dir='ltr'>pariter</span> <span class='ocrx_word' id='word_1_314' title='bbox 2792 1564 2849 1614; x_wconf 90' lang='lat' dir='ltr'>et</span> <span class='ocrx_word' id='word_1_315' title='bbox 2878 1562 3158 1614; x_wconf 88' lang='lat' dir='ltr'>monentis</span> <span class='ocrx_word' id='word_1_316' title='bbox 3190 1578 3203 1613; x_wconf 90' lang='lat'>:</span> <span class='ocrx_word' id='word_1_317' title='bbox 3238 1583 3265 1610; x_wconf 83' lang='lat'><strong>«</strong></span> <span class='ocrx_word' id='word_1_318' title='bbox 3317 1564 3382 1616; x_wconf 90' lang='lat' dir='ltr'>Ut</span> <span class='ocrx_word' id='word_1_319' title='bbox 3423 1563 3580 1632; x_wconf 87' lang='lat' dir='ltr'>quid,</span> 
     </span>
    </p>
   </div>
   <div class='ocr_carea' id='block_1_45' title="bbox 1958 1652 3579 1723">
    <p class='ocr_par' dir='ltr' id='par_1_45' title="bbox 1958 1652 3579 1723">
     <span class='ocr_line' id='line_1_45' title="bbox 1958 1652 3579 1723; baseline 0.002 -18"><span class='ocrx_word' id='word_1_320' title='bbox 1958 1652 2164 1723; x_wconf 87' lang='lat' dir='ltr'>inquit,</span> <span class='ocrx_word' id='word_1_321' title='bbox 2200 1653 2429 1707; x_wconf 87' lang='lat' dir='ltr'>libertas</span> <span class='ocrx_word' id='word_1_322' title='bbox 2460 1670 2588 1707; x_wconf 89' lang='lat' dir='ltr'>mea</span> <span class='ocrx_word' id='word_1_323' title='bbox 2611 1653 2902 1723; x_wconf 86' lang='lat' dir='ltr'>judicatur</span> <span class='ocrx_word' id='word_1_324' title='bbox 2937 1655 3004 1708; x_wconf 90' lang='lat' dir='ltr'>ab</span> <span class='ocrx_word' id='word_1_325' title='bbox 3046 1656 3257 1709; x_wconf 84' lang='lat' dir='ltr'>inﬁdeli</span> <span class='ocrx_word' id='word_1_326' title='bbox 3287 1657 3579 1709; x_wconf 81' lang='lat' dir='ltr'>conscien-</span> 
     </span>
    </p>
   </div>
   <div class='ocr_carea' id='block_1_46' title="bbox 1961 1746 3582 1819">
    <p class='ocr_par' dir='ltr' id='par_1_46' title="bbox 1961 1746 3582 1819">
     <span class='ocr_line' id='line_1_46' title="bbox 1961 1746 3582 1819; baseline 0.002 -22"><span class='ocrx_word' id='word_1_327' title='bbox 1961 1746 2076 1800; x_wconf 88' lang='lat' dir='ltr'>tia?</span> <span class='ocrx_word' id='word_1_328' title='bbox 2105 1747 2160 1801; x_wconf 91' lang='lat' dir='ltr'>Si</span> <span class='ocrx_word' id='word_1_329' title='bbox 2195 1763 2334 1817; x_wconf 88' lang='lat' dir='ltr'>ergo</span> <span class='ocrx_word' id='word_1_330' title='bbox 2378 1747 2571 1817; x_wconf 76' lang='lat' dir='ltr'>gratiae</span> <span class='ocrx_word' id='word_1_331' title='bbox 2603 1747 2897 1817; x_wconf 87' lang='lat' dir='ltr'>participo,</span> <span class='ocrx_word' id='word_1_332' title='bbox 2934 1753 2993 1801; x_wconf 89' lang='lat' dir='ltr'>ut</span> <span class='ocrx_word' id='word_1_333' title='bbox 3025 1750 3165 1819; x_wconf 91' lang='lat' dir='ltr'>quid</span> <span class='ocrx_word' id='word_1_334' title='bbox 3207 1750 3582 1819; x_wconf 86' lang='lat' dir='ltr'>blasphemor</span> 
     </span>
    </p>
   </div>
   <div class='ocr_carea' id='block_1_47' title="bbox 1960 1840 3575 1912">
    <p class='ocr_par' dir='ltr' id='par_1_47' title="bbox 1960 1840 3575 1912">
     <span class='ocr_line' id='line_1_47' title="bbox 1960 1840 3575 1912; baseline 0.001 -19"><span class='ocrx_word' id='word_1_335' title='bbox 1960 1856 2058 1910; x_wconf 89' lang='lat' dir='ltr'>pro</span> <span class='ocrx_word' id='word_1_336' title='bbox 2101 1856 2169 1893; x_wconf 89' lang='lat' dir='ltr'>eo</span> <span class='ocrx_word' id='word_1_337' title='bbox 2206 1840 2358 1911; x_wconf 88' lang='lat' dir='ltr'>quod</span> <span class='ocrx_word' id='word_1_338' title='bbox 2394 1841 2602 1911; x_wconf 87' lang='lat' dir='ltr'>gratias</span> <span class='ocrx_word' id='word_1_339' title='bbox 2652 1856 2759 1909; x_wconf 88' lang='lat' dir='ltr'>ago</span> <span class='ocrx_word' id='word_1_340' title='bbox 2789 1842 2831 1911; x_wconf 92' lang='grc' dir='ltr'>(Ι</span> <span class='ocrx_word' id='word_1_341' title='bbox 2888 1842 3033 1904; x_wconf 88' lang='lat' dir='ltr'>Cor.,</span> <span class='ocrx_word' id='word_1_342' title='bbox 3071 1859 3123 1906; x_wconf 89' lang='lat' dir='ltr'>x,</span> <span class='ocrx_word' id='word_1_343' title='bbox 3169 1845 3305 1909; x_wconf 70' lang='lat'>29)?</span> <span class='ocrx_word' id='word_1_344' title='bbox 3346 1867 3371 1891; x_wconf 82' lang='lat'><strong>»</strong></span> <span class='ocrx_word' id='word_1_345' title='bbox 3416 1843 3575 1912; x_wconf 87' lang='lat' dir='ltr'>Pejus</span> 
     </span>
    </p>
   </div>
   <div class='ocr_carea' id='block_1_48' title="bbox 1942 1932 3579 2007">
    <p class='ocr_par' dir='ltr' id='par_1_48' title="bbox 1942 1932 3579 2007">
     <span class='ocr_line' id='line_1_48' title="bbox 1942 1932 3579 2007; baseline 0.001 -20"><span class='ocrx_word' id='word_1_346' title='bbox 1942 1940 2040 2007; x_wconf 88' lang='lat' dir='ltr'>est</span> <span class='ocrx_word' id='word_1_347' title='bbox 2064 1950 2236 2004; x_wconf 86' lang='lat' dir='ltr'>quam</span> <span class='ocrx_word' id='word_1_348' title='bbox 2254 1933 2513 1999; x_wconf 72' lang='lat' dir='ltr'>mmchia,</span> <span class='ocrx_word' id='word_1_349' title='bbox 2531 1932 2936 1987; x_wconf 87' lang='lat' dir='ltr'>continentiam</span> <span class='ocrx_word' id='word_1_350' title='bbox 2960 1935 3167 1989; x_wconf 90' lang='lat' dir='ltr'>ducere</span> <span class='ocrx_word' id='word_1_351' title='bbox 3190 1936 3579 2001; x_wconf 87' lang='lat' dir='ltr'>criminosam,</span> 
     </span>
    </p>
   </div>
   <div class='ocr_carea' id='block_1_49' title="bbox 1957 2026 3579 2098">
    <p class='ocr_par' dir='ltr' id='par_1_49' title="bbox 1957 2026 3579 2098">
     <span class='ocr_line' id='line_1_49' title="bbox 1957 2026 3579 2098; baseline 0.001 -17"><span class='ocrx_word' id='word_1_352' title='bbox 1957 2031 2014 2081; x_wconf 93' lang='lat' dir='ltr'>et</span> <span class='ocrx_word' id='word_1_353' title='bbox 2040 2026 2313 2081; x_wconf 88' lang='lat' dir='ltr'>infamem</span> <span class='ocrx_word' id='word_1_354' title='bbox 2343 2028 2524 2081; x_wconf 85' lang='lat' dir='ltr'>facere</span> <span class='ocrx_word' id='word_1_355' title='bbox 2554 2030 3022 2088; x_wconf 83' lang='lat' dir='ltr'>sanctimoniam.</span> <span class='ocrx_word' id='word_1_356' title='bbox 3049 2030 3463 2098; x_wconf 84' lang='lat' dir='ltr'>Blasphemiam</span> <span class='ocrx_word' id='word_1_357' title='bbox 3494 2031 3579 2083; x_wconf 87' lang='lat' dir='ltr'>in-</span> 
     </span>
    </p>
   </div>
   <div class='ocr_carea' id='block_1_50' title="bbox 1957 2121 3577 2195">
    <p class='ocr_par' dir='ltr' id='par_1_50' title="bbox 1957 2121 3577 2195">
     <span class='ocr_line' id='line_1_50' title="bbox 1957 2121 3577 2195; baseline 0.002 -21"><span class='ocrx_word' id='word_1_358' title='bbox 1957 2121 2106 2191; x_wconf 87' lang='lat' dir='ltr'>gerit</span> <span class='ocrx_word' id='word_1_359' title='bbox 2132 2122 2391 2192; x_wconf 84' lang='lat' dir='ltr'>religioni</span> <span class='ocrx_word' id='word_1_360' title='bbox 2425 2140 2601 2194; x_wconf 91' lang='lat' dir='ltr'>quam</span> <span class='ocrx_word' id='word_1_361' title='bbox 2629 2126 2765 2179; x_wconf 88' lang='lat' dir='ltr'>colit</span> <span class='ocrx_word' id='word_1_362' title='bbox 2792 2127 2917 2195; x_wconf 77' lang='lat'>(19),</span> <span class='ocrx_word' id='word_1_363' title='bbox 2948 2123 3041 2193; x_wconf 89' lang='lat' dir='ltr'>qui</span> <span class='ocrx_word' id='word_1_364' title='bbox 3074 2124 3226 2192; x_wconf 89' lang='lat' dir='ltr'>quod</span> <span class='ocrx_word' id='word_1_365' title='bbox 3254 2123 3577 2191; x_wconf 85' lang='lat' dir='ltr'>conﬁtetur,</span> 
     </span>
    </p>
   </div>
   <div class='ocr_carea' id='block_1_51' title="bbox 1954 2216 3581 2289">
    <p class='ocr_par' dir='ltr' id='par_1_51' title="bbox 1954 2216 3581 2289">
     <span class='ocr_line' id='line_1_51' title="bbox 1954 2216 3581 2289; baseline 0.001 -20"><span class='ocrx_word' id='word_1_366' title='bbox 1954 2231 2067 2269; x_wconf 91' lang='lat' dir='ltr'>non</span> <span class='ocrx_word' id='word_1_367' title='bbox 2109 2220 2239 2269; x_wconf 87' lang='lat' dir='ltr'>ante</span> <span class='ocrx_word' id='word_1_368' title='bbox 2283 2233 2481 2271; x_wconf 90' lang='lat' dir='ltr'>omnes</span> <span class='ocrx_word' id='word_1_369' title='bbox 2516 2218 2869 2289; x_wconf 88' lang='lat' dir='ltr'>impleverit;</span> <span class='ocrx_word' id='word_1_370' title='bbox 2914 2234 2982 2271; x_wconf 91' lang='lat' dir='ltr'>ne</span> <span class='ocrx_word' id='word_1_371' title='bbox 3016 2216 3093 2273; x_wconf 68' lang='lat' dir='ltr'>Cl‘</span> <span class='ocrx_word' id='word_1_372' title='bbox 3111 2217 3416 2271; x_wconf 86' lang='lat' dir='ltr'>ristianitas</span> <span class='ocrx_word' id='word_1_373' title='bbox 3460 2234 3581 2271; x_wconf 91' lang='lat' dir='ltr'>cre-</span> 
     </span>
    </p>
   </div>
   <div class='ocr_carea' id='block_1_52' title="bbox 1955 2310 3582 2379">
    <p class='ocr_par' dir='ltr' id='par_1_52' title="bbox 1955 2310 3582 2379">
     <span class='ocr_line' id='line_1_52' title="bbox 1955 2310 3582 2379; baseline 0.002 -17"><span class='ocrx_word' id='word_1_374' title='bbox 1955 2310 2121 2363; x_wconf 79' lang='lat' dir='ltr'>datur</span> <span class='ocrx_word' id='word_1_375' title='bbox 2154 2326 2276 2364; x_wconf 92' lang='lat' dir='ltr'>esse</span> <span class='ocrx_word' id='word_1_376' title='bbox 2331 2312 2559 2379; x_wconf 88' lang='lat' dir='ltr'>fallacii,</span> <span class='ocrx_word' id='word_1_377' title='bbox 2593 2318 2647 2365; x_wconf 90' lang='lat' dir='ltr'>et</span> <span class='ocrx_word' id='word_1_378' title='bbox 2676 2312 2977 2367; x_wconf 74' lang='lat' dir='ltr'>mmchatio</span> <span class='ocrx_word' id='word_1_379' title='bbox 3008 2312 3268 2365; x_wconf 89' lang='lat' dir='ltr'>videatur</span> <span class='ocrx_word' id='word_1_380' title='bbox 3297 2328 3423 2366; x_wconf 84' lang='lat' dir='ltr'>esse</span> <span class='ocrx_word' id='word_1_381' title='bbox 3451 2328 3582 2365; x_wconf 88' lang='lat' dir='ltr'>san-</span> 
     </span>
    </p>
   </div>
   <div class='ocr_carea' id='block_1_53' title="bbox 1954 2403 3583 2475">
    <p class='ocr_par' dir='ltr' id='par_1_53' title="bbox 1954 2403 3583 2475">
     <span class='ocr_line' id='line_1_53' title="bbox 1954 2403 3583 2475; baseline 0.002 -19"><span class='ocrx_word' id='word_1_382' title='bbox 1954 2403 2165 2457; x_wconf 88' lang='lat' dir='ltr'>ctitatis</span> <span class='ocrx_word' id='word_1_383' title='bbox 2214 2406 2533 2459; x_wconf 90' lang='lat' dir='ltr'>velamento</span> <span class='ocrx_word' id='word_1_384' title='bbox 2584 2406 2807 2460; x_wconf 90' lang='lat' dir='ltr'>vestita.</span> <span class='ocrx_word' id='word_1_385' title='bbox 2847 2408 3083 2473; x_wconf 86' lang='lat' dir='ltr'>Propter</span> <span class='ocrx_word' id='word_1_386' title='bbox 3110 2405 3259 2475; x_wconf 91' lang='lat' dir='ltr'>quod</span> <span class='ocrx_word' id='word_1_387' title='bbox 3309 2407 3583 2460; x_wconf 84' lang='lat' dir='ltr'>Dominus</span> 
     </span>
    </p>
   </div>
   <div class='ocr_carea' id='block_1_54' title="bbox 1952 2498 3583 2569">
    <p class='ocr_par' dir='ltr' id='par_1_54' title="bbox 1952 2498 3583 2569">
     <span class='ocr_line' id='line_1_54' title="bbox 1952 2498 3583 2569; baseline 0.002 -19"><span class='ocrx_word' id='word_1_388' title='bbox 1952 2498 2008 2550; x_wconf 88' lang='lat' dir='ltr'>in</span> <span class='ocrx_word' id='word_1_389' title='bbox 2060 2498 2359 2567; x_wconf 82' lang='lat' dir='ltr'>Evangelia</span> <span class='ocrx_word' id='word_1_390' title='bbox 2401 2498 2479 2551; x_wconf 89' lang='lat' dir='ltr'>sic</span> <span class='ocrx_word' id='word_1_391' title='bbox 2535 2504 2864 2569; x_wconf 64' lang='lat' dir='ltr'>praemonet,</span> <span class='ocrx_word' id='word_1_392' title='bbox 2924 2498 3158 2551; x_wconf 88' lang='lat' dir='ltr'>dicens:</span> <span class='ocrx_word' id='word_1_393' title='bbox 3203 2500 3355 2553; x_wconf 83' lang='lat' dir='ltr'>«Sic</span> <span class='ocrx_word' id='word_1_394' title='bbox 3400 2500 3583 2554; x_wconf 88' lang='lat' dir='ltr'>luceat</span> 
     </span>
    </p>
   </div>
   <div class='ocr_carea' id='block_1_55' title="bbox 1951 2591 3578 2666">
    <p class='ocr_par' dir='ltr' id='par_1_55' title="bbox 1951 2591 3578 2666">
     <span class='ocr_line' id='line_1_55' title="bbox 1951 2591 3578 2666; baseline 0.002 -22"><span class='ocrx_word' id='word_1_395' title='bbox 1951 2591 2145 2644; x_wconf 89' lang='lat' dir='ltr'>lumen</span> <span class='ocrx_word' id='word_1_396' title='bbox 2164 2596 2411 2645; x_wconf 90' lang='lat' dir='ltr'>vestrum</span> <span class='ocrx_word' id='word_1_397' title='bbox 2437 2608 2625 2645; x_wconf 90' lang='lat' dir='ltr'>coram</span> <span class='ocrx_word' id='word_1_398' title='bbox 2645 2592 2995 2654; x_wconf 89' lang='lat' dir='ltr'>hominibus,</span> <span class='ocrx_word' id='word_1_399' title='bbox 3021 2592 3084 2645; x_wconf 90' lang='lat' dir='ltr'>ut</span> <span class='ocrx_word' id='word_1_400' title='bbox 3101 2592 3351 2647; x_wconf 88' lang='lat' dir='ltr'>videntes</span> <span class='ocrx_word' id='word_1_401' title='bbox 3377 2592 3578 2666; x_wconf 82' lang='grc'>842</span> 
     </span>
    </p>
   </div>
   <div class='ocr_carea' id='block_1_56' title="bbox 1953 2690 3577 2761">
    <p class='ocr_par' dir='ltr' id='par_1_56' title="bbox 1953 2690 3577 2761">
     <span class='ocr_line' id='line_1_56' title="bbox 1953 2690 3577 2761; baseline 0.002 -18"><span class='ocrx_word' id='word_1_402' title='bbox 1953 2705 2129 2759; x_wconf 87' lang='lat' dir='ltr'>opera</span> <span class='ocrx_word' id='word_1_403' title='bbox 2172 2695 2351 2742; x_wconf 89' lang='lat' dir='ltr'>vestra</span> <span class='ocrx_word' id='word_1_404' title='bbox 2397 2690 2566 2758; x_wconf 87' lang='lat' dir='ltr'>bona,</span> <span class='ocrx_word' id='word_1_405' title='bbox 2627 2690 3004 2761; x_wconf 81' lang='lat' dir='ltr'>magniﬁcent</span> <span class='ocrx_word' id='word_1_406' title='bbox 3049 2694 3272 2748; x_wconf 87' lang='lat' dir='ltr'>Patrem</span> <span class='ocrx_word' id='word_1_407' title='bbox 3326 2695 3577 2746; x_wconf 88' lang='lat' dir='ltr'>vestrum</span> 
     </span>
    </p>
   </div>
   <div class='ocr_carea' id='block_1_57' title="bbox 1953 2782 3575 2856">
    <p class='ocr_par' dir='ltr' id='par_1_57' title="bbox 1953 2782 3575 2856">
     <span class='ocr_line' id='line_1_57' title="bbox 1953 2782 3575 2856; baseline 0.002 -21"><span class='ocrx_word' id='word_1_408' title='bbox 1953 2782 2049 2853; x_wconf 90' lang='lat' dir='ltr'>qui</span> <span class='ocrx_word' id='word_1_409' title='bbox 2079 2782 2135 2835; x_wconf 92' lang='lat' dir='ltr'>in</span> <span class='ocrx_word' id='word_1_410' title='bbox 2174 2784 2326 2837; x_wconf 56' lang='lat' dir='ltr'>costis</span> <span class='ocrx_word' id='word_1_411' title='bbox 2361 2788 2441 2837; x_wconf 90' lang='lat' dir='ltr'>est</span> <span class='ocrx_word' id='word_1_412' title='bbox 2486 2784 2725 2852; x_wconf 52' lang='lat' dir='ltr'>(Martia,</span> <span class='ocrx_word' id='word_1_413' title='bbox 2758 2801 2810 2847; x_wconf 89' lang='lat' dir='ltr'>v,</span> <span class='ocrx_word' id='word_1_414' title='bbox 2848 2785 2952 2855; x_wconf 89' lang='grc'>16).</span> <span class='ocrx_word' id='word_1_415' title='bbox 3004 2807 3029 2833; x_wconf 89' lang='grc'><strong>››</strong></span> <span class='ocrx_word' id='word_1_416' title='bbox 3076 2789 3190 2841; x_wconf 91' lang='lat' dir='ltr'>lloc</span> <span class='ocrx_word' id='word_1_417' title='bbox 3233 2785 3489 2856; x_wconf 89' lang='lat' dir='ltr'>sequitur</span> <span class='ocrx_word' id='word_1_418' title='bbox 3517 2788 3575 2839; x_wconf 90' lang='lat' dir='ltr'>et</span> 
     </span>
    </p>
   </div>
   <div class='ocr_carea' id='block_1_58' title="bbox 1950 2877 3573 2951">
    <p class='ocr_par' dir='ltr' id='par_1_58' title="bbox 1950 2877 3573 2951">
     <span class='ocr_line' id='line_1_58' title="bbox 1950 2877 3573 2951; baseline 0.001 -20"><span class='ocrx_word' id='word_1_419' title='bbox 1950 2877 2155 2931; x_wconf 89' lang='lat' dir='ltr'>Paulus</span> <span class='ocrx_word' id='word_1_420' title='bbox 2181 2878 2498 2947; x_wconf 83' lang='lat' dir='ltr'>Apostolus,</span> <span class='ocrx_word' id='word_1_421' title='bbox 2529 2878 2725 2932; x_wconf 89' lang='lat' dir='ltr'>dicens</span> <span class='ocrx_word' id='word_1_422' title='bbox 2759 2895 2770 2933; x_wconf 91' lang='lat'>:</span> <span class='ocrx_word' id='word_1_423' title='bbox 2809 2898 2835 2929; x_wconf 88' lang='grc'>‹‹</span> <span class='ocrx_word' id='word_1_424' title='bbox 2870 2880 2993 2933; x_wconf 86' lang='grc' dir='ltr'>Νοη</span> <span class='ocrx_word' id='word_1_425' title='bbox 3026 2896 3163 2951; x_wconf 90' lang='lat' dir='ltr'>ergo</span> <span class='ocrx_word' id='word_1_426' title='bbox 3202 2880 3573 2949; x_wconf 87' lang='lat' dir='ltr'>blaspheme-</span> 
     </span>
    </p>
   </div>
   <div class='ocr_carea' id='block_1_59' title="bbox 1953 2971 3570 3043">
    <p class='ocr_par' dir='ltr' id='par_1_59' title="bbox 1953 2971 3570 3043">
     <span class='ocr_line' id='line_1_59' title="bbox 1953 2971 3570 3043; baseline 0.002 -19"><span class='ocrx_word' id='word_1_427' title='bbox 1953 2976 2046 3024; x_wconf 91' lang='lat' dir='ltr'>tur</span> <span class='ocrx_word' id='word_1_428' title='bbox 2071 2971 2284 3025; x_wconf 90' lang='lat' dir='ltr'>bonum</span> <span class='ocrx_word' id='word_1_429' title='bbox 2330 2974 2585 3026; x_wconf 91' lang='lat' dir='ltr'>nostrum</span> <span class='ocrx_word' id='word_1_430' title='bbox 2638 2973 2831 3041; x_wconf 87' lang='lat' dir='ltr'>(Rom.,</span> <span class='ocrx_word' id='word_1_431' title='bbox 2861 2990 2969 3040; x_wconf 85' lang='lat' dir='ltr'>xiv,</span> <span class='ocrx_word' id='word_1_432' title='bbox 3016 2974 3119 3043; x_wconf 85' lang='grc'>16).</span> <span class='ocrx_word' id='word_1_433' title='bbox 3152 2996 3179 3023; x_wconf 84' lang='grc'><strong>››</strong></span> <span class='ocrx_word' id='word_1_434' title='bbox 3214 2976 3277 3027; x_wconf 88' lang='lat' dir='ltr'>Et</span> <span class='ocrx_word' id='word_1_435' title='bbox 3322 2974 3570 3027; x_wconf 88' lang='lat' dir='ltr'>iterum:</span> 
     </span>
    </p>
   </div>
   <div class='ocr_carea' id='block_1_60' title="bbox 1955 3064 3578 3135">
    <p class='ocr_par' dir='ltr' id='par_1_60' title="bbox 1955 3064 3578 3135">
     <span class='ocr_line' id='line_1_60' title="bbox 1955 3064 3578 3135; baseline 0.004 -19"><span class='ocrx_word' id='word_1_436' title='bbox 1955 3084 1983 3116; x_wconf 75' lang='grc' dir='ltr'>α</span> <span class='ocrx_word' id='word_1_437' title='bbox 2024 3065 2386 3119; x_wconf 88' lang='lat' dir='ltr'>Providentes</span> <span class='ocrx_word' id='word_1_438' title='bbox 2440 3064 2589 3119; x_wconf 89' lang='lat' dir='ltr'>bona</span> <span class='ocrx_word' id='word_1_439' title='bbox 2636 3083 2753 3122; x_wconf 92' lang='lat' dir='ltr'>non</span> <span class='ocrx_word' id='word_1_440' title='bbox 2800 3071 3021 3121; x_wconf 90' lang='lat' dir='ltr'>tantum</span> <span class='ocrx_word' id='word_1_441' title='bbox 3063 3084 3253 3122; x_wconf 88' lang='lat' dir='ltr'>coram</span> <span class='ocrx_word' id='word_1_442' title='bbox 3302 3070 3436 3135; x_wconf 90' lang='lat' dir='ltr'>Deo,</span> <span class='ocrx_word' id='word_1_443' title='bbox 3481 3068 3578 3122; x_wconf 91' lang='lat' dir='ltr'>sed</span> 
     </span>
    </p>
   </div>
   <div class='ocr_carea' id='block_1_61' title="bbox 218 3146 3576 3249">
    <p class='ocr_par' dir='ltr' id='par_1_61' title="bbox 218 3146 3576 3249">
     <span class='ocr_line' id='line_1_61' title="bbox 218 3146 3576 3249; baseline 0 -32"><span class='ocrx_word' id='word_1_444' title='bbox 218 3147 593 3218; x_wconf 73' lang='lat' dir='ltr'>aPParalibus</span> <span class='ocrx_word' id='word_1_445' title='bbox 644 3149 857 3218; x_wconf 58' lang='lat' dir='ltr'>rel’let?</span> <span class='ocrx_word' id='word_1_446' title='bbox 913 3150 977 3202; x_wconf 61' lang='lat' dir='ltr'><strong>Et</strong></span> <span class='ocrx_word' id='word_1_447' title='bbox 1041 3148 1139 3219; x_wconf 73' lang='grc' dir='ltr'>(1ιΙὶ</span> <span class='ocrx_word' id='word_1_448' title='bbox 1200 3164 1314 3201; x_wconf 75' lang='lat' dir='ltr'>n0&quot;</span> <span class='ocrx_word' id='word_1_449' title='bbox 1368 3146 1576 3201; x_wconf 61' lang='lat' dir='ltr'>biberit</span> <span class='ocrx_word' id='word_1_450' title='bbox 1631 3146 2123 3249; x_wconf 49' lang='lat' dir='ltr'>Vifllmfcetiam</span> <span class='ocrx_word' id='word_1_451' title='bbox 2166 3175 2354 3212; x_wconf 88' lang='lat' dir='ltr'>coram</span> <span class='ocrx_word' id='word_1_452' title='bbox 2402 3158 2735 3215; x_wconf 88' lang='lat' dir='ltr'>hominibus</span> <span class='ocrx_word' id='word_1_453' title='bbox 2779 3160 2974 3230; x_wconf 72' lang='lat' dir='ltr'>(Rom,</span> <span class='ocrx_word' id='word_1_454' title='bbox 3023 3178 3114 3228; x_wconf 84' lang='lat' dir='ltr'>xu,</span> <span class='ocrx_word' id='word_1_455' title='bbox 3148 3165 3249 3229; x_wconf 83' lang='lat' dir='ltr'>t7).</span> <span class='ocrx_word' id='word_1_456' title='bbox 3286 3182 3313 3210; x_wconf 71' lang='grc' dir='ltr'><strong>η</strong></span> <span class='ocrx_word' id='word_1_457' title='bbox 3366 3164 3433 3215; x_wconf 89' lang='lat' dir='ltr'>Et</span> <span class='ocrx_word' id='word_1_458' title='bbox 3469 3163 3576 3217; x_wconf 84' lang='lat' dir='ltr'>alio</span> 
     </span>
    </p>
   </div>
   <div class='ocr_carea' id='block_1_62' title="bbox 222 3240 1849 3312">
    <p class='ocr_par' dir='ltr' id='par_1_62' title="bbox 222 3240 1849 3312">
     <span class='ocr_line' id='line_1_62' title="bbox 222 3240 1849 3312; baseline 0.001 -20"><span class='ocrx_word' id='word_1_459' title='bbox 222 3241 366 3311; x_wconf 90' lang='lat' dir='ltr'>quid</span> <span class='ocrx_word' id='word_1_460' title='bbox 415 3241 645 3295; x_wconf 81' lang='lat' dir='ltr'>videndi</span> <span class='ocrx_word' id='word_1_461' title='bbox 691 3241 1068 3295; x_wconf 85' lang='lat' dir='ltr'>oblectatione</span> <span class='ocrx_word' id='word_1_462' title='bbox 1120 3241 1431 3312; x_wconf 88' lang='lat' dir='ltr'>perfruitur</span> <span class='ocrx_word' id='word_1_463' title='bbox 1482 3241 1629 3311; x_wconf 84' lang='lat' dir='ltr'>(l6)?</span> <span class='ocrx_word' id='word_1_464' title='bbox 1679 3240 1849 3305; x_wconf 86' lang='lat' dir='ltr'>Quasi</span> 
     </span>
    </p>
   </div>
   <div class='ocr_carea' id='block_1_63' title="bbox 222 3332 1847 3403">
    <p class='ocr_par' dir='ltr' id='par_1_63' title="bbox 222 3332 1847 3403">
     <span class='ocr_line' id='line_1_63' title="bbox 222 3332 1847 3403; baseline -0.001 -19"><span class='ocrx_word' id='word_1_465' title='bbox 222 3348 345 3384; x_wconf 91' lang='lat' dir='ltr'>non</span> <span class='ocrx_word' id='word_1_466' title='bbox 397 3332 695 3401; x_wconf 88' lang='lat' dir='ltr'>aliquoties</span> <span class='ocrx_word' id='word_1_467' title='bbox 735 3332 975 3385; x_wconf 90' lang='lat' dir='ltr'>videndo</span> <span class='ocrx_word' id='word_1_468' title='bbox 1017 3348 1121 3386; x_wconf 90' lang='lat' dir='ltr'>nec</span> <span class='ocrx_word' id='word_1_469' title='bbox 1166 3333 1443 3403; x_wconf 87' lang='lat' dir='ltr'>gustando</span> <span class='ocrx_word' id='word_1_470' title='bbox 1489 3332 1652 3402; x_wconf 89' lang='lat' dir='ltr'>copia</span> <span class='ocrx_word' id='word_1_471' title='bbox 1692 3348 1847 3384; x_wconf 88' lang='lat' dir='ltr'>escu-</span> 
     </span>
    </p>
   </div>
   <div class='ocr_carea' id='block_1_64' title="bbox 218 3419 1851 3492">
    <p class='ocr_par' dir='ltr' id='par_1_64' title="bbox 218 3419 1851 3492">
     <span class='ocr_line' id='line_1_64' title="bbox 218 3419 1851 3492; baseline -0.001 -18"><span class='ocrx_word' id='word_1_472' title='bbox 218 3421 519 3475; x_wconf 77' lang='lat' dir='ltr'>lentorum</span> <span class='ocrx_word' id='word_1_473' title='bbox 568 3421 790 3475; x_wconf 89' lang='lat' dir='ltr'>animus</span> <span class='ocrx_word' id='word_1_474' title='bbox 840 3421 1105 3492; x_wconf 81' lang='lat' dir='ltr'>pascitur,</span> <span class='ocrx_word' id='word_1_475' title='bbox 1146 3428 1200 3476; x_wconf 91' lang='lat' dir='ltr'>et</span> <span class='ocrx_word' id='word_1_476' title='bbox 1253 3422 1365 3475; x_wconf 91' lang='lat' dir='ltr'>vini</span> <span class='ocrx_word' id='word_1_477' title='bbox 1416 3421 1681 3475; x_wconf 89' lang='lat' dir='ltr'>odoriferi</span> <span class='ocrx_word' id='word_1_478' title='bbox 1736 3419 1851 3473; x_wconf 83' lang='lat' dir='ltr'>sola</span> 
     </span>
    </p>
   </div>
   <div class='ocr_carea' id='block_1_65' title="bbox 216 3509 1847 3581">
    <p class='ocr_par' dir='ltr' id='par_1_65' title="bbox 216 3509 1847 3581">
     <span class='ocr_line' id='line_1_65' title="bbox 216 3509 1847 3581; baseline 0.001 -20"><span class='ocrx_word' id='word_1_479' title='bbox 216 3509 541 3579; x_wconf 84' lang='lat' dir='ltr'>fragrantia</span> <span class='ocrx_word' id='word_1_480' title='bbox 588 3512 890 3565; x_wconf 83' lang='lat' dir='ltr'>suscitatur</span> <span class='ocrx_word' id='word_1_481' title='bbox 930 3513 1134 3581; x_wconf 69' lang='lat' dir='ltr'>saepius</span> <span class='ocrx_word' id='word_1_482' title='bbox 1164 3512 1412 3564; x_wconf 87' lang='lat' dir='ltr'>animus.</span> <span class='ocrx_word' id='word_1_483' title='bbox 1445 3511 1587 3574; x_wconf 86' lang='lat' dir='ltr'>Quid</span> <span class='ocrx_word' id='word_1_484' title='bbox 1617 3527 1715 3580; x_wconf 90' lang='lat' dir='ltr'>per</span> <span class='ocrx_word' id='word_1_485' title='bbox 1742 3510 1847 3580; x_wconf 88' lang='lat' dir='ltr'>hy-</span> 
     </span>
    </p>
   </div>
   <div class='ocr_carea' id='block_1_66' title="bbox 222 3599 1847 3669">
    <p class='ocr_par' dir='ltr' id='par_1_66' title="bbox 222 3599 1847 3669">
     <span class='ocr_line' id='line_1_66' title="bbox 222 3599 1847 3669; baseline -0.001 -16"><span class='ocrx_word' id='word_1_486' title='bbox 222 3600 475 3669; x_wconf 89' lang='lat' dir='ltr'>pocrisin</span> <span class='ocrx_word' id='word_1_487' title='bbox 520 3600 636 3653; x_wconf 83' lang='lat' dir='ltr'>vult</span> <span class='ocrx_word' id='word_1_488' title='bbox 684 3601 751 3653; x_wconf 89' lang='lat' dir='ltr'>ab</span> <span class='ocrx_word' id='word_1_489' title='bbox 804 3601 1131 3655; x_wconf 72' lang='lat' dir='ltr'>hominibus</span> <span class='ocrx_word' id='word_1_490' title='bbox 1179 3601 1467 3654; x_wconf 83' lang='lat' dir='ltr'>abstinens</span> <span class='ocrx_word' id='word_1_491' title='bbox 1518 3599 1647 3663; x_wconf 81' lang='lat' dir='ltr'>dici,</span> <span class='ocrx_word' id='word_1_492' title='bbox 1694 3603 1749 3654; x_wconf 81' lang='lat' dir='ltr'>et</span> <span class='ocrx_word' id='word_1_493' title='bbox 1791 3599 1847 3651; x_wconf 90' lang='lat' dir='ltr'>in</span> 
     </span>
    </p>
   </div>
   <div class='ocr_carea' id='block_1_67' title="bbox 220 3688 1850 3744">
    <p class='ocr_par' dir='ltr' id='par_1_67' title="bbox 220 3688 1850 3744">
     <span class='ocr_line' id='line_1_67' title="bbox 220 3688 1850 3744; baseline -0.001 -2"><span class='ocrx_word' id='word_1_494' title='bbox 220 3692 442 3742; x_wconf 85' lang='lat' dir='ltr'>secreto</span> <span class='ocrx_word' id='word_1_495' title='bbox 504 3690 770 3743; x_wconf 87' lang='lat' dir='ltr'>carnibus</span> <span class='ocrx_word' id='word_1_496' title='bbox 832 3696 887 3743; x_wconf 89' lang='lat' dir='ltr'>et</span> <span class='ocrx_word' id='word_1_497' title='bbox 949 3690 1220 3744; x_wconf 87' lang='lat' dir='ltr'>ebrietate</span> <span class='ocrx_word' id='word_1_498' title='bbox 1282 3689 1573 3744; x_wconf 77' lang='lat' dir='ltr'>distendi?</span> <span class='ocrx_word' id='word_1_499' title='bbox 1630 3688 1850 3742; x_wconf 86' lang='lat' dir='ltr'>Habent</span> 
     </span>
    </p>
   </div>
   <div class='ocr_carea' id='block_1_68' title="bbox 218 3779 1849 3849">
    <p class='ocr_par' dir='ltr' id='par_1_68' title="bbox 218 3779 1849 3849">
     <span class='ocr_line' id='line_1_68' title="bbox 218 3779 1849 3849; baseline 0.001 -18"><span class='ocrx_word' id='word_1_500' title='bbox 218 3779 393 3831; x_wconf 86' lang='lat' dir='ltr'>multi</span> <span class='ocrx_word' id='word_1_501' title='bbox 416 3780 635 3832; x_wconf 80' lang='lat' dir='ltr'>divitias</span> <span class='ocrx_word' id='word_1_502' title='bbox 666 3796 805 3849; x_wconf 79' lang='lat' dir='ltr'>quas</span> <span class='ocrx_word' id='word_1_503' title='bbox 834 3780 946 3833; x_wconf 90' lang='lat' dir='ltr'>suis</span> <span class='ocrx_word' id='word_1_504' title='bbox 986 3780 1174 3833; x_wconf 88' lang='lat' dir='ltr'>usibus</span> <span class='ocrx_word' id='word_1_505' title='bbox 1217 3782 1450 3849; x_wconf 89' lang='lat' dir='ltr'>negant,</span> <span class='ocrx_word' id='word_1_506' title='bbox 1486 3780 1583 3833; x_wconf 90' lang='lat' dir='ltr'>sed</span> <span class='ocrx_word' id='word_1_507' title='bbox 1614 3796 1716 3849; x_wconf 92' lang='lat' dir='ltr'>pro</span> <span class='ocrx_word' id='word_1_508' title='bbox 1758 3796 1849 3832; x_wconf 88' lang='lat' dir='ltr'>cu-</span> 
     </span>
    </p>
   </div>
   <div class='ocr_carea' id='block_1_69' title="bbox 217 3866 1848 3939">
    <p class='ocr_par' dir='ltr' id='par_1_69' title="bbox 217 3866 1848 3939">
     <span class='ocr_line' id='line_1_69' title="bbox 217 3866 1848 3939; baseline 0.001 -20"><span class='ocrx_word' id='word_1_509' title='bbox 217 3866 460 3936; x_wconf 85' lang='lat' dir='ltr'>piditate</span> <span class='ocrx_word' id='word_1_510' title='bbox 498 3873 863 3933; x_wconf 83' lang='lat' dir='ltr'>conservant;</span> <span class='ocrx_word' id='word_1_511' title='bbox 907 3869 1112 3939; x_wconf 87' lang='lat' dir='ltr'>quibus</span> <span class='ocrx_word' id='word_1_512' title='bbox 1156 3869 1199 3922; x_wconf 92' lang='lat' dir='ltr'>si</span> <span class='ocrx_word' id='word_1_513' title='bbox 1255 3870 1406 3921; x_wconf 90' lang='lat' dir='ltr'>nulla</span> <span class='ocrx_word' id='word_1_514' title='bbox 1449 3868 1723 3938; x_wconf 86' lang='lat' dir='ltr'>cupiditas</span> <span class='ocrx_word' id='word_1_515' title='bbox 1766 3867 1848 3921; x_wconf 73' lang='lat' dir='ltr'>in~</span> 
     </span>
    </p>
   </div>
   <div class='ocr_carea' id='block_1_70' title="bbox 219 3955 1848 4028">
    <p class='ocr_par' dir='ltr' id='par_1_70' title="bbox 219 3955 1848 4028">
     <span class='ocr_line' id='line_1_70' title="bbox 219 3955 1848 4028; baseline 0.002 -21"><span class='ocrx_word' id='word_1_516' title='bbox 219 3955 499 4023; x_wconf 67' lang='lat' dir='ltr'>haesisset,</span> <span class='ocrx_word' id='word_1_517' title='bbox 550 3973 653 4010; x_wconf 89' lang='lat' dir='ltr'>nec</span> <span class='ocrx_word' id='word_1_518' title='bbox 705 3958 1022 4027; x_wconf 87' lang='lat' dir='ltr'>cupiditatis</span> <span class='ocrx_word' id='word_1_519' title='bbox 1075 3958 1314 4028; x_wconf 89' lang='lat' dir='ltr'>insignia</span> <span class='ocrx_word' id='word_1_520' title='bbox 1359 3958 1735 4027; x_wconf 88' lang='lat' dir='ltr'>possiderent.</span> <span class='ocrx_word' id='word_1_521' title='bbox 1776 3959 1848 4011; x_wconf 79' lang='lat' dir='ltr'>At</span> 
     </span>
    </p>
   </div>
   <div class='ocr_carea' id='block_1_71' title="bbox 218 4045 1847 4117">
    <p class='ocr_par' dir='ltr' id='par_1_71' title="bbox 218 4045 1847 4117">
     <span class='ocr_line' id='line_1_71' title="bbox 218 4045 1847 4117; baseline 0.002 -21"><span class='ocrx_word' id='word_1_522' title='bbox 218 4060 354 4097; x_wconf 80' lang='lat' dir='ltr'>vero</span> <span class='ocrx_word' id='word_1_523' title='bbox 420 4045 550 4115; x_wconf 73' lang='lat' dir='ltr'>quia</span> <span class='ocrx_word' id='word_1_524' title='bbox 612 4046 918 4116; x_wconf 87' lang='lat' dir='ltr'>cupiditate</span> <span class='ocrx_word' id='word_1_525' title='bbox 980 4046 1215 4117; x_wconf 90' lang='lat' dir='ltr'>possessi</span> <span class='ocrx_word' id='word_1_526' title='bbox 1278 4050 1409 4100; x_wconf 91' lang='lat' dir='ltr'>sunt</span> <span class='ocrx_word' id='word_1_527' title='bbox 1479 4047 1847 4116; x_wconf 88' lang='lat' dir='ltr'>perfruuntur</span> 
     </span>
    </p>
   </div>
   <div class='ocr_carea' id='block_1_72' title="bbox 218 4135 1847 4206">
    <p class='ocr_par' dir='ltr' id='par_1_72' title="bbox 218 4135 1847 4206">
     <span class='ocr_line' id='line_1_72' title="bbox 218 4135 1847 4206; baseline 0 -17"><span class='ocrx_word' id='word_1_528' title='bbox 218 4136 413 4189; x_wconf 88' lang='lat' dir='ltr'>animo</span> <span class='ocrx_word' id='word_1_529' title='bbox 440 4135 593 4204; x_wconf 91' lang='lat' dir='ltr'>quod</span> <span class='ocrx_word' id='word_1_530' title='bbox 624 4152 728 4188; x_wconf 90' lang='lat' dir='ltr'>usu</span> <span class='ocrx_word' id='word_1_531' title='bbox 775 4152 888 4189; x_wconf 90' lang='lat' dir='ltr'>non</span> <span class='ocrx_word' id='word_1_532' title='bbox 944 4141 1205 4205; x_wconf 87' lang='lat' dir='ltr'>tangunt.</span> <span class='ocrx_word' id='word_1_533' title='bbox 1238 4137 1315 4189; x_wconf 91' lang='lat' dir='ltr'>Ita</span> <span class='ocrx_word' id='word_1_534' title='bbox 1356 4135 1401 4188; x_wconf 90' lang='lat' dir='ltr'>is</span> <span class='ocrx_word' id='word_1_535' title='bbox 1449 4135 1543 4205; x_wconf 90' lang='lat' dir='ltr'>qui</span> <span class='ocrx_word' id='word_1_536' title='bbox 1592 4136 1847 4206; x_wconf 81' lang='lat' dir='ltr'>despexit</span> 
     </span>
    </p>
   </div>
   <div class='ocr_carea' id='block_1_73' title="bbox 218 4224 1845 4293">
    <p class='ocr_par' dir='ltr' id='par_1_73' title="bbox 218 4224 1845 4293">
     <span class='ocr_line' id='line_1_73' title="bbox 218 4224 1845 4293; baseline 0 -16"><span class='ocrx_word' id='word_1_537' title='bbox 218 4224 510 4277; x_wconf 88' lang='lat' dir='ltr'>vinculum</span> <span class='ocrx_word' id='word_1_538' title='bbox 566 4225 912 4293; x_wconf 85' lang='lat' dir='ltr'>nuptiarum,</span> <span class='ocrx_word' id='word_1_539' title='bbox 974 4230 1029 4278; x_wconf 88' lang='lat' dir='ltr'>et</span> <span class='ocrx_word' id='word_1_540' title='bbox 1081 4224 1244 4277; x_wconf 85' lang='lat' dir='ltr'>aliter</span> <span class='ocrx_word' id='word_1_541' title='bbox 1296 4224 1529 4277; x_wconf 83' lang='lat' dir='ltr'>vinculis</span> <span class='ocrx_word' id='word_1_542' title='bbox 1586 4224 1845 4278; x_wconf 84' lang='lat' dir='ltr'>femineis</span> 
     </span>
    </p>
   </div>
   <div class='ocr_carea' id='block_1_74' title="bbox 218 4313 1842 4384">
    <p class='ocr_par' dir='ltr' id='par_1_74' title="bbox 218 4313 1842 4384">
     <span class='ocr_line' id='line_1_74' title="bbox 218 4313 1842 4384; baseline 0.001 -17"><span class='ocrx_word' id='word_1_543' title='bbox 218 4313 551 4384; x_wconf 87' lang='lat' dir='ltr'>obligatur;</span> <span class='ocrx_word' id='word_1_544' title='bbox 581 4314 837 4383; x_wconf 89' lang='lat' dir='ltr'>quamvis</span> <span class='ocrx_word' id='word_1_545' title='bbox 869 4313 1026 4367; x_wconf 91' lang='lat' dir='ltr'>nullo</span> <span class='ocrx_word' id='word_1_546' title='bbox 1054 4313 1359 4367; x_wconf 90' lang='lat' dir='ltr'>concubitu</span> <span class='ocrx_word' id='word_1_547' title='bbox 1390 4314 1711 4380; x_wconf 87' lang='lat' dir='ltr'>misceatur,</span> <span class='ocrx_word' id='word_1_548' title='bbox 1743 4315 1842 4368; x_wconf 87' lang='lat' dir='ltr'>de-</span> 
     </span>
    </p>
   </div>
   <div class='ocr_carea' id='block_1_75' title="bbox 217 4401 1845 4474">
    <p class='ocr_par' dir='ltr' id='par_1_75' title="bbox 217 4401 1845 4474">
     <span class='ocr_line' id='line_1_75' title="bbox 217 4401 1845 4474; baseline 0.002 -20"><span class='ocrx_word' id='word_1_549' title='bbox 217 4401 429 4455; x_wconf 86' lang='lat' dir='ltr'>siderio</span> <span class='ocrx_word' id='word_1_550' title='bbox 456 4406 668 4466; x_wconf 88' lang='lat' dir='ltr'>tamen,</span> <span class='ocrx_word' id='word_1_551' title='bbox 702 4402 841 4468; x_wconf 89' lang='lat' dir='ltr'>visu,</span> <span class='ocrx_word' id='word_1_552' title='bbox 871 4402 1173 4473; x_wconf 90' lang='lat' dir='ltr'>colloquio,</span> <span class='ocrx_word' id='word_1_553' title='bbox 1194 4403 1587 4472; x_wconf 84' lang='lat' dir='ltr'>conjunctione</span> <span class='ocrx_word' id='word_1_554' title='bbox 1616 4420 1845 4474; x_wconf 90' lang='lat' dir='ltr'>semper</span> 
     </span>
    </p>
   </div>
   <div class='ocr_carea' id='block_1_76' title="bbox 217 4491 1819 4547">
    <p class='ocr_par' dir='ltr' id='par_1_76' title="bbox 217 4491 1819 4547">
     <span class='ocr_line' id='line_1_76' title="bbox 217 4491 1819 4547; baseline 0.001 -2"><span class='ocrx_word' id='word_1_555' title='bbox 217 4492 554 4545; x_wconf 87' lang='lat' dir='ltr'>oblectatur.</span> <span class='ocrx_word' id='word_1_556' title='bbox 580 4492 714 4543; x_wconf 80' lang='lat' dir='ltr'>Nam</span> <span class='ocrx_word' id='word_1_557' title='bbox 738 4491 781 4543; x_wconf 87' lang='lat' dir='ltr'>si</span> <span class='ocrx_word' id='word_1_558' title='bbox 812 4491 1159 4545; x_wconf 89' lang='lat' dir='ltr'>desiderium</span> <span class='ocrx_word' id='word_1_559' title='bbox 1185 4493 1414 4546; x_wconf 84' lang='lat' dir='ltr'>feminae</span> <span class='ocrx_word' id='word_1_560' title='bbox 1443 4509 1557 4547; x_wconf 90' lang='lat' dir='ltr'>non</span> <span class='ocrx_word' id='word_1_561' title='bbox 1589 4493 1819 4547; x_wconf 88' lang='lat' dir='ltr'>haberet</span> 
     </span>
    </p>
   </div>
   <div class='ocr_carea' id='block_1_77' title="bbox 1950 3253 3571 3323">
    <p class='ocr_par' dir='ltr' id='par_1_77' title="bbox 1950 3253 3571 3323">
     <span class='ocr_line' id='line_1_77' title="bbox 1950 3253 3571 3323; baseline 0.002 -18"><span class='ocrx_word' id='word_1_562' title='bbox 1950 3254 2099 3308; x_wconf 89' lang='lat' dir='ltr'>loco:</span> <span class='ocrx_word' id='word_1_563' title='bbox 2138 3274 2164 3299; x_wconf 86' lang='grc'>‹‹</span> <span class='ocrx_word' id='word_1_564' title='bbox 2191 3253 2317 3307; x_wconf 88' lang='lat' dir='ltr'>Sive</span> <span class='ocrx_word' id='word_1_565' title='bbox 2348 3269 2485 3323; x_wconf 90' lang='lat' dir='ltr'>ergo</span> <span class='ocrx_word' id='word_1_566' title='bbox 2504 3254 2877 3316; x_wconf 77' lang='lat' dir='ltr'>manducetis,</span> <span class='ocrx_word' id='word_1_567' title='bbox 2908 3254 3021 3309; x_wconf 89' lang='lat' dir='ltr'>sive</span> <span class='ocrx_word' id='word_1_568' title='bbox 3046 3255 3257 3321; x_wconf 84' lang='lat' dir='ltr'>bibitis,</span> <span class='ocrx_word' id='word_1_569' title='bbox 3275 3255 3389 3309; x_wconf 91' lang='lat' dir='ltr'>sive</span> <span class='ocrx_word' id='word_1_570' title='bbox 3415 3256 3571 3309; x_wconf 86' lang='lat' dir='ltr'>aliud</span> 
     </span>
    </p>
   </div>
   <div class='ocr_carea' id='block_1_78' title="bbox 1949 3345 3572 3417">
    <p class='ocr_par' dir='ltr' id='par_1_78' title="bbox 1949 3345 3572 3417">
     <span class='ocr_line' id='line_1_78' title="bbox 1949 3345 3572 3417; baseline 0.004 -21"><span class='ocrx_word' id='word_1_571' title='bbox 1949 3345 2087 3417; x_wconf 90' lang='lat' dir='ltr'>quid</span> <span class='ocrx_word' id='word_1_572' title='bbox 2113 3345 2309 3410; x_wconf 85' lang='lat' dir='ltr'>facitis,</span> <span class='ocrx_word' id='word_1_573' title='bbox 2328 3345 2587 3399; x_wconf 91' lang='lat' dir='ltr'>omniain</span> <span class='ocrx_word' id='word_1_574' title='bbox 2606 3347 2839 3416; x_wconf 88' lang='lat' dir='ltr'>gloriam</span> <span class='ocrx_word' id='word_1_575' title='bbox 2858 3348 2951 3401; x_wconf 91' lang='lat' dir='ltr'>Dei</span> <span class='ocrx_word' id='word_1_576' title='bbox 2970 3347 3153 3405; x_wconf 88' lang='lat' dir='ltr'>facite.</span> <span class='ocrx_word' id='word_1_577' title='bbox 3176 3350 3432 3403; x_wconf 86' lang='lat' dir='ltr'>Etestote</span> <span class='ocrx_word' id='word_1_578' title='bbox 3450 3350 3572 3403; x_wconf 78' lang='lat' dir='ltr'>sine</span> 
     </span>
    </p>
   </div>
   <div class='ocr_carea' id='block_1_79' title="bbox 1948 3439 3569 3507">
    <p class='ocr_par' dir='ltr' id='par_1_79' title="bbox 1948 3439 3569 3507">
     <span class='ocr_line' id='line_1_79' title="bbox 1948 3439 3569 3507; baseline 0.003 -15"><span class='ocrx_word' id='word_1_579' title='bbox 1948 3439 2457 3503; x_wconf 83' lang='lat' dir='ltr'>scandaloJudaeis,</span> <span class='ocrx_word' id='word_1_580' title='bbox 2478 3446 2532 3493; x_wconf 90' lang='lat' dir='ltr'>et</span> <span class='ocrx_word' id='word_1_581' title='bbox 2558 3440 2781 3507; x_wconf 64' lang='lat' dir='ltr'>Graecis,</span> <span class='ocrx_word' id='word_1_582' title='bbox 2808 3446 2863 3494; x_wconf 92' lang='lat' dir='ltr'>et</span> <span class='ocrx_word' id='word_1_583' title='bbox 2894 3441 3155 3495; x_wconf 64' lang='lat' dir='ltr'>Ecclesia:</span> <span class='ocrx_word' id='word_1_584' title='bbox 3184 3442 3306 3507; x_wconf 86' lang='lat' dir='ltr'>Dei,</span> <span class='ocrx_word' id='word_1_585' title='bbox 3343 3443 3487 3495; x_wconf 82' lang='lat' dir='ltr'>sicut</span> <span class='ocrx_word' id='word_1_586' title='bbox 3516 3450 3569 3497; x_wconf 92' lang='lat' dir='ltr'>et</span> 
     </span>
    </p>
   </div>
   <div class='ocr_carea' id='block_1_80' title="bbox 1949 3532 3569 3606">
    <p class='ocr_par' dir='ltr' id='par_1_80' title="bbox 1949 3532 3569 3606">
     <span class='ocr_line' id='line_1_80' title="bbox 1949 3532 3569 3606; baseline 0.003 -21"><span class='ocrx_word' id='word_1_587' title='bbox 1949 3548 2055 3602; x_wconf 89' lang='lat' dir='ltr'>ego</span> <span class='ocrx_word' id='word_1_588' title='bbox 2086 3549 2185 3602; x_wconf 91' lang='lat' dir='ltr'>per</span> <span class='ocrx_word' id='word_1_589' title='bbox 2211 3532 2401 3586; x_wconf 90' lang='lat' dir='ltr'>omnia</span> <span class='ocrx_word' id='word_1_590' title='bbox 2444 3533 2705 3587; x_wconf 88' lang='lat' dir='ltr'>omnibus</span> <span class='ocrx_word' id='word_1_591' title='bbox 2746 3535 2939 3604; x_wconf 88' lang='lat' dir='ltr'>placeo</span> <span class='ocrx_word' id='word_1_592' title='bbox 2970 3537 3010 3605; x_wconf 89' lang='grc' dir='ltr'>(Ι</span> <span class='ocrx_word' id='word_1_593' title='bbox 3041 3536 3187 3597; x_wconf 88' lang='lat' dir='ltr'>Cor.,</span> <span class='ocrx_word' id='word_1_594' title='bbox 3218 3554 3268 3603; x_wconf 87' lang='lat' dir='ltr'>x,</span> <span class='ocrx_word' id='word_1_595' title='bbox 3300 3539 3353 3591; x_wconf 82' lang='lat'>3|</span> <span class='ocrx_word' id='word_1_596' title='bbox 3374 3538 3511 3606; x_wconf 84' lang='lat'>-33).</span> <span class='ocrx_word' id='word_1_597' title='bbox 3544 3559 3569 3586; x_wconf 81' lang='grc'><strong>››</strong></span> 
     </span>
    </p>
   </div>
   <div class='ocr_carea' id='block_1_81' title="bbox 2021 3626 3569 3699">
    <p class='ocr_par' dir='ltr' id='par_1_81' title="bbox 2021 3626 3569 3699">
     <span class='ocr_line' id='line_1_81' title="bbox 2021 3626 3569 3699; baseline 0.003 -19"><span class='ocrx_word' id='word_1_598' title='bbox 2021 3626 2132 3680; x_wconf 86' lang='lat' dir='ltr'>Sed</span> <span class='ocrx_word' id='word_1_599' title='bbox 2165 3626 2476 3696; x_wconf 89' lang='lat' dir='ltr'>opponitur</span> <span class='ocrx_word' id='word_1_600' title='bbox 2510 3626 2717 3693; x_wconf 86' lang='lat' dir='ltr'>forsan,</span> <span class='ocrx_word' id='word_1_601' title='bbox 2750 3627 2886 3698; x_wconf 90' lang='lat' dir='ltr'>quid</span> <span class='ocrx_word' id='word_1_602' title='bbox 2915 3631 2998 3682; x_wconf 87' lang='lat' dir='ltr'>est</span> <span class='ocrx_word' id='word_1_603' title='bbox 3034 3630 3183 3699; x_wconf 89' lang='lat' dir='ltr'>quod</span> <span class='ocrx_word' id='word_1_604' title='bbox 3216 3630 3335 3699; x_wconf 90' lang='lat' dir='ltr'>ipse</span> <span class='ocrx_word' id='word_1_605' title='bbox 3366 3631 3569 3685; x_wconf 89' lang='lat' dir='ltr'>iterum</span> 
     </span>
    </p>
   </div>
   <div class='ocr_carea' id='block_1_82' title="bbox 1947 3719 3568 3792">
    <p class='ocr_par' dir='ltr' id='par_1_82' title="bbox 1947 3719 3568 3792">
     <span class='ocr_line' id='line_1_82' title="bbox 1947 3719 3568 3792; baseline 0.004 -19"><span class='ocrx_word' id='word_1_606' title='bbox 1947 3719 2200 3773; x_wconf 82' lang='lat' dir='ltr'>dixerit?</span> <span class='ocrx_word' id='word_1_607' title='bbox 2247 3740 2274 3769; x_wconf 74' lang='grc' dir='ltr'>ι(</span> <span class='ocrx_word' id='word_1_608' title='bbox 2330 3721 2386 3775; x_wconf 91' lang='lat' dir='ltr'>Si</span> <span class='ocrx_word' id='word_1_609' title='bbox 2442 3720 2773 3775; x_wconf 89' lang='lat' dir='ltr'>hominibus</span> <span class='ocrx_word' id='word_1_610' title='bbox 2829 3723 3051 3792; x_wconf 83' lang='lat' dir='ltr'>placere</span> <span class='ocrx_word' id='word_1_611' title='bbox 3094 3723 3319 3791; x_wconf 89' lang='lat' dir='ltr'>vellem,</span> <span class='ocrx_word' id='word_1_612' title='bbox 3362 3726 3568 3779; x_wconf 87' lang='lat' dir='ltr'>Christi</span> 
     </span>
    </p>
   </div>
   <div class='ocr_carea' id='block_1_83' title="bbox 1947 3815 3571 3888">
    <p class='ocr_par' dir='ltr' id='par_1_83' title="bbox 1947 3815 3571 3888">
     <span class='ocr_line' id='line_1_83' title="bbox 1947 3815 3571 3888; baseline 0.004 -21"><span class='ocrx_word' id='word_1_613' title='bbox 1947 3830 2140 3867; x_wconf 90' lang='lat' dir='ltr'>servus</span> <span class='ocrx_word' id='word_1_614' title='bbox 2188 3830 2301 3867; x_wconf 91' lang='lat' dir='ltr'>non</span> <span class='ocrx_word' id='word_1_615' title='bbox 2350 3829 2527 3867; x_wconf 91' lang='lat' dir='ltr'>essem</span> <span class='ocrx_word' id='word_1_616' title='bbox 2581 3815 2809 3883; x_wconf 87' lang='lat' dir='ltr'>(Galat.,</span> <span class='ocrx_word' id='word_1_617' title='bbox 2862 3832 2896 3881; x_wconf 87' lang='grc' dir='ltr'>ι,</span> <span class='ocrx_word' id='word_1_618' title='bbox 2944 3816 3046 3886; x_wconf 87' lang='grc'>10).</span> <span class='ocrx_word' id='word_1_619' title='bbox 3091 3837 3119 3867; x_wconf 85' lang='lat'>»</span> <span class='ocrx_word' id='word_1_620' title='bbox 3172 3818 3472 3888; x_wconf 87' lang='lat' dir='ltr'>Nunquam</span> <span class='ocrx_word' id='word_1_621' title='bbox 3511 3836 3571 3873; x_wconf 87' lang='lat' dir='ltr'>se</span> 
     </span>
    </p>
   </div>
   <div class='ocr_carea' id='block_1_84' title="bbox 1947 3906 3572 3979">
    <p class='ocr_par' dir='ltr' id='par_1_84' title="bbox 1947 3906 3572 3979">
     <span class='ocr_line' id='line_1_84' title="bbox 1947 3906 3572 3979; baseline 0.002 -18"><span class='ocrx_word' id='word_1_622' title='bbox 1947 3923 2301 3979; x_wconf 61' lang='lat' dir='ltr'>quaecunque</span> <span class='ocrx_word' id='word_1_623' title='bbox 2347 3906 2492 3959; x_wconf 88' lang='lat' dir='ltr'>dicta</span> <span class='ocrx_word' id='word_1_624' title='bbox 2536 3907 2678 3977; x_wconf 90' lang='lat' dir='ltr'>legis</span> <span class='ocrx_word' id='word_1_625' title='bbox 2724 3908 3052 3975; x_wconf 85' lang='lat' dir='ltr'>excludunt,</span> <span class='ocrx_word' id='word_1_626' title='bbox 3088 3909 3186 3963; x_wconf 90' lang='lat' dir='ltr'>sed</span> <span class='ocrx_word' id='word_1_627' title='bbox 3230 3910 3396 3964; x_wconf 89' lang='lat' dir='ltr'>certis</span> <span class='ocrx_word' id='word_1_628' title='bbox 3438 3912 3572 3965; x_wconf 83' lang='lat' dir='ltr'>locis</span> 
     </span>
    </p>
   </div>
   <div class='ocr_carea' id='block_1_85' title="bbox 1946 4004 3568 4078">
    <p class='ocr_par' dir='ltr' id='par_1_85' title="bbox 1946 4004 3568 4078">
     <span class='ocr_line' id='line_1_85' title="bbox 1946 4004 3568 4078; baseline 0.001 -18"><span class='ocrx_word' id='word_1_629' title='bbox 1946 4021 2219 4075; x_wconf 84' lang='lat' dir='ltr'>responsa</span> <span class='ocrx_word' id='word_1_630' title='bbox 2250 4004 2511 4058; x_wconf 88' lang='lat' dir='ltr'>universa</span> <span class='ocrx_word' id='word_1_631' title='bbox 2539 4004 2722 4058; x_wconf 86' lang='lat' dir='ltr'>deﬁxa</span> <span class='ocrx_word' id='word_1_632' title='bbox 2767 4010 2916 4059; x_wconf 87' lang='lat' dir='ltr'>sunt.</span> <span class='ocrx_word' id='word_1_633' title='bbox 2962 4006 3077 4061; x_wconf 90' lang='lat' dir='ltr'>Illic</span> <span class='ocrx_word' id='word_1_634' title='bbox 3118 4007 3344 4078; x_wconf 85' lang='lat' dir='ltr'>placere</span> <span class='ocrx_word' id='word_1_635' title='bbox 3381 4009 3568 4062; x_wconf 83' lang='lat' dir='ltr'>homi-</span> 
     </span>
    </p>
   </div>
   <div class='ocr_carea' id='block_1_86' title="bbox 1945 4096 3574 4174">
    <p class='ocr_par' dir='ltr' id='par_1_86' title="bbox 1945 4096 3574 4174">
     <span class='ocr_line' id='line_1_86' title="bbox 1945 4096 3574 4174; baseline 0.002 -21"><span class='ocrx_word' id='word_1_636' title='bbox 1945 4099 2113 4154; x_wconf 89' lang='lat' dir='ltr'>nibus</span> <span class='ocrx_word' id='word_1_637' title='bbox 2152 4115 2264 4152; x_wconf 91' lang='lat' dir='ltr'>non</span> <span class='ocrx_word' id='word_1_638' title='bbox 2310 4098 2461 4167; x_wconf 85' lang='lat' dir='ltr'>licet,</span> <span class='ocrx_word' id='word_1_639' title='bbox 2490 4096 2585 4152; x_wconf 91' lang='lat' dir='ltr'>ubi</span> <span class='ocrx_word' id='word_1_640' title='bbox 2629 4098 2883 4153; x_wconf 88' lang='lat' dir='ltr'>voluntas</span> <span class='ocrx_word' id='word_1_641' title='bbox 2922 4099 3219 4154; x_wconf 89' lang='lat' dir='ltr'>hominum</span> <span class='ocrx_word' id='word_1_642' title='bbox 3267 4118 3379 4155; x_wconf 91' lang='lat' dir='ltr'>non</span> <span class='ocrx_word' id='word_1_643' title='bbox 3425 4102 3574 4174; x_wconf 89' lang='lat' dir='ltr'>capit</span> 
     </span>
    </p>
   </div>
   <div class='ocr_carea' id='block_1_87' title="bbox 1947 4191 3568 4265">
    <p class='ocr_par' dir='ltr' id='par_1_87' title="bbox 1947 4191 3568 4265">
     <span class='ocr_line' id='line_1_87' title="bbox 1947 4191 3568 4265; baseline 0.003 -19"><span class='ocrx_word' id='word_1_644' title='bbox 1947 4191 2169 4246; x_wconf 85' lang='lat' dir='ltr'>Domini</span> <span class='ocrx_word' id='word_1_645' title='bbox 2215 4192 2588 4246; x_wconf 90' lang='lat' dir='ltr'>voluntatem.</span> <span class='ocrx_word' id='word_1_646' title='bbox 2638 4192 2742 4247; x_wconf 91' lang='lat' dir='ltr'>Ubi</span> <span class='ocrx_word' id='word_1_647' title='bbox 2783 4210 2914 4247; x_wconf 82' lang='lat' dir='ltr'>vero</span> <span class='ocrx_word' id='word_1_648' title='bbox 2960 4197 3264 4265; x_wconf 88' lang='lat' dir='ltr'>acceptant</span> <span class='ocrx_word' id='word_1_649' title='bbox 3306 4196 3568 4251; x_wconf 89' lang='lat' dir='ltr'>homines</span> 
     </span>
    </p>
   </div>
   <div class='ocr_carea' id='block_1_88' title="bbox 1946 4285 3569 4357">
    <p class='ocr_par' dir='ltr' id='par_1_88' title="bbox 1946 4285 3569 4357">
     <span class='ocr_line' id='line_1_88' title="bbox 1946 4285 3569 4357; baseline 0.003 -18"><span class='ocrx_word' id='word_1_650' title='bbox 1946 4286 2101 4357; x_wconf 92' lang='lat' dir='ltr'>quod</span> <span class='ocrx_word' id='word_1_651' title='bbox 2128 4286 2195 4339; x_wconf 89' lang='lat' dir='ltr'>ad</span> <span class='ocrx_word' id='word_1_652' title='bbox 2225 4285 2465 4357; x_wconf 82' lang='lat' dir='ltr'>gloriam</span> <span class='ocrx_word' id='word_1_653' title='bbox 2498 4286 2722 4357; x_wconf 84' lang='lat' dir='ltr'>proficit</span> <span class='ocrx_word' id='word_1_654' title='bbox 2749 4287 2879 4355; x_wconf 89' lang='lat' dir='ltr'>Dei;</span> <span class='ocrx_word' id='word_1_655' title='bbox 2910 4288 3270 4343; x_wconf 89' lang='lat' dir='ltr'>innotescere</span> <span class='ocrx_word' id='word_1_656' title='bbox 3301 4291 3569 4345; x_wconf 90' lang='lat' dir='ltr'>omnibus</span> 
     </span>
    </p>
   </div>
   <div class='ocr_carea' id='block_1_89' title="bbox 1943 4380 3563 4456">
    <p class='ocr_par' dir='ltr' id='par_1_89' title="bbox 1943 4380 3563 4456">
     <span class='ocr_line' id='line_1_89' title="bbox 1943 4380 3563 4456; baseline 0.002 -22"><span class='ocrx_word' id='word_1_657' title='bbox 1943 4380 2063 4451; x_wconf 90' lang='lat' dir='ltr'>ipse</span> <span class='ocrx_word' id='word_1_658' title='bbox 2114 4380 2319 4435; x_wconf 86' lang='lat' dir='ltr'>Paulus</span> <span class='ocrx_word' id='word_1_659' title='bbox 2365 4382 2656 4450; x_wconf 88' lang='lat' dir='ltr'>apostolus</span> <span class='ocrx_word' id='word_1_660' title='bbox 2702 4382 3020 4453; x_wconf 63' lang='lat' dir='ltr'>praecepit:</span> <span class='ocrx_word' id='word_1_661' title='bbox 3067 4404 3095 4431; x_wconf 85' lang='lat'><strong>«</strong></span> <span class='ocrx_word' id='word_1_662' title='bbox 3147 4384 3563 4456; x_wconf 80' lang='lat' dir='ltr'>Unusquisque,</span> 
     </span>
    </p>
   </div>
   <div class='ocr_carea' id='block_1_90' title="bbox 1944 4474 3563 4545">
    <p class='ocr_par' dir='ltr' id='par_1_90' title="bbox 1944 4474 3563 4545">
     <span class='ocr_line' id='line_1_90' title="bbox 1944 4474 3563 4545; baseline 0.004 -19"><span class='ocrx_word' id='word_1_663' title='bbox 1944 4474 2146 4544; x_wconf 89' lang='lat' dir='ltr'>inquit,</span> <span class='ocrx_word' id='word_1_664' title='bbox 2192 4479 2473 4540; x_wconf 89' lang='lat' dir='ltr'>nostrum,</span> <span class='ocrx_word' id='word_1_665' title='bbox 2526 4475 2781 4544; x_wconf 88' lang='lat' dir='ltr'>proximo</span> <span class='ocrx_word' id='word_1_666' title='bbox 2826 4492 2925 4528; x_wconf 90' lang='lat' dir='ltr'>suo</span> <span class='ocrx_word' id='word_1_667' title='bbox 2980 4476 3201 4545; x_wconf 87' lang='lat' dir='ltr'>placeat</span> <span class='ocrx_word' id='word_1_668' title='bbox 3236 4477 3303 4531; x_wconf 90' lang='lat' dir='ltr'>ad</span> <span class='ocrx_word' id='word_1_669' title='bbox 3351 4477 3563 4533; x_wconf 87' lang='lat' dir='ltr'>bonam</span> 
     </span>
    </p>
   </div>
   <div class='ocr_carea' id='block_1_91' title="bbox 1826 4536 1838 4561">
    <p class='ocr_par' dir='ltr' id='par_1_91' title="bbox 1826 4536 1838 4561">
     <span class='ocr_line' id='line_1_91' title="bbox 1826 4536 1838 4561; baseline 0 0"><span class='ocrx_word' id='word_1_670' title='bbox 1826 4536 1838 4561; x_wconf 74' lang='grc'><strong>9</strong></span> 
     </span>
    </p>
   </div>
   <div class='ocr_carea' id='block_1_92' title="bbox 214 4536 1848 4649">
    <p class='ocr_par' dir='ltr' id='par_1_92' title="bbox 214 4536 1838 4649">
     <span class='ocr_line' id='line_1_92' title="bbox 218 4536 1838 4561; baseline 0.002 -16"><span class='ocrx_word' id='word_1_671' title='bbox 218 4536 554 4545; x_wconf 45' lang='lat' dir='ltr'>&quot;usuum.</span> <span class='ocrx_word' id='word_1_672' title='bbox 580 4536 714 4543; x_wconf 56' lang='grc' dir='ltr'>ην..-</span> <span class='ocrx_word' id='word_1_673' title='bbox 738 4536 781 4543; x_wconf 80' lang='lat'>-.</span> <span class='ocrx_word' id='word_1_674' title='bbox 814 4536 1159 4545; x_wconf 54' lang='grc' dir='ltr'>μνη-νην.-</span> <span class='ocrx_word' id='word_1_675' title='bbox 1185 4536 1414 4546; x_wconf 55' lang='lat' dir='ltr'>mu&quot;...</span> <span class='ocrx_word' id='word_1_676' title='bbox 1445 4536 1557 4547; x_wconf 70' lang='grc' dir='ltr'><strong>ην..</strong></span> <span class='ocrx_word' id='word_1_677' title='bbox 1589 4536 1838 4561; x_wconf 64' lang='grc' dir='ltr'>...ων-νη</span> 
     </span>
     <span class='ocr_line' id='line_1_93' title="bbox 214 4579 1769 4649; baseline 0.002 -16"><span class='ocrx_word' id='word_1_678' title='bbox 214 4596 513 4649; x_wconf 88' lang='lat' dir='ltr'>nunquam</span> <span class='ocrx_word' id='word_1_679' title='bbox 536 4579 809 4633; x_wconf 87' lang='lat' dir='ltr'>feminam</span> <span class='ocrx_word' id='word_1_680' title='bbox 839 4580 953 4633; x_wconf 91' lang='lat' dir='ltr'>suis</span> <span class='ocrx_word' id='word_1_681' title='bbox 980 4580 1410 4635; x_wconf 89' lang='lat' dir='ltr'>oblectamentis</span> <span class='ocrx_word' id='word_1_682' title='bbox 1437 4588 1769 4636; x_wconf 89' lang='lat' dir='ltr'>assumeret.</span> 
     </span>
    </p>
   </div>
   <div class='ocr_carea' id='block_1_93' title="bbox 1956 4536 3565 4649">
    <p class='ocr_par' dir='ltr' id='par_1_93' title="bbox 1956 4568 3565 4638">
     <span class='ocr_line' id='line_1_94' title="bbox 1956 4568 3565 4638; baseline 0.001 -17"><span class='ocrx_word' id='word_1_683' title='bbox 1956 4568 2401 4622; x_wconf 68' lang='lat' dir='ltr'>nditicationem.</span> <span class='ocrx_word' id='word_1_684' title='bbox 2435 4588 2461 4615; x_wconf 87' lang='grc'><strong>››</strong></span> <span class='ocrx_word' id='word_1_685' title='bbox 2508 4568 2685 4631; x_wconf 88' lang='lat' dir='ltr'>Quale</span> <span class='ocrx_word' id='word_1_686' title='bbox 2726 4584 2864 4638; x_wconf 91' lang='lat' dir='ltr'>ergo</span> <span class='ocrx_word' id='word_1_687' title='bbox 2911 4570 3213 4638; x_wconf 62' lang='lat' dir='ltr'>praimium</span> <span class='ocrx_word' id='word_1_688' title='bbox 3254 4572 3565 4626; x_wconf 79' lang='lat' dir='ltr'>sanctitatis</span> 
     </span>
    </p>
   </div>
   <div class='ocr_carea' id='block_1_94' title="bbox 288 4668 1841 4743">
    <p class='ocr_par' dir='ltr' id='par_1_94' title="bbox 288 4668 1841 4743">
     <span class='ocr_line' id='line_1_95' title="bbox 288 4668 1841 4743; baseline 0.005 -23"><span class='ocrx_word' id='word_1_689' title='bbox 288 4669 468 4722; x_wconf 90' lang='lat' dir='ltr'>Immo</span> <span class='ocrx_word' id='word_1_690' title='bbox 496 4685 627 4722; x_wconf 91' lang='lat' dir='ltr'>vero</span> <span class='ocrx_word' id='word_1_691' title='bbox 657 4669 886 4737; x_wconf 89' lang='lat' dir='ltr'>insuper</span> <span class='ocrx_word' id='word_1_692' title='bbox 914 4668 1053 4721; x_wconf 88' lang='lat' dir='ltr'>mihi</span> <span class='ocrx_word' id='word_1_693' title='bbox 1084 4672 1409 4738; x_wconf 79' lang='lat' dir='ltr'>suSpectum</span> <span class='ocrx_word' id='word_1_694' title='bbox 1443 4670 1707 4740; x_wconf 90' lang='lat' dir='ltr'>placitum</span> <span class='ocrx_word' id='word_1_695' title='bbox 1732 4672 1841 4743; x_wconf 86' lang='lat' dir='ltr'>(t7)</span> 
     </span>
    </p>
   </div>
   <div class='ocr_carea' id='block_1_95' title="bbox 214 4756 1840 4829">
    <p class='ocr_par' dir='ltr' id='par_1_95' title="bbox 214 4756 1840 4829">
     <span class='ocr_line' id='line_1_96' title="bbox 214 4756 1840 4829; baseline 0.003 -18"><span class='ocrx_word' id='word_1_696' title='bbox 214 4756 377 4811; x_wconf 89' lang='lat' dir='ltr'>dedit</span> <span class='ocrx_word' id='word_1_697' title='bbox 405 4772 416 4809; x_wconf 94' lang='lat'>:</span> <span class='ocrx_word' id='word_1_698' title='bbox 451 4756 547 4826; x_wconf 88' lang='lat' dir='ltr'>qui</span> <span class='ocrx_word' id='word_1_699' title='bbox 578 4773 687 4809; x_wconf 92' lang='lat' dir='ltr'>non</span> <span class='ocrx_word' id='word_1_700' title='bbox 722 4756 1042 4826; x_wconf 88' lang='lat' dir='ltr'>legitimam</span> <span class='ocrx_word' id='word_1_701' title='bbox 1088 4757 1268 4823; x_wconf 88' lang='lat' dir='ltr'>duxit,</span> <span class='ocrx_word' id='word_1_702' title='bbox 1302 4762 1357 4812; x_wconf 91' lang='lat' dir='ltr'>et</span> <span class='ocrx_word' id='word_1_703' title='bbox 1388 4760 1704 4829; x_wconf 87' lang='lat' dir='ltr'>legitimam</span> <span class='ocrx_word' id='word_1_704' title='bbox 1750 4780 1840 4816; x_wconf 85' lang='lat' dir='ltr'>re-</span> 
     </span>
    </p>
   </div>
   <div class='ocr_carea' id='block_1_96' title="bbox 212 4844 1843 4917">
    <p class='ocr_par' dir='ltr' id='par_1_96' title="bbox 212 4844 1843 4917">
     <span class='ocr_line' id='line_1_97' title="bbox 212 4844 1843 4917; baseline 0.005 -18"><span class='ocrx_word' id='word_1_705' title='bbox 212 4844 473 4899; x_wconf 89' lang='lat' dir='ltr'>cusavit:</span> <span class='ocrx_word' id='word_1_706' title='bbox 523 4846 629 4898; x_wconf 86' lang='lat' dir='ltr'>nisi</span> <span class='ocrx_word' id='word_1_707' title='bbox 672 4846 945 4912; x_wconf 39' lang='lat' dir='ltr'>fallor,‘iu</span> <span class='ocrx_word' id='word_1_708' title='bbox 996 4845 1218 4916; x_wconf 88' lang='lat' dir='ltr'>publico</span> <span class='ocrx_word' id='word_1_709' title='bbox 1270 4853 1707 4917; x_wconf 86' lang='lat' dir='ltr'>argumentatus</span> <span class='ocrx_word' id='word_1_710' title='bbox 1758 4857 1843 4907; x_wconf 87' lang='lat' dir='ltr'>est</span> 
     </span>
    </p>
   </div>
   <div class='ocr_carea' id='block_1_97' title="bbox 1944 4660 3568 4731">
    <p class='ocr_par' dir='ltr' id='par_1_97' title="bbox 1944 4660 3568 4731">
     <span class='ocr_line' id='line_1_98' title="bbox 1944 4660 3568 4731; baseline 0.002 -16"><span class='ocrx_word' id='word_1_711' title='bbox 1944 4664 2252 4731; x_wconf 80' lang='lat' dir='ltr'>exspectat,</span> <span class='ocrx_word' id='word_1_712' title='bbox 2278 4661 2373 4731; x_wconf 83' lang='lat' dir='ltr'>qui</span> <span class='ocrx_word' id='word_1_713' title='bbox 2402 4677 2513 4715; x_wconf 91' lang='lat' dir='ltr'>non</span> <span class='ocrx_word' id='word_1_714' title='bbox 2534 4662 2711 4716; x_wconf 89' lang='lat' dir='ltr'>solum</span> <span class='ocrx_word' id='word_1_715' title='bbox 2734 4660 3149 4731; x_wconf 86' lang='lat' dir='ltr'>blasphemiam</span> <span class='ocrx_word' id='word_1_716' title='bbox 3171 4664 3477 4718; x_wconf 88' lang='lat' dir='ltr'>sanctitatis</span> <span class='ocrx_word' id='word_1_717' title='bbox 3498 4665 3568 4719; x_wconf 90' lang='lat' dir='ltr'>ab</span> 
     </span>
    </p>
   </div>
   <div class='ocr_carea' id='block_1_98' title="bbox 1942 4754 3563 4828">
    <p class='ocr_par' dir='ltr' id='par_1_98' title="bbox 1942 4754 3563 4828">
     <span class='ocr_line' id='line_1_99' title="bbox 1942 4754 3563 4828; baseline 0.002 -20"><span class='ocrx_word' id='word_1_718' title='bbox 1942 4754 2266 4808; x_wconf 84' lang='lat' dir='ltr'>inﬁdelibus</span> <span class='ocrx_word' id='word_1_719' title='bbox 2306 4758 2591 4823; x_wconf 90' lang='lat' dir='ltr'>provocat,</span> <span class='ocrx_word' id='word_1_720' title='bbox 2623 4754 2717 4807; x_wconf 92' lang='lat' dir='ltr'>sed</span> <span class='ocrx_word' id='word_1_721' title='bbox 2771 4755 2941 4808; x_wconf 91' lang='lat' dir='ltr'>etiam</span> <span class='ocrx_word' id='word_1_722' title='bbox 2981 4755 3242 4809; x_wconf 80' lang='lat' dir='ltr'>fidelibus</span> <span class='ocrx_word' id='word_1_723' title='bbox 3279 4758 3563 4828; x_wconf 87' lang='lat' dir='ltr'>pernicio-</span> 
     </span>
    </p>
   </div>
   <div class='ocr_carea' id='block_1_99' title="bbox 1942 4847 3562 4920">
    <p class='ocr_par' dir='ltr' id='par_1_99' title="bbox 1942 4847 3562 4920">
     <span class='ocr_line' id='line_1_100' title="bbox 1942 4847 3562 4920; baseline 0.002 -18"><span class='ocrx_word' id='word_1_724' title='bbox 1942 4865 2065 4902; x_wconf 86' lang='lat' dir='ltr'>sum</span> <span class='ocrx_word' id='word_1_725' title='bbox 2095 4848 2311 4919; x_wconf 75' lang='lat' dir='ltr'>przebet</span> <span class='ocrx_word' id='word_1_726' title='bbox 2336 4849 2666 4918; x_wconf 85' lang='lat' dir='ltr'>exemplar;</span> <span class='ocrx_word' id='word_1_727' title='bbox 2699 4853 2759 4902; x_wconf 91' lang='lat' dir='ltr'>ut</span> <span class='ocrx_word' id='word_1_728' title='bbox 2787 4847 2999 4903; x_wconf 81' lang='lat' dir='ltr'>infirmi</span> <span class='ocrx_word' id='word_1_729' title='bbox 3028 4848 3132 4903; x_wconf 90' lang='lat' dir='ltr'>sub</span> <span class='ocrx_word' id='word_1_730' title='bbox 3167 4854 3443 4920; x_wconf 70' lang='lat' dir='ltr'>praetextu</span> <span class='ocrx_word' id='word_1_731' title='bbox 3480 4852 3562 4905; x_wconf 90' lang='lat' dir='ltr'>di-</span> 
     </span>
    </p>
   </div>
   <div class='ocr_carea' id='block_1_100' title="bbox 207 4935 3562 5015">
    <p class='ocr_par' dir='ltr' id='par_1_100' title="bbox 207 4935 3562 5015">
     <span class='ocr_line' id='line_1_101' title="bbox 207 4935 3562 5015; baseline 0.003 -25"><span class='ocrx_word' id='word_1_732' title='bbox 207 4935 541 4992; x_wconf 87' lang='lat' dir='ltr'>hominibus</span> <span class='ocrx_word' id='word_1_733' title='bbox 592 4936 927 5005; x_wconf 83' lang='lat' dir='ltr'>promittere</span> <span class='ocrx_word' id='word_1_734' title='bbox 968 4938 1352 5003; x_wconf 88' lang='lat' dir='ltr'>sanctitatem,</span> <span class='ocrx_word' id='word_1_735' title='bbox 1402 4944 1456 4992; x_wconf 88' lang='lat' dir='ltr'>et</span> <span class='ocrx_word' id='word_1_736' title='bbox 1510 4938 1566 4992; x_wconf 90' lang='lat' dir='ltr'>iu</span> <span class='ocrx_word' id='word_1_737' title='bbox 1619 4942 1838 4997; x_wconf 85' lang='lat' dir='ltr'>occulto</span> <span class='ocrx_word' id='word_1_738' title='bbox 1938 4942 2197 4997; x_wconf 89' lang='lat' dir='ltr'>lectionis</span> <span class='ocrx_word' id='word_1_739' title='bbox 2222 4941 2507 4996; x_wconf 88' lang='lat' dir='ltr'>subtiliter</span> <span class='ocrx_word' id='word_1_740' title='bbox 2535 4941 2911 5001; x_wconf 86' lang='lat' dir='ltr'>fornicentur,</span> <span class='ocrx_word' id='word_1_741' title='bbox 2944 4945 3002 4996; x_wconf 89' lang='lat' dir='ltr'>et</span> <span class='ocrx_word' id='word_1_742' title='bbox 3032 4944 3270 5013; x_wconf 91' lang='lat' dir='ltr'>pudicus</span> <span class='ocrx_word' id='word_1_743' title='bbox 3312 4944 3562 5015; x_wconf 87' lang='lat' dir='ltr'>impudi-</span> 
     </span>
    </p>
   </div>
   <div class='ocr_carea' id='block_1_101' title="bbox 208 5026 3466 5107">
    <p class='ocr_par' dir='ltr' id='par_1_101' title="bbox 208 5026 3466 5107">
     <span class='ocr_line' id='line_1_102' title="bbox 208 5026 3466 5107; baseline 0.005 -30"><span class='ocrx_word' id='word_1_744' title='bbox 208 5026 338 5079; x_wconf 89' lang='lat' dir='ltr'>sine</span> <span class='ocrx_word' id='word_1_745' title='bbox 369 5042 540 5079; x_wconf 89' lang='lat' dir='ltr'>uxore</span> <span class='ocrx_word' id='word_1_746' title='bbox 574 5042 687 5079; x_wconf 88' lang='lat' dir='ltr'>nou</span> <span class='ocrx_word' id='word_1_747' title='bbox 715 5042 857 5079; x_wconf 88' lang='lat' dir='ltr'>esse.</span> <span class='ocrx_word' id='word_1_748' title='bbox 892 5026 1007 5079; x_wconf 90' lang='lat' dir='ltr'>Duo</span> <span class='ocrx_word' id='word_1_749' title='bbox 1052 5032 1395 5097; x_wconf 87' lang='lat' dir='ltr'>argumenta</span> <span class='ocrx_word' id='word_1_750' title='bbox 1436 5029 1753 5085; x_wconf 88' lang='lat' dir='ltr'>sanctitatis</span> <span class='ocrx_word' id='word_1_751' title='bbox 1784 5036 1839 5085; x_wconf 89' lang='lat' dir='ltr'>et</span> <span class='ocrx_word' id='word_1_752' title='bbox 1937 5037 2172 5092; x_wconf 68' lang='lat' dir='ltr'>cissimaa</span> <span class='ocrx_word' id='word_1_753' title='bbox 2212 5036 2479 5090; x_wconf 86' lang='lat' dir='ltr'>castitatis</span> <span class='ocrx_word' id='word_1_754' title='bbox 2516 5035 2769 5106; x_wconf 64' lang='lat' dir='ltr'>praebeat</span> <span class='ocrx_word' id='word_1_755' title='bbox 2814 5036 3235 5107; x_wconf 89' lang='lat' dir='ltr'>magisterium,</span> <span class='ocrx_word' id='word_1_756' title='bbox 3268 5038 3466 5093; x_wconf 87' lang='lat' dir='ltr'>destru</span> 
     </span>
    </p>
   </div>
   <div class='ocr_carea' id='block_1_102' title="bbox 1552 5155 2193 5226">
    <p class='ocr_par' dir='ltr' id='par_1_102' title="bbox 1552 5155 2193 5226">
     <span class='ocr_line' id='line_1_103' title="bbox 1552 5155 2193 5226; baseline 0.008 -7"><span class='ocrx_word' id='word_1_757' title='bbox 1552 5155 1717 5223; x_wconf 90' lang='lat' dir='ltr'>Edit.</span> <span class='ocrx_word' id='word_1_758' title='bbox 1752 5161 1963 5226; x_wconf 86' lang='lat' dir='ltr'>Oxon.</span> <span class='ocrx_word' id='word_1_759' title='bbox 1998 5168 2193 5225; x_wconf 75' lang='lat' dir='ltr'>notae.</span> 
     </span>
    </p>
   </div>
   <div class='ocr_carea' id='block_1_103' title="bbox 274 5283 1840 5349">
    <p class='ocr_par' dir='ltr' id='par_1_103' title="bbox 274 5283 1840 5349">
     <span class='ocr_line' id='line_1_104' title="bbox 274 5283 1840 5349; baseline 0.006 -18"><span class='ocrx_word' id='word_1_760' title='bbox 274 5284 371 5339; x_wconf 76' lang='lat' dir='ltr'>(H)</span> <span class='ocrx_word' id='word_1_761' title='bbox 408 5283 635 5334; x_wconf 80' lang='lat' dir='ltr'>Causalc</span> <span class='ocrx_word' id='word_1_762' title='bbox 678 5288 755 5333; x_wconf 79' lang='lat' dir='ltr'>est</span> <span class='ocrx_word' id='word_1_763' title='bbox 801 5298 949 5333; x_wconf 81' lang='lat' dir='ltr'>omne</span> <span class='ocrx_word' id='word_1_764' title='bbox 991 5284 1131 5349; x_wconf 88' lang='lat' dir='ltr'>quod</span> <span class='ocrx_word' id='word_1_765' title='bbox 1177 5284 1385 5347; x_wconf 59' lang='lat' dir='ltr'>femina</span> <span class='ocrx_word' id='word_1_766' title='bbox 1431 5293 1521 5337; x_wconf 84' lang='lat' dir='ltr'>est.</span> <span class='ocrx_word' id='word_1_767' title='bbox 1561 5288 1840 5341; x_wconf 86' lang='lat' dir='ltr'>Pamelius</span> 
     </span>
    </p>
   </div>
   <div class='ocr_carea' id='block_1_104' title="bbox 203 5353 1836 5414">
    <p class='ocr_par' dir='ltr' id='par_1_104' title="bbox 203 5353 1836 5414">
     <span class='ocr_line' id='line_1_105' title="bbox 203 5353 1836 5414; baseline 0.005 -11"><span class='ocrx_word' id='word_1_768' title='bbox 203 5354 307 5413; x_wconf 85' lang='lat' dir='ltr'>ait,</span> <span class='ocrx_word' id='word_1_769' title='bbox 338 5353 599 5402; x_wconf 86' lang='lat' dir='ltr'>Erasmus</span> <span class='ocrx_word' id='word_1_770' title='bbox 636 5355 877 5414; x_wconf 72' lang='lat' dir='ltr'>Camale,</span> <span class='ocrx_word' id='word_1_771' title='bbox 919 5361 972 5406; x_wconf 87' lang='lat' dir='ltr'>at</span> <span class='ocrx_word' id='word_1_772' title='bbox 1017 5356 1154 5405; x_wconf 88' lang='lat' dir='ltr'>illud</span> <span class='ocrx_word' id='word_1_773' title='bbox 1184 5362 1295 5407; x_wconf 89' lang='lat' dir='ltr'>vet.</span> <span class='ocrx_word' id='word_1_774' title='bbox 1325 5370 1444 5408; x_wconf 90' lang='lat' dir='ltr'>exc.</span> <span class='ocrx_word' id='word_1_775' title='bbox 1477 5362 1531 5408; x_wconf 91' lang='lat' dir='ltr'>et</span> <span class='ocrx_word' id='word_1_776' title='bbox 1577 5358 1836 5411; x_wconf 84' lang='lat' dir='ltr'>Rembol-</span> 
     </span>
    </p>
   </div>
   <div class='ocr_carea' id='block_1_105' title="bbox 204 5424 1159 5476">
    <p class='ocr_par' dir='ltr' id='par_1_105' title="bbox 204 5424 1159 5476">
     <span class='ocr_line' id='line_1_106' title="bbox 204 5424 1159 5476; baseline 0.001 -2"><span class='ocrx_word' id='word_1_777' title='bbox 204 5424 333 5474; x_wconf 88' lang='lat' dir='ltr'>dus.</span> <span class='ocrx_word' id='word_1_778' title='bbox 360 5424 624 5474; x_wconf 84' lang='lat' dir='ltr'>Alludere</span> <span class='ocrx_word' id='word_1_779' title='bbox 647 5426 863 5475; x_wconf 89' lang='lat' dir='ltr'>videtur</span> <span class='ocrx_word' id='word_1_780' title='bbox 886 5427 955 5476; x_wconf 86' lang='lat' dir='ltr'>ad</span> <span class='ocrx_word' id='word_1_781' title='bbox 981 5427 1119 5475; x_wconf 88' lang='lat' dir='ltr'>illud</span> <span class='ocrx_word' id='word_1_782' title='bbox 1149 5443 1159 5475; x_wconf 91' lang='lat'>:</span> 
     </span>
    </p>
   </div>
   <div class='ocr_carea' id='block_1_106' title="bbox 273 5511 1836 5578">
    <p class='ocr_par' dir='ltr' id='par_1_106' title="bbox 273 5511 1836 5578">
     <span class='ocr_line' id='line_1_107' title="bbox 273 5511 1836 5578; baseline 0.01 -24"><span class='ocrx_word' id='word_1_783' title='bbox 273 5512 496 5573; x_wconf 75' lang='lat' dir='ltr'>Semper</span> <span class='ocrx_word' id='word_1_784' title='bbox 530 5511 684 5561; x_wconf 85' lang='lat' dir='ltr'>habet</span> <span class='ocrx_word' id='word_1_785' title='bbox 711 5513 843 5573; x_wconf 83' lang='lat' dir='ltr'>lites,</span> <span class='ocrx_word' id='word_1_786' title='bbox 871 5514 1168 5577; x_wconf 81' lang='lat' dir='ltr'>alternaque</span> <span class='ocrx_word' id='word_1_787' title='bbox 1204 5514 1377 5578; x_wconf 86' lang='lat' dir='ltr'>jurgia</span> <span class='ocrx_word' id='word_1_788' title='bbox 1418 5517 1602 5566; x_wconf 88' lang='lat' dir='ltr'>lectus.</span> <span class='ocrx_word' id='word_1_789' title='bbox 1642 5520 1836 5569; x_wconf 79' lang='lat' dir='ltr'>PAMEL.</span> 
     </span>
    </p>
   </div>
   <div class='ocr_carea' id='block_1_107' title="bbox 272 5603 1841 5665">
    <p class='ocr_par' dir='ltr' id='par_1_107' title="bbox 272 5603 1841 5665">
     <span class='ocr_line' id='line_1_108' title="bbox 272 5603 1841 5665; baseline 0.005 -15"><span class='ocrx_word' id='word_1_790' title='bbox 272 5604 373 5661; x_wconf 74' lang='lat' dir='ltr'>(t5)</span> <span class='ocrx_word' id='word_1_791' title='bbox 399 5603 573 5650; x_wconf 78' lang='lat' dir='ltr'>Omnis</span> <span class='ocrx_word' id='word_1_792' title='bbox 603 5605 722 5665; x_wconf 81' lang='lat' dir='ltr'>quis</span> <span class='ocrx_word' id='word_1_793' title='bbox 750 5616 850 5652; x_wconf 84' lang='lat' dir='ltr'>non</span> <span class='ocrx_word' id='word_1_794' title='bbox 880 5604 1276 5654; x_wconf 79' lang='lat' dir='ltr'>manducaverit</span> <span class='ocrx_word' id='word_1_795' title='bbox 1302 5620 1532 5655; x_wconf 80' lang='lat' dir='ltr'>carnem.</span> <span class='ocrx_word' id='word_1_796' title='bbox 1568 5606 1841 5658; x_wconf 89' lang='lat' dir='ltr'>Videntur</span> 
     </span>
    </p>
   </div>
   <div class='ocr_carea' id='block_1_108' title="bbox 202 5672 1837 5730">
    <p class='ocr_par' dir='ltr' id='par_1_108' title="bbox 202 5672 1837 5730">
     <span class='ocr_line' id='line_1_109' title="bbox 202 5672 1837 5730; baseline 0.002 -6"><span class='ocrx_word' id='word_1_797' title='bbox 202 5688 272 5724; x_wconf 86' lang='lat' dir='ltr'>ea</span> <span class='ocrx_word' id='word_1_798' title='bbox 307 5675 467 5721; x_wconf 56' lang='lat' dir='ltr'>aetate</span> <span class='ocrx_word' id='word_1_799' title='bbox 489 5672 673 5723; x_wconf 84' lang='lat' dir='ltr'>clerici</span> <span class='ocrx_word' id='word_1_800' title='bbox 702 5675 1005 5724; x_wconf 87' lang='lat' dir='ltr'>acarnibus</span> <span class='ocrx_word' id='word_1_801' title='bbox 1018 5680 1072 5725; x_wconf 88' lang='lat' dir='ltr'>et</span> <span class='ocrx_word' id='word_1_802' title='bbox 1095 5678 1222 5725; x_wconf 88' lang='lat' dir='ltr'>vino</span> <span class='ocrx_word' id='word_1_803' title='bbox 1239 5676 1590 5727; x_wconf 90' lang='lat' dir='ltr'>abstinuisse.</span> <span class='ocrx_word' id='word_1_804' title='bbox 1620 5680 1837 5730; x_wconf 72' lang='lat' dir='ltr'>PAMEL.</span> 
     </span>
    </p>
   </div>
   <div class='ocr_carea' id='block_1_109' title="bbox 273 5743 1840 5810">
    <p class='ocr_par' dir='ltr' id='par_1_109' title="bbox 273 5743 1840 5810">
     <span class='ocr_line' id='line_1_110' title="bbox 273 5743 1840 5810; baseline 0.006 -19"><span class='ocrx_word' id='word_1_805' title='bbox 273 5743 371 5803; x_wconf 88' lang='grc'>(16)</span> <span class='ocrx_word' id='word_1_806' title='bbox 406 5743 625 5792; x_wconf 79' lang='lat' dir='ltr'>Videndi</span> <span class='ocrx_word' id='word_1_807' title='bbox 660 5744 999 5795; x_wconf 77' lang='lat' dir='ltr'>oblectatione</span> <span class='ocrx_word' id='word_1_808' title='bbox 1043 5746 1359 5810; x_wconf 81' lang='lat' dir='ltr'>perfruitur.</span> <span class='ocrx_word' id='word_1_809' title='bbox 1404 5747 1498 5798; x_wconf 91' lang='lat' dir='ltr'>Sic</span> <span class='ocrx_word' id='word_1_810' title='bbox 1543 5749 1665 5810; x_wconf 89' lang='lat' dir='ltr'>lego</span> <span class='ocrx_word' id='word_1_811' title='bbox 1710 5764 1840 5800; x_wconf 90' lang='lat' dir='ltr'>cum</span> 
     </span>
    </p>
   </div>
   <div class='ocr_carea' id='block_1_110' title="bbox 200 5817 1835 5881">
    <p class='ocr_par' dir='ltr' id='par_1_110' title="bbox 200 5817 1835 5881">
     <span class='ocr_line' id='line_1_111' title="bbox 200 5817 1835 5881; baseline 0.005 -20"><span class='ocrx_word' id='word_1_812' title='bbox 200 5817 396 5863; x_wconf 81' lang='lat' dir='ltr'>vetere</span> <span class='ocrx_word' id='word_1_813' title='bbox 430 5827 643 5875; x_wconf 69' lang='lat' dir='ltr'>excus,</span> <span class='ocrx_word' id='word_1_814' title='bbox 681 5830 777 5881; x_wconf 88' lang='lat' dir='ltr'>pro</span> <span class='ocrx_word' id='word_1_815' title='bbox 806 5819 951 5879; x_wconf 82' lang='lat' dir='ltr'>vini;</span> <span class='ocrx_word' id='word_1_816' title='bbox 982 5824 1243 5869; x_wconf 87' lang='lat' dir='ltr'>neutrum</span> <span class='ocrx_word' id='word_1_817' title='bbox 1270 5818 1440 5869; x_wconf 88' lang='lat' dir='ltr'>habet</span> <span class='ocrx_word' id='word_1_818' title='bbox 1478 5819 1835 5871; x_wconf 86' lang='lat' dir='ltr'>Remboldus.</span> 
     </span>
    </p>
   </div>
   <div class='ocr_carea' id='block_1_111' title="bbox 203 5887 433 5939">
    <p class='ocr_par' dir='ltr' id='par_1_111' title="bbox 203 5887 433 5939">
     <span class='ocr_line' id='line_1_112' title="bbox 203 5887 433 5939; baseline -0.013 0"><span class='ocrx_word' id='word_1_819' title='bbox 203 5887 286 5939; x_wconf 78' lang='lat' dir='ltr'>PA</span> <span class='ocrx_word' id='word_1_820' title='bbox 297 5897 433 5937; x_wconf 66' lang='lat' dir='ltr'>sane.</span> 
     </span>
    </p>
   </div>
   <div class='ocr_carea' id='block_1_112' title="bbox 2006 5291 3553 5355">
    <p class='ocr_par' dir='ltr' id='par_1_112' title="bbox 2006 5291 3553 5355">
     <span class='ocr_line' id='line_1_113' title="bbox 2006 5291 3553 5355; baseline 0.002 -15"><span class='ocrx_word' id='word_1_821' title='bbox 2006 5291 2099 5351; x_wconf 91' lang='grc'>(17)</span> <span class='ocrx_word' id='word_1_822' title='bbox 2154 5291 2455 5353; x_wconf 81' lang='lat' dir='ltr'>Suspectum</span> <span class='ocrx_word' id='word_1_823' title='bbox 2504 5291 2771 5353; x_wconf 86' lang='lat' dir='ltr'>placitum.</span> <span class='ocrx_word' id='word_1_824' title='bbox 2826 5291 3083 5341; x_wconf 77' lang='lat' dir='ltr'>Placitum</span> <span class='ocrx_word' id='word_1_825' title='bbox 3136 5306 3234 5355; x_wconf 85' lang='lat' dir='ltr'>pro</span> <span class='ocrx_word' id='word_1_826' title='bbox 3294 5292 3553 5344; x_wconf 81' lang='lat' dir='ltr'>decretum</span> 
     </span>
    </p>
   </div>
   <div class='ocr_carea' id='block_1_113' title="bbox 1941 5362 3066 5424">
    <p class='ocr_par' dir='ltr' id='par_1_113' title="bbox 1941 5362 3066 5424">
     <span class='ocr_line' id='line_1_114' title="bbox 1941 5362 3066 5424; baseline -0.001 -11"><span class='ocrx_word' id='word_1_827' title='bbox 1941 5362 2104 5414; x_wconf 90' lang='lat' dir='ltr'>Solus</span> <span class='ocrx_word' id='word_1_828' title='bbox 2136 5363 2285 5411; x_wconf 91' lang='lat' dir='ltr'>enim</span> <span class='ocrx_word' id='word_1_829' title='bbox 2307 5363 2509 5411; x_wconf 84' lang='lat' dir='ltr'>Manut.</span> <span class='ocrx_word' id='word_1_830' title='bbox 2541 5362 2824 5424; x_wconf 83' lang='lat' dir='ltr'>placidum.</span> <span class='ocrx_word' id='word_1_831' title='bbox 2856 5364 3066 5413; x_wconf 75' lang='lat' dir='ltr'>PAMEL.</span> 
     </span>
    </p>
   </div>
   <div class='ocr_carea' id='block_1_114' title="bbox 2002 5433 3568 5497">
    <p class='ocr_par' dir='ltr' id='par_1_114' title="bbox 2002 5433 3568 5497">
     <span class='ocr_line' id='line_1_115' title="bbox 2002 5433 3568 5497; baseline 0.002 -15"><span class='ocrx_word' id='word_1_832' title='bbox 2002 5435 2105 5494; x_wconf 89' lang='grc'>(18)</span> <span class='ocrx_word' id='word_1_833' title='bbox 2164 5434 2263 5494; x_wconf 79' lang='lat' dir='ltr'>Qui</span> <span class='ocrx_word' id='word_1_834' title='bbox 2314 5434 2452 5482; x_wconf 81' lang='lat' dir='ltr'>illud</span> <span class='ocrx_word' id='word_1_835' title='bbox 2511 5433 2809 5494; x_wconf 75' lang='lat' dir='ltr'>forinsecus</span> <span class='ocrx_word' id='word_1_836' title='bbox 2847 5433 3001 5496; x_wconf 77' lang='lat' dir='ltr'>efﬁcit</span> <span class='ocrx_word' id='word_1_837' title='bbox 3052 5434 3327 5497; x_wconf 84' lang='lat' dir='ltr'>infamari.</span> <span class='ocrx_word' id='word_1_838' title='bbox 3375 5435 3452 5485; x_wconf 86' lang='lat' dir='ltr'>Ita</span> <span class='ocrx_word' id='word_1_839' title='bbox 3500 5449 3568 5485; x_wconf 85' lang='lat' dir='ltr'>ex</span> 
     </span>
    </p>
   </div>
   <div class='ocr_carea' id='block_1_115' title="bbox 1944 5504 3567 5569">
    <p class='ocr_par' dir='ltr' id='par_1_115' title="bbox 1944 5504 3567 5569">
     <span class='ocr_line' id='line_1_116' title="bbox 1944 5504 3567 5569; baseline -0.001 -14"><span class='ocrx_word' id='word_1_840' title='bbox 1944 5505 2244 5564; x_wconf 87' lang='lat' dir='ltr'>Antonino,</span> <span class='ocrx_word' id='word_1_841' title='bbox 2278 5508 2332 5554; x_wconf 90' lang='lat' dir='ltr'>et</span> <span class='ocrx_word' id='word_1_842' title='bbox 2358 5504 2597 5568; x_wconf 88' lang='lat' dir='ltr'>quodam</span> <span class='ocrx_word' id='word_1_843' title='bbox 2638 5505 2865 5554; x_wconf 87' lang='lat' dir='ltr'>Morellii</span> <span class='ocrx_word' id='word_1_844' title='bbox 2892 5504 3034 5565; x_wconf 87' lang='lat' dir='ltr'>cod.,</span> <span class='ocrx_word' id='word_1_845' title='bbox 3078 5519 3175 5567; x_wconf 89' lang='lat' dir='ltr'>pro</span> <span class='ocrx_word' id='word_1_846' title='bbox 3216 5505 3356 5569; x_wconf 81' lang='lat' dir='ltr'>quod</span> <span class='ocrx_word' id='word_1_847' title='bbox 3383 5508 3567 5567; x_wconf 83' lang='lat' dir='ltr'>forin—</span> 
     </span>
    </p>
   </div>
   <div class='ocr_carea' id='block_1_116' title="bbox 1940 5574 3569 5640">
    <p class='ocr_par' dir='ltr' id='par_1_116' title="bbox 1940 5574 3569 5640">
     <span class='ocr_line' id='line_1_117' title="bbox 1940 5574 3569 5640; baseline 0.001 -17"><span class='ocrx_word' id='word_1_848' title='bbox 1940 5587 2117 5635; x_wconf 79' lang='lat' dir='ltr'>secus;</span> <span class='ocrx_word' id='word_1_849' title='bbox 2180 5574 2314 5638; x_wconf 85' lang='lat' dir='ltr'>legit</span> <span class='ocrx_word' id='word_1_850' title='bbox 2374 5576 2538 5624; x_wconf 85' lang='lat' dir='ltr'>etiam</span> <span class='ocrx_word' id='word_1_851' title='bbox 2590 5574 2684 5624; x_wconf 86' lang='lat' dir='ltr'>ille</span> <span class='ocrx_word' id='word_1_852' title='bbox 2734 5575 2911 5625; x_wconf 87' lang='lat' dir='ltr'>codex</span> <span class='ocrx_word' id='word_1_853' title='bbox 2965 5575 3216 5640; x_wconf 76' lang='lat' dir='ltr'>permittit</span> <span class='ocrx_word' id='word_1_854' title='bbox 3270 5591 3367 5639; x_wconf 86' lang='lat' dir='ltr'>pro</span> <span class='ocrx_word' id='word_1_855' title='bbox 3414 5574 3569 5638; x_wconf 79' lang='lat' dir='ltr'>efﬁcit</span> 
     </span>
    </p>
   </div>
   <div class='ocr_carea' id='block_1_117' title="bbox 1942 5646 2159 5694">
    <p class='ocr_par' dir='ltr' id='par_1_117' title="bbox 1942 5646 2159 5694">
     <span class='ocr_line' id='line_1_118' title="bbox 1942 5646 2159 5694; baseline -0.023 0"><span class='ocrx_word' id='word_1_856' title='bbox 1942 5646 2159 5694; x_wconf 76' lang='lat' dir='ltr'>PAMEL.</span> 
     </span>
    </p>
   </div>
   <div class='ocr_carea' id='block_1_118' title="bbox 2007 5714 3570 5781">
    <p class='ocr_par' dir='ltr' id='par_1_118' title="bbox 2007 5714 3570 5781">
     <span class='ocr_line' id='line_1_119' title="bbox 2007 5714 3570 5781; baseline 0 -16"><span class='ocrx_word' id='word_1_857' title='bbox 2007 5717 2104 5775; x_wconf 86' lang='grc'>(19)</span> <span class='ocrx_word' id='word_1_858' title='bbox 2145 5714 2528 5777; x_wconf 81' lang='lat' dir='ltr'>Blasphemiam</span> <span class='ocrx_word' id='word_1_859' title='bbox 2576 5717 2764 5778; x_wconf 74' lang='lat' dir='ltr'>ingerit</span> <span class='ocrx_word' id='word_1_860' title='bbox 2810 5716 3057 5780; x_wconf 82' lang='lat' dir='ltr'>religioni</span> <span class='ocrx_word' id='word_1_861' title='bbox 3086 5730 3245 5781; x_wconf 86' lang='lat' dir='ltr'>quam</span> <span class='ocrx_word' id='word_1_862' title='bbox 3288 5716 3423 5766; x_wconf 86' lang='lat' dir='ltr'>colit.</span> <span class='ocrx_word' id='word_1_863' title='bbox 3476 5717 3570 5766; x_wconf 90' lang='lat' dir='ltr'>Sic</span> 
     </span>
    </p>
   </div>
   <div class='ocr_carea' id='block_1_119' title="bbox 1943 5785 3563 5852">
    <p class='ocr_par' dir='ltr' id='par_1_119' title="bbox 1943 5785 3563 5852">
     <span class='ocr_line' id='line_1_120' title="bbox 1943 5785 3563 5852; baseline -0.001 -16"><span class='ocrx_word' id='word_1_864' title='bbox 1943 5786 2149 5850; x_wconf 86' lang='lat' dir='ltr'>Optime</span> <span class='ocrx_word' id='word_1_865' title='bbox 2177 5785 2401 5850; x_wconf 89' lang='lat' dir='ltr'>quidam</span> <span class='ocrx_word' id='word_1_866' title='bbox 2430 5786 2661 5837; x_wconf 84' lang='lat' dir='ltr'>Morellii</span> <span class='ocrx_word' id='word_1_867' title='bbox 2704 5787 2894 5847; x_wconf 82' lang='lat' dir='ltr'>codex,</span> <span class='ocrx_word' id='word_1_868' title='bbox 2937 5802 3034 5852; x_wconf 87' lang='lat' dir='ltr'>pro</span> <span class='ocrx_word' id='word_1_869' title='bbox 3080 5786 3314 5838; x_wconf 86' lang='lat' dir='ltr'>contulit.</span> <span class='ocrx_word' id='word_1_870' title='bbox 3348 5788 3563 5839; x_wconf 74' lang='lat' dir='ltr'>PAMEL.</span> 
     </span>
    </p>
   </div>
  </div>
