4032 6180
507 197 608 268 919

1090 197 1182 255 AD
1221 200 1443 258 OPERA
1483 198 1540 256 S.
1581 199 1900 259 CYPRIANI
1937 198 2233 257 GENUINA
2269 197 2558 255 APPEND.
2599 196 2664 255 Il.
2689 225 2758 238 -—
2786 195 3262 255 SUPPOSITITIA.

3711 204 3801 264 920

515 324 670 397 quod
700 322 904 380 Paulus
955 327 1244 396 apostolus
1284 326 1670 381 comminatur
1705 341 1718 379 :
1752 344 1779 374 ‹‹
1828 325 2016 394 Periit,
2046 325 2133 380 in-
2159 326 2300 409 Aut
2348 321 2774 376 benefacientes
2823 321 3214 376 obmutescere
3267 321 3475 377 faciatis
3525 325 3791 382 stultorum

509 420 649 491 quit,
707 419 880 473 frater
925 419 1184 474 inﬁrmus
1238 421 1295 474 in
1340 428 1436 473 tua
1486 419 1853 486 conscientia,
1913 422 2142 490 propter

509 529 676 584 quem
704 513 954 569 Christus
984 531 1179 585 passus
1210 517 1292 569 est
1322 515 1363 583 (Ι
1393 514 1534 580 Cor.,
1565 530 1678 578 vm,
1714 511 1893 582 ti)?»
1925 513 2011 567 Sic
2036 529 2136 566 au-

512 610 626 660 tem
658 613 955 678 peccantes
987 609 1045 662 in
1073 610 1300 675 fratres,
1330 613 1386 662 et
1425 607 1814 678 percutientes
1851 606 2130 660 conscien~

507 700 644 754 tiam
703 718 898 756 eorum
949 701 1259 768 infirmam,
1308 703 1366 756 in
1417 701 1700 756 Christum
1758 701 2019 772 peccatis.
2073 701 2142 754 Et

510 795 741 869 quidem
774 812 883 848 non
931 796 1034 849 hoc
1059 796 1366 866 juvenibus
1411 799 1656 862 tantum,
1689 797 1780 849 sed
1811 800 1867 848 et
1909 793 2138 848 senibus

508 889 795 958 congruit,
830 891 1068 944 fratrum
1097 890 1466 945 imbecillitati
1495 890 1818 957 consulere;
1845 905 1916 942 ne
1945 903 2137 941 senec-

508 985 598 1036 tus
631 984 818 1054 perire
847 987 1112 1054 provocet
1135 984 1516 1054 juventutem,
1551 1000 1617 1037 ex
1638 1001 1751 1055 qua
1773 982 1988 1036 debent
2011 998 2133 1034 om-

507 1076 600 1130 nia
627 1077 889 1130 salutaria
915 1077 1259 1131 documenta
1307 1078 1616 1148 procedere
1649 1095 1661 1131 :
1713 1076 1853 1130 sicut
1902 1076 2131 1132 Eleaza-

508 1187 604 1224 rus
632 1169 689 1224 in
717 1171 861 1225 libro
891 1172 1336 1226 Machabasorum
1354 1171 1652 1242 proﬁtetur
1678 1177 1732 1225 et
1759 1170 2134 1224 dicit:«Prae-

507 1264 660 1318 mitti
681 1265 827 1318 malo
851 1265 904 1318 in
934 1265 1245 1332 infernum,
1259 1282 1427 1336 quam
1458 1265 1666 1334 patrias
1681 1266 1835 1335 leges
1850 1265 2126 1318 deserere.

506 1359 630 1412 Non
679 1358 833 1411 enim
876 1362 1044 1411 (etate
1090 1366 1283 1411 nostra
1333 1359 1571 1428 dignum
1629 1364 1712 1412 est
1767 1358 2022 1428 fingere;
2070 1362 2133 1410 ut

506 1450 672 1506 multi
700 1451 1143 1505 adolescentium
1175 1451 1430 1505 arbitrati
1463 1452 1788 1507 Eleazarum
1817 1450 2132 1522 nonaginta

503 1560 810 1610 annorum,
843 1543 1112 1598 transisse
1143 1545 1209 1598 ad
1243 1543 1413 1599 vitam
1444 1545 1916 1615 alienigenarum,
1943 1549 1997 1598 et
2025 1543 2131 1613 ipsi

503 1639 739 1707 propter
765 1653 956 1692 meam
1003 1637 1446 1705 simulationem,
1480 1644 1537 1692 et
1565 1642 1798 1710 propter
1841 1637 2129 1692 modicum

2241 415 2542 471 hominum
2573 415 2950 485 ignorantiam
2982 418 3020 485 (Ι
3051 418 3214 479 Pctr.,
3246 431 3307 484 ιι,
3336 417 3441 492 15).
3474 439 3496 465 .›

2310 510 2422 562 Nec
2476 509 2771 580 quisquam
2821 509 2924 563 sibi
2978 515 3257 580 proponat
3300 517 3350 564 et
3399 511 3582 565 dicat:
3630 513 3812 571 Habere

2240 603 2367 657 volo
2395 602 2548 674 quod
2582 603 2806 656 vineam
2837 619 2848 658 :
2879 603 2984 658 hoc
3012 607 3099 658 est
3129 604 3279 657 enim
3308 605 3507 659 dicere.
3538 607 3714 661 Vivere
3735 609 3813 662 de-

2239 695 2426 750 sidero
2455 696 2558 750 sub
2606 696 2791 750 ruina.
2823 697 2954 764 Quis
2999 702 3118 752 tam
3150 697 3350 751 stultus
3391 697 3484 768 qui
3513 701 3698 753 arctari
3737 719 3794 756 cu

2238 794 2355 865 piat
2384 795 2452 848 ad
2480 795 2752 862 laborem,
2786 795 2874 848 cui
2907 794 3143 850 offertur
3183 795 3452 849 delicatus
3490 797 3810 868 triumphus?

2237 888 2432 959 Neque
2486 888 2640 942 enim
2699 888 2909 960 duplex
2967 889 3294 960 triumphus
3342 893 3423 946 est
3472 889 3567 944 sub
3618 891 3813 948 femina:

2235 982 2543 1053 prtesentia
2593 981 2817 1054 probari
2865 982 3181 1051 victorem,
3241 1000 3413 1054 quam
3476 989 3553 1038 est
3613 984 3666 1039 in
3723 985 3816 1040 sin-

2237 1075 2537 1147 gularitate
2593 1093 2820 1132 servare
2883 1076 3168 1148 integram
3225 1078 3584 1149 sponsionem
3625 1079 3804 1134 sancti-

2234 1171 2469 1225 moniae.
2518 1172 2585 1226 Et
2628 1187 2756 1225 cum
2809 1171 2880 1225 sit
2929 1187 3076 1225 unus
3130 1171 3324 1226 titulus
3379 1172 3688 1242 gloriarum,
3722 1174 3812 1228 hoc

2232 1263 2358 1318 loco
2388 1281 2533 1318 unus
2557 1264 2716 1319 fortis
2743 1270 2846 1333 est,
2879 1264 2977 1336 qui
3005 1265 3135 1319 satis
3171 1265 3430 1332 laborat;
3481 1271 3536 1320 et
3577 1282 3694 1320 cum
3737 1267 3814 1321 illo

2234 1357 2331 1428 qui
2386 1375 2589 1428 parum
2642 1357 2948 1412 laborando
3017 1358 3251 1425 vicerit,
3317 1359 3532 1430 pariter
3587 1376 3813 1414 munera-

2233 1454 2344 1504 tur.
2402 1452 2547 1514 Quid
2605 1452 2751 1522 quod
2806 1452 2899 1506 ille
2949 1452 3210 1523 quinimo
3269 1458 3674 1508 consummatus
3720 1454 3814 1525 (21)

2231 1544 2592 1613 adscribitur,
2622 1545 2721 1616 qui
2750 1561 2808 1599 se
2840 1545 2998 1600 omni
3044 1553 3302 1618 tempore
3349 1546 3606 1601 femineis
3631 1547 3700 1601 ait
3716 1550 3838 1603 ecti-

2231 1635 2340 1693 bus
2389 1641 2638 1694 ostentat
2683 1639 3028 1695 abscissum?
3081 1640 3216 1712 quia
3269 1657 3403 1695 cum
3457 1642 3713 1696 Dominus
3763 1642 3812 1698 in

505 1702 559 1785 et
585 1702 958 1802 corruptibile
988 1734 1216 1802 tempus
1249 1732 1397 1800 vitae,
1426 1702 1533 1802 per
1556 1702 1648 1785 me
1674 1702 2052 1798 .seducantur,
2081 1702 2210 1784 etB
2237 1732 2610 1804 Evangelium
2661 1733 2980 1804 perfectum
3020 1702 3202 1804 vocat,
3236 1734 3335 1805 qui
3365 1737 3548 1790 totum
3594 1735 3697 1790 suis
3725 1737 3818 1790 usi-

505 1824 703 1878 odium
755 1841 819 1879 ac
863 1826 1144 1879 maculam
1203 1826 1476 1880 senectuti
1523 1841 1668 1879 mea:
1725 1824 2011 1895 acquiram
2066 1824 2133 1894 (II

504 1919 703 1983 Much,
733 1935 807 1984 γι,
842 1919 1046 1988 23-25).
1076 1939 1103 1969 ››
1134 1919 1236 1974 Ille
1264 1920 1467 1973 maluit
1490 1919 1664 1974 vitam
1692 1934 1850 1972 suam
1881 1921 2139 1972 tormenv

509 2012 582 2064 tis
637 2011 904 2082 objicere,
945 2029 1119 2083 quam
1166 2013 1438 2083 cuiquam
1479 2013 1756 2083 magister
1799 2011 2136 2082 perditionis

506 2105 781 2160 exsistere
814 2122 826 2158 :
858 2108 915 2158 et
942 2121 1046 2159 nos
1077 2105 1173 2159 ubi
1198 2107 1356 2160 nulla
1379 2110 1663 2160 tormenta
1703 2109 1854 2173 sunt,
1886 2104 2136 2159 ﬂuxibus

506 2197 658 2264 solis,
691 2199 958 2252 nolumus
999 2199 1298 2253 salvandos
1346 2200 1547 2254 fratres
1595 2203 1986 2271 anteponere:
2031 2215 2136 2253 nec

507 2293 761 2347 contenti
809 2308 1004 2346 sumus
1057 2293 1176 2347 sine
1235 2293 1360 2347 ullis
1414 2293 1755 2348 cruciatibus
1803 2297 1917 2348 tam
1971 2291 2136 2347 nobis

506 2387 777 2458 prodesse
804 2403 977 2458 quam
1007 2386 1247 2453 caeteris,
1277 2403 1406 2441 cum
1445 2385 1535 2441 ille
1573 2387 1757 2441 noluit
1787 2388 1973 2440 vivere
2018 2403 2137 2441 mo-

506 2480 720 2534 riturus
769 2498 782 2535 :
841 2480 989 2534 sicut
1040 2480 1277 2534 inferius
1331 2483 1666 2552 prosecutus
1721 2485 1822 2547 est,
1875 2479 2069 2534 dicens
2117 2496 2130 2534 :

507 2595 534 2624 (ί
565 2575 945 2638 Quamobrem
971 2575 1195 2629 fortiter
1244 2573 1352 2628 vita
1381 2574 1678 2644 excedens,
1709 2577 2004 2628 senectute
2055 2573 2136 2629 di-

506 2685 650 2740 gnus
679 2669 788 2738 (20)
818 2669 1124 2739 apparebo,
1158 2668 1611 2723 adolescentibus
1657 2668 1891 2739 quidem
1935 2685 2132 2723 exem-

505 2762 662 2832 plum
695 2763 838 2816 forte
868 2763 1212 2833 relinquam,
1245 2768 1309 2817 ut
1337 2768 1598 2834 prompto
1619 2761 1812 2817 animo
1827 2779 1891 2816 ac
1906 2761 2135 2817 fortiter

506 2872 611 2926 pro
647 2856 915 2926 gravibus
939 2863 996 2910 et
1026 2857 1232 2910 sanctis
1256 2855 1478 2926 legibus
1508 2856 1762 2910 honestae
1802 2855 1972 2910 morti
2004 2873 2131 2909 suc-

507 2949 713 3003 cedant
742 2951 926 3020 (Ibid.,
958 2953 1045 3017 27,
1076 2949 1185 3018 28).
1220 2973 1248 3000 ››
1276 2952 1416 3006 Cum
1447 2949 1641 3022 843
1680 2950 1791 3004 hoc
1823 2948 1996 3003 etiam
2043 2949 2135 3003 lai-

510 3060 604 3098 cos
639 3045 856 3107 deceat,
885 3061 958 3098 ne
1001 3049 1099 3098 aut
1134 3045 1415 3098 extraneis
1469 3044 1823 3098 occasionem
1874 3043 2134 3114 blasphe-
2157 3070 2211 3143 Ο

510 3143 726 3209 mandi,
748 3148 848 3196 aut
865 3142 1205 3196 fraternitati
1229 3141 1720 3213 opportunitatem
1744 3141 2136 3195 fornicationis

510 3238 836 3302 Opponant;
895 3235 1015 3286 tum
1058 3232 1302 3288 maxime
1343 3232 1576 3287 clericos
1617 3233 1992 3286 vehementer
2033 3247 2134 3286 ne-

509 3329 734 3383 cessitas
777 3329 880 3383 ista
919 3329 1297 3400 constringit;
1349 3330 1566 3400 quibus
1606 3333 1706 3383 aut
1745 3329 1945 3400 religio
1990 3329 2138 3383 blas-

509 3419 804 3490 pliemata,
858 3422 958 3472 aut
1002 3417 1324 3472 fraternitas
1373 3418 1596 3488 perdita
1641 3434 1832 3489 poenas
1885 3418 2137 3488 duplices

510 3512 810 3582 irrogabit.
844 3511 958 3566 Nec
987 3511 1282 3567 invenient
1318 3512 1377 3566 in
1418 3513 1636 3582 judicio
1677 3511 1904 3566 Domini
1956 3513 2135 3566 ullum

510 3601 744 3654 omnino
780 3600 1064 3667 solatium,
1106 3600 1202 3671 qui
1242 3601 1578 3672 alienigenis
1609 3607 1666 3655 et
1709 3601 1983 3655 fratribus
2016 3619 2142 3672 pec-

509 3694 670 3748 candi
701 3694 962 3749 fomitem
1001 3693 1426 3749 ministrarunt.
1465 3696 1703 3766 Propter
1723 3696 1875 3766 quod
1898 3697 1977 3750 sic
2001 3697 2139 3750 Pau-

512 3789 601 3842 lus
637 3790 920 3858 apostolus
971 3787 1160 3842 Titum
1220 3788 1476 3855 instruit,
1520 3788 1758 3843 dicens:
1795 3811 1821 3838 «
1869 3789 2136 3860 Teipsum

512 3883 798 3937 bonorum
825 3882 1105 3937 factorum
1137 3882 1398 3952 praebens
1418 3883 1739 3953 exemplum
1770 3883 1828 3936 in
1857 3883 2136 3950 doctrina,

511 3972 566 4026 in
617 3971 968 4042 integritate,
1011 3971 1071 4024 in
1124 3972 1424 4042 gravitate,
1466 3972 1527 4025 in
1564 3971 1739 4026 verbo
1783 3988 1922 4026 sano
1964 3975 2138 4042 atque

513 4065 1047 4136 irreprehensibili:
1097 4069 1160 4119 ut
1210 4065 1562 4120 adversarius
1608 4069 1948 4133 revereatur,
1996 4065 2139 4119 nihil

513 4159 733 4213 habens
757 4159 828 4212 de
857 4159 1024 4214 nobis
1052 4159 1240 4213 dicere
1269 4158 1653 4228 mali(Tit.,u,
1676 4159 1878 4228 8).»Et
1901 4158 2135 4214 iterum:

517 4270 544 4297 ‹‹
573 4247 870 4314 Omnibus,
895 4247 1106 4320 inquit,
1135 4247 1304 4301 ﬁdem
1333 4247 1545 4301 bonam
1573 4249 1903 4314 ostende,ut
1929 4249 2140 4303 bonam

515 4337 831 4390 doctrinam
877 4336 1178 4391 Salvatoris
1224 4335 1451 4390 Domini
1507 4336 1681 4390 nostri
1726 4337 2039 4407 praeferant
2082 4337 2140 4392 in

2236 1821 2340 1876 bus
2390 1822 2778 1892 amputaverit
2823 1823 3261 1894 patrimonium.
3317 1824 3482 1879 Certe
3530 1825 3692 1879 etiam
3738 1827 3820 1881 soli

2238 1915 2581 1986 cuicumque
2619 1915 2751 1987 (22),
2784 1916 3098 1987 quotidiani
3139 1917 3416 1988 triumphi
3446 1935 3548 1989 pro
3596 1920 3820 1974 castitate

2235 2026 2351 2063 non
2383 2009 2626 2077 desunt;
2673 2010 2806 2081 quia
2853 2027 3151 2081 nunquam
3199 2011 3497 2065 desideriis
3540 2013 3822 2067 carnalibus

2237 2102 2502 2174 spiritum
2548 2109 2731 2157 cessat
2776 2104 3044 2159 infestare
3085 2121 3287 2175 corpus
3337 2105 3671 2172 humanum,
3699 2107 3823 2177 quod

2235 2196 2552 2268 Apostolus
2583 2195 2852 2266 afﬁrmat,
2895 2198 3088 2252 dicens
3121 2215 3132 2250 :
3165 2220 3195 2248 «
3234 2199 3398 2266 Caro,
3427 2199 3623 2269 inquit,
3647 2215 3824 2254 concu-

2236 2290 2400 2361 piscit
2429 2290 2702 2344 adversus
2749 2290 3037 2362 spiritum,
3077 2291 3309 2362 spiritus
3357 2296 3551 2346 autem
3595 2292 3823 2347 adversus

2236 2382 2472 2438 carnem
2511 2401 2524 2438 :
2570 2384 2694 2438 haec
2749 2384 2901 2438 enim
2945 2385 3185 2439 invicem
3233 2386 3604 2440 adversantur
3638 2387 3748 2454 sibi,
3774 2390 3823 2439 ut

2236 2495 2348 2531 non
2377 2494 2755 2549 quaecumque
2787 2479 2955 2532 vultis
2985 2478 3076 2533 illa
3104 2479 3324 2533 faciatis
3349 2479 3578 2548 (Galat.,
3603 2497 3653 2548 v,
3680 2481 3772 2549 17).
3798 2503 3819 2529 »

2236 2572 2422 2626 Habes
2454 2589 2606 2626 nunc
2640 2588 2870 2626 carnem
2897 2578 3076 2640 tuam,
3105 2590 3274 2644 quam
3322 2590 3557 2644 superes
3583 2589 3785 2644 semper
3811 2594 3820 2626 :

2234 2659 2372 2732 quid
2421 2659 2522 2714 tibi
2555 2660 2637 2713 vis
2678 2661 2911 2715 alteram
2942 2661 3029 2715 vel
3070 2661 3438 2717 conducere?
3480 2663 3647 2717 Nemo
3684 2679 3826 2732 super

2234 2771 2408 2810 unam
2442 2754 2661 2809 febrem
2692 2755 2849 2826 cupit
2881 2754 3155 2809 adhibere
3183 2755 3443 2826 pejorem
3469 2773 3484 2824 ;
3519 2773 3589 2810 ne
3628 2756 3827 2825 incipiat

2234 2848 2587 2904 hemitritmo
2644 2848 2948 2902 insanabili
3001 2849 3259 2903 laborare
3330 2851 3466 2920 (23),
3532 2849 3619 2904 cui
3670 2850 3828 2903 nullus

2234 2945 2422 2997 valeat
2479 2942 2734 2996 medicus
2802 2941 3120 2998 subvenire.
3174 2943 3368 3014 Neque
3435 2943 3637 3013 aliquis
3689 2958 3827 3013 super

2237 3053 2382 3092 onus
2415 3036 2716 3108 proprium
2743 3036 2890 3090 tollit
2917 3036 3150 3107 insuper
3177 3037 3436 3091 alienum
3463 3054 3477 3104 ;
3503 3055 3575 3091 ne
3601 3037 3827 3091 oneribus

2237 3130 2462 3186 duobus
2509 3146 2835 3202 oppressus,
2882 3147 3059 3200 usque
3099 3130 3168 3184 ad
3214 3130 3432 3185 inferos
3478 3131 3826 3200 demergatur.

2235 3225 2396 3279 Unde
2425 3224 2796 3279 sicleremias
2823 3224 3101 3294 propheta
3129 3224 3619 3278 docetsanctitatis
3641 3223 3828 3295 pondus

2237 3316 2607 3389 singulariter
2633 3316 3057 3371 sustinendum.
3081 3338 3108 3366 ‹‹
3139 3318 3356 3371 Bonum
3391 3321 3497 3385 est,
3527 3317 3827 3388 inquit,viro

2237 3429 2368 3466 cum
2409 3411 2606 3484 844
2650 3412 2959 3482 portaverit
2995 3411 3201 3483 jugum
3251 3428 3426 3482 grave
3471 3411 3529 3465 in
3570 3413 3828 3482 juventute

2237 3522 2378 3574 sua;
2429 3505 2651 3559 sedebit
2688 3504 3058 3575 singulariter
3100 3509 3154 3558 et
3199 3504 3407 3573 silebit,
3440 3505 3700 3576 quoniam
3728 3502 3830 3556 tulit

2235 3615 2408 3670 super
2434 3615 2492 3652 se
2520 3599 2729 3669 jugum
2764 3615 2934 3669 grave
2965 3600 3208 3669 (Thrcn.,
3236 3614 3312 3667 ιιι,
3341 3599 3458 3668 27).
3483 3621 3509 3649 ››

2309 3693 2416 3748 Sed
2446 3693 2747 3762 quisquam
2775 3690 2884 3764 (24)
2917 3692 3199 3763 malignus
3226 3693 3532 3748 obsecutor
3552 3691 3621 3746 ad
3648 3689 3828 3746 dictum

2238 3785 2476 3858 apostoli
2519 3785 2670 3839 Pauli
2713 3785 3004 3856 confugiet
3051 3786 3338 3840 dicentis:
3373 3808 3403 3835 ‹‹
3460 3787 3640 3842 Onera
3682 3788 3830 3838 vestra

2238 3880 2510 3934 sustinete
2536 3878 2806 3945 invicem,
2841 3882 2898 3932 et
2937 3879 3020 3932 sic
3065 3879 3379 3950 implebitis
3427 3880 3615 3950 legem
3658 3874 3828 3934 Christi

2240 3972 2470 4042 (Galat.,
2503 3989 2578 4035 v1,
2613 3972 2686 4042 2).
2717 3993 2744 4022 »
2776 3974 2899 4027 Non
2947 3973 3066 4027 haec
3109 3976 3245 4026 sunt
3273 3989 3452 4028 onera
3497 3989 3623 4044 quae
3662 3969 3830 4026 Paulus

2241 4067 2527 4138 apostolus
2572 4065 2818 4136 imperat
2860 4065 3276 4135 subvehenda;
3316 4066 3417 4121 sed
3454 4073 3521 4122 ut
3563 4065 3828 4120 tolerantes

2240 4159 2618 4231 nosmetipsos
2664 4159 2949 4214 discordia
2991 4161 3144 4214 nulla
3181 4160 3506 4229 discernat;
3551 4162 3606 4214 et
3643 4159 3698 4212 in
3737 4160 3829 4211 ten-

2240 4254 2550 4309 tationibus
2575 4253 2901 4308 constitutis
2935 4253 3204 4308 fratribus
3235 4253 3592 4324 praebeamus
3620 4250 3824 4306 auxilia:

2243 4363 2358 4401 non
2385 4353 2450 4400 ut
2473 4346 2582 4418 ipsi
2610 4346 2774 4400 nobis
2802 4349 3157 4401 tentamenta
3191 4363 3290 4416 per
3319 4347 3564 4401 feminas
3595 4357 3826 4416 procure-

517 4430 805 4484 omnibus.
854 4451 881 4479 »
927 4430 1018 4485 Sic
1059 4435 1112 4483 et
1154 4430 1222 4483 ad
1263 4429 1625 4484 Timotheum
1661 4430 1871 4498 scribit,
1904 4433 2092 4486 dicens
2119 4451 2134 4486 :
2157 4438 2216 4509 D
2239 4457 2385 4510 mus,
2424 4440 2524 4494 sed
2560 4445 2621 4495 ut
2639 4422 3126 4495 tentamentorum
3163 4441 3343 4511 magis
3379 4440 3636 4511 pondera
3676 4435 3825 4492 suble-

516 4545 542 4573 ‹‹
575 4526 774 4578 Forma
803 4529 922 4579 esto
954 4523 1282 4579 ﬁdelibusiu
1305 4539 1588 4593 sermone,
1605 4524 1662 4577 in
1679 4526 2137 4593 conversatione,

515 4627 571 4681 in
605 4624 901 4691 charitate,
927 4623 984 4677 in
1012 4623 1149 4691 fide,
1183 4622 1238 4676 in
1275 4623 1551 4678 castitate.
1587 4644 1613 4672 »
1642 4623 1805 4687 Quod
1846 4629 1901 4678 et
1943 4626 2141 4679 Petrus

513 4715 799 4787 apostolus
849 4714 1128 4780 hortatur,
1160 4712 1398 4767 dicens:
1435 4734 1463 4763 «
1508 4715 1888 4781 Conversatio,
1931 4714 2138 4786 inquit,

513 4812 695 4863 vestra
721 4809 775 4862 in
810 4807 1075 4880 gentibus
1101 4808 1253 4862 bona
1283 4807 1374 4874 sit,
1400 4808 1541 4860 utin
1565 4823 1630 4862 eo
1657 4808 1810 4879 quod
1833 4808 2142 4863 detrahunt

513 4905 582 4958 de
613 4903 772 4957 vobis
800 4907 1076 4974 tanquam
1109 4902 1176 4955 de
1206 4900 1686 4968 malefactoribus,
1718 4901 1787 4956 de
1817 4901 1980 4956 bonis
2009 4919 2142 4974 ope-

514 4998 671 5051 ribus
700 4997 896 5051 vestris
928 4995 1249 5066 glorificent
1276 4996 1453 5049 Deum
1499 4995 1541 5066 (l
1586 4997 1753 5063 Petra,
1788 5011 1845 5063 ιι,
1886 4996 1964 5066 12)
2017 5018 2043 5044 ››
2078 4997 2141 5051 Et

513 5092 765 5147 iterum:
800 5110 826 5142 (ι
874 5090 1150 5155 Quoniam
1199 5089 1278 5143 sic
1321 5092 1425 5158 est,
1461 5089 1664 5161 inquit,
1710 5089 1970 5144 voluntas
2015 5090 2135 5152 Dei,

2241 4549 2475 4602 vernus;
2509 4550 2639 4588 cum
2663 4533 2802 4588 sciat
2828 4533 2990 4604 quale
3029 4533 3100 4587 sit
3121 4534 3432 4588 sanctitatis
3451 4535 3677 4605 jugum,
3701 4526 3824 4601 quod

2240 4622 2333 4677 vix
2348 4622 2636 4693 singulare
2667 4627 2941 4692 portetur.
2959 4622 3036 4675 De
3054 4637 3169 4692 quo
3193 4639 3304 4676 non
3335 4622 3522 4676 solum
3542 4617 3828 4692 ipse,sedet

2242 4715 2520 4770 Dominus
2551 4715 2734 4770 noluit
2755 4718 2973 4769 certum
2995 4714 3232 4770 definire
3246 4715 3825 4786 praeceptum,dicens:

2241 4830 2269 4858 ‹‹
2318 4810 2441 4864 Non
2487 4825 2688 4864 omnes
2735 4809 2968 4880 capiunt
3011 4808 3250 4863 verbum
3308 4809 3483 4879 istud,
3519 4809 3613 4864 sed
3659 4805 3828 4878 quibus

2241 4903 2445 4958 datum
2477 4906 2580 4958 est.
2614 4925 2641 4954 ι»
2669 4905 2735 4958 Et
2762 4903 3018 4957 iterum:
3060 4903 3214 4966 «Qui
3241 4909 3422 4972 potest
3442 4917 3657 4974 capere,
3678 4897 3830 4970 capiat

2239 4996 2480 5068 (Matth.,
2509 5014 2619 5065 xrx,
2648 4997 2736 5064 11,
2777 4999 2879 5068 12).
2910 5018 2938 5047 ››
2984 4996 3039 5052 Si
3079 5013 3216 5068 ergo
3246 4996 3470 5052 difﬁcile
3513 4992 3829 5066 singulariter

2240 5091 2578 5162 magnitudo
2617 5090 2776 5146 istius
2821 5090 3089 5162 ponderis
3122 5091 3409 5160 toleratur,
3438 5088 3718 5163 quomodo
3759 5087 3825 5138 to-

1877 5245 2042 5309 Edit.
2075 5247 2282 5311 Oxon.
2315 5253 2512 5312 notae.

577 5368 672 5431 (20)
697 5367 964 5418 Senectute
983 5367 1194 5430 quidem
1215 5365 1429 5428 dignus.
1475 5364 1786 5428 Adjicimus
1821 5366 2050 5430 quidem,
2072 5379 2142 5417 ex

511 5444 617 5489 vet.
650 5438 772 5489 cod.
805 5439 941 5489 Nam
966 5438 1167 5501 legitur
1199 5439 1256 5487 in
1288 5436 1640 5488 Machabaais.
1671 5437 1891 5488 PAMEL.

575 5511 671 5572 (is)
711 5509 953 5571 Quinimo
997 5513 1401 5559 consummatus.
1447 5509 1676 5559 Prorsus
1714 5509 1796 5559 sic
1844 5510 1968 5574 lego
2015 5523 2144 5560 cum

512 5582 777 5642 Morellio,
814 5594 912 5644 pro
952 5581 1043 5642 qui
1085 5580 1324 5629 minimo.
1365 5579 1508 5642 Quia
1554 5593 1722 5643 supra
1772 5580 1919 5630 hanc
1948 5593 2144 5630 vocem

509 5652 808 5701 habuimus
843 5651 1036 5702 eadem
1085 5650 1510 5714 signiﬁcatione,
1549 5653 1601 5701 et
1646 5651 2003 5702 consentiunt
2031 5655 2139 5702 vet.

509 5738 628 5774 exc.
662 5724 784 5774 cod.
818 5729 870 5774 et
901 5723 1266 5776 Remboldus.
1301 5724 1520 5774 PAMEL.

566 5794 669 5860 (22)
722 5795 868 5846 Certe
904 5797 1061 5845 etiam
1089 5794 1188 5845 soli
1231 5795 1535 5861 cuicunque.
1573 5794 1788 5860 Adjicio
1836 5806 1902 5845 ex
1940 5793 2142 5846 iisdem

2241 5368 2356 5419 soli.
2393 5369 2614 5418 Ρηιιςι..

2305 5440 2401 5503 (23)
2466 5440 2786 5489 Hsmstritzo
2835 5437 3126 5488 insanabili
3170 5437 3429 5488 laborare.
3477 5433 3829 5503 Hemetritaus

2244 5500 2426 5593 febri:
2457 5516 2560 5571 est,
2584 5513 2742 5574 juxta
2763 5509 3154 5570 Remboldum,
3189 5510 3420 5560 tertiana
3459 5522 3570 5558 una
3609 5510 3661 5556 et
3696 5500 3829 5551 dimi-

2243 5581 2348 5631 dia.
2387 5583 2608 5631 pAMEL.

2305 5652 2403 5714 (21)
2432 5652 2532 5702 Sed
2567 5652 2862 5716 quisquam.
2896 5650 3200 5702 Omisimus
3239 5650 3490 5702 vocalem
3527 5649 3572 5698 si
3611 5643 3823 5706 interjec-

2242 5727 2354 5774 tam
2373 5725 2538 5788 juxta
2562 5722 2683 5777 cod.
2709 5725 2816 5782 vet,
2845 5724 2898 5773 et
2925 5721 3312 5776 Remboldum.
3341 5723 3556 5774 Panum.
