4032 6180
267 270 362 329 921

263 498 307 552 si
330 498 647 570 singulares
669 515 811 570 pene
833 516 1027 555 omnes
1042 501 1131 555 vix
1155 501 1361 555 durant
1384 501 1640 555 carnales
1661 500 1890 556 insidias

261 592 562 659 sustinere,
609 593 744 664 quid
789 593 1006 648 faciunt
1048 593 1125 650 illi
1176 594 1272 665 qui
1320 612 1386 649 ex
1433 597 1677 666 utroque
1718 595 1889 649 latere

261 685 474 753 gladiis
513 687 976 757 impendentibus
1005 704 1117 742 non
1145 694 1476 743 cunctantur
1517 688 1890 744 incumbere?

259 779 390 832 Plus
420 779 566 834 dico.
611 780 667 836 Si
702 781 889 835 mariti
936 786 990 836 et
1018 798 1224 837 uxores
1251 782 1532 837 desideria
1564 782 1889 853 conjugalia

258 874 512 945 quotidie
542 880 822 945 gerentes,
860 875 963 929 sibi
1010 893 1122 931 non
1168 876 1483 945 sufﬁciunt;
1527 876 1662 948 quid
1710 882 1889 948 agunt

257 965 342 1019 illi
376 967 475 1036 qui
504 967 571 1021 ad
604 968 897 1038 augendas
924 969 1386 1039 impugnationes
1411 970 1635 1025 feminis
1665 970 1883 1024 socian-

257 1061 393 1114 tur?
438 1062 516 1115 Ex
566 1060 865 1131 improviso
903 1062 990 1117 vel
1034 1066 1388 1118 transeunter
1430 1066 1534 1135 (25)
1574 1064 1645 1117 ad
1685 1065 1884 1117 horam

254 1153 536 1207 femineus
575 1162 836 1227 aspectus
883 1173 1201 1227 occurrens,
1230 1160 1385 1212 velut
1413 1160 1642 1229 sagittas
1682 1158 1884 1213 alienis

252 1247 435 1301 oculis
459 1248 663 1318 jactat.
702 1249 943 1313 Quando
973 1251 1151 1306 libera
1186 1269 1301 1307 non
1341 1259 1425 1307 est
1453 1252 1693 1323 simplex
1722 1269 1881 1307 reve-

249 1342 477 1409 rentia;
532 1342 665 1412 quid
732 1342 844 1397 illic
908 1345 1169 1415 geritur,
1228 1346 1323 1399 ubi
1380 1346 1652 1401 libertatis
1711 1346 1884 1401 sumit

249 1434 464 1488 mulier
512 1435 569 1489 in
630 1437 1134 1493 contubernalitate
1180 1441 1603 1494 constantiam?
1653 1440 1880 1511 quando

247 1528 315 1581 in
368 1528 691 1584 domesticis
743 1531 990 1601 negotiis
1044 1548 1195 1586 nunc
1246 1533 1484 1586 lacertos
1543 1549 1607 1586 ac
1662 1533 1882 1587 femora

246 1620 488 1675 laniﬁcis
542 1623 807 1693 operibus
867 1625 1074 1691 nudat,
1142 1642 1293 1679 nunc
1360 1630 1601 1680 aastuans
1666 1626 1882 1698 detegit

247 1705 536 1781 membra,
560 1733 711 1771 nunc
737 1717 971 1788 fatigata
991 1719 1262 1789 jactatur,
1286 1722 1385 1773 aut
1410 1720 1470 1774 in
1496 1736 1599 1774 usu
1628 1720 1881 1793 aliquan-

1373 275 1456 333 ΟΕ
1494 272 2021 333 SINGULARITATE
2060 275 2515 335 CLERICORUM.

264 399 560 473 lerabitur,
587 400 631 460 si
659 405 960 476 geminatis
992 403 1338 476 ponderibus
1380 405 2104 487 praegravetur?EtAx1v,
2150 404 2257 473 2t).
2301 428 2328 455 »
2371 408 2435 459 Et
2479 406 2587 460 alio
2635 406 2755 463 loco
2800 425 2812 462 :

3512 283 3616 345 922

2861 429 2887 459 (ι
2933 409 3062 478 Hoc,
3112 406 3318 482 inquit,
3358 410 3612 483 judicate

1992 498 2218 568 magis,
2268 517 2338 553 ne
2402 501 2618 569 ponatis
2674 501 3077 557 offendiculuui
3133 513 3229 559 aut
3289 508 3614 565 scandalum

1992 592 2153 645 fratri
2182 593 2361 661 (Ibid.,
2396 595 2501 663 13).
2538 618 2563 643 ››
2598 596 2661 648 Et
2691 596 2758 648 de
2798 598 3098 667 semetipso
3127 598 3202 653 sic
3227 600 3305 654 ait
3337 618 3348 653 :
3379 621 3403 649 α
3436 603 3608 671 Prop-

1989 690 2077 739 ter
2102 686 2254 757 quod
2294 687 2339 740 si
2384 686 2541 741 cibus
2584 688 2926 743 scandalizat
2961 692 3195 746 fratrem
3242 711 3451 762 meum,
3486 694 3613 764 jam

1989 795 2105 833 non
2147 780 2499 835 manducabo
2552 798 2781 835 carnem
2826 782 2879 835 in
2929 788 3226 847 aeternum,
3259 802 3329 839 ne
3371 789 3612 846 fratrem

1987 873 2352 927 scandalizem
2393 878 2433 944 (Ι
2465 875 2609 938 Cor.,
2638 892 2754 943 vni,
2794 876 2897 946 13).
2932 896 2952 927 ι
2989 878 3129 931 Cum
3171 895 3306 949 ergo
3351 897 3449 934 nos
3480 883 3609 952 pul-

1988 972 2070 1019 sat
2102 967 2516 1037 conjunctionis
2559 969 2726 1040 hujus
2768 970 3023 1024 molestia
3068 971 3438 1041 detestabilis;
3485 982 3539 1028 et
3566 976 3615 1029 si

1985 1060 2274 1114 adulteros
2320 1078 2429 1115 non
2479 1068 2663 1132 potest
2708 1064 2919 1132 facere,
2965 1064 3097 1117 facit
3143 1068 3335 1119 tamen
3390 1068 3613 1136 pejores

1985 1154 2261 1207 adulteris
2311 1160 2367 1209 et
2424 1155 2667 1210 incestis.
2726 1156 2860 1220 Quis
2925 1157 3079 1211 enim
3133 1159 3319 1211 cordis
3380 1160 3615 1214 alterius

1984 1250 2267 1301 scrutator
2348 1248 2681 1320 qualitatem
2753 1250 3192 1322 uniuscujusque
3263 1253 3613 1323 perpendat;

1986 1343 2043 1393 et
2070 1357 2173 1411 pro
2198 1341 2377 1395 altera
2405 1358 2648 1412 persona
2691 1348 2887 1397 contra
2933 1344 3205 1398 Satanam
3236 1351 3613 1416 repugnator,

1984 1434 2132 1487 circa
2173 1435 2351 1487 Deum
2402 1452 2534 1489 vero
2580 1436 2823 1490 idoneus
2872 1437 3173 1507 ﬁdejussor
3222 1454 3341 1492 esse
3397 1456 3611 1509 praesu-

1982 1528 2142 1581 mat?
2168 1528 2246 1581 De
2292 1528 2597 1598 semetipso
2646 1528 2883 1583 demens
2928 1534 3031 1600 est,
3062 1532 3157 1601 qui
3205 1531 3417 1602 aliquid
3448 1533 3614 1603 polli-

1982 1627 2160 1687 cetur,
2193 1637 2265 1674 ne
2314 1621 2496 1675 dicam
2542 1622 2587 1675 si
2630 1623 2798 1677 etiam
2846 1640 2947 1693 pro
2989 1624 3202 1677 femina
3239 1625 3610 1695 sponsionem

1982 1730 2195 1784 ponere
2261 1715 2558 1785 videatur;
2614 1732 2741 1769 cum
2804 1717 3009 1770 Paulus
3072 1718 3358 1787 apostolus
3416 1718 3494 1771 sic
3545 1719 3615 1773 de

248 1809 325 1862 do
392 1780 711 1864 dissolvitur
760 1780 890 1882 (26),
941 1780 1090 1867 nunc
1154 1780 1457 1867 blanditias
1502 1780 1750 1883 exhibet,
1803 1820 1877 1881 et,
1901 1780 1957 1852 Β
1981 1780 2038 1861 se
2067 1809 2423 1878 pronuntiet,
2456 1780 2651 1862 dic'ens
2680 1826 2692 1863 :
2730 1829 2757 1857 κ
2791 1811 2909 1863 Non
2954 1810 3088 1880 quia
3109 1780 3241 1880 -jam
3270 1812 3486 1882 accepi,
3516 1817 3613 1866 aut

246 1903 404 1973 quod
433 1907 518 1957 est
560 1906 904 1959 venenosius
949 1923 1123 1978 super
1163 1913 1386 1974 cuncta,
1422 1907 1655 1978 psallere
1694 1908 1875 1962 delec-

244 2000 436 2063 tatur,
488 2003 585 2051 aut
639 2000 888 2053 canere?
934 2000 1104 2070 Cujus
1154 2005 1328 2056 cantu
1386 2001 1741 2055 tolerabilius
1798 2004 1880 2055 est

242 2090 443 2143 audire
472 2090 792 2146 basiliscum
813 2091 1157 2148 sibilantem.
1178 2096 1384 2149 Contra
1411 2111 1584 2165 quam
1609 2094 1879 2150 Solomon

242 2184 326 2237 sic
375 2201 481 2238 nos
534 2192 725 2239 cautos
772 2186 964 2256 efticit,
1012 2188 1205 2243 dicens
1250 2206 1263 2242 :
1312 2208 1339 2237 ‹‹
1384 2191 1525 2245 Cum
1571 2188 1879 2243 cantatrice

244 2277 366 2331 noli
403 2278 657 2332 assiduus
690 2296 833 2347 esse,
880 2295 984 2333 nec
1029 2280 1222 2337 audias
1262 2280 1435 2348 illam,
1478 2298 1548 2336 ne
1589 2282 1732 2336 forte
1772 2282 1880 2335 dis-

245 2386 447 2441 pereas
479 2372 535 2425 in
577 2372 823 2427 efﬁcacia
854 2373 975 2443 ejus
1007 2376 1217 2444 (Eccli.,
1250 2392 1325 2441 Ix,
1358 2376 1431 2440 4).
1466 2396 1493 2424 »
1525 2378 1701 2429 Taceo
1746 2375 1875 2429 reli-

246 2481 386 2534 qua,
417 2482 541 2535 quae
567 2482 649 2519 ma
661 2466 745 2537 gis
769 2466 1035 2537 pudenda
1053 2471 1183 2521 sunt
1204 2485 1376 2539 quam
1398 2468 1637 2523 dicenda
1659 2485 1671 2524 :
1695 2469 1879 2523 solum

245 2559 359 2612 hoc
409 2558 552 2627 dico,
602 2560 658 2612 in
714 2560 902 2614 dolore
956 2561 1043 2613 vel
1089 2560 1145 2615 in
1194 2562 1276 2615 ira
1325 2562 1627 2616 mulierem
1689 2562 1878 2631 frangi

244 2653 741 2723 conspicere,jam
785 2670 898 2707 non
939 2661 1022 2707 est
1066 2654 1186 2708 sine
1228 2655 1568 2710 mulcedine.
1612 2655 1758 2718 Quid
1791 2656 1876 2709 di-

243 2746 432 2798 cimus
464 2747 507 2798 si
536 2746 721 2799 videas
740 2747 1174 2816 jucundantem,
1206 2751 1303 2802 aut
1332 2749 1481 2819 quod
1520 2755 1603 2804 est
1629 2749 1880 2803 deterius

242 2839 676 2893 blandientem?
715 2842 905 2895 Semel
947 2842 1207 2908 dixerim,
1250 2843 1433 2897 omnis
1481 2844 1879 2897 inconveniens

243 2933 518 2986 sodalitas
559 2933 882 3003 mulierum,
931 2936 1125 3006 gluten
1172 2943 1251 2990 est
1296 2936 1655 3007 delictorum,
1682 2940 1741 2991 et
1776 2936 1879 2990 vis-

242 3042 381 3079 cum
438 3026 769 3096 toxicatum,
818 3045 932 3099 quo
991 3028 1241 3083 diabolus
1296 3034 1628 3101 aucupatur.
1680 3031 1875 3084 Incon-

247 3136 393 3189 grua
426 3125 508 3174 est
540 3121 807 3176 sodalitas
844 3123 1208 3191 feminarum,
1240 3141 1481 3195 quarum
1518 3124 1873 3178 sodalitatem
1899 3139 1953 3215 ρ

245 3214 324 3267 ita
357 3230 462 3267 nos
503 3231 728 3269 rursum
770 3217 1030 3271 Salomon
1073 3218 1233 3273 docet
1274 3218 1329 3271 in
1364 3218 1627 3273 omnibus
1664 3234 1872 3287 praeca-

243 3324 379 3361 vere
416 3325 428 3362 :
457 3330 483 3357 ‹‹
511 3309 651 3363 Cum
677 3310 879 3376 aliena,
912 3310 1120 3382 inquit,
1148 3312 1390 3367 muliere
1424 3330 1495 3366 nc
1525 3312 1719 3366 sedeas
1750 3328 1876 3366 om-

244 3402 409 3465 nino,
462 3408 517 3455 et
562 3420 632 3456 ne
682 3404 967 3458 alterceris
1018 3423 1147 3460 cum
1193 3406 1287 3461 illa
1322 3407 1379 3460 in
1426 3406 1572 3472 vino,
1615 3422 1686 3459 ne
1726 3406 1876 3459 forte

247 3494 497 3548 declinet
528 3512 621 3549 cor
650 3502 811 3551 tuum
842 3498 898 3551 in
928 3499 1103 3566 illam,
1134 3502 1192 3554 et
1218 3500 1495 3571 sanguine
1536 3503 1631 3553 tuo
1674 3498 1878 3552 labaris

247 3587 305 3640 in
339 3588 720 3657 perditionem
750 3591 958 3659 (Eccli.,
988 3609 1061 3659 ιι,
1092 3592 1201 3661 12).
1235 3615 1262 3642 ››

320 3684 615 3735 Postremo
642 3683 687 3737 si
719 3684 973 3738 animum
1020 3692 1278 3740 nostrum
1319 3685 1651 3740 conﬁdimus
1682 3686 1740 3739 in
1771 3686 1877 3739 hac

247 3773 442 3847 845
476 3776 895 3831 communitate
940 3778 1145 3833 durare
1171 3795 1417 3849 semper,
1447 3780 1533 3833 vel
1560 3780 1697 3833 illud
1724 3778 1877 3849 apud

245 3885 351 3922 nos
379 3869 547 3922 debet
578 3886 697 3923 esse
728 3875 1087 3940 suspectum;
1133 3888 1204 3925 ne
1236 3873 1373 3942 ipsa:
1417 3889 1545 3943 qua:
1579 3873 1875 3927 nobiscum

245 3962 612 4030 conveniunt,
645 3962 703 4016 in
734 3979 836 4017 nos
862 3964 1013 4034 ipsos
1036 3965 1274 4019 forsitan
1306 3971 1663 4031 moveantur,
1692 3970 1790 4019 aut
1820 3966 1877 4019 in

246 4054 457 4107 alteros
488 4071 715 4109 amores
755 4073 875 4126 pra:
920 4058 1111 4128 rapida
1155 4062 1320 4112 aetate
1366 4058 1753 4113 incitamentis
1794 4058 1877 4112 fu-

245 4147 485 4201 rialibus
510 4148 896 4217 stimulentur,
928 4157 981 4204 et
1030 4151 1137 4205 erit
1181 4151 1343 4205 nobis
1386 4168 1550 4205 causa
1590 4155 1689 4205 aut
1726 4151 1878 4222 quod

247 4242 411 4311 pejus
457 4247 558 4306 est,
609 4242 730 4295 sine
784 4260 952 4298 causa
1004 4248 1069 4298 ut
1113 4244 1415 4299 fornicatio
1480 4261 1581 4298 nos
1637 4245 1879 4299 maculet

243 4334 458 4401 aliena,
494 4336 647 4405 apud
678 4353 821 4408 quos
851 4339 1180 4407 suggeritur
1218 4338 1435 4393 caeteris
1463 4338 1682 4391 occasio
1715 4338 1874 4407 lupa-

245 4427 442 4493 naris;
473 4431 527 4481 et
568 4428 809 4483 crimine
857 4430 1026 4483 alieni
1075 4435 1260 4484 reatus
1299 4430 1758 4497 absorbebimur,
1790 4430 1878 4483 cui

1973 1901 2093 1970 jam
2114 1901 2454 1971 justiticatus
2481 1920 2625 1969 sum,
2650 1903 2882 1972 autjam
2904 1905 3189 1974 perfectus
3212 1921 3337 1957 sum
3361 1922 3374 1959 :
3405 1920 3612 1975 sequor

1979 2001 2170 2049 autem
2204 1995 2248 2049 si
2280 1996 2566 2066 quomodo
2600 1996 3102 2067 comprehendam,
3135 1998 3192 2065 in
3227 2015 3338 2068 quo
3372 2003 3426 2052 et
3452 2014 3609 2052 com-

1979 2089 2296 2159 prehensus
2324 2107 2447 2143 sum
2481 2107 2512 2143 a
2550 2090 2790 2145 Christo.
2836 2092 3059 2144 Fratres
3095 2080 3201 2162 ego
3229 2108 3320 2146 me
3360 2108 3472 2146 non
3518 2108 3610 2145 ar-

1978 2181 2158 2235 bitror
2204 2184 2700 2253 comprehendisse
2740 2200 2752 2238 :
2807 2201 2985 2238 unum
3040 2189 3257 2253 tamen,
3298 2186 3614 2255 posteriora

1979 2275 2207 2346 quidem
2238 2276 2596 2345 obliviscens,
2628 2276 2699 2330 ad
2736 2294 2803 2331 ea
2829 2294 2955 2348 quze
2996 2284 3127 2333 sunt
3152 2284 3283 2333 ante
3310 2279 3502 2349 pedes,
3539 2278 3613 2333 ad

1978 2369 2240 2439 regulam
2282 2386 2510 2440 sequor.
2558 2371 2627 2423 ad
2680 2372 2924 2441 palmam
2982 2388 3245 2442 superna:
3300 2372 3612 2428 vocationis

1980 2463 2206 2516 Domini
2242 2464 2423 2517 nostri
2466 2464 2594 2517 Jesu
2640 2464 2866 2519 Christi.
2917 2464 3251 2536 Quicunque
3295 2482 3432 2537 ergo
3477 2482 3610 2537 per-

1978 2556 2107 2609 fecti
2134 2573 2348 2623 sumus,
2381 2557 2490 2611 hoc
2521 2558 2851 2611 sentiamus.
2890 2558 3041 2621 Mihi,
3075 2558 3277 2629 inquit,
3310 2576 3411 2630 pro
3438 2559 3609 2614 mini-

1979 2666 2073 2703 mo
2104 2656 2206 2717 est,
2240 2656 2298 2704 ut
2326 2668 2357 2703 a
2388 2650 2542 2703 vobis
2565 2651 2811 2720 judicer,
2839 2654 2936 2705 aut
2964 2652 3035 2705 ab
3061 2651 3311 2706 humano
3343 2652 3433 2706 die
3467 2670 3479 2707 :
3511 2653 3609 2706 sed

1980 2759 2169 2813 neque
2198 2744 2479 2814 meipsum
2500 2744 2725 2813 judico;
2755 2744 2853 2815 qui
2894 2751 3084 2798 autem
3107 2745 3325 2814 judicat
3353 2762 3465 2811 me,
3500 2747 3607 2799 Do-

1979 2838 2172 2889 minus
2217 2840 2303 2890 est
2334 2838 2370 2906 (1
2402 2840 2541 2898 Cor.,
2574 2854 2644 2905 1v,
2688 2839 2757 2907 3).
2790 2858 2817 2886 ››
2864 2839 2931 2891 Et
2969 2838 3076 2891 alio
3113 2838 3234 2891 loco
3279 2856 3290 2892 :
3325 2859 3353 2886 ιε
3384 2839 3608 2907 Beatus,

1980 2929 2184 3000 inquit,
2217 2930 2311 3000 qui
2342 2947 2456 2985 non
2492 2930 2712 3000 judicat
2748 2931 3140 3000 semetipsum,
3171 2932 3227 2984 in
3260 2948 3372 3003 quo
3404 2931 3609 3002 probat

1980 3023 2155 3076 alium
2191 3025 2384 3095 (Rom,
2416 3042 2526 3091 XIV,
2560 3025 2668 3095 22).
2704 3046 2729 3073 »
2769 3026 3031 3088 Quamvis
3071 3040 3208 3096 ergo
3251 3041 3353 3079 nos
3401 3042 3504 3080 nec
3542 3025 3610 3080 de

1978 3124 2176 3172 nostra
2234 3118 2541 3173 stabilitate
2598 3122 2813 3173 certum
2856 3118 3073 3189 aliquid
3128 3118 3467 3184 habeamus,
3513 3120 3611 3191 qui

1979 3211 2097 3265 sine
2148 3212 2461 3266 cessatione
2515 3213 2891 3280 concutimur,
2944 3213 3094 3267 inter
3154 3212 3357 3267 ﬂuctus
3419 3212 3611 3267 saeculi

1978 3305 2317 3359 sustinentes
2363 3305 2706 3376 procellosos
2756 3306 3046 3373 incursus;
3097 3310 3286 3360 tamen
3342 3306 3387 3359 si
3436 3306 3609 3360 alicui

1976 3401 2138 3452 tanta
2166 3398 2374 3452 ﬁducia
2397 3404 2481 3453 est
2502 3398 2571 3453 de
2594 3398 2992 3453 immobilitate
3021 3400 3268 3469 propriae
3297 3398 3608 3460 firmitatis;

1977 3492 2174 3545 saltem
2206 3491 2474 3545 sollicitus
2502 3492 2860 3559 reformidet,
2908 3509 2978 3546 ne
3011 3493 3126 3562 ipse
3177 3493 3249 3545 sit
3278 3493 3608 3546 scandalum

1978 3585 2185 3638 visibus
2218 3585 2435 3653 alienis,
2464 3586 2558 3639 sed
2605 3588 2885 3640 terreatur
2922 3602 3055 3640 voce
3099 3586 3320 3640 Domini
3369 3586 3610 3639 commi-

1976 3678 2167 3732 nantis
2197 3696 2207 3731 :
2240 3680 2355 3745 Va},
2388 3678 2594 3749 inquit,
2628 3679 2761 3732 huic
2808 3680 3022 3733 mundo
3051 3680 3120 3733 ab
3165 3680 3438 3734 scandalis
3473 3698 3484 3733 :
3516 3697 3609 3733 ve-

1978 3775 2306 3826 rumtamen
2358 3788 2438 3825 va:
2491 3772 2711 3826 homini
2763 3773 2845 3825 illi
2900 3790 3003 3842 per
3053 3790 3223 3843 quem
3278 3774 3611 3827 scandalum

1978 3866 2147 3920 venit.
2181 3866 2235 3920 Si
2267 3865 2370 3919 has
2394 3865 2619 3919 Domini
2652 3866 3125 3920 comminationes
3151 3867 3418 3935 religioso
3441 3867 3613 3923 corde

1979 3960 2293 4013 metuimus
2320 3965 2375 4013 et
2400 3974 2681 4027 veremur,
2716 3960 2844 4029 plus
2884 3959 2953 4012 de
2984 3959 3107 4013 aliis
3139 3976 3307 4029 quam
3352 3960 3419 4013 de
3450 3960 3612 4014 nobis

1978 4054 2407 4107 extimescamus
2449 4052 2766 4123 periculum
2807 4058 3086 4117 nostrum,
3128 4053 3225 4123 qui
3265 4053 3478 4107 mutuis
3523 4054 3611 4122 (ab

1978 4146 2234 4217 apostolo
2275 4146 2472 4215 Paulo)
2520 4147 2629 4215 (28)
2681 4146 3017 4201 utilitatibus
3063 4146 3387 4217 obligamur
3427 4167 3438 4202 :
3490 4148 3609 4201 Non

1981 4256 2107 4310 quae
2138 4256 2238 4293 sua
2265 4244 2415 4305 sunt,
2453 4240 2657 4311 inquit,
2680 4239 2872 4312 846
2903 4240 3113 4311 singuli
3139 4241 3477 4311 cogitantes,
3509 4240 3609 4295 sed

1980 4349 2108 4403 quae
2139 4333 2409 4387 aliorum.
2442 4335 2509 4387 Et
2555 4334 2764 4387 iterum
2798 4351 2809 4388 :
2856 4355 2882 4382 ‹‹
2926 4335 3104 4388 Nemo
3149 4336 3301 4405 quod
3332 4351 3498 4389 suum
3530 4338 3611 4389 est

1985 4432 2225 4497 quaerat,
2253 4426 2353 4479 sed
2374 4428 2522 4498 quod
2558 4427 2791 4481 alterius
2819 4427 2859 4497 (Ι
2891 4428 3035 4489 Cor.,
3066 4444 3119 4491 x,
3151 4430 3261 4497 24).
3298 4449 3325 4477 ››

244 4538 354 4573 nos
384 4522 492 4591 ipsi
515 4522 890 4577 subornamus
920 4524 1299 4579 immunditia:
1322 4502 1962 4594 lenocinium.Prop-D
2057 4520 2161 4574 Sed
2215 4519 2419 4590 aliquis
2466 4520 2745 4590 arripiens
2799 4520 2866 4573 de
2912 4521 3035 4590 ipso
3081 4522 3250 4575 Paulo
3306 4522 3455 4591 quod
3507 4536 3608 4590 0p-

246 4618 336 4667 ter
391 4618 539 4684 quod
590 4618 880 4688 apostolus
937 4617 1143 4671 Paulus
1189 4619 1258 4672 de
1315 4618 1593 4673 similibus
1650 4618 1729 4671 ita
1783 4635 1889 4671 nos
1989 4617 2163 4684 ponat
2197 4630 2210 4667 :
2243 4634 2269 4661 ‹‹
2305 4612 2721 4684 Unusquisque,
2763 4612 2966 4683 inquit,
3006 4619 3251 4667 vestrum
3291 4630 3393 4683 pro
3434 4631 3491 4667 se
3524 4630 3610 4667 ra-

244 4709 503 4777 instruit,
552 4710 743 4764 dicens
790 4727 801 4764 :

242 4802 679 4870 scandalizatur,
704 4804 826 4873 jam
871 4821 987 4859 non
1019 4805 1077 4859 in
1122 4805 1400 4859 charitate
1437 4805 1712 4859 ambulas.
1762 4804 1885 4857 Noli

851 4732 877 4761 α
922 4712 975 4766 Si
1022 4715 1255 4782 propter
1300 4728 1487 4766 escam
1534 4712 1715 4765 frater
1756 4715 1888 4764 tuus
1989 4708 2204 4761 tionem
2254 4706 2451 4762 reddet
2495 4708 2647 4775 Deo;
2705 4709 2764 4760 et
2808 4708 3196 4778 unusquisque
3241 4724 3403 4761 suam
3450 4707 3614 4761 sarci-

1988 4818 2119 4853 nam
2150 4800 2401 4871 portabit
2442 4800 2637 4871 (Rom.
2670 4816 2779 4865 xiv,
2818 4801 2920 4868 t2).
2962 4821 2988 4849 »
3020 4801 3124 4864 Qui
3166 4817 3280 4855 non
3322 4800 3443 4855 vult
3472 4818 3611 4871 ergo

245 4912 377 4951 esca
433 4902 530 4951 tua
582 4897 745 4951 illum
793 4898 1066 4967 perdere,
1118 4905 1353 4970 propter
1405 4915 1576 4970 quem
1635 4898 1885 4953 Christus
1984 4911 2088 4964 pro
2132 4896 2311 4949 altero
2354 4894 2595 4948 reddere
2634 4894 2933 4959 rationem,
2975 4910 3078 4948 nec
3119 4896 3299 4948 causis
3336 4896 3475 4965 ejus,
3508 4912 3613 4949 nec

244 4994 508 5044 mortuus
564 4995 645 5043 est
692 4992 733 5061 (Ι
790 4991 933 5053 Cor.,
982 5008 1097 5061 vni,
1148 4995 1229 5057 lO,
1281 4992 1385 5062 Η).
1429 5014 1457 5042 ››
1500 4992 1567 5046 Et
1614 4991 1821 5045 iterum
1864 5007 1876 5045 :

244 5106 273 5132 α
321 5083 537 5137 Bonum
567 5087 652 5137 est
682 5101 792 5138 non
824 5085 1166 5139 manducare
1200 5102 1447 5152 carnem,
1471 5102 1657 5157 neque
1685 5085 1879 5139 bibere

242 5177 470 5242 vinum,
516 5194 701 5248 neque
748 5179 1049 5233 ostendere
1106 5180 1211 5249 (27)
1261 5178 1317 5232 in
1370 5196 1481 5250 quo
1530 5180 1702 5233 frater
1750 5183 1879 5233 tuus

242 5268 579 5338 offenditur,
611 5275 708 5325 aut
736 5270 1172 5341 scandalizatur,
1198 5274 1296 5326 aut
1329 5272 1651 5327 inﬁrmatur
1680 5274 1873 5342 (Rom,

1982 4988 2223 5059 negotiis
2290 4987 2463 5041 debet
2532 4988 2819 5057 particeps
2884 4986 3112 5041 illicitus
3173 4989 3489 5054 interesse;
3558 4992 3614 5042 et

1981 5082 2078 5153 qui
2107 5081 2250 5135 liber
2282 5081 2369 5135 vel
2402 5079 2679 5134 immunis
2722 5081 2874 5134 circa
2911 5081 3164 5135 sarcinas
3194 5082 3409 5136 alienas
3439 5098 3609 5136 cona-

1981 5181 2076 5228 tur
2129 5175 2425 5243 exsistere,
2472 5174 2613 5227 nihil
2663 5175 2913 5228 alienum
2964 5179 3245 5229 contraria
3285 5175 3613 5231 conditione

1977 5273 2169 5323 teneat
2196 5268 2346 5322 infra
2384 5284 2460 5323 se.
2493 5269 2635 5323 Nam
2666 5284 2899 5323 necesse
2941 5270 3026 5323 est
3057 5272 3118 5323 ut
3142 5268 3349 5324 rationi
3377 5270 3613 5325 alterius

1592 5409 1752 5472 Edit.
1803 5410 2011 5474 Oxon.
2056 5412 2252 5471 notae.

310 5535 404 5597 (25)
452 5536 532 5583 Ex
575 5536 860 5599 improviso
919 5536 999 5586 vel
1046 5541 1400 5587 transeunter.
1452 5536 1768 5585 Antoninus
1824 5536 1882 5584 in

240 5607 498 5667 transitu,
528 5606 627 5657 sed
658 5607 793 5656 illud
821 5608 904 5657 bis
931 5610 1080 5658 terve
1114 5608 1252 5657 infra
1285 5608 1562 5671 repetitur.
1597 5608 1814 5656 PAMEL.

313 5679 413 5737 (28}
451 5680 553 5727 Aut
583 5680 640 5725 ιή
683 5692 783 5728 usu
820 5678 1115 5742 altquando
1163 5678 1487 5730 dissolvitur.
1539 5677 1879 5729 Remboldus

242 5749 467 5813 legebat
499 5752 554 5797 in
592 5750 723 5811 risu,
756 5764 853 5814 pro
884 5765 994 5814 quo
1032 5751 1296 5801 Erasmus
1330 5751 1538 5802 rectius
1576 5752 1633 5799 in
1672 5750 1875 5813 risum,-

244 5819 349 5872 sed
378 5819 516 5870 illud
547 5820 715 5873 habet
743 5826 852 5872 vet.
884 5834 1005 5874 exc.
1038 5823 1261 5874 PAMEL.

2042 5535 2139 5595 (27)
2190 5534 2367 5596 Neque
2423 5533 2703 5583 ostendere.
2756 5535 2877 5585 Non
2924 5538 3007 5584 est
3058 5534 3207 5584 istud
3255 5534 3419 5585 hodie
3463 5534 3609 5597 apud

1979 5604 2324 5667 Apostolum.
2366 5605 2583 5654 PAMEL.

2043 5676 2134 5737 (28)
2182 5674 2257 5724 Ab
2292 5675 2527 5737 apostolo
2566 5674 2752 5725 Paulo.
2786 5676 3050 5739 Erasmus
3081 5682 3294 5726 testante
3334 5674 3568 5738 Apostolo
3596 5688 3613 5735 ,°

1980 5752 2033 5797 at
2060 5745 2198 5796 illud
2224 5746 2445 5807 arridet,
2474 5747 2601 5811 quia
2633 5747 2714 5795 est
2745 5748 2801 5798 in
2832 5752 2939 5798 vet.
2977 5746 3095 5798 cod.
3136 5748 3353 5797 PAMEL.
