4032 6180
504 290 606 361 923

1073 296 1166 357 ΑΒ
1204 298 1430 358 ΟΡΕΒΑ
1460 297 1516 356 S.
1558 296 1875 357 CYPRIANI
1913 295 2211 355 GENUINA
2249 291 2536 353 APPEND.
2569 294 2634 353 ll.
2678 324 2745 336 --
2785 287 3265 353 SUPPOSITITIA.
3706 295 3794 361 92!.

507 427 852 500 subjiciatur,
919 425 1016 499 qui
1086 427 1383 499 negotium
1459 425 1783 480 tractaverit
1852 423 2122 478 alienum.
2146 420 2430 506 Alitteris
2471 419 2777 489 auditoria,
2812 424 2910 476 aut
2951 420 3336 492 negotiatores
3373 423 3697 478 commerciis
3723 426 3794 480 in-

501 522 730 593 Oportet
756 537 887 576 eum
917 521 1126 576 damno
1167 519 1472 592 perstringi
1498 519 1585 573 vel
1630 517 1927 589 dispendio
1957 516 2128 571 sarci-

499 616 720 680 natum,
755 613 908 686 apud
934 630 1108 686 quem
1136 613 1239 667 sub
1271 613 1456 666 intuta
1496 611 1758 666 custodia
1785 610 1977 666 fratris
2011 626 2126 663 sar-

504 707 645 765 cina
671 709 994 780 perierunt;
1029 708 1160 779 quia
1188 705 1467 778 quidquid
1501 705 1559 759 in
1602 704 1768 759 domo
1808 710 2002 759 nostra
2027 704 2130 758 sub

502 801 692 855 minus
743 801 947 856 idonea
983 801 1156 855 tutela
1187 799 1475 871 perditum
1517 797 1705 864 fuerit,
1747 800 1844 850 aut
1879 797 2130 850 latrones

509 894 861 966 eﬂ'regerint,
891 900 1149 948 nostrum
1180 899 1281 961 est,
1331 895 1388 946 et
1417 908 1450 945 a
1489 891 1651 946 nobis
1680 889 1938 960 exigetur
1965 890 2126 960 quid-

503 989 640 1060 quid
671 1005 771 1059 per
794 988 1056 1042 inertiam
1083 993 1338 1041 nostram
1368 985 1518 1040 male
1546 984 1919 1039 commissum
1951 990 2130 1038 custo-

507 1082 678 1138 ditur.
721 1084 873 1138 Tunc
904 1098 1038 1136 vero
1068 1081 1138 1135 ab
1165 1081 1407 1135 invicem
1446 1078 1611 1133 liberi
1650 1095 1866 1148 sumus,
1906 1079 1952 1132 si
1988 1078 2128 1133 nihil

506 1175 662 1246 apud
689 1191 794 1230 nos
822 1175 890 1230 de
916 1191 977 1229 re
1007 1175 1241 1229 alterius
1267 1177 1603 1228 reservetur.

575 1269 832 1323 Forsitan
862 1267 1064 1339 aliquis
1093 1268 1244 1322 dicat
1276 1284 1290 1320 :
1321 1269 1467 1337 Ergo
1498 1283 1603 1320 nec
1640 1267 1710 1321 ad
1733 1265 1968 1321 domum
1998 1283 2127 1320 ora-

503 1361 672 1416 tionis
715 1361 985 1415 debemus
1031 1361 1249 1430 pariter
1293 1359 1622 1426 convenire,
1659 1375 1730 1412 ne
1777 1359 1981 1430 aliquis
2022 1359 2126 1413 ali-

501 1470 672 1527 quem
725 1453 1081 1508 scandalizet.
1134 1453 1424 1508 Hasreticaa
1473 1452 1836 1524 professionis
1892 1459 1977 1507 est
2023 1454 2129 1506 ista

503 1547 875 1603 contradictio
906 1546 1278 1614 calumniosa,
1310 1563 1440 1617 qum
1486 1546 1559 1600 de
1586 1547 1752 1601 bonis
1791 1545 2125 1617 praescribit,

499 1645 564 1694 ut
609 1642 828 1694 asserat
872 1639 1059 1705 mala;
1104 1646 1162 1693 et
1211 1640 1280 1694 de
1320 1640 1621 1694 sanctitate
1664 1639 2020 1710 praijudicat,
2067 1644 2130 1694 ut

501 1732 932 1787 immunditiam
973 1732 1259 1787 subtiliter
1306 1734 1662 1801 introducat;
1710 1733 1781 1786 de
1826 1732 1983 1787 licito
2035 1749 2123 1786 ca-

501 1825 750 1880 lumnias
778 1826 932 1892 facit,
964 1831 1029 1880 ut
1056 1825 1314 1881 obtinere
1355 1826 1616 1880 illicitum
1645 1790 1856 1897 ’possit.
1889 1790 2202 1896 PropterB

498 1919 648 1989 quod
676 1920 968 1991 apostolus
1006 1919 1207 1973 Paulus
1255 1920 1458 1974 haeresi
1509 1920 1640 1974 huic
1692 1925 1826 1974 ante
1865 1919 2124 1989 praescri-

497 2011 602 2078 bit,
658 2011 854 2066 dicens
909 2032 924 2067 :
979 2035 1004 2062 (ι
1062 2015 1462 2068 Verumtamen
1523 2029 1708 2083 neque
1753 2013 1956 2066 mulier
2005 2011 2126 2066 sine

498 2105 638 2171 viro,
671 2122 854 2176 neque
894 2105 982 2160 vir
1011 2105 1136 2160 sine
1177 2107 1420 2161 muliere
1455 2105 1512 2160 in
1547 2105 1782 2160 Domino
1815 2107 1850 2175 (l
1880 2105 2022 2167 Con,
2051 2121 2124 2172 ιιι,

496 2197 610 2267 11).
664 2220 691 2248 n
738 2198 917 2266 Absit,
971 2198 1140 2264 absit,
1193 2203 1258 2253 ut
1309 2199 1520 2270 ubique
1582 2199 1810 2253 feminae
1867 2198 2124 2269 praascri-

497 2289 727 2360 bantur,
759 2298 858 2345 aut
886 2291 1095 2363 ubique
1121 2292 1418 2363 permissio
1440 2292 1743 2346 tribuatur.
1768 2292 1984 2347 Habent
2003 2293 2126 2346 loca

498 2399 599 2438 sua
635 2384 780 2438 circa
811 2385 1106 2453 maritum,
1136 2386 1283 2440 circa
1317 2385 1485 2454 filios,
1519 2386 1669 2440 circa
1709 2386 1937 2452 fratres,
1979 2385 2128 2440 circa

499 2483 790 2549 parentes,
833 2477 981 2532 circa
1025 2495 1250 2547 servos;
1285 2484 1343 2533 et
1377 2479 1436 2532 in
1481 2479 1654 2534 domo
1697 2478 1967 2534 orationis
2007 2481 2127 2532 tan-

499 2571 801 2625 tummodo
858 2571 1028 2641 juxta
1093 2575 1322 2626 cunctos
1389 2572 1639 2627 clericos.
1704 2573 1762 2626 ln
1834 2572 2126 2627 mansione

504 2667 697 2718 autem
730 2682 862 2730 una,
896 2665 1016 2718 sine
1060 2665 1398 2735 cognatione
1439 2671 1835 2736 competenter
1863 2682 1978 2720 non
2021 2667 2124 2720 ha-

503 2755 642 2810 bent
671 2757 871 2811 socios.
895 2760 1023 2812 Haec
1048 2764 1133 2812 est
1152 2758 1328 2813 libera
1351 2775 1479 2829 quae
1506 2761 1638 2813 stat.
1669 2757 1828 2813 Stare
1850 2775 1982 2813 vero
2008 2776 2126 2814 non

506 2855 694 2920 potest
720 2851 1000 2921 quidquid
1043 2851 1397 2906 inclinaverit
1433 2851 1631 2919 libera,
1670 2851 1894 2906 dicente
1935 2853 2123 2923 Scrip-

499 2944 626 2996 tura
657 2960 670 2997 :
705 2964 732 2990 ‹‹
761 2943 886 2997 Non
921 2943 1230 2997 declinabis
1257 2943 1316 2997 in
1348 2944 1624 3009 dextram,
1655 2961 1841 3016 neque
1871 2946 1929 2999 in
1966 2945 2127 2999 sinis-

497 3037 668 3092 tram.
699 3058 726 3087 ››
761 3037 966 3106 (Deut,
995 3052 1054 3102 ιι,
1099 3037 1210 3105 27).
1253 3038 1320 3091 Et
1357 3037 1633 3090 Dominus
1670 3038 1729 3091 in
1773 3039 2120 3109 Evangelio:

497 3128 659 3192 Quod
685 3130 932 3200 amplius
953 3133 1058 3198 est,
1083 3147 1116 3184 a
1145 3129 1300 3184 malo
1331 3133 1462 3184 est»
1494 3132 1728 3197 (Matth,
1754 3148 1807 3200 γ,
1831 3133 1942 3202 37).
1967 3132 2125 3187 Disce
2145 3149 2200 3226 ρ

493 3238 647 3276 nunc
677 3223 1072 3292 temperantiae
1103 3223 1358 3289 modum,
1390 3223 1488 3294 qui
1519 3240 1620 3294 per
1644 3224 1933 3278 licentiam
1963 3243 2116 3296 quae-

495 3316 574 3370 ris
603 3331 917 3369 excessum.
949 3319 1089 3369 Ama
1117 3316 1360 3370 feminas
1389 3316 1539 3370 inter
1564 3333 1721 3371 sacra
1740 3319 2034 3385 solemnia,
2067 3325 2125 3374 et

496 3407 631 3462 odio
660 3407 809 3462 habe
848 3408 906 3462 in
934 3409 1341 3463 communione
1381 3409 1630 3480 privata;
1662 3411 1708 3464 si
1737 3411 1817 3464 vis
1861 3411 2120 3466 Salomo-

494 3500 585 3554 nis
628 3505 828 3555 tenere
872 3501 1191 3556 doctrinam
1229 3519 1242 3557 :
1279 3523 1305 3552 «
1342 3504 1610 3574 Tempus,
1641 3503 1844 3574 inquit,
1871 3504 2121 3573 amandi,

499 3606 556 3648 et
582 3597 810 3665 tempus
838 3595 1061 3649 odiendi
1093 3595 1306 3663 (Eccle.,
1339 3613 1417 3663 in,
1449 3596 1524 3666 8).
1555 3618 1582 3646 »

563 3689 718 3742 Tunc
777 3703 915 3758 ergo
982 3688 1232 3744 cavenda
1302 3693 1432 3743 sunt
1499 3689 1728 3743 feminas
1793 3689 2119 3761 participia,

494 3779 727 3851 quando
761 3779 980 3850 geritur
1013 3781 1327 3836 carnalium
1368 3798 1631 3836 curarum
1677 3783 1949 3837 continua
1975 3799 2119 3839 una-

490 3872 721 3928 nimiter
776 3873 1110 3944 frequentia
1172 3890 1185 3928 :
1246 3875 1519 3946 quoniam
1580 3875 1730 3929 inter
1779 3892 1945 3930 curas
1997 3893 2122 3930 suas

493 3982 624 4021 caro
680 3982 906 4037 semper
958 3967 1330 4022 incitamenta
1389 3967 1670 4039 cupidinis
1714 3972 2012 4040 provocat;
2066 3975 2123 4025 et

493 4059 607 4114 illic
636 4059 788 4130 parit
834 4060 1090 4115 fomenta
1127 4061 1419 4132 peccandi,
1449 4061 1548 4116 ubi
1589 4066 1936 4132 pertractans
1963 4079 2118 4117 com-

493 4152 667 4206 moda
684 4169 783 4207 sua
803 4153 1129 4225 temporalis
1145 4154 1271 4209 vitae
1283 4154 1721 4225 cogitationibus
1734 4155 1972 4213 senserit
1989 4173 2122 4226 pau-

492 4246 674 4301 lulum
697 4247 938 4301 relaxari
966 4263 979 4314 ;
1010 4247 1156 4302 sicut
1175 4247 1448 4303 Salomon
1472 4248 1689 4314 asserit,
1713 4249 1905 4303 dicens
1929 4266 1942 4304 :
1970 4271 1997 4299 «
2018 4251 2122 4304 De-

489 4339 688 4410 primit
708 4344 934 4394 terrena
961 4341 1230 4410 cogitatio
1257 4357 1483 4395 sensum
1504 4341 1681 4395 multa
1699 4343 2064 4413 cogitantem.
2088 4365 2116 4393 »

489 4432 552 4485 In
596 4437 875 4487 conventu
922 4449 1058 4488 vero
1100 4450 1388 4488 sacrorum
1437 4435 1571 4505 (29),
1605 4434 1701 4489 ubi
1747 4435 1977 4506 spiritus
2016 4436 2116 4491 do-

2231 516 2450 569 stanter
2500 515 2858 583 incumbunt,
2909 519 3006 569 aut
3050 515 3293 569 artifices
3339 514 3394 569 in
3444 516 3663 572 artiﬁcia
3700 517 3799 590 ipsa

2232 608 2496 679 propensi
2523 612 2654 663 sunt
2686 626 2698 662 :
2731 615 2939 680 quanto
2971 610 3151 679 magis
3184 608 3278 662 ubi
3314 625 3424 662 non
3453 611 3658 665 carnale
3681 629 3798 682 opus

2229 701 2548 768 hominum,
2589 702 2684 756 sed
2725 702 2978 774 spiritale
3019 701 3236 773 geritur
3279 703 3799 774 angelorum?Nihil

2229 795 2343 849 illic
2372 795 2840 867 impugnationes
2867 800 3131 868 possunt,
3161 796 3259 850 ubi
3298 800 3355 850 et
3403 797 3504 867 ipsi
3546 798 3802 853 daemones

2229 890 2466 958 cedunt;
2500 894 2556 944 et
2585 892 2736 944 nulla
2761 907 2927 944 sexus
2953 891 3193 961 alicujus
3221 891 3560 961 permittitur
3584 894 3804 947 conside-

2230 982 2343 1036 rari
2371 983 2654 1049 distantia,
2688 983 2780 1037 ubi
2827 1000 2932 1038 nec
2963 987 3117 1050 tetas,
3155 1002 3260 1038 nec
3298 984 3557 1054 dignitas,
3588 986 3674 1039 sed
3703 987 3804 1041 sola

2227 1077 2517 1147 aequalitas
2553 1080 2756 1147 regnat
2785 1094 2798 1131 :
2843 1083 3013 1148 atque
3059 1083 3118 1132 ut
3155 1077 3376 1148 plenius
3410 1077 3608 1143 dicam,
3638 1096 3804 1134 omnes

2228 1169 2345 1225 illic
2383 1171 2522 1225 tales
2553 1185 2747 1224 sensus
2776 1171 3107 1242 accipiunt;
3143 1174 3206 1225 ut
3248 1175 3303 1225 et
3334 1172 3455 1241 ipsa
3479 1172 3806 1242 conjugalitas

2228 1262 2548 1333 ignoretur,
2593 1264 2689 1318 ubi
2720 1264 2978 1319 Christus
3015 1264 3286 1335 loquitur,
3317 1265 3562 1331 auditur,
3593 1266 3802 1320 attendi-

2228 1361 2342 1422 tur,
2372 1362 2424 1410 et
2456 1373 2559 1427 per
2601 1359 2793 1411 omnia
2826 1363 2882 1411 et
2929 1357 2982 1411 in
3031 1359 3299 1412 omnibus
3330 1359 3478 1411 solus
3516 1363 3595 1412 est
3632 1364 3806 1425 totum,

2227 1455 2472 1504 testante
2507 1453 2773 1522 Apostolo
2824 1459 2881 1505 et
2925 1451 3193 1506 dicente:
3243 1472 3270 1500 ‹‹
3315 1452 3416 1506 Ubi
3457 1468 3562 1506 non
3607 1458 3699 1518 est,
3734 1452 3806 1507 in-

2229 1542 2372 1613 quit,
2403 1543 2625 1597 Judteus
2653 1549 2710 1597 et
2739 1544 2980 1611 Greecus,
3012 1544 3368 1599 circumcisio
3401 1548 3456 1598 et
3486 1546 3806 1616 praeputium,

2227 1636 2505 1690 Barbarus
2540 1643 2596 1691 et
2639 1637 2865 1708 Scytha,
2895 1639 3183 1692 masculus
3221 1643 3278 1692 et
3317 1638 3545 1706 femina,
3573 1655 3744 1692 servus
3765 1645 3811 1694 et

2226 1728 2390 1796 liber,
2435 1731 2532 1784 sed
2575 1732 2766 1785 omnia
2812 1738 2867 1786 et
2911 1731 2968 1785 in
3015 1731 3280 1785 omnibus
3322 1733 3568 1786 Christus
3605 1734 3809 1798 (001055.,

2226 1838 2306 1889 ιιι,
2339 1823 2446 1892 Η).
2488 1845 2515 1872 ››
2558 1825 2714 1878 Hunc
2757 1825 2924 1895 plane
2970 1831 3314 1879 conventum
3361 1826 3543 1895 gloria
3583 1829 3661 1879 est
3697 1825 3809 1878 cele-

2225 1915 2394 1969 brare
2423 1932 2553 1970 cum
2580 1917 2827 1985 feminis,
2861 1917 2921 1972 in
2965 1934 3080 1989 quo
3125 1919 3279 1972 nulla
3317 1922 3402 1972 est
3432 1917 3682 1972 discretio
3707 1937 3815 1990 qua-

2225 2007 2414 2076 litatis,
2456 2009 2549 2062 ubi
2581 2013 2806 2064 tantum
2836 2011 2969 2066 licet
3011 2029 3208 2066 omnes
3251 2028 3481 2083 aequare
3511 2012 3626 2065 sine
3653 2013 3812 2083 aliqua

2227 2101 2550 2157 differentia
2585 2119 2599 2157 :
2645 2109 2710 2158 ut
2747 2121 2853 2158 nec
2902 2121 2960 2158 in
3004 2106 3126 2176 ipso
3172 2105 3516 2176 baptismate
3553 2106 3811 2176 cujusdam

2226 2194 2456 2250 nuditas
2483 2196 2802 2265 erubescat,
2848 2197 2940 2252 ubi
2977 2198 3112 2253 Adae
3155 2203 3212 2253 et
3252 2201 3382 2253 Evae
3428 2205 3716 2254 renovatur
3750 2199 3812 2253 in-

2225 2287 2409 2343 fantia
2435 2308 2448 2344 :
2480 2306 2586 2344 nec
2617 2291 2865 2361 exponit,
2896 2292 2993 2347 sed
3021 2291 3207 2363 potius
3235 2294 3445 2364 accipit
3471 2294 3725 2348 tunicam.

2297 2382 2454 2446 Quod
2482 2382 2523 2437 si
2551 2389 2608 2438 et
2634 2384 2751 2439 illic
2778 2385 2824 2439 si
2859 2386 3065 2456 aliquis
3094 2386 3315 2441 diabolo
3340 2388 3524 2459 pejor,
3555 2387 3645 2458 qui
3671 2387 3810 2440 femi~

2231 2493 2438 2530 narum
2474 2476 2795 2548 aspectibus
2828 2479 3088 2546 feriatur,
3117 2480 3186 2535 de
3211 2480 3368 2534 nullo
3398 2485 3585 2537 tamen
3609 2497 3811 2551 congre-

2227 2569 2379 2640 gatio
2419 2576 2600 2625 vestra
2643 2571 2925 2642 culpatur,
2971 2589 3099 2643 quae
3147 2577 3390 2644 prOpter
3433 2574 3686 2642 cmlestia,
3720 2591 3813 2627 non

2225 2665 2461 2732 propter
2512 2669 2741 2718 terrena
2791 2664 3098 2734 colligitur.
3160 2667 3568 2722 Verumtamen
3618 2667 3659 2721 si
3714 2667 3816 2736 quis

2226 2754 2343 2810 illic
2383 2756 2688 2811 luxuriosis
2724 2759 3018 2813 obtutibus
3053 2759 3241 2825 fuerit,
3283 2761 3448 2815 nullo
3495 2761 3660 2815 modo
3700 2761 3811 2814 alle-

2225 2865 2355 2903 rum
2383 2850 2559 2919 laedit,
2591 2851 2686 2922 qui
2721 2868 2838 2906 non
2869 2852 2939 2906 ad
2969 2853 3287 2921 hominem,
3319 2854 3423 2908 sed
3469 2855 3538 2907 ad
3566 2854 3814 2908 Christum

2225 2959 2329 3012 pro
2387 2944 2567 2999 salute
2619 2945 2904 3015 processit.
2959 2946 3284 3010 Quinetiam
3333 2947 3410 3001 de
3469 2947 3581 3001 suis
3623 2953 3812 3001 contra-

2225 3035 2568 3091 dictionibus
2597 3039 3038 3094 contradictores
3073 3040 3396 3103 excludam,
3433 3044 3497 3095 ut
3536 3057 3642 3094 non
3683 3042 3812 3105 meis,

2226 3129 2320 3183 sed
2373 3131 2487 3184 suis
2540 3132 3020 3201 propositionibus
3078 3133 3305 3188 cedant.
3375 3134 3436 3189 Si
3502 3134 3650 3189 inter
3699 3135 3814 3188 festa

2225 3227 2412 3277 sancta
2444 3228 2628 3294 potest
2653 3227 2968 3280 communis
3006 3227 3308 3282 conventio
3338 3229 3712 3293 scandalizari,
3736 3226 3812 3280 ubi

2221 3318 2472 3371 tentator
2508 3318 2627 3388 ipse
2671 3319 2927 3374 diabolus
2957 3321 3227 3386 tremuit;
3261 3323 3392 3392 quis
3437 3323 3552 3377 illic
3590 3322 3810 3376 stabilem

2220 3427 2280 3464 se
2307 3427 2428 3465 esse
2471 3412 2770 3483 promittit.
2802 3413 2902 3466 ubi
2947 3419 3200 3469 tentator
3238 3415 3525 3470 audenter
3563 3415 3812 3470 occurrit?

2221 3509 2279 3560 et
2305 3505 2350 3559 si
2390 3505 2502 3559 illic
2547 3506 2959 3576 periclitamur,
3003 3507 3100 3561 ubi
3137 3508 3231 3562 Dei
3272 3516 3564 3580 praecepta
3593 3526 3687 3563 nos
3712 3524 3814 3561 con-

2221 3603 2485 3668 gregant,
2514 3598 2652 3668 quid
2671 3599 2893 3669 agimus
2920 3600 3015 3654 ubi
3039 3602 3134 3654 Dei
3157 3601 3312 3670 jussa
3335 3618 3446 3657 nos
3465 3601 3815 3673 separantiet

2220 3689 2264 3743 si
2281 3690 2582 3745 turbamur
2597 3692 2731 3760 illic,
2749 3693 2845 3746 ubi
2862 3693 2962 3747 Dei
2977 3693 3264 3749 voluntate
3279 3696 3611 3762 munimur;
3635 3697 3811 3766 quanto

2219 3784 2402 3854 magis
2423 3783 2518 3838 ubi
2547 3801 2656 3838 non
2679 3785 2862 3840 solum
2887 3785 3200 3855 diabolum,
3224 3787 3315 3842 sed
3342 3789 3518 3843 etiam
3542 3787 3810 3843 Dominum

2219 3876 2500 3931 habemus
2529 3877 2872 3934 adversum?
2898 3882 3038 3936 Cum
3076 3882 3458 3935 sacrosanctis
3499 3882 3647 3936 enim
3669 3880 3811 3950 jussis

2219 3969 2383 4025 nobis
2409 3970 2595 4026 divina
2622 3972 2899 4042 protectio
2929 3972 3304 4043 ministratur,
3337 3976 3488 4029 sicut
3526 3975 3686 4030 Isaias
3707 3974 3806 4027 ait:

2221 4085 2250 4113 «
2289 4066 2740 4136 Legem,inquit,
2759 4065 2817 4120 in
2843 4065 3194 4136 adjutorium
3225 4067 3416 4136 dedit;
3447 4069 3568 4122 sine
3581 4065 3810 4138 jussioni-

2217 4153 2324 4209 bus
2353 4171 2486 4209 vero
2526 4154 2733 4209 divinis
2769 4155 2995 4209 nullum
3036 4160 3223 4226 potest
3263 4173 3389 4210 esse
3436 4156 3759 4228 praesidium.
3784 4176 3805 4202 ιι

2289 4248 2449 4304 Aliud
2476 4252 2561 4302 est
2589 4249 2739 4320 quod
2769 4249 2915 4303 Deus
2943 4248 3192 4320 imperat
3223 4250 3435 4317 facere,
3469 4257 3528 4304 et
3565 4249 3705 4304 aliud
3729 4263 3805 4300 vo-

2217 4341 2419 4395 luntati
2459 4342 2580 4413 ejus
2610 4341 2882 4399 obsistere
2915 4360 2929 4398 :
2960 4344 3121 4414 cujus
3159 4344 3237 4397 ita
3266 4350 3404 4398 sunt
3437 4345 3699 4398 mandata
3723 4356 3807 4395 ser-

2220 4435 2419 4503 vanda,
2446 4439 2506 4489 ut
2529 4436 2742 4507 aliquid
2767 4436 3004 4506 jusserit
3031 4437 3184 4507 quod
3228 4439 3556 4492 secundum
3583 4437 3807 4492 homines

496 4525 772 4592 minatur,
796 4526 1002 4580 ancilla
1028 4526 1396 4598 semetipsam
1420 4544 1768 4598 cognoscens
1792 4529 1981 4599 perdit
2003 4547 2117 4585 suae
2135 4511 2196 4585 D
2219 4529 2495 4599 injustum
2522 4545 2643 4583 esse
2672 4529 2952 4595 videatur,
2979 4530 3198 4599 justum
3226 4531 3495 4585 credatur
3525 4535 3582 4585 et
3618 4531 3738 4594 ﬁat;
3764 4529 3808 4580 et

492 4618 800 4689 voluptatis
831 4635 1033 4686 usum;
1075 4619 1264 4690 perdit
1306 4626 1362 4675 et
1395 4621 1589 4676 luxum
1637 4621 1774 4676 dum
1810 4625 2120 4678 tractantur
2217 4622 2498 4692 sijustum
2521 4623 2780 4692 jusserit,
2819 4621 3038 4692 justum
3083 4628 3380 4694 reputetur
3421 4631 3476 4678 et
3523 4625 3661 4677 ﬁat:
3703 4635 3803 4675 cum

488 4711 764 4778 coelestia,
793 4712 930 4766 dum
973 4712 1342 4768 celebrantur
1371 4718 1567 4768 sancta
1589 4712 1777 4786 847
1813 4716 2115 4787 mysteria;
2217 4731 2337 4769 sine
2369 4713 2561 4787 848
2582 4716 2806 4785 justitia
2833 4732 2944 4769 non
2973 4721 3159 4786 potest
3189 4732 3308 4770 esse
3341 4717 3458 4788 (30)
3485 4716 3634 4788 quod
3672 4729 3803 4769 mau-

486 4809 606 4858 tota
654 4805 979 4859 humanitas
1025 4812 1354 4878 occupatur,
1394 4807 1494 4860 ubi
1544 4823 1658 4861 non
1705 4808 1978 4876 humana,
2019 4809 2118 4864 sed
2219 4807 2335 4874 dat,
2365 4809 2462 4879 qui
2491 4811 2690 4879 potens
2735 4815 2820 4862 est
2861 4809 3202 4879 injustitiam
3240 4810 3608 4880 justiticaudo
3641 4822 3802 4861 vocare

485 4898 678 4953 divina
722 4906 852 4953 sunt
891 4899 1084 4954 omnia
1132 4917 1145 4954 :
1189 4900 1283 4954 ubi
1329 4900 1617 4955 veneratio
1659 4901 1743 4956 vel
1794 4905 2010 4957 tremor
2062 4906 2118 4958 et
2209 4900 2512 4972 justitiam,
2546 4907 2601 4956 et
2623 4901 2909 4972 justitiam
2957 4902 3319 4973 reprobando
3346 4903 3680 4973 injustitiam
3705 4915 3804 4972 pro-

483 4998 672 5046 terror
700 4992 1017 5047 incutitur:
1059 4992 1276 5047 animis
1314 4994 1591 5048 universis
1619 4996 1844 5065 sepulta
1875 5001 1956 5049 est
1982 5013 2115 5067 per-
2214 4993 2353 5049 bare
2392 4997 2795 5063 transversam,
2832 4995 2993 5067 cujus
3033 4997 3295 5050 voluntas
3337 5002 3424 5051 est
3467 4997 3583 5051 sola
3615 5001 3667 5051 et
3702 5008 3803 5047 vera

485 5087 634 5141 facta
685 5086 1002 5140 substantia
1053 5087 1318 5141 carnalis.
1370 5089 1530 5142 Inter
1584 5087 1706 5158 ipsa
1752 5089 1873 5143 fere
1928 5091 2111 5144 carnis
2203 5088 2447 5160 justitia.
2479 5087 2534 5143 Si
2575 5091 2729 5144 enim
2769 5094 2952 5144 totum
2985 5089 3139 5160 quod
3169 5090 3448 5160 gerimus,
3473 5090 3545 5157 ad
3573 5090 3672 5144 hoc
3707 5091 3804 5141 tan-

481 5180 859 5237 mercimonia
909 5179 1074 5235 multi
1118 5181 1463 5252 voluptatem
1504 5182 1751 5252 corporis
1788 5184 2109 5256 negligunt,
2209 5185 2506 5240 tummodo
2535 5182 2811 5254 gerimus,
2848 5190 2906 5236 ut
2938 5183 3174 5238 Domino
3205 5185 3566 5254 placeamus;
3587 5182 3801 5255 profecto

483 5274 698 5328 scilicet
736 5273 972 5344 quando
1016 5291 1050 5328 a
1092 5273 1410 5345 legionibus
1461 5276 1724 5329 exercitia
1764 5278 2112 5332 meditantur
2210 5279 2318 5332 hoc
2348 5279 2530 5332 solum
2561 5276 2672 5330 erit
2702 5275 2924 5345 justum
2957 5275 3235 5346 quidquid
3267 5277 3531 5344 voluerit,
3562 5282 3615 5332 et
3644 5277 3798 5346 jusse-

484 5383 798 5437 armorum,
830 5372 927 5422 aut
966 5371 1161 5438 crepat
1205 5367 1401 5421 litibus
1447 5369 1660 5437 forum,
1699 5375 1798 5424 aut
1838 5377 2112 5425 resonant
2210 5373 2304 5439 rit,
2339 5377 2396 5426 et
2440 5368 2759 5442 probaverit
2797 5370 2939 5423 Deus
2968 5369 3056 5422 cui
3095 5371 3324 5440 placere
3363 5370 3656 5440 gestimus.
3687 5369 3801 5422 Nam

1833 5490 1996 5554 Edit.
2035 5495 2243 5559 Oxon.
2278 5497 2476 5554 nota.

543 5611 639 5676 (29)
664 5615 726 5663 In
762 5617 1018 5664 conventu
1055 5627 1174 5664 vero
1208 5627 1504 5674 sacrorum,
1541 5620 1641 5667 etc.
1675 5617 1914 5669 Pulcher
1951 5619 2109 5670 locus
2209 5631 2353 5684 gere.
2392 5617 2610 5666 Paunn.

478 5697 578 5748 pro
613 5685 786 5735 sacris
810 5684 1117 5746 Ecclesiae;
1151 5686 1357 5750 quippe
1377 5685 1470 5736 ubi
1503 5685 1637 5738 dicit
1664 5690 1883 5739 tractari
1910 5689 2108 5740 cceles-
2214 5681 2234 5684 ⁷
2271 5690 2370 5750 (30)
2417 5691 2541 5740 Cum
2582 5687 2699 5736 sine
2737 5687 2944 5751 justitia
2990 5701 3090 5735 non
3137 5691 3301 5749 potest
3340 5698 3464 5735 esse.
3498 5681 3703 5733 Phi-esis
3734 5681 3796 5728 est

481 5757 574 5813 tia,
611 5756 877 5806 celebrari
903 5762 1096 5807 sancta
1124 5760 1399 5822 mysteria,
1432 5772 1572 5822 Opus
1601 5761 1846 5823 spiritale
1877 5761 2108 5823 angelo-
2207 5761 2469 5811 auctoris.
2501 5759 2676 5809 Vetus
2704 5771 2825 5809 exc.
2865 5761 2916 5807 et
2953 5757 3290 5809 Remboldus
3319 5758 3509 5822 legunt
3535 5756 3644 5805 sine
3665 5755 3797 5802 victo-

485 5838 612 5877 rum
639 5827 772 5895 geri,
798 5840 862 5882 ea
898 5827 1000 5882 Dei
1037 5834 1314 5897 praecepta
1349 5844 1452 5884 nos
1483 5843 1817 5896 congregare
1855 5834 1911 5881 et
1951 5832 2108 5883 colli-
2209 5832 2314 5883 ria.
2349 5830 2458 5883 Sed
2486 5844 2598 5882 non
2627 5830 2824 5896 placet.
2857 5830 3076 5881 PAMEL.
