4032 6180
228 240 331 301 925

1328 242 1415 305 DE
1455 246 1981 307 SlNGULARlTATE
2021 246 2474 305 CLERICORUM.

3492 240 3595 309 926

228 388 360 427 cum
394 368 536 426 servi
575 389 690 427 non
727 370 944 444 possint
982 391 1011 426 a
1042 374 1365 445 semetipsis
1395 375 1535 431 scire
1567 376 1706 447 quid
1747 376 1863 430 suis
1884 390 1941 462 Α
1961 374 2221 446 suggerit
2247 375 2617 445 adjutorium,
2648 381 2869 430 tantum
2898 370 3359 432 inobedientibus
3391 366 3586 435 incitat

228 466 481 521 dominis
519 468 747 537 placeat,
780 466 883 522 nisi
928 468 1295 523 dominorum
1328 474 1638 542 sequantur
1672 470 1853 541 impe-

224 562 317 616 ria
374 567 430 617 et
483 561 679 632 utique
734 562 997 617 homines
1065 562 1361 616 hominum
1428 563 1699 617 similium
1755 564 1858 617 sibi

225 673 342 711 non
392 657 620 709 valeant
661 656 977 710 voluntates
1016 672 1343 727 agnoscere,
1392 656 1497 710 nisi
1530 658 1855 727 acceperint

224 749 377 821 quod
430 750 735 803 observent
777 766 789 804 :
837 750 1016 805 multo
1066 750 1247 821 magis
1292 750 1560 804 mortales
1601 751 1859 804 nesciunt

222 843 563 899 immortalis
597 844 693 897 Dei
728 844 1015 913 justitiam
1045 844 1551 915 comprehendere,
1592 845 1700 898 nisi
1738 846 1859 916 ipse

214 937 571 1008 justitiarum
612 953 846 990 suarum
889 937 1157 1007 dignetur
1188 937 1401 992 indicia
1444 938 1856 1006 demonstrare,

224 1032 371 1084 sicut
402 1030 672 1084 Salomon
711 1030 1003 1101 approbat,
1039 1031 1229 1085 dicens
1264 1048 1276 1085 ε
1310 1033 1441 1095 Quis
1477 1032 1629 1085 enim
1664 1032 1854 1087 homi-

218 1140 361 1179 num
406 1124 612 1194 poterit
650 1124 791 1179 scire
832 1124 1132 1178 consilium
1174 1123 1318 1181 Dei?
1347 1128 1446 1178 aut
1485 1125 1611 1196 quis
1650 1126 1857 1195 poterit

218 1218 479 1287 cogitare
512 1218 643 1288 quid
679 1218 815 1271 velit
840 1219 1027 1273 Deus?
1056 1219 1434 1290 Cogitationes
1463 1218 1618 1273 enim
1648 1222 1858 1273 morta-

215 1310 363 1365 lium
412 1311 524 1382 (31)
576 1311 812 1379 timidae,
845 1318 900 1366 et
945 1312 1173 1366 incertae
1218 1312 1583 1382 providentiae
1626 1318 1854 1366 nostrin-

217 1407 438 1476 Corpus
477 1404 627 1458 enim
657 1405 809 1476 quod
836 1407 1235 1476 corrumpitur,
1268 1410 1542 1477 aggravat
1567 1406 1813 1459 animam
1844 1428 1853 1459 :

232 1504 293 1556 et
322 1498 589 1569 deprimit
616 1501 845 1553 terrena
872 1499 1210 1553 inhabitatio
1241 1515 1470 1553 sensum
1504 1499 1680 1553 multa
1707 1499 1859 1570 cogi-

226 1599 468 1649 tantem.
507 1592 738 1647 Difﬁcile
779 1594 1127 1648 aestimamus
1168 1610 1295 1663 quae
1338 1594 1394 1646 in
1428 1598 1579 1647 terra
1617 1595 1769 1659 sunt,
1803 1599 1859 1648 et

229 1704 358 1760 qua:
386 1688 445 1740 in
478 1690 780 1757 prospectu
812 1692 943 1740 sunt
968 1686 1290 1741 invenimus
1319 1703 1445 1741 cum
1478 1688 1700 1741 labore:
1727 1703 1854 1758 quas

1966 475 2282 539 peccatum,
2316 467 2541 522 dicente
2584 469 2849 539 Apostolo
2883 485 2895 524 :
2929 490 2955 517 ‹‹
2987 470 3190 535 Virtus,
3222 469 3428 539 inquit,
3462 487 3591 541 pec-

1960 562 2088 629 cati,
2134 561 2219 614 lex
2266 564 2303 621 (Ι
2339 561 2483 624 Cor.,
2528 578 2613 627 xv,
2660 562 2769 631 56).
2804 584 2829 611 n
2868 562 2975 627 Qui
3010 579 3112 617 nos
3157 580 3293 631 ergo
3330 563 3506 632 jussit
3538 569 3598 617 ut

1957 653 2019 708 in
2049 655 2223 709 sacris
2251 654 2367 708 suis
2397 669 2525 707 cum
2554 653 2783 709 feminis
2811 653 3251 724 triumphamus,
3282 656 3398 726 ipse
3420 655 3590 728 jubet

1958 750 2022 801 ut
2050 747 2309 816 privatim
2343 763 2565 816 pugnas
2596 746 2867 801 femineas
2898 763 3214 802 caveamus.

2030 842 2172 894 Sunt
2202 840 2472 911 equidem
2501 839 2867 894 necessitates
2901 839 3047 905 aliae,
3079 857 3203 910 quae
3231 857 3333 895 nos
3363 858 3587 913 quoque

1957 932 2220 1003 privatim
2281 933 2523 987 feminas
2572 932 2763 986 videre
2824 932 3187 1003 compellant,
3247 935 3345 988 sed
3412 936 3585 991 etiam

1958 1026 2095 1096 ipsze
2116 1026 2290 1079 divini
2313 1026 2499 1097 operis
2522 1026 2607 1079 vel
2632 1026 2901 1096 prtecepti
2930 1026 3220 1097 imperant
3242 1026 3581 1095 efﬁcaciam,

1959 1122 2023 1172 ut
2048 1118 2357 1186 visitemus,
2390 1124 2449 1172 ut
2486 1119 2683 1173 solatia
2724 1119 3095 1189 prtebeamus,
3126 1122 3191 1172 ut
3221 1119 3583 1175 hortamenta

1958 1212 2143 1265 vitalia
2160 1212 2464 1266 salubriter
2480 1212 2842 1266 intimemus:
2868 1228 2968 1265 nec
2989 1216 3176 1266 tamen
3203 1217 3260 1266 et
3276 1212 3333 1265 in
3359 1212 3444 1266 his
3465 1212 3589 1266 offi-

1959 1304 2060 1358 ciis
2081 1304 2266 1359 minor
2281 1321 2413 1359 cura
2429 1306 2649 1375 agenda
2665 1310 2745 1359 est
2765 1322 2866 1375 pro
2886 1306 3138 1359 moribus
3153 1306 3383 1374 nostris,
3404 1310 3467 1361 ut
3479 1305 3589 1361 cla-

1956 1402 2181 1452 rescant
2202 1399 2258 1451 in
2278 1404 2469 1451 nostra
2491 1399 2816 1468 Operatione
2836 1398 3043 1453 indicia
3065 1398 3344 1468 puritatis.
3366 1398 3585 1453 Severi-

1956 1495 2040 1544 tas
2066 1508 2178 1544 non
2203 1491 2365 1557 desit,
2392 1508 2519 1561 qum
2541 1491 2643 1544 sub
2665 1492 2866 1545 clerico
2887 1491 3165 1545 feminam
3184 1491 3362 1561 possit
3380 1492 3589 1545 astrin-

1958 1586 2097 1651 tere,
2119 1589 2180 1639 ut
2202 1584 2385 1655 ipsam
2411 1584 2848 1639 consolationem
2881 1590 3132 1638 nostram
3162 1584 3430 1654 suscipiat
3452 1586 3584 1655 (32),

1956 1694 2085 1731 cum
2132 1683 2401 1745 tremore,
2447 1683 2503 1732 et
2550 1678 2629 1733 ita
2673 1676 2876 1733 sentiat
2918 1677 3258 1732 visitationis
3298 1676 3585 1743 affectum,

224 1752 287 1831 in
338 1752 493 1831 caelis
549 1752 739 1829 autem
787 1778 937 1843 sunt,
993 1774 1119 1844 quis
1164 1775 1561 1846 investigabit?
1612 1752 1930 1829 SensumB
1958 1772 2018 1824 ut
2056 1769 2325 1825 clericum
2370 1774 2688 1826 veneretur.
2733 1774 2807 1823 Ae
2853 1787 2926 1824 ne
2976 1770 3189 1824 tardius
3226 1770 3299 1823 sit
3348 1770 3581 1840 evagari

224 1872 416 1923 autem
451 1874 613 1921 tuum
646 1868 773 1938 quis
800 1867 920 1933 scit,
944 1867 1050 1921 nisi
1081 1872 1141 1921 tu
1168 1867 1395 1922 dederis
1417 1868 1465 1922 ei
1494 1868 1851 1939 sapientiam,

234 1967 292 2015 et
336 1960 557 2015 miseris
601 1960 875 2031 Spiritum
925 1966 1184 2014 sanctum
1227 1960 1296 2014 de
1342 1960 1674 2016 altissimis?
1704 1962 1771 2016 Et
1806 1962 1855 2015 si

226 2061 495 2108 correcta:
532 2057 663 2107 sunt
701 2053 917 2107 semitae
959 2070 1156 2107 eorum
1196 2053 1292 2125 qui
1333 2053 1391 2107 in
1422 2059 1573 2108 terra
1614 2058 1764 2122 sunt,
1798 2059 1856 2108 et

225 2164 355 2217 quze
386 2146 486 2200 tibi
520 2146 745 2217 placent
773 2146 1077 2201 didicerint
1107 2146 1389 2214 homines,
1419 2150 1475 2201 et
1502 2164 1604 2219 per
1635 2148 1856 2219 sapien-

223 2241 364 2294 tiam
399 2240 580 2293 sanati
619 2243 779 2309 sunt;
825 2240 1183 2295 ambulantes
1218 2241 1278 2295 in
1315 2241 1563 2295 tenebris
1599 2241 1851 2296 sibimet-

224 2334 359 2404 ipsis
390 2334 584 2411 lumen
613 2350 724 2387 non
757 2337 995 2405 possunt
1033 2334 1354 2401 ostendere,
1384 2334 1490 2387 nisi
1520 2335 1854 2389 ultroneum

223 2428 475 2499 seipsum
510 2444 619 2481 non
648 2428 965 2482 videntibus
995 2427 1193 2482 offerat
1226 2428 1439 2484 lumen.
1474 2430 1558 2483 Ita
1600 2430 1856 2483 humana

224 2521 448 2575 caecitas
488 2521 558 2574 ad
606 2523 783 2576 Deum
828 2538 941 2575 non
990 2521 1185 2591 dirigit
1231 2522 1398 2588 viam,
1449 2521 1555 2576 nisi
1602 2522 1720 2592 ipse
1765 2523 1853 2575 lu-

222 2631 456 2669 cernam
505 2614 643 2685 legis
694 2614 977 2669 ostendat.
1024 2614 1179 2669 Unde
1224 2615 1398 2669 David
1447 2616 1525 2669 sic
1576 2615 1851 2686 loquitur,

221 2708 421 2761 dicens
456 2725 468 2762 :
503 2710 814 2763 «Lucerna
854 2713 956 2775 est,
1004 2708 1206 2779 inquit,
1256 2709 1489 2778 pedibus
1536 2710 1679 2762 meis
1727 2725 1849 2762 ver-

219 2800 360 2855 bum
392 2809 575 2869 tuum,
606 2806 663 2856 et
688 2802 784 2855 lux
813 2801 1029 2855 semitis
1057 2802 1201 2855 meis
1236 2804 1397 2869 (Psul.
1434 2819 1616 2871 cvaII,
1656 2802 1796 2871 105).
1825 2824 1851 2851 ››

1952 1880 2058 1935 per
2075 1863 2317 1934 singula,
2343 1866 2534 1919 tecum
2559 1862 2831 1934 quicquid
2852 1864 3094 1933 agimus,
3120 1863 3430 1916 honestum
3454 1878 3577 1916 esse

1954 1962 2158 2028 potest,
2203 1957 2247 2010 si
2298 1974 2525 2027 semper
2569 1956 2626 2010 in
2676 1955 2835 2011 nobis
2881 1957 3044 2027 signa
3096 1956 3404 2010 honestatis
3462 1956 3580 2010 elu-

1954 2055 2121 2105 ceant
2150 2067 2163 2105 :
2195 2050 2339 2104 sicut
2376 2050 2585 2105 Paulus
2622 2049 2908 2120 apostolus
2946 2049 3207 2103 universa
3242 2049 3577 2119 complexus

1954 2149 2058 2210 est,
2092 2144 2286 2198 dicens
2328 2160 2341 2198 :
2387 2164 2415 2193 «
2446 2143 2645 2199 Omnia
2682 2146 2868 2197 vestra
2907 2142 3143 2197 honeste
3182 2141 3321 2196 ﬁant
3356 2142 3401 2213 (Ι
3439 2142 3584 2209 Con,

1952 2252 2066 2305 xiv,
2122 2236 2233 2306 40).
2302 2256 2331 2286 »
2395 2239 2464 2292 Et
2526 2237 2792 2291 iterum:
2851 2256 2881 2285 «
2944 2236 3101 2291 Sicut
3162 2235 3581 2306 praecepimus,

1953 2330 2158 2401 inquit,
2198 2329 2372 2396 vobis,
2421 2334 2485 2384 ut
2530 2330 2769 2384 honeste
2814 2328 3115 2383 ambuletis
3164 2329 3203 2397 (Ι
3256 2328 3455 2395 Thess,
3509 2344 3580 2396 Iv,

1956 2426 2063 2494 ll).
2094 2443 2121 2473 ››
2160 2424 2278 2477 Non
2314 2422 2463 2477 bene
2504 2422 2753 2476 succedit
2781 2422 3057 2493 quidquid
3090 2421 3281 2491 agitur
3320 2420 3533 2491 passim
3565 2438 3579 2475 :

1952 2520 2009 2569 et
2059 2518 2315 2569 sanctum
2368 2531 2485 2569 non
2528 2520 2629 2581 est,
2676 2514 2831 2587 quod
2878 2514 3097 2585 geritur
3143 2518 3433 2584 sanctum,
3476 2514 3582 2569 nisi

1954 2611 2144 2662 sancte
2209 2609 2359 2679 quod
2424 2611 2683 2661 sanctum
2743 2612 2825 2661 est
2881 2611 3208 2677 peragatur,
3275 2607 3417 2661 sicut
3476 2607 3581 2661 Sa-

1952 2701 2145 2756 lomon
2200 2701 2417 2769 asserit,
2472 2701 2661 2755 dicens
2710 2718 2722 2754 :
2781 2721 2808 2749 «
2851 2700 2960 2764 Qui
3008 2699 3161 2754 enim
3211 2699 3585 2754 custodierint

1945 2794 2097 2865 juste
2140 2795 2311 2865 juste,
2354 2793 2819 2865 justiﬁcabuntur
2862 2793 3037 2863 (δίψη
3084 2809 3158 2861 v1,
3216 2793 3323 2863 lt).
3376 2816 3403 2843 η
3454 2792 3577 2848 Sin-

220 2898 291 2951 Et
338 2895 589 2949 iterum:
624 2898 1030 2965 «Przeceptum
1069 2896 1293 2950 Domini
1337 2896 1589 2949 lucidum
1637 2895 1853 2949 illumi-
1953 2888 2162 2941 ceriter
2224 2904 2360 2958 ergo
2441 2886 2731 2940 sinceritas
2792 2886 2910 2956 ipsa
2992 2885 3269 2939 servanda
3339 2888 3458 2953 est;
3525 2888 3584 2939 et

219 3006 370 3044 nans
396 2990 586 3043 oculos
620 2991 785 3058 (Psal.
809 3005 963 3055 XVIII,
993 2992 1064 3059 9).
1096 3009 1122 3040 )›
1154 2991 1263 3044 Hoc
1291 2992 1375 3044 est
1396 3006 1532 3060 ergo
1556 2990 1853 3044 luciferum
1955 2997 2124 3034 omne
2155 2980 2302 3051 quod
2331 2980 2441 3034 νοὶὶ
2472 2984 2555 3034 est
2584 2978 2716 3050 (33),
2746 2978 2914 3033 etiam
2955 2978 3013 3033 in
3050 2982 3177 3032 actu
3214 2978 3579 3049 signandum,

219 3083 601 3154 quodcunque
645 3082 819 3136 fuerit
859 3099 891 3136 a
936 3084 1049 3137 Deo
1092 3083 1458 3149 intimatum;
1493 3088 1549 3137 et
1591 3083 1701 3137 hoc
1739 3084 1851 3137 Deo

1958 3090 2023 3127 ne
2066 3073 2220 3127 aliud
2274 3077 2398 3127 vota
2443 3072 2873 3138 commendent,
2929 3077 2983 3125 et
3031 3071 3187 3125 aliud
3242 3075 3401 3126 actus
3450 3072 3583 3125 iusi-

1958 3172 2133 3188 _-_-_L
2192 3168 2270 3188 ῐτ--
2290 3166 2452 3188 Δὲμ---
2494 3166 2780 3188 _._-‘L_._J-
2828 3168 2903 3188 --l
2942 3164 3217 3188 ε---ι;ι--ι;,.
3252 3166 3559 3188 ..ΑΙ--..1-Δ.-

221 3176 465 3245 dignum
494 3218 507 3243 ,
560 3175 712 3246 quod
768 3176 887 3246 ipse
939 3178 1081 3230 Deus
1132 3176 1409 3231 voluntati
1460 3192 1575 3229 suae
1643 3164 1927 3229 fatetur“
1955 3172 2156 3220 nuent.
2192 3166 2455 3237 Undique
2493 3166 2787 3237 probanda
2825 3168 2909 3219 est
2942 3164 3221 3219 institutio
3252 3166 3581 3231 voluntatis,

220 3274 555 3338 acceptum,
622 3273 685 3323 ut
738 3272 999 3323 exerceat
1054 3286 1159 3340 per
1216 3269 1415 3323 omnia
1474 3268 1847 3323 dominatum.
1951 3270 2007 3318 et
2052 3263 2302 3334 undique
2338 3262 2824 3317 consummandus
2863 3268 2948 3317 est
2988 3278 3183 3316 cursus
3223 3262 3580 3332 uniuscujus-

217 3358 453 3428 Alioqui
512 3376 617 3412 nec
678 3375 783 3413 nos
843 3359 991 3411 servi
1046 3358 1517 3424 adscriberemur,
1576 3374 1678 3411 nec
1734 3357 1852 3428 ipse
1953 3372 2064 3427 que
2114 3358 2472 3425 certaminis;
2518 3373 2587 3410 ne
2634 3356 2823 3409 minus
2866 3356 2937 3409 sit
2985 3354 3204 3426 aliquid
3248 3355 3319 3408 ad
3373 3356 3580 3409 trium-

221 3452 496 3507 Dominus
533 3451 859 3518 haberetur,
893 3451 937 3504 si
980 3451 1290 3505 secundum
1329 3452 1678 3506 voluntatem
1723 3466 1847 3505 nos-

221 3549 372 3598 tram
443 3546 904 3615 permitteremur
968 3545 1303 3615 impendere
1362 3545 1724 3611 servitutem,
1794 3551 1850 3599 et

217 3638 457 3692 arbitrio
497 3644 689 3692 nostro
732 3654 845 3691 non
888 3638 983 3692 Dei
1028 3637 1369 3708 eligeremus
1408 3638 1850 3693 exercitamenta

214 3730 473 3801 justitiaz.
502 3730 659 3783 Tales
692 3731 893 3784 Paulus
928 3732 1217 3800 apostolus
1248 3731 1566 3797 vannificat,
1598 3731 1792 3785 dicens
1831 3750 1844 3785 :

223 3848 250 3874 «ι
287 3826 641 3894 lgnorantes,
675 3824 878 3894 inquit,
916 3824 1014 3877 Dei
1043 3824 1345 3893 justitiam,
1376 3827 1433 3877 et
1460 3841 1620 3878 suam
1655 3826 1847 3879 volen-

218 3924 307 3973 tes
336 3920 600 3983 statuere,
622 3917 859 3986 justitia:
886 3916 981 3971 Dei
1010 3933 1123 3970 non
1152 3924 1283 3971 sunt
1309 3918 1543 3988 subjecti
1576 3921 1763 3985 (Rom,
1792 3936 1846 3988 x,

222 4012 301 4080 3).
349 4032 377 4058 ››
418 4010 711 4064 Tollantur
754 4027 905 4063 nunc
950 4027 980 4064 e
1025 4010 1215 4065 medio
1256 4011 1526 4081 ambages
1568 4013 1687 4065 ista:
1732 4018 1847 4067 tam

219 4118 403 4167 vanae,
462 4105 514 4152 et
580 4099 947 4169 querimoniae
1011 4099 1260 4153 inaniter
1320 4100 1709 4155 calumniosze.
1767 4102 1846 4156 Ad

222 4194 505 4265 Spiritales
556 4198 712 4246 actus
773 4208 901 4245 cum
957 4192 1204 4260 feminis,
1258 4193 1371 4246 Deo
1427 4193 1679 4263 juvante,
1732 4211 1849 4249 non

222 4287 535 4342 metuimus
570 4285 831 4353 adunari,
860 4285 957 4355 qui
987 4302 1089 4356 per
1112 4285 1206 4339 Dei
1226 4285 1539 4356 jussionem
1564 4287 1847 4356 justitiam

220 4398 326 4435 nos
357 4379 640 4433 credimus
676 4378 917 4449 operari,
962 4394 1025 4431 ex
1068 4395 1182 4449 qua
1220 4378 1383 4433 nobis
1412 4380 1620 4433 scimus
1656 4378 1844 4433 muni-

1948 3451 2150 3521 phum,
2224 3450 2269 3503 si
2334 3466 2447 3504 non
2510 3450 2732 3521 plenius
2800 3449 3121 3503 dimicetur.
3176 3449 3315 3503 Hinc
3376 3450 3581 3503 Paulus

1949 3543 2238 3613 apostolus
2328 3543 2636 3597 introducit
2710 3543 3047 3597 documenta
3127 3542 3504 3596 certaminum
3564 3559 3577 3597 :

1952 3657 1981 3688 ε(
2022 3637 2133 3691 Sed
2172 3640 2230 3691 et
2258 3636 2355 3706 qui
2392 3636 2447 3690 in
2479 3652 2685 3706 agone,
2717 3636 2923 3706 inquit,
2961 3638 3161 3702 certat,
3194 3652 3308 3689 non
3351 3651 3583 3690 corona-

1948 3730 2119 3796 bitur,
2167 3729 2275 3783 nisi
2323 3729 2577 3799 legitime
2630 3730 2928 3783 certaverit
2981 3728 3047 3799 (ll
3101 3732 3260 3790 Τίτη..
3316 3744 3376 3795 II,
3426 3731 3497 3793 5).
3550 3750 3577 3779 ››

1949 3826 2017 3879 Et
2049 3823 2259 3877 iterum
2287 3839 2301 3876 :
2341 3843 2367 3873 α
2398 3822 2650 3888 Nescitis,
2690 3822 2898 3892 inquit,
2936 3821 3207 3892 quoniam
3240 3821 3337 3892 qui
3369 3821 3429 3875 in
3460 3825 3577 3874 sta-

1950 3917 2044 3971 dio
2087 3920 2321 3970 currunt
2349 3931 2547 3969 omnes
2587 3915 2817 3985 quidem
2862 3917 3120 3979 currunt,
3155 3914 3253 3967 sed
3296 3930 3441 3967 unus
3484 3931 3577 3967 ac-

1948 4010 2083 4080 cipit
2143 4008 2423 4062 hravium.
2480 4006 2566 4062 Sic
2622 4006 2867 4073 currite,
2929 4010 2989 4061 ut
3050 4006 3572 4077 comprehendatis.

1948 4103 2145 4158 Omnis
2172 4102 2322 4155 enim
2352 4101 2449 4171 qui
2476 4102 2534 4155 in
2566 4117 2748 4171 agone
2777 4099 3089 4163 contendit,
3121 4100 3192 4154 ab
3220 4101 3493 4155 omnibus
3520 4117 3580 4155 se

1948 4196 2195 4251 abstinet
2226 4212 2239 4249 :
2270 4198 2327 4248 et
2362 4194 2441 4247 illi
2475 4194 2707 4265 quidem
2744 4200 2805 4248 ut
2836 4193 3264 4265 corruptibilem
3307 4210 3579 4249 coronam

1948 4288 2262 4358 accipiant,
2321 4304 2420 4341 vos
2483 4295 2673 4342 autem
2736 4288 3126 4358 incorruptam
3188 4290 3230 4357 (Ι
3291 4291 3433 4350 σον..
3500 4304 3575 4347 Ix.

1948 4385 2035 4449 24,
2076 4385 2183 4451 25).
2226 4403 2253 4431 ››
2288 4380 2588 4436 Plenitudo
2622 4384 2707 4436 est
2747 4397 2884 4451 ergo
2925 4381 3256 4449 sanctitatis,
3296 4388 3351 4435 et
3390 4382 3579 4452 palma

219 4477 419 4528 menta
448 4472 710 4543 supponi.
741 4471 1006 4525 Privatim
1028 4488 1179 4539 vero,
1208 4473 1633 4526 continentibus
1654 4478 1922 4549 quam-D
1948 4475 2191 4545 perfecta
2234 4476 2362 4546 (34),
2401 4480 2464 4529 ut
2515 4491 2583 4528 ex
2625 4474 2782 4528 omni
2826 4478 2983 4544 parte
3040 4492 3232 4529 secum
3302 4491 3418 4528 non
3480 4474 3577 4527 ha-

220 4569 536 4638 plnrimum
588 4565 809 4619 clericis
859 4570 915 4618 et
948 4565 1299 4635 virginibus,
1355 4566 1625 4636 hospitia,
1685 4583 1846 4636 sepa-

220 4660 408 4714 randa
430 4663 579 4725 sunt,
609 4659 743 4730 quia
763 4658 909 4729 quod
937 4659 1080 4711 Deus
1098 4657 1357 4728 iniquum
1375 4658 1848 4729 judicat,justum

222 4770 345 4808 esse
385 4769 497 4806 non
528 4757 735 4823 potest.
771 4752 1219 4806 Contubernium
1248 4757 1433 4805 tamen
1473 4753 1576 4805 etsi
1608 4753 1757 4806 nulla
1790 4752 1847 4806 in

220 4848 345 4918 ipso
372 4846 742 4900 contubernio
763 4844 955 4917 849
984 4845 1160 4915 turpis
1180 4845 1534 4899 consuetudo
1559 4852 1845 4912 noscatur,

221 4940 519 5005 accendit;
585 4938 721 5009 quia
786 4938 1127 5009 impossibile
1190 4942 1275 4993 est
1336 4939 1719 5009 integritatem
1776 4941 1847 4994 ad

220 5032 520 5087 victoriam
581 5032 913 5103 pervenire,
965 5048 1092 5102 quas
1153 5032 1441 5086 contendit
1494 5036 1691 5086 contra
1755 5033 1847 5087 Dei

218 5128 380 5197 iussa
434 5141 710 5197 pugnare.
757 5125 1045 5188 Quantum
1101 5125 1258 5179 enim
1299 5125 1389 5180 lex
1453 5125 1849 5181 obedientibus

1948 4568 2082 4621 beat
2125 4568 2276 4638 quod
2321 4572 2574 4634 recuset;
2618 4585 2688 4622 ne
2732 4567 2885 4638 quod
2926 4566 3224 4638 profitetur
3254 4567 3458 4632 odisse,
3502 4571 3579 4621 te-

1950 4660 2143 4714 nendo
2176 4660 2438 4715 videatur
2466 4678 2677 4715 amare.

2022 4754 2179 4819 Quod
2222 4756 2266 4808 si
2306 4754 2511 4825 aliquis
2546 4754 2721 4807 dicit:
2754 4753 3052 4823 Captivum
3099 4758 3268 4809 teneo
3310 4752 3575 4807 adversa-

1948 4848 2099 4902 rium
2134 4864 2348 4913 meum,
2387 4848 2475 4901 cui
2513 4863 2736 4916 semper
2768 4846 3059 4913 iusultem,
3096 4846 3285 4901 videat
3320 4864 3395 4900 ne
3436 4847 3578 4900 forte

1948 4939 2142 5012 850
2172 4940 2440 4994 adversus
2485 4956 2617 4994 eum
2664 4939 2918 5009 captivus
2964 4940 3199 5011 incipiat
3246 4940 3575 5011 praevalere.

1948 5036 2250 5104 Nunquam
2283 5048 2510 5089 securus
2556 5049 2687 5087 cum
2728 5033 2997 5088 thesauro
3035 5034 3180 5088 latro
3220 5036 3449 5088 tenetur
3488 5033 3575 5086 in-

1947 5128 2134 5182 clusus
2184 5144 2197 5181 :
2250 5144 2355 5181 nec
2404 5127 2550 5181 intra
2602 5142 2785 5182 unam
2835 5143 3068 5181 caveam
3125 5126 3394 5183 habitans
3443 5142 3575 5180 cum

1552 5265 1714 5328 Edit.
1764 5265 1970 5329 Oxon.
2019 5269 2213 5326 notae.

285 5372 387 5434 (3t)
426 5373 777 5437 Cogitationes
821 5373 957 5420 enim
1003 5368 1325 5420 mortalium.
1374 5371 1547 5422 Recte
1593 5372 1674 5421 sic
1720 5370 1852 5421 Gra-

218 5444 348 5492 vius
378 5446 432 5492 et
460 5442 761 5502 Morellius,
787 5455 885 5506 pro
912 5455 977 5491 eo
996 5440 1143 5504 quod
1171 5441 1263 5489 alii
1285 5442 1623 5504 cogitationes
1644 5443 1852 5489 immor-

215 5513 433 5564 talium.
465 5514 599 5563 Nam
633 5513 717 5562 sic
758 5512 932 5562 habet
973 5511 1113 5562 liber
1142 5512 1459 5575 Sapientia,
1488 5525 1653 5575 quam
1686 5510 1851 5561 Salo-

218 5585 407 5633 monis
458 5582 616 5631 titulo
664 5583 812 5643 citat,
859 5581 1137 5646 quomodo
1177 5585 1233 5632 et
1279 5582 1442 5646 paulo
1480 5588 1602 5646 post
1648 5582 1850 5632 librum

218 5654 606 5704 Ecclesiastici
655 5654 873 5702 Ρωιει..

289 5725 383 5786 (32)
419 5726 477 5772 Ut
498 5727 659 5786 ipsam
686 5722 1095 5773 consolationem
1117 5729 1355 5774 nostram
1382 5725 1656 5788 suscipiat.
1678 5725 1853 5776 Vetus

220 5808 469 5849 excusas
510 5807 576 5847 ac
617 5794 974 5857 Remboldus,
1003 5796 1057 5845 et
1090 5794 1198 5847 hoc
1236 5800 1293 5848 et
1330 5796 1621 5862 sequentia
1652 5796 1855 5862 plurali

1950 5383 2183 5420 numero
2209 5370 2422 5431 legunt,
2447 5369 2545 5419 sed
2581 5370 2846 5432 praecedit
2876 5370 3143 5432 feminam.
3173 5370 3388 5421 Pana.

2014 5441 2113 5499 (33)
2147 5442 2210 5489 Et
2245 5442 2389 5490 omni
2423 5441 2564 5504 quod
2602 5442 2709 5490 voti
2748 5446 2835 5490 est.
2871 5440 3274 5492 Confirmatum
3312 5441 3447 5492 hinc
3472 5454 3581 5489 vo-

1950 5517 2069 5562 tum
2112 5512 2341 5562 tacitum
2390 5512 2657 5561 castitatis
2697 5525 2977 5562 annexum
3018 5512 3302 5564 caalibatui
3340 5512 3581 5562 clerico-

1951 5597 2094 5643 rum,
2123 5583 2192 5633 de
2217 5597 2327 5647 quo
2349 5584 2514 5646 paulo
2541 5586 2662 5645 post
2695 5586 2955 5646 apertius.

2015 5656 2116 5716 (34)
2140 5655 2208 5703 Et
2239 5653 2425 5717 palma
2455 5653 2704 5717 perfecta.
2748 5654 2894 5705 Hinc
2931 5659 3157 5718 apparet
3206 5657 3374 5717 atque
3410 5653 3577 5702 etiam

1951 5725 2059 5788 legi
2086 5724 2289 5776 debere
2312 5739 2324 5773 :
2357 5738 2495 5773 unus
2516 5725 2710 5788 accepit
2737 5725 2993 5789 palmam.
3026 5724 3182 5778 Sicut
3210 5724 3418 5789 ubique
3447 5723 3578 5787 legit

1953 5795 2284 5863 Cyprianus.
2319 5796 2540 5850 Ρωι..
