4032 6180
499 257 602 323 927

1063 261 1150 322 AD
1187 262 1409 323 OPEBA
1447 267 1500 323 S.
1544 265 1854 323 CYPRIANI
1892 265 2186 325 GENUINA
2223 265 2510 323 ΑΡΡΕΝΙ).
2551 263 2618 321 II.
2659 293 2727 306 -
2766 261 3242 322 SUPPOSlTITlA.

3712 267 3801 324 928

500 389 636 462 lupo
675 394 829 446 tutus
867 393 948 446 est
990 406 1188 462 agnus.
1232 394 1354 463 Ipse
1397 409 1454 447 se
1499 395 1672 447 voluit
1699 395 1952 465 superari
1988 395 2118 466 (35),
2145 393 2506 480 Asimplices
2551 392 2769 446 animos
2814 392 2885 446 ad
2930 391 3198 446 castitatis
3248 395 3373 446 vota
3417 391 3670 446 servanda
3705 411 3716 446 :
3759 403 3806 449 et

501 485 598 556 qui
640 485 857 539 hostem
902 487 1198 556 proprium
1241 486 1300 540 in
1341 503 1471 541 suas
1514 491 1705 557 portas
1746 488 2013 557 induxit;
2067 493 2124 543 et

500 577 834 632 intestinum
872 578 1122 650 gladium
1159 580 1263 634 sibi
1294 581 1412 651 ipse
1449 581 1762 652 supposuit,
1797 583 1893 653 qui
1930 583 2120 637 locum

500 672 863 728 habitationis
907 689 1022 726 sum
1067 674 1372 728 adversarii
1424 675 1771 745 ingressibus
1814 675 2121 743 reseravit;

503 770 560 820 et
605 767 704 838 qui
748 767 926 821 fretus
979 771 1064 822 est
1104 768 1425 822 conversari
1476 784 1604 822 cum
1661 768 1944 834 scandalo,
2003 769 2124 824 sine

500 875 666 915 causa
709 861 846 915 dicit
887 862 994 932 (36)
1027 878 1040 916 :
1082 863 1312 915 Pacatus
1352 878 1474 915 esse
1515 863 1640 916 volo
1681 878 1810 915 cum
1858 862 2118 931 diabolo;

499 959 695 1008 contra
740 955 1068 1024 Apostolum
1107 955 1390 1010 dicentem
1424 972 1438 1009 :
1469 975 1496 1003 ‹‹
1539 955 1721 1009 Nolite
1760 956 1946 1010 locum
1989 956 2125 1010 dare

503 1047 728 1102 diabolo
777 1049 1012 1118 (Ephes.,
1057 1066 1126 1115 iv,
1176 1049 1286 1119 27).
1326 1069 1351 1098 ιι
1388 1049 1557 1103 Omni
1603 1065 1740 1120 ergo
1781 1049 1954 1104 modo
2004 1065 2123 1103 mu-

499 1141 743 1194 niendus
782 1147 866 1195 est
891 1142 1045 1196 locus
1088 1142 1179 1196 ubi
1209 1141 1380 1196 fuerit
1413 1143 1712 1196 thesaurus
1738 1142 2122 1210 absconditus,

499 1249 572 1287 ne
603 1250 701 1304 per
731 1250 904 1288 unam
942 1250 1244 1288 cavernam
1281 1237 1467 1289 totum
1509 1235 1787 1305 parietem
1827 1237 1972 1289 latro
2013 1237 2124 1289 suf-

498 1327 694 1382 fodiat.
725 1330 865 1382 Nam
901 1327 946 1380 si
985 1310 1192 1381 deforis
1233 1344 1566 1399 expugnans
1597 1329 1688 1382 vix
1720 1330 1898 1382 muris
1935 1329 2126 1400 expel-

500 1420 653 1489 litur,
712 1425 988 1491 quantum
1044 1421 1245 1475 valebit
1293 1421 1337 1475 si
1400 1421 1548 1476 intra
1600 1439 1792 1478 muros
1844 1422 2126 1493 acceperit

501 1512 923 1568 habitaculum?
963 1515 1028 1568 Et
1061 1514 1108 1568 si
1151 1515 1235 1569 illi
1273 1514 1368 1586 qui
1413 1521 1608 1570 contra
1650 1533 1782 1571 eum
1826 1515 2121 1586 claudunt,

498 1606 836 1678 aliquotiens
862 1608 933 1662 ab
961 1608 1162 1663 eodem
1196 1610 1518 1680 capiuntur;
1553 1613 1763 1680 quanto
1793 1609 1978 1680 magis
2004 1610 2121 1676 ille,

502 1700 598 1771 qui
625 1701 921 1756 ultroneus
955 1701 1033 1755 illi
1067 1702 1400 1773 patefecerit
1431 1703 1771 1773 ingressum,
1801 1702 2124 1775 decipitur?

497 1796 637 1850 Cum
682 1795 830 1849 dicat
874 1796 1137 1851 Salomon
1187 1813 1201 1851 :

499 1887 745 1956 injustus
803 1888 896 1942 ubi
949 1889 1175 1960 parebit
1232 1891 1430 1959 (Prov.,
1477 1907 1554 1958 x1,
1611 1893 1697 1957 3t;
1757 1893 1777 1944 Ι
1825 1893 1994 1956 Petr.,
2044 1906 2120 1959 1v,

504 1981 636 2050 t8)?
677 2003 703 2031 »
742 1981 949 2036 Omnes
989 1999 1128 2054 ergo
1175 1984 1350 2050 rimzn,
1393 2000 1464 2038 ne
1508 1983 1692 2037 dicam
1737 1987 1935 2054 portas,
1975 1983 2125 2038 clau-

504 2074 706 2128 dendae
737 2078 889 2142 sunt,
941 2092 1011 2130 ne
1053 2091 1154 2147 per
1193 2093 1369 2130 unum
1410 2078 1668 2130 foramen
1711 2083 1891 2132 castra
1931 2077 2125 2131 omnia

502 2172 877 2237 penetrentur
905 2186 918 2224 :
950 2172 1008 2222 et
1038 2169 1302 2223 universa
1333 2170 1736 2241 componenda
1765 2175 1896 2224 sunt
1936 2171 2126 2224 muni-

504 2266 716 2329 menta,
752 2279 821 2316 ne
859 2279 962 2332 per
987 2263 1270 2317 modicum
1311 2281 1424 2318 non
1467 2264 1752 2318 munitum
1787 2267 1900 2318 tota
1931 2264 2128 2318 civitas

503 2357 653 2422 ruat,
687 2355 828 2409 sicut
863 2355 1124 2410 Salomon
1167 2357 1390 2426 repetit,
1437 2357 1633 2411 dicens
1662 2375 1674 2411 :
1707 2378 1736 2406 κ
1768 2357 1874 2422 Qui
1910 2358 2129 2428 spernit

505 2447 753 2513 modica,
785 2449 1064 2518 paulatim
1096 2449 1259 2503 cadet
1289 2451 1392 2519 (37)
1431 2452 1636 2518 (Eccli.,
1671 2466 1778 2518 xxx,
1811 2451 1883 2519 l).
1919 2473 1946 2500 »

577 2541 662 2593 Fit
707 2541 891 2595 studio
926 2544 1030 2608 (38)
1079 2547 1270 2597 autem
1316 2544 1485 2614 hujus
1529 2544 1934 2614 perversitatis,
1974 2544 2125 2598 arbi-

503 2637 645 2699 tror,
677 2637 798 2687 uta
835 2635 1050 2689 clericis
1088 2637 1158 2690 ad
1186 2636 1656 2691 communitatem
1698 2637 1911 2691 femina
1949 2638 2128 2708 magis

505 2743 672 2797 quam
717 2729 998 2782 masculus
1038 2728 1297 2799 eligatur.
1338 2729 1626 2800 Numquid
1663 2735 1883 2784 tantum
1921 2730 2131 2784 mulier

506 2820 695 2874 utilior
755 2825 839 2874 est
902 2822 1216 2877 commodis
1281 2823 1489 2890 clerici,
1553 2829 1833 2894 quantum
1897 2824 2130 2895 prodest

506 2915 786 2968 masculus
825 2916 1138 2983 continens,
1183 2917 1268 2970 vel
1305 2933 1449 2987 puer
1482 2919 1728 2972 masculo
1772 2917 2131 2972 continenti?

505 3011 614 3061 Aut
645 3008 765 3078 ipsa
805 3008 914 3062 erit
943 3009 1153 3063 decens
1192 3009 1422 3077 utilitas,
1458 3027 1628 3081 quam
1666 3011 1932 3065 indecens
1972 3028 2127 3065 com-

505 3101 753 3154 munitas
800 3102 983 3156 facit?
1035 3105 1099 3156 Et
1157 3103 1250 3156 ubi
1300 3104 1406 3157 erit
1465 3103 1620 3174 quod
1671 3103 1937 3158 Salomon
1989 3105 2066 3158 ait
2111 3121 2206 3200 :C

512 3215 538 3242 «
566 3195 746 3248 Omne
773 3195 982 3249 animal
1011 3195 1196 3266 diligit
1225 3196 1409 3250 simile
1436 3196 1538 3250 sibi
1567 3199 1779 3266 (Eccli.,
1810 3214 1924 3264 xui,
1952 3198 2034 3266 t9)
2056 3197 2129 3252 ?»

505 3289 572 3340 Et
625 3288 831 3341 iterum
886 3305 898 3342 :
957 3309 983 3336 «
1041 3289 1293 3342 Volatilia
1355 3291 1423 3343 ad
1487 3289 1594 3344 sibi
1661 3289 1869 3344 similia
1923 3306 2127 3344 conve-

511 3379 676 3434 niunt
713 3380 923 3453 (Eccli.,
964 3398 1127 3450 xxvu,
1163 3382 1266 3452 10).
1311 3405 1338 3432 ››
1377 3383 1484 3438 Sed
1517 3386 1570 3436 et
1610 3383 1654 3436 si
1691 3384 1903 3438 femina
1939 3384 2134 3438 utilior

511 3474 888 3542 existimatur,
939 3491 1054 3530 non
1102 3475 1396 3545 oportebat
1452 3477 1697 3530 carnalia
1749 3478 2134 3532 emolumenta

507 3587 840 3642 praeponere
882 3572 1222 3627 utilitatibus
1264 3573 1604 3644 spiritalium
1643 3575 2130 3630 commodorum:

512 3670 568 3719 et
607 3665 936 3736 expediebat
968 3666 1425 3738 qualemcunque
1465 3667 1648 3722 virum
1679 3669 1936 3723 inutilem
1968 3670 2131 3723 susti-

511 3775 645 3814 nere
685 3776 788 3830 pro
820 3760 1232 3815 existimatione
1275 3761 1603 3829 munienda,
1636 3779 1805 3833 quam
1846 3763 2027 3818 bonos
2059 3763 2136 3817 ef-

507 3853 690 3906 fectus
733 3852 984 3908 mulieris
1024 3853 1131 3925 (39)
1163 3871 1292 3908 cum
1333 3855 1755 3910 existimatione
1787 3857 2130 3927 turpissima.

508 3946 669 4010 Quod
725 3946 991 4002 Salomon
1045 3952 1351 4019 comparat,
1406 3949 1598 4003 dicens
1643 3966 1656 4004 :
1708 3970 1735 3999 ‹‹
1787 3950 1976 4006 Melior
2027 3955 2132 4017 est,

509 4039 714 4110 inquit,
769 4040 1038 4112 iniquitas
1098 4042 1225 4110 viri,
1285 4059 1456 4113 quam
1514 4042 1872 4097 benefaciens
1928 4044 2137 4098 mulier

510 4133 718 4202 (Eccli.,
749 4151 897 4201 xLiu,
925 4134 1032 4203 14).
1056 4135 1377 4190 Artiﬁcialia
1407 4140 1539 4190 sunt
1557 4139 1748 4208 itaque
1773 4153 1998 4208 semper
2022 4137 2137 4191 dia-

509 4227 622 4281 boli
675 4228 978 4298 veneficia,
1033 4228 1238 4299 quibus
1291 4230 1584 4300 ingenium
1640 4247 1754 4284 sum
1810 4231 2136 4287 calliditatis

510 4334 801 4386 exercens,
835 4319 1222 4375 sanctimoniae
1256 4321 1477 4376 deditos
1523 4323 1732 4377 dolosis
1766 4325 2134 4380 commodita.

508 4411 656 4466 tibus
687 4412 850 4482 juvat
891 4418 954 4467 ut
999 4413 1195 4484 perdat
1238 4432 1250 4469 :
1294 4419 1349 4469 et
1387 4415 1538 4470 inter
1577 4418 1936 4472 continentes
1975 4418 2136 4489 quasi

2219 2170 2448 2240 junctos

2224 485 2674 558 impugnationis
2706 502 2821 540 sua:
2859 502 3020 541 arma
3057 485 3374 540 subducens
3409 485 3642 550 interim,
3673 491 3806 559 quasi

2227 580 2477 651 placidus
2535 582 2724 634 fautor
2789 581 3040 651 suggerit
3089 578 3272 652 851
3322 580 3618 634 sanctitatis
3668 597 3808 651 argu-

2226 679 2435 741 menta,
2466 674 2644 728 donec
2671 673 2884 728 diutius
2913 675 3064 728 inter
3093 674 3291 727 ambos
3317 673 3598 728 inimicam
3626 676 3808 730 nutriat

2225 767 2605 822 concordiam.
2657 767 2812 821 Facit
2854 766 3105 822 aﬂ‘abiles
3149 766 3254 821 sibi
3294 767 3531 822 invicem
3569 772 3622 821 et
3647 769 3806 823 deser-

2225 862 2362 928 vire,
2397 866 2454 915 et
2479 867 2798 914 assensator
2833 861 3072 914 infestus
3116 860 3525 932 impedimenta
3551 877 3808 917 removens

2225 956 2509 1023 universa,
2553 955 2866 1008 commodis
2896 971 3092 1008 eorum
3123 955 3331 1025 gaudet
3359 954 3650 1008 efﬁcaciam
3682 971 3811 1010 com-

2226 1049 2489 1117 modare;
2525 1054 2589 1102 ut
2631 1053 2747 1102 tota
2793 1065 2885 1103 eos
2928 1048 3290 1119 sibimetipsis
3322 1047 3646 1102 necessitate
3681 1065 3811 1103 com-

2226 1141 2522 1208 menelaus,
2565 1141 2830 1196 exhibere
2865 1159 2962 1196 eos
3000 1142 3173 1212 possit
3218 1142 3277 1196 in
3317 1141 3644 1195 alterutrum
3677 1142 3810 1196 solita

2225 1235 2607 1289 consolatione
2638 1235 2907 1306 pendere.
2938 1237 3062 1290 Non
3091 1235 3205 1289 vult
3238 1252 3331 1290 eos
3368 1235 3425 1289 in
3457 1234 3633 1306 aliquo
3655 1235 3806 1305 impc-

2224 1327 2364 1394 dire,
2408 1344 2478 1381 ne
2526 1333 2749 1398 separet
2785 1333 2902 1383 tam
2945 1329 3269 1399 spiritaliter
3309 1344 3482 1399 quam
3522 1329 3808 1384 carnaliter.

2225 1423 2590 1476 Inconcussos
2639 1423 2808 1476 efﬁcit
2851 1423 3058 1489 vivere,
3103 1438 3176 1476 ne
3219 1423 3343 1492 ipsa
3381 1422 3648 1476 societatis
3677 1421 3811 1475 initia

2223 1515 2535 1570 immaturo
2577 1518 2831 1586 tempore
2867 1515 3080 1570 foedera
3123 1521 3303 1586 coepta
3350 1514 3691 1569 conturbent.
3731 1516 3809 1569 Us-

2223 1624 2333 1679 que
2379 1609 2522 1663 adeo
2574 1609 2716 1675 illos,
2763 1607 3084 1664 videntibus
3128 1609 3369 1676 cunctis,
3414 1608 3485 1662 ad
3532 1607 3808 1678 perfectum

2225 1701 2534 1755 sanctitatis
2588 1701 2804 1769 invitat,
2858 1702 3028 1770 fovet,
3088 1702 3340 1756 sublevat
3394 1719 3407 1756 :
3465 1707 3526 1755 ut
3579 1701 3668 1756 Dei
3713 1717 3810 1754 esse

1257 1817 1284 1845 ‹‹
1331 1797 1388 1851 Si
1426 1769 1613 1868 justus
1662 1769 1763 1850 vix
1801 1769 1984 1850 salvus
2039 1769 2201 1866 ﬁt,B
2228 1800 2560 1865 computent
2606 1795 2882 1849 beneficia
2923 1795 3043 1865 ipsa
3091 1795 3398 1861 contraria,
3440 1794 3634 1866 quibus
3668 1793 3806 1847 indu-

2225 1891 2431 1943 cuntur
2459 1894 2524 1943 ut
2559 1891 2833 1959 pereant;
2863 1890 3178 1943 nescientes
3213 1905 3506 1959 nunquam
3547 1889 3710 1942 Deum
3735 1888 3810 1956 ju-

2225 1998 2356 2036 vare
2388 1982 2538 2054 quod
2577 1987 2746 2037 vetat.
2794 1982 3008 2046 Quibus
3047 1983 3106 2037 in
3149 1988 3372 2036 tantum
3407 1981 3652 2035 diabolus
3679 1979 3811 2034 blan-

2229 2076 2386 2130 diens
2435 2075 2796 2130 securitatem
2843 2083 3126 2147 praeparat
3165 2076 3578 2138 sanctimonia,
3618 2081 3672 2129 ut
3711 2091 3814 2126 con-

2521 2186 2579 2224 se
2653 2169 2840 2240 magis
2901 2171 3187 2224 aestiment
3253 2185 3430 2240 quam
3508 2169 3810 2237 disjunctos,

2227 2263 2548 2318 immobiles
2591 2263 2741 2317 circa
2783 2262 3080 2317 libidinem
3125 2263 3441 2333 perdurare
3488 2279 3500 2316 :
3542 2278 3676 2332 quos
3710 2277 3812 2314 cum

2228 2356 2384 2410 omni
2425 2356 2829 2428 tranquillitate
2877 2357 3180 2423 deducens,
3233 2356 3408 2410 nullis
3454 2354 3697 2426 procellis
3737 2359 3815 2406 aut

2227 2450 2491 2504 ﬂuctibus
2521 2450 2836 2520 inquietat;
2879 2455 2934 2504 et
2965 2450 3117 2504 velut
3155 2451 3212 2503 in
3257 2449 3446 2504 medio
3486 2449 3621 2502 mari
3659 2447 3813 2502 minus

2228 2545 2420 2597 cautos
2461 2543 2682 2597 inducit
2711 2544 2965 2596 relaxare
3011 2543 3156 2608 vela,
3203 2559 3308 2596 nec
3350 2557 3600 2613 quaerere
3640 2541 3813 2610 guber-

2226 2637 2448 2702 nacula,
2484 2642 2544 2690 ut
2581 2635 2764 2690 subita
2801 2639 3136 2704 tempestate
3178 2635 3516 2703 concitatos,
3553 2634 3816 2702 naufragos

2229 2746 2297 2784 ex
2344 2731 2628 2799 insperata
2659 2729 3039 2783 commotione
3081 2728 3439 2799 submergat.
3483 2730 3628 2781 Hanc
3665 2725 3816 2798 primo

2231 2823 2462 2878 exhibet
2493 2823 2806 2889 lenitatem,
2850 2828 2912 2876 ut
2945 2823 3082 2877 duas
3123 2839 3291 2876 naves
3333 2823 3579 2876 oblectet
3606 2820 3671 2874 ad
3695 2819 3813 2873 invi-

2231 2933 2352 2972 cem
2403 2917 2745 2984 convenire;
2780 2933 2923 2987 quas
2964 2934 3094 2970 cum
3133 2916 3325 2970 fecerit
3357 2917 3605 2985 junctas,
3645 2929 3812 2982 repen-

2231 3011 2367 3064 tinis
2404 3009 2721 3064 turbinibus
2764 3009 2821 3063 in
2857 3010 3190 3079 semetipsas
3217 3009 3432 3063 elidere
3460 3009 3567 3078 (41)
3600 3007 3752 3077 possit
3774 3007 3817 3059 et

2233 3105 2500 3173 frangere
2535 3121 2548 3158 :
2585 3108 2641 3157 et
2669 3103 2754 3156 bis
2794 3103 2972 3156 utitur
3007 3103 3436 3168 blandimentis,
3471 3105 3530 3155 ut
3561 3097 3816 3153 subtractis

2232 3198 2494 3252 omnibus
2549 3197 2753 3266 jaculis
2810 3213 3177 3268 compescens
3236 3197 3494 3262 adversa,
3548 3207 3814 3265 suggerens

2233 3307 2522 3362 prospera,
2559 3289 2752 3344 tandiu
2787 3290 3033 3359 sopitum
3066 3291 3259 3359 ignem
3301 3290 3424 3342 sine
3459 3287 3580 3341 ullis
3609 3284 3815 3340 ﬂammis

2234 3386 2474 3438 occultet
2516 3383 2650 3455 (42),
2703 3383 2883 3437 donec
2926 3383 3067 3436 duas
3119 3383 3330 3436 faculas
3377 3382 3642 3452 jungens,
3679 3376 3815 3432 simul

2233 3478 2426 3532 ambas
2458 3477 2728 3531 accendat
2758 3495 2770 3530 :
2803 3479 2862 3530 et
2890 3475 3089 3529 tandiu
3125 3479 3302 3529 cessat
3337 3475 3563 3529 saevitiae
3601 3489 3703 3526 sua:
3728 3469 3817 3524 tela

2235 3587 2595 3641 supponere,
2664 3570 2846 3624 donec
2922 3569 3065 3624 sicut
3136 3570 3350 3639 peritus
3428 3572 3655 3623 venator
3707 3579 3817 3635 quos

2234 3665 2518 3719 occisurus
2569 3667 2653 3717 est
2704 3664 2890 3733 laquei
2943 3662 3028 3715 sui
3085 3662 3323 3716 vinculis
3371 3663 3584 3732 alliget.
3631 3662 3693 3713 At
3743 3655 3816 3710 ubi

2234 3756 2613 3812 indissolubili
2668 3762 2863 3811 catena
2917 3755 3202 3810 devinctos
3253 3755 3649 3821 adstrinxerit;
3695 3749 3817 3805 velut

2234 3851 2441 3906 lanista
2503 3850 2759 3920 protinus
2823 3849 2966 3904 duos
3031 3849 3378 3922 gladiatores
3437 3849 3687 3903 adversus
3746 3845 3815 3896 in-

2234 3943 2415 4000 vicem
2477 3943 2771 4014 compellit
2833 3943 3084 4011 armari;
3149 3948 3206 3997 et
3257 3942 3502 3997 subinde
3563 3938 3818 3995 stimulans

2233 4037 2514 4107 membra,
2579 4037 2770 4091 statim
2834 4036 3058 4107 gladios
3123 4040 3301 4107 aptat,
3372 4035 3561 4090 statim
3623 4045 3815 4086 succen-

2235 4131 2316 4186 dit
2368 4130 2668 4196 insaniam,
2728 4135 2784 4184 et
2833 4129 3124 4184 vulniﬁcos
3179 4129 3477 4199 amplexus
3518 4127 3814 4198 impingens,

2235 4228 2542 4294 utrumque
2599 4223 2766 4277 simul
2822 4239 2935 4277 uno
2987 4223 3101 4277 ictu
3166 4222 3487 4277 mortiﬁcat.
3545 4220 3629 4276 Sic
3675 4215 3817 4285 expli-

2236 4323 2328 4373 cat
2379 4318 2531 4390 quod
2577 4323 2707 4372 ante
2758 4320 3027 4388 praestare
3078 4317 3320 4383 videtur,
3374 4317 3455 4370 sic
3504 4316 3569 4370 de
3613 4305 3814 4381 simplici

2235 4411 2509 4467 charitate
2554 4427 2813 4466 amorem
2859 4411 3067 4465 conflat
3106 4409 3384 4477 illicitum,
3428 4409 3506 4462 sic
3535 4423 3631 4478 per
3657 4400 3816 4457 sancti-

510 4503 821 4557 nccessaria
851 4505 1239 4560 emolumenta
1276 4507 1488 4562 mutuis
1519 4508 1972 4578 adjuvaminibus
2004 4505 2216 4579 sub-D
2240 4508 2409 4559 tatem
2455 4505 2561 4558 sibi
2609 4504 2828 4558 inducit
2877 4503 3166 4558 interitum
3192 4521 3207 4571 ;
3259 4503 3397 4556 dum
3443 4504 3723 4556 contentus
3752 4499 3812 4547 est

508 4593 857 4662 ministrans,
891 4595 1009 4666 agit
1050 4597 1207 4668 prius
1248 4600 1563 4654 masculum
1595 4603 1651 4654 et
1687 4601 1978 4655 fceminam
2021 4602 2129 4670 (40)

510 4689 724 4757 pariter
763 4692 1113 4759 conversari;
1161 4696 1223 4746 ut
1267 4697 1565 4764 postquam
1605 4693 2013 4764 inseparabiles
2055 4695 2133 4750 fe-

508 4781 651 4836 cerit
694 4798 796 4853 per
828 4784 1097 4840 alterutra
1139 4785 1352 4854 solatia,
1398 4787 1578 4857 possit
1620 4787 1878 4843 occidere
1931 4789 2130 4843 dantes

2240 4598 2462 4666 cedere,
2511 4599 2588 4652 sic
2635 4598 2783 4651 valet
2834 4597 3037 4651 fortius
3085 4612 3389 4666 occupare;
3434 4600 3489 4650 et
3529 4595 3656 4648 dum
3693 4604 3811 4642 sum-

2240 4691 2444 4746 missus
2485 4692 2592 4762 (43)
2633 4691 2844 4761 patitur
2881 4689 3250 4760 semetipsum
3280 4689 3533 4759 praebere
3559 4685 3810 4742 devictum,

2239 4786 2316 4840 sic
2373 4785 2596 4857 plenius
2659 4785 2956 4839 devincere
3013 4782 3307 4855 gloriatur.
3367 4782 3535 4852 Cujus
3586 4773 3813 4833 versutias

1863 4944 2026 5008 Edit.
2064 4945 2272 5010 Oxon.
2305 4950 2503 5010 nota.

572 5099 670 5161 (35)
697 5100 810 5161 Ipso
833 5113 888 5149 se
914 5098 1080 5149 voluit
1110 5099 1376 5164 superari.
1406 5100 1526 5150 Vet.
1560 5114 1680 5152 exc.
1713 5105 1767 5152 et
1791 5100 1968 5153 Remb
1982 5101 2139 5163 ﬁdus

504 5171 792 5233 penetrari.
821 5170 1032 5220 PaunL.

573 5240 672 5302 (36)
702 5241 825 5290 Sine
853 5255 1013 5292 causa
1041 5241 1184 5292 dicit.
1212 5242 1332 5292 Vet.
1371 5255 1494 5294 exc.
1525 5256 1627 5293 non
1665 5243 1791 5293 dicit
1817 5259 1829 5292 :
1862 5243 1959 5294 sed
1987 5245 2139 5308 prius

510 5310 706 5374 placet.
742 5313 960 5363 Ρλκει..

573 5382 676 5446 (37)
731 5383 827 5442 Qui
875 5384 1078 5447 spernit
1141 5383 1376 5445 modica,
1434 5384 1691 5445 paulatim
1740 5386 1903 5435 cadet.
1968 5387 2139 5436 Eras-

510 5467 656 5514 mus,
695 5455 858 5515 male,
897 5455 1072 5514 cadit;
1112 5467 1240 5504 nam
1287 5457 1432 5519 prius
1474 5456 1639 5507 habet
1689 5458 2136 5508 Ecclesiasticus.

513 5527 789 5659 Ρῒέἓῖιέίο
823 5596 1005 5647 studeo
1034 5603 1226 5660 autem,
1258 5601 1362 5650 etc.
1402 5600 1521 5649 Hoc
1551 5600 1782 5650 Erasmo
1826 5600 2008 5663 placet
2041 5613 2138 5663 pro

511 5682 576 5719 eo
606 5667 754 5732 quod
784 5672 920 5732 erat,
953 5669 1198 5720 arbitrio.
1229 5670 1547 5736 Legendum
1577 5671 1812 5730 videtur,
1850 5671 1907 5732 ﬁt
1941 5671 2136 5720 studio.

513 5739 869 5874 Ρῒέξῗιὸυαιη
899 5809 1056 5863 bonos
1093 5811 1297 5876 affectus
1333 5812 1586 5862 mulieris.
1615 5811 1880 5862 Erasmus
1904 5810 2136 5874 a/fcctus,

2238 5102 2424 5152 minus
2448 5105 2616 5154 recte.
2651 5102 2874 5152 PAMBL.

2300 5174 2396 5236 (40)
2423 5173 2537 5238 Agit
2566 5174 2718 5238 prius
2745 5171 3041 5222 masculum
3071 5169 3423 5242 atjcminamp,
3456 5173 3559 5242 etc.
3588 5159 3813 5242 Rembolf

2238 5233 2344 5295 dus
2373 5233 2632 5295 omiserat
2658 5242 2980 5302 conversari,
3020 5246 3075 5291 et
3110 5241 3373 5290 Erasmus
3401 5239 3610 5303 legebat
3642 5233 3810 5296 adjicit.

2238 5316 2375 5366 illud
2410 5329 2540 5366 vero
2565 5314 2735 5365 habet
2758 5317 2864 5362 vet.
2895 5325 3016 5363 exc.
3045 5313 3264 5383 Pani“
3312 5381 3321 5383 _
3488 5379 3502 5383 _

2302 5389 2396 5446 (41)
2423 5389 2483 5436 In
2507 5386 2810 5448 semetipsa:
2833 5384 3042 5433 elidere.
3071 5381 3284 5432 Censeo
3311 5379 3600 5445 legendum
3627 5372 3805 5424 illidere.

2241 5459 2458 5506 PAMEL.

2302 5529 2400 5589 (ιῖ)
2450 5529 2621 5591 ιςηοπι
2661 5526 2775 5575 sine
2828 5525 2955 5576 ullis
3004 5524 3228 5589 ﬂammis
3279 5523 3503 5574 occultat.
3556 5518 3706 5591 Recte
3746 5519 3805 5558 διο

2240 5587 2525 5649 Morellius
2555 5602 2610 5649 et
2630 5599 2866 5650 Gravius
2887 5587 3014 5648 cum
3042 5601 3149 5646 vet.
3183 5609 3301 5646 exc.
3330 5599 3382 5646 et
3408 5587 3718 5644 Remboldus
3731 5591 3804 5645 pro

2239 5683 2304 5720 eo
2340 5669 2487 5734 quod
2517 5669 2610 5718 alii
2636 5667 2878 5718 occultat.
2913 5669 3128 5717 PAMEL.

2301 5732 2400 5801 (43)
2444 5741 2503 5789 Et
2546 5740 2666 5789 dum
2701 5739 3023 5789 summissus.
3071 5737 3288 5802 Adjicio
3331 5736 3448 5785 dum
3487 5735 3538 5782 et
3573 5732 3670 5779 vet.
3707 5732 3800 5774 exc.

2239 5813 2456 5864 ΡΑκιη..
