4032 6180
166 206 270 260 929
1269 206 1353 263 DE
1395 204 1920 264 SlNGULARlTATE
1960 206 2411 264 CLERICORUM.
3415 218 3517 274 930

162 330 371 385 Paulus
402 330 685 401 apostolus
717 331 793 385 sic
834 332 1121 405 intelligit,
1158 335 1348 389 dicens
1387 352 1398 389 :
1432 358 1458 383 ‹‹
1490 337 1607 389 Non
1640 335 1790 389 enim
1816 353 1873 425 Α
1894 334 2066 388 tanda
2107 336 2254 389 facta
2292 335 2575 405 majorum
2602 352 2615 403 ;
2648 343 2702 391 et
2730 334 2789 391 in
2824 334 2945 391 aliis
2976 356 3075 393 nos
3112 343 3358 411 aequales
3389 362 3513 399 ma-

160 425 515 494 ignoramus,
558 425 762 495 inquit,
800 428 1031 481 astutias
1069 428 1190 497 ejus
1223 430 1288 499 (ll
1333 430 1475 491 Cor.,
1519 446 1576 495 ιι,
1626 429 1729 497 Η).
1762 451 1788 477 η
1889 427 2111 496 joribus
2166 432 2585 497 protestamur:
2621 447 2747 483 cum
2795 432 2939 484 Elias
2983 433 3105 504 ipse
3152 434 3209 487 in
3254 440 3517 507 angustia

160 518 303 571 Male
334 518 523 588 itaque
566 518 622 572 in
667 520 773 573 hac
814 520 1243 591 participatione
1283 524 1465 591 pacati
1505 528 1652 591 sunt,
1696 524 1794 594 qui
1896 522 2251 589 constitutus,
2296 522 2572 591 imparem
2619 539 2677 575 se
2720 525 2972 592 patribus
3014 528 3128 580 suis
3168 532 3297 583 ante
3336 532 3513 585 Deum

158 611 230 664 ad
276 610 431 665 bella
483 612 810 682 paciﬁcante
856 613 1078 669 diabolo
1124 616 1530 685 perducuntur,
1581 621 1639 671 et
1681 635 1791 670 non

157 704 314 757 bene
357 705 411 759 in
443 706 741 760 sanctitate
780 706 1103 776 proﬁciunt,
1141 708 1347 779 quibus
1382 710 1453 763 ad
1491 710 1795 765 detrimen-

158 805 284 851 tum
317 800 599 867 profectus
627 800 743 870 ipse
775 800 993 854 inimici
1023 801 1260 856 artificio
1288 803 1631 857 subornatur
1656 822 1667 858 :
1694 822 1793 857 nec

160 895 319 944 recto
350 907 516 945 cursu
546 890 862 946 moliuntur
885 894 1249 949 continentiae
1276 896 1454 950 scalas
1484 895 1676 968 852
1709 914 1792 950 as-

157 984 423 1051 cendere,
472 1002 613 1054 quos
659 989 719 1038 ut
765 986 833 1039 de
883 986 998 1040 alto
1044 988 1375 1058 preacipitet,
1423 990 1678 1043 elaborat
1721 991 1790 1044 ad

156 1076 389 1129 culmen
434 1077 790 1131 adversarius
834 1080 1134 1147 protelare_
1169 1082 1272 1135 Sed
1313 1098 1538 1135 necesse
1570 1086 1651 1135 est
1695 1100 1788 1136 ca-

157 1168 321 1223 ducis
362 1171 452 1240 lap
476 1171 610 1224 ibus
650 1171 950 1238 eliduntur,
983 1173 1078 1243 qui
1106 1174 1251 1227 viam
1284 1174 1558 1229 lubricam
1590 1178 1785 1229 tenue-

156 1269 315 1330 runt,
357 1263 425 1317 de
464 1280 577 1334 qua
608 1265 873 1320 Salomon
915 1266 991 1320 sic
1023 1268 1314 1337 praedicat,
1357 1268 1550 1323 dicens
1584 1292 1593 1321 :
1630 1290 1657 1315 ‹‹
1696 1272 1789 1324 Est

152 1355 248 1409 via
295 1372 421 1426 qua:
463 1357 686 1412 videtur
726 1358 878 1429 apud
922 1359 1180 1415 homines
1219 1367 1372 1415 recta
1415 1378 1566 1430 esse;
1601 1363 1785 1416 novis-

153 1452 306 1505 sima
352 1458 544 1507 autem
587 1454 708 1524 ejus
750 1456 991 1510 veniunt
1041 1456 1099 1512 in
1142 1458 1488 1529 profundum
1543 1460 1789 1514 inferno-

152 1562 289 1599 rum
319 1548 520 1613 (Prov.,
550 1564 659 1615 xvr,
693 1547 803 1619 25).
837 1572 865 1599 υ

217 1639 335 1694 Sed
365 1640 527 1693 aiunt
557 1658 569 1695 :
596 1641 653 1695 Si
684 1641 755 1694 de
793 1642 901 1697 hac
926 1644 1328 1713 conjunctione
1374 1645 1566 1700 clerici
1605 1646 1785 1700 deno-

1895 613 2157 667 fateatur.
2214 635 2227 660 ‹
2268 614 2573 683 Numquid,
2618 614 2819 685 inquit,
2865 619 3063 673 melior
3091 637 3216 674 sum
3260 625 3513 692 patribus

1897 708 2040 759 meis
2085 708 2172 773 (Ill
2214 710 2364 773 Reg.,
2408 724 2514 772 nx,
2556 708 2656 773 4)?
2697 732 2723 757 ι»
2763 710 2873 763 Hoc
2912 711 3056 765 Elias
3095 712 3165 765 de
3201 718 3515 770 antecesso-

1896 800 2048 852 ribus
2080 799 2193 851 suis
2230 800 2286 853 in
2324 799 2653 854 infirmitate
2690 818 2787 853 sua
2819 803 3039 872 cogitur
3071 806 3382 863 exclamare
3415 827 3427 863 :
3460 815 3516 864 et

1894 909 1994 944 nos
2028 892 2157 946 Elia:
2186 892 2272 945 vel
2304 893 2611 963 prophetis,
2651 897 2707 946 et
2740 896 3023 964 apostolis,
3058 902 3113 950 et
3142 899 3377 953 Domino
3410 903 3515 956 vir-

1894 992 2074 1038 tutcm
2145 991 2393 1040 nostram
2460 1004 2574 1041 non
2638 987 2962 1043 dubitamus
3014 993 3290 1061 aequare?
3346 995 3512 1049 Video

1892 1078 2059 1148 plane
2119 1080 2195 1132 sic
2251 1079 2359 1147 (47)
2415 1080 2562 1150 apud
2614 1097 2709 1135 vos
2757 1082 2959 1135 calcari
3008 1085 3322 1153 avaritiam,
3372 1088 3514 1142 sicut

1890 1173 2125 1242 apostoli
2193 1173 2416 1243 propria
2474 1178 2672 1227 cuncta
2736 1174 3097 1231 dimiserunt.
3157 1178 3328 1233 Video
3391 1198 3510 1234 cra-

1891 1266 2083 1335 pulam
2379 1270 2434 1319 et
2483 1266 2813 1321 ebrietatem
2863 1270 2939 1322 sic
2992 1272 3192 1324 vestris
3246 1274 3512 1329 conviviis

1890 1359 2107 1423 abesse,
2136 1360 2277 1413 sicut
2306 1360 2543 1430 apostoli
2571 1361 2649 1413 nil
2676 1361 2949 1416 habentes
2978 1364 3314 1434 frequenter
3338 1369 3511 1422 coacti

1887 1456 2021 1505 sunt
2055 1453 2288 1507 esurire.
2332 1456 2618 1523 Coguosco
2657 1454 2845 1507 taliter
2880 1456 2935 1507 in
2979 1456 3140 1510 nobis
3163 1458 3401 1528 jejunia,
3442 1462 3512 1514 si-

1890 1545 2012 1610 tim,
2061 1546 2296 1612 famem,
2344 1546 2657 1600 nuditatem
2705 1554 2937 1618 propter
2979 1549 3329 1620 instantiam,
3373 1554 3507 1607 doc-

1886 1639 2050 1692 trinae
2080 1638 2249 1692 solius
2285 1639 2498 1710 ubique
2527 1641 2761 1710 pollere,
2799 1642 2944 1695 sicut
2980 1643 3039 1696 in
3069 1646 3337 1714 apostolis
3374 1646 3509 1717 legi-

146 1736 365 1800 tantur,
414 1734 650 1788 notandi
689 1738 819 1789 sunt
864 1736 1036 1790 etiam
1078 1739 1255 1792 sancti
1298 1739 1555 1810 plerique
1599 1740 1775 1793 nobis-
1805 1739 1860 1808 Β
1887 1748 2012 1785 mus
2042 1732 2461 1801 triumphasse;
2496 1739 2553 1787 et
2578 1733 2965 1803 aPPPObamm‘
2990 1737 3139 1806 θριιά
3169 1755 3273 1792 ηοδ
3308 1740 3509 1794 eadem

146 1842 299 1880 cum.
344 1826 502 1881 Sicut
543 1827 743 1893 Helias,
778 1830 875 1899 qui
914 1831 1122 1886 mansit
1163 1832 1314 1902 apud
1355 1832 1584 1887 viduam
1619 1850 1631 1887 :
1668 1834 1783 1888 sive

148 1920 413 1990 apostoli,
444 1921 542 1991 qui
587 1922 857 1976 mulieres
892 1940 1085 1978 secum
1125 1926 1361 1979 comites
1392 1926 1778 1981 circumduce-

146 2013 291 2066 bant
320 2030 332 2067 :
365 2020 429 2067 ut
463 2016 722 2081 Joannes,
769 2016 864 2087 qui
906 2018 1142 2071 Matrem
1184 2018 1413 2071 Domini
1457 2020 1780 2090 assumpsit,

147 2105 351 2160 eodem
402 2107 645 2162 Domino
691 2108 1024 2180 delegante;
1063 2114 1160 2164 aut
1204 2111 1324 2181 ipse
1365 2112 1657 2179 Dominus,
1692 2114 1779 2165 cui

149 2200 218 2254 de
273 2202 390 2254 suis
454 2202 811 2257 facultatibus
860 2204 1138 2258 alimenta
1183 2206 1529 2277 praestabant
1578 2208 1782 2277 aliqua

149 2294 421 2347 mulieres
462 2296 762 2365 religiosae,
816 2298 903 2351 cui
949 2299 1119 2352 etiam
1166 2299 1380 2353 Martha
1423 2300 1783 2355 ministrabat

147 2388 218 2440 ad
250 2404 533 2455 mensam,
566 2395 620 2442 et
658 2391 755 2460 qui
793 2391 1158 2461 singulariter
1183 2392 1400 2447 locutus
1442 2397 1526 2447 est
1566 2394 1634 2447 ad
1674 2410 1778 2464 pu-

148 2483 310 2534 teum
360 2482 563 2535 sedens
599 2499 726 2536 cum
768 2483 1091 2555 alienigena
1127 2486 1369 2540 muliere
1409 2488 1777 2555 Samaritana,

147 2574 231 2628 vel
252 2575 346 2628 cui
365 2575 714 2629 recumbenti
738 2576 953 2631 femina
974 2578 1241 2649 lacrymis
1260 2579 1432 2650 pedes
1450 2581 1600 2646 lavit,
1626 2586 1681 2634 et
1698 2598 1781 2634 ca-

148 2667 297 2738 pillis
336 2669 587 2723 extersit.
618 2670 818 2726 Callidi
857 2676 1351 2741 argumentatores
1384 2678 1440 2728 et
1462 2674 1778 2745 jurisperiti

142 2762 378 2815 fallaces
415 2779 428 2815 :
463 2762 559 2833 qui
606 2762 743 2817 dum
785 2765 1020 2834 cupiunt
1060 2766 1418 2835 praevaricari
1452 2774 1777 2822 controver-

148 2857 256 2908 sias
312 2855 681 2926 actionesque
732 2873 1031 2912 causarum
1081 2859 1211 2929 (44),
1265 2860 1436 2913 etiam
1490 2861 1607 2931 ipsa
1648 2861 1781 2931 jura

142 2951 561 3018 transvertunt;
609 2953 665 3003 et
714 2967 842 3004 cum
890 2952 1091 3006 nolunt
1136 2954 1585 3024 competentibus
1630 2971 1783 3009 coer-

143 3042 261 3096 ceri
305 3041 659 3112 jussionibus
703 3044 918 3114 legum,
963 3044 1033 3098 ad
1074 3045 1390 3100 illuJendos
1426 3047 1646 3116 judices
1687 3047 1775 3101 in-

1884 1825 2148 1879 exercitia
2196 1826 2408 1880 fervere
2442 1826 2737 1894 virtutum,
2782 1829 2988 1898 quibus
3031 1832 3269 1900 apostoli
3318 1834 3510 1888 omnia

1884 1918 2015 1970 vitia
2055 1922 2432 1972 tremuerunt.
2460 1919 2634 1973 Plane
2680 1921 3060 1991 quadraginta
3096 1924 3321 1979 dierum
3356 1926 3507 1996 jeju-

1884 2011 2045 2063 nium
2080 2012 2303 2065 Domini
2334 2012 2697 2080 meditamur,
2728 2018 2783 2067 et
2806 2016 3090 2071 orationes
3116 2019 3505 2090 excubiasque,

1885 2104 2089 2173 quibus
2124 2105 2224 2158 ille
2264 2122 2365 2175 per
2399 2105 2726 2160 solitudines
2769 2108 2936 2162 etiam
2978 2116 3257 2166 nocturna
3287 2113 3510 2168 silentia

1882 2196 2207 2265 rumpebat.
2250 2199 2535 2269 Numquid
2578 2200 2791 2254 similes
2830 2217 3044 2271 agones
3084 2204 3508 2276 frequentamus

1885 2296 2081 2344 contra
2124 2291 2426 2345 luctamina
2474 2293 2760 2361 vitiorum,
2811 2298 2867 2349 et
2909 2297 2985 2350 sic
3026 2298 3254 2367 agimus
3294 2302 3505 2370 rigore,

1885 2384 2231 2451 austeritate,
2260 2386 2487 2455 vigiliis,
2512 2386 2887 2455 passionibus,
2916 2390 3125 2458 labore,
3148 2395 3504 2462 necessitate,

1883 2478 2210 2545 afﬂictione,
2262 2479 2621 2547 abstinentia,
2664 2483 2869 2552 quibus
2914 2490 3141 2554 peccata
3193 2487 3502 2556 calcantur,

1882 2579 1945 2626 ut
1998 2589 2167 2626 nemo
2227 2573 2294 2627 de
2351 2573 2511 2626 nobis
2560 2575 2693 2628 mali
2737 2576 2949 2647 aliquid
2994 2579 3357 2649 suspicetur?
3403 2584 3506 2637 Per

1882 2683 2009 2736 qua
2057 2666 2260 2720 Paulus
2324 2667 2613 2735 apostolus
2669 2670 3080 2725 conscientiam
3133 2689 3292 2727 suam
3344 2674 3505 2729 inno-

1883 2760 2052 2813 tuisse
2098 2759 2363 2813 omnibus
2415 2760 2689 2830 gloriatur
2734 2778 2746 2815 :
2790 2783 2817 2811 ‹‹
2863 2765 2921 2817 In
2964 2764 3247 2835 omnibus,
3297 2767 3501 2838 inquit,

1882 2853 2343 2907 commendantes
2388 2854 2769 2925 nosmetipsos
2832 2857 2992 2925 quasi
3047 2859 3139 2913 Dei
3195 2860 3501 2930 ministros,

1882 2947 1937 2999 in
1980 2946 2387 3001 sustentatione
2422 2946 2614 3013 multa,
2648 2947 2704 3001 in
2744 2950 3042 3019 pressuris,
3080 2952 3141 3006 in
3179 2955 3504 3009 temtationi-

1880 3041 2003 3105 bus,
2046 3039 2102 3092 in
2142 3039 2621 3107 tribulationibus,
2655 3040 2714 3094 in
2759 3044 3057 3113 angustiis,
3098 3044 3157 3099 in
3199 3047 3403 3118 plagis,
3442 3049 3502 3103 in

305 3098 327 3112 ν
759 3098 792 3114 υ
905 3098 917 3111 ,
1086 3098 1105 3099 η
1376 3098 1446 3116 κ..
1991 3098 2001 3105 .
2609 3098 2620 3107 ι
2836 3098 2869 3113 υ
3044 3098 3057 3113 ι
3150 3098 3403 3118 ντ-ᾐο--ι

144 3134 619 3190 convenientibus
659 3136 936 3207 exemplis
974 3138 1127 3192 velut
1172 3138 1382 3192 similes
1427 3098 1853 3209 conjecturasC
1880 3132 2168 3201 custodiis,
2216 3132 2273 3185 in
2320 3133 2657 3201 carceribuS,
2700 3135 2757 3188 in
2807 3136 3192 3207 seditionibus,
3238 3141 3297 3194 in
3341 3141 3503 3196 invo-

136 3228 288 3299 juris
336 3227 612 3298 objiciunt
658 3245 671 3283 :
721 3230 816 3300 qui
860 3248 966 3301 per
1008 3231 1366 3287 Salomonem
1414 3231 1590 3303 ipsius
1634 3232 1776 3303 legis

143 3322 455 3393 sagacitate
507 3323 825 3392 produntur
870 3343 881 3376 :
935 3345 963 3373 ‹‹
1014 3326 1292 3391 Peccator,
1346 3326 1553 3397 inquit,
1604 3327 1775 3381 homo

142 3414 319 3468 evitat
350 3414 788 3485 correptionem,
813 3419 869 3470 et
894 3413 968 3470 ad
998 3417 1343 3472 voluntatem
1372 3434 1534 3473 suam
1560 3418 1779 3474 invenit

143 3508 636 3577 comparationem
671 3510 876 3579 (Ecclz’.,
908 3526 1073 3577 xxxu,
1107 3510 1217 3579 2t).
1252 3530 1278 3561 »
1306 3512 1464 3566 Tales
1495 3529 1632 3583 ergo
1662 3529 1777 3567 non

140 3616 247 3672 per
288 3600 629 3671 orationem,
677 3603 773 3656 sed
822 3620 923 3673 per
972 3606 1385 3659 correctionem
1437 3606 1544 3676 (45)
1589 3605 1777 3677 potius

141 3693 477 3748 revincendi
519 3701 669 3764 sunt,
718 3699 782 3749 ut
824 3714 938 3750 non
976 3701 1106 3751 ante
1147 3698 1529 3769 interpretatis
1567 3700 1773 3753 oratio-

142 3787 313 3841 nibus
359 3787 737 3857 iustruantur,
782 3806 955 3862 quam
999 3791 1329 3846 admiserint
1369 3793 1523 3863 quod
1561 3793 1631 3847 ad
1674 3793 1773 3847 de-

141 3880 426 3935 fensionis
471 3882 734 3937 solatium
774 3890 1139 3954 repererunt;
1182 3884 1324 3939 sicut
1362 3902 1465 3940 nos
1510 3887 1777 3941 adversus

147 3974 484 4045 hujusmodi
557 3974 822 4031 homines
896 3977 1157 4033 Salomon
1222 3979 1443 4046 edocet,
1510 3980 1701 4034 dicens
1761 3999 1772 4034 :

146 4086 173 4117 α
218 4066 368 4135 Noli,
416 4065 621 4139 inquit,
664 4070 1002 4141 respondere
1048 4068 1335 4141 insipienti
1375 4072 1446 4125 ad
1488 4072 1662 4143 ipsius
1696 4073 1778 4127 in-

145 4158 495 4231 sipientiam,
541 4179 611 4215 ne
658 4160 857 4217 similis
902 4165 1003 4217 ﬁas
1047 4164 1157 4232 illi;
1197 4165 1291 4219 sed
1331 4166 1615 4236 responde
1648 4166 1778 4220 insi-

142 4252 325 4324 pienti
370 4260 568 4310 contra
610 4256 781 4326 ipsius
822 4257 1224 4327 insipientiam,
1262 4264 1321 4314 ut
1362 4276 1477 4313 non
1519 4258 1779 4314 videatur

143 4347 253 4401 sibi
284 4348 513 4419 sapiens
540 4365 659 4403 esse
688 4350 889 4420 (Prov.,
923 4369 1063 4418 xxvr,
1095 4352 1170 4423 4).
1201 4374 1228 4402 ››

1879 3226 2194 3280 cationibus
2244 3226 2377 3297 (48),
2430 3227 2487 3279 in
2532 3227 2837 3296 laboribus,
2887 3230 2944 3283 in
2989 3231 3213 3301 vigiliis,
3260 3234 3318 3287 in
3356 3236 3501 3306 jeju-

1876 3320 2004 3387 niis,
2048 3319 2107 3373 in
2153 3320 2420 3381 castitate.
2456 3320 2513 3374 in
2554 3320 2807 3389 scientia,
2852 3323 2911 3377 in
2952 3324 3407 3397 longanimitate,
3440 3329 3501 3384 in

1876 3414 2149 3481 bonitate,
2189 3413 2245 3467 in
2285 3414 2494 3484 Spiritu
2541 3418 2755 3483 sancto,
2789 3417 2845 3470 in
2888 3417 3156 3474 charitate
3194 3437 3305 3475 non
3354 3423 3499 3493 (icta,

1876 3508 1935 3561 in
1964 3507 2136 3561 verbo
2168 3508 2434 3575 veritatis,
2468 3508 2524 3561 in
2556 3509 2758 3564 virtute
2792 3511 2908 3576 Dei,
2939 3528 3042 3581 per
3078 3529 3237 3569 arma
3263 3516 3504 3585 justitiae

1880 3618 1913 3655 a
1957 3601 2166 3655 dextris
2205 3605 2262 3655 et
2302 3619 2335 3655 a
2377 3602 2615 3657 sinistris
2658 3604 2726 3673 (II
2762 3607 2904 3667 Cor.,
2938 3622 3010 3673 v1,
3048 3608 3190 3678 4-7).
3227 3630 3253 3658 ››
3291 3609 3370 3663 ικιὶ
3401 3611 3503 3665 has

1880 3694 2231 3748 imitationes
2260 3695 2472 3748 inﬁrmi
2510 3713 2737 3765 sumus;
2771 3704 2826 3752 et
2859 3699 2928 3752 ad
2968 3701 3231 3756 mulieres
3268 3720 3502 3759 unum-

1878 3789 2161 3843 ducendas
2203 3788 2638 3859 possibilitatem
2672 3791 2830 3845 nobis
2874 3795 3270 3864 comparandae
3308 3796 3500 3852 imita-

1880 3881 2051 3936 tionis
2094 3882 2458 3936 adsciscimus
2492 3899 2505 3936 :
2545 3884 2700 3953 quod
2740 3884 2785 3937 si
2825 3885 2994 3940 etiam
3034 3892 3233 3942 cuncta
3275 3888 3501 3945 illorum

1880 3975 2173 4047 quisquam
2218 3992 2278 4029 se
2324 3974 2564 4046 implere
2596 3976 2884 4045 jactasset,
2926 3995 3017 4033 me
3054 3984 3248 4035 tamen
3294 3984 3499 4037 nullius

1878 4069 2106 4123 suadela
2146 4072 2373 4140 poterat
2417 4069 2708 4137 inclinare,
2750 4076 2811 4125 ut
2847 4073 2987 4127 alios
3025 4090 3179 4131 nunc
3218 4080 3501 4149 apostolos

1878 4162 2190 4229 crederem,
2245 4165 2439 4217 contra
2505 4165 2748 4234 apostoli
2804 4166 2958 4220 Pauli
3021 4170 3431 4239 professionum
3482 4191 3495 4229 :

1884 4277 1911 4305 ‹‹
1970 4256 2285 4327 Numquid,
2345 4256 2556 4328 inquit,
2610 4274 2809 4313 omnes
2870 4263 3163 4332 apostoli?
3212 4267 3501 4340 Numquid

1880 4366 2081 4404 omnes
2130 4350 2426 4421 propheta:
2473 4353 2514 4421 (Ι
2565 4352 2708 4414 Cor.,
2758 4369 2853 4422 xu,
2902 4355 3035 4427 29)?
3078 4379 3106 4407 »
3154 4358 3209 4413 Si
3248 4362 3500 4417 Christus

217 4442 433 4497 Revera
462 4442 659 4513 magni
686 4442 951 4499 homines
980 4446 1075 4516 qui
1102 4462 1159 4499 se
1182 4452 1517 4517 comparant
1544 4447 1770 4514 sanctis,
1795 4462 1853 4534 D
1878 4443 2125 4514 seipsum
2160 4460 2490 4515 comparare
2535 4462 2703 4499 ausus
2742 4451 2827 4501 est
2871 4449 3005 4519 Deo,
3049 4452 3149 4521 qui
3186 4454 3266 4507 ait
3295 4472 3307 4508 :
3339 4458 3501 4512 Pater

144 4541 203 4589 et
250 4534 466 4589 eximia
510 4537 867 4593 conservatio
915 4542 1124 4606 nostra,
1176 4556 1303 4610 quas
1355 4540 1647 4611 prophetis
1690 4542 1776 4596 vel

141 4628 419 4699 apostolis
448 4630 709 4685 videatur
743 4632 994 4702 aequalis.
1027 4633 1108 4686 Ad
1148 4634 1498 4688 occasionem
1534 4634 1774 4689 luxuriae

141 4729 359 4779 nostra
390 4723 447 4777 in
476 4741 809 4795 perversum
842 4732 1063 4780 sanctos
1092 4728 1352 4781 volumus
1373 4728 1617 4797 imitari;
1643 4728 1775 4783 etin

142 4823 387 4872 ceteros
427 4822 580 4873 actus
626 4817 733 4889 (46)
776 4819 1013 4892 vestigia
1044 4820 1331 4891 justorum
1380 4822 1644 4876 nolumus
1684 4839 1772 4875 se-

142 4912 267 4984 qui.
301 4912 365 4967 In
397 4909 735 4983 quibusdam
760 4910 1018 4969 infirmos
1049 4931 1152 4970 nos
1183 4932 1516 4971 excusemus
1548 4914 1617 4971 ad
1649 4915 1776 4970 imi-

1878 4537 2061 4607 major
2114 4554 2204 4591 me
2266 4542 2352 4591 est
2404 4540 2610 4607 (Joan.,
2664 4557 2775 4607 XIV,
2829 4544 2971 4611 28);
3026 4550 3126 4599 aut
3175 4548 3221 4599 si
3267 4546 3502 4619 apostoli

1876 4646 2167 4701 coaequare
2207 4631 2544 4702 semetipsos
2580 4633 2701 4687 ausi
2736 4640 2867 4688 sunt
2895 4635 3112 4692 Christo
3144 4655 3159 4693 :
3189 4656 3292 4695 nos
3329 4642 3501 4698 hodie

1875 4725 2140 4795 apostolis
2176 4727 2419 4797 mquales
2458 4727 2589 4781 facit
2627 4728 2935 4783 consimilis
2974 4732 3265 4787 fortitudo.
3307 4736 3502 4792 Misera

1879 4819 2219 4886 humanitas,
2249 4819 2308 4873 in
2349 4820 2453 4875 hac
2486 4821 2806 4893 aequalitate
2841 4840 2955 4878 non
2986 4824 3151 4881 times
3184 4828 3498 4901 fulminari,

1878 4930 2005 4985 quae
2035 4914 2103 4969 de
2144 4914 2281 4970 Filio
2324 4915 2438 4985 Dei,
2467 4920 2565 4970 aut
2606 4916 2675 4972 de
2713 4917 2843 4972 filiis
2880 4920 3135 4991 tonitrui,
3170 4940 3284 4980 non
3325 4942 3495 4985 cunc-

1510 5088 1673 5156 Edit.
1711 5088 1916 5157 Oxon.
1951 5093 2145 5154 notae.

212 5224 313 5285 (44)
354 5224 770 5288 Controversiae,
810 5230 1144 5295 actionesque
1183 5244 1484 5282 causarum.
1527 5230 1783 5281 Genuina

141 5312 380 5364 quoque
419 5304 499 5349 est
543 5300 665 5351 haec
702 5302 885 5363 lectio,
923 5307 974 5352 et
1016 5303 1357 5353 Remboldus
1385 5317 1482 5367 pro
1523 5317 1589 5354 eo
1633 5302 1781 5367 quod

140 5372 399 5434 reposuit
425 5371 689 5422 Erasmus
723 5379 1118 5425 :controversas
1154 5376 1400 5435 actiones,
1436 5388 1553 5438 qua:
1588 5388 1778 5424 causa-

138 5456 291 5492 rum.
331 5442 550 5493 PAMBL.

210 5515 311 5575 (t5)
341 5512 441 5563 Sed
471 5527 568 5578 per
596 5514 977 5567 correctionem.
1006 5516 1193 5570 Placet
1226 5520 1279 5568 et
1308 5517 1413 5568 ista
1441 5530 1541 5582 pro
1564 5529 1779 5580 car-rep—

135 5588 363 5638 tionem.
392 5585 613 5635 ΡΑΜεῑ..

209 5658 312 5717 (ιϐ)
363 5657 425 5706 Et
480 5660 529 5705 in
585 5662 794 5707 caeteros
854 5664 1020 5708 actus.
1077 5659 1249 5708 Etiam
1298 5658 1421 5710 hinc
1474 5672 1570 5723 pro
1620 5658 1775 5706 inter.

142 5732 372 5782 PAMEL.

211 5800 314 5872 (47)
348 5797 506 5853 Video
545 5800 711 5869 plane
751 5798 842 5853 sic.
876 5800 941 5852 Et
981 5800 1078 5854 hic
1126 5804 1183 5865 et
1212 5800 1378 5868 paulo
1424 5802 1547 5870 post
1582 5800 1783 5868 adjecit

1884 5228 2239 5302 negationem
2278 5238 2406 5302 non,
2459 5228 2747 5302 Erasmus;
2786 5231 2883 5281 sed
2926 5244 3037 5282 non
3088 5236 3169 5285 est
3206 5244 3360 5302 opus.
3405 5234 3505 5295 Est

1884 5301 2033 5349 enim
2086 5300 2280 5379 ironia,
2335 5299 2480 5379 sicut
2520 5300 2702 5379 netnin
2751 5305 3022 5379 eo_quod
3081 5299 3335 5379 sequitur
3383 5326 3507 5379 cog-

1884 5385 2055 5431 nosco,
2084 5375 2187 5420 etc.
2223 5371 2373 5420 Idem
2402 5374 2488 5421 est
2512 5371 2784 5433 judicium
2816 5374 2883 5423 de
2918 5375 3005 5425 his
3031 5378 3289 5441 adjuncta
3311 5384 3380 5433 ab
3411 5371 3505 5436 illo

1882 5444 2196 5506 negatione,
2226 5441 2293 5519 ad
2328 5442 2477 5519 illam
2522 5446 2870 5505 sententiam,
2995 5448 3229 5500 Christus
3259 5454 3506 5519 seipsum,

1884 5518 2012 5590 etc,
2040 5514 2347 5577 prmsertim
2377 5514 2423 5562 si
2458 5514 2707 5577 legamus
2732 5530 2863 5566 cum
2900 5517 3009 5568 illis
3037 5520 3168 5583 facit
3203 5538 3300 5589 pro
3329 5514 3503 5590 faciet.

1883 5586 2103 5635 PAMEL.

1947 5659 2041 5719 (t8)
2086 5659 2147 5707 1η
2196 5657 2635 5711 invocationibus.
2685 5659 2867 5712 Voces
2920 5666 3205 5716 nonnulla
3262 5667 3355 5720 hic
3412 5683 3507 5721 re-

1883 5727 2195 5810 dundantes
2251 5742 2281 5780 e
2330 5730 2577 5795 margine
2634 5731 2893 5786 videntur
2941 5737 2996 5787 in
3058 5740 3269 5805 textum
3327 5740 3511 5810 irreps

1882 5801 2037 5854 sisse.
