4032 6180
454 251 548 315 931

1020 253 1107 313 AD
1145 251 1369 312 opem.
1406 241 1466 309 ς.
1506 243 1824 310 CYPRIANI
1859 239 2088 309 GENUu

2196 241 2482 306 APPEND.
2522 241 2586 304 li.
2628 278 2698 290 —
2735 242 3206 308 SUPPOSl'l’lTIA.
3672 253 3762 312 932

457 386 603 443 taris
646 382 894 457 peccatis
929 381 1040 436 tuis
1077 381 1336 451 exempla
1361 379 1516 433 velut
1543 377 1750 432 similia
1775 377 2077 433 mutuare?
2099 387 2159 459 Α
2180 395 2208 424 ‹‹
2237 373 2656 446 Unusquisque,
2696 375 2904 446 inquit,
2952 374 3250 446 proprium
3287 373 3493 429 donum
3529 375 3690 432 habet
3714 396 3770 434 ex

454 486 594 539 (.um
640 476 922 548 superbia:
967 475 1040 529 sit
1079 475 1224 528 elata
1266 472 1560 543 jactantia,
1614 472 1787 526 etiam
1831 469 2080 525 minimis

458 573 718 631 Ecclesia:
745 583 1091 641 quemquam
1121 565 1568 636 comparabilem
1591 565 1735 620 velle
1763 564 2082 632 conscribit,

454 683 583 722 cum
614 664 818 720 Paulus
861 663 1091 716 moneat
1129 665 1184 713 et
1222 658 1412 712 dicat:
1450 678 1477 707 ‹‹
1514 658 1670 712 Alter
1701 658 1946 712 alterum
1989 674 2082 711 su-

456 759 737 830 periorem
787 755 892 808 sibi
942 753 1332 808 existimantes
1385 751 1666 821 (Philipp,
1719 767 1775 817 ιι,
1822 750 1897 820 3).
1949 772 1975 799 ››
2022 751 2088 804 Et

456 851 696 906 inferius
736 847 977 913 addidit,
1026 847 1220 900 dicens
1266 861 1278 900 :
1329 866 1356 894 (ί
1408 846 1520 898 Hoc
1564 844 1772 898 sentite
1813 843 1884 897 de
1926 843 2086 898 vobis

459 944 608 1016 quod
631 949 686 998 et
715 942 773 995 in
803 940 1028 996 Christo
1053 941 1206 1005 Jesu,
1231 938 1328 1009 qui
1354 954 1484 992 cum
1514 937 1572 990 in
1599 937 1784 990 forma
1815 935 1909 990 Dei
1939 943 2088 991 esset

463 1042 838 1106 constitutus,
886 1055 1000 1092 non
1054 1037 1310 1108 rapinam
1359 1035 1666 1088 arbitratus
1715 1039 1971 1088 estesse
2025 1049 2086 1088 se

459 1134 736 1206 mqualcm
771 1133 912 1201 Deo,
946 1130 1046 1186 sed
1077 1129 1446 1200 semetipsum
1476 1127 1805 1196 exinanivit,
1837 1127 2087 1181 formam

462 1229 606 1284 servi
638 1227 925 1297 accipiens
955 1224 1146 1296 (Ibid.,
1176 1223 1317 1291 5-7).
1352 1243 1380 1271 »

529 1321 710 1376 Minus
744 1321 939 1389 itaque
976 1318 1046 1371 de
1092 1316 1302 1370 nostris
1339 1314 1550 1369 viribus
1588 1313 1946 1369 sentiendum
1978 1316 2083 1384 est,

458 1431 564 1470 nec
588 1410 911 1469 fortitudini
942 1413 1266 1465 sanctorum
1296 1410 1490 1462 nostra
1521 1407 1824 1462 infirmitas
1851 1424 2084 1478 compa-

458 1507 638 1563 randa
670 1512 774 1572 est,
810 1505 953 1558 sicut
993 1502 1157 1556 nobis
1196 1503 1486 1572 apostolus
1525 1501 1733 1556 Paulus
1767 1500 1838 1555 de
1878 1505 2081 1555 semet-

457 1599 582 1672 ipso
613 1597 1011 1668 magisterium
1044 1596 1333 1666 proponit,
1381 1597 1438 1649 et
1479 1594 1615 1649 dicit
1648 1611 1660 1649 :
1698 1616 1725 1644 ‹‹
1765 1596 1881 1648 Νοη
1927 1593 2085 1648 enim

457 1693 760 1760 audemus,
795 1689 1004 1762 inquit,
1034 1704 1368 1760 comparare
1403 1705 1507 1742 nos
1543 1690 1644 1742 aut
1677 1687 1934 1743 conferre
1966 1685 2088 1758 qui-

458 1785 698 1841 busdam
739 1783 836 1855 qui
872 1783 1083 1854 seipsos
1109 1781 1544 1848 commendant,
1575 1781 1675 1835 sed
1706 1780 1811 1852 ipsi
1838 1780 1896 1834 in
1925 1749 2163 1835 nobisB

459 1880 595 1950 ipsis
623 1877 1001 1946 nosmetipsos
1032 1875 1197 1931 nobis
1233 1874 1699 1929 commendantes
1728 1891 1742 1928 :
1772 1890 1882 1928 non
1915 1889 2086 1944 supra

460 1987 790 2029 mensuram
854 1968 1046 2042 854
1101 1967 1426 2039 gloriantes,
1475 1967 1570 2022 sed
1624 1967 1696 2021 ad
1757 1983 2085 2022 mensuram

463 2066 680 2138 gratiae,
709 2080 878 2135 quam
914 2062 1078 2117 nobis
1108 2077 1342 2116 mensus
1373 2065 1460 2115 est
1491 2062 1634 2115 Deus
1662 2060 1702 2131 (1
1733 2061 1880 2129 Con,
1905 2078 1963 2129 ι,
2000 2064 2084 2128 l2,

464 2159 571 2230 13).
612 2181 640 2209 ››
692 2156 912 2212 Etenim
959 2156 1416 2226 contemplemur
1455 2153 1609 2225 quod
1650 2153 1856 2208 iterum
1897 2153 2081 2208 dixit:

465 2273 492 2300 ‹‹
551 2252 680 2307 Plus
735 2251 805 2304 ab
857 2250 962 2303 illis
1017 2248 1284 2303 omnibus
1338 2247 1606 2313 laboravi,
1663 2247 1804 2300 nihil
1860 2246 2084 2314 melius,

465 2345 608 2399 nihil
639 2342 822 2415 aptius
860 2341 1004 2396 mihi
1042 2339 1401 2412 proponitur,
1431 2341 1582 2394 unde
1614 2340 1857 2409 vincam,
1888 2339 1992 2394 nisi
2025 2345 2090 2395 ut

466 2438 537 2494 de
570 2437 692 2508 ipso
741 2436 811 2490 de
855 2452 970 2506 quo
1007 2435 1149 2488 mihi
1191 2433 1594 2505 praescribitur,
1645 2450 1751 2505 ego
1791 2434 1910 2504 ipse
1950 2449 2089 2504 prte-

464 2530 702 2586 scribam
733 2529 774 2600 (Ι
805 2528 952 2592 σον..
989 2544 1080 2595 xv,
1121 2527 1224 2598 10).
1261 2549 1290 2578 ››
1321 2527 1486 2581 Certe
1516 2528 1640 2597 plus
1678 2526 1940 2581 omnibus
1970 2527 2088 2597 ipse

459 2623 758 2690 laboravit,
804 2629 860 2677 et
909 2625 1101 2676 tamen
1149 2621 1218 2674 ad
1267 2620 1538 2674 mulieres
1583 2620 2089 2675 circumducendas

462 2717 714 2788 collegas
758 2732 888 2770 suos
927 2713 1141 2769 imitari
1171 2713 1535 2778 contremuit,
1570 2730 1642 2768 ne
1681 2731 1740 2768 se
1783 2713 1854 2767 ad
1895 2713 2090 2768 interi-

460 2817 586 2866 tum
628 2810 928 2879 subjiccret
975 2807 1276 2862 tentationi
1331 2806 1562 2861 carnali.
1615 2807 1774 2861 Unde
1831 2807 1951 2877 ipse
2005 2823 2091 2860 ra—

461 2904 679 2958 tionem
727 2903 804 2957 sic
849 2899 1118 2968 reddidit,
1176 2900 1366 2954 dicens
1413 2916 1426 2954 :
1476 2920 1505 2948 «
1560 2900 1701 2970 Ego,
1750 2899 1955 2970 inquit,
2013 2899 2090 2954 sic

463 3013 650 3066 curro,
694 3013 808 3051 non
862 2993 1022 3066 quasi
1066 2995 1123 3048 in
1172 2994 1451 3048 incertum
1501 3010 1512 3047 :
1567 2992 1645 3046 sic
1697 3009 1922 3064 pugno,
1973 3009 2093 3047 non

462 3090 620 3163 quasi
653 3106 846 3145 aerem
894 3088 1132 3154 caadens,
1179 3086 1280 3140 sed
1319 3087 1513 3157 afﬂigo
1559 3102 1761 3157 corpus
1802 3102 1996 3140 meum
2034 3092 2168 3185 etC

459 3183 520 3240 iu
579 3183 905 3239 servitutem
960 3179 1182 3251 redigo,
1238 3196 1308 3234 ne
1368 3179 1512 3233 forte
1563 3179 1687 3234 aliis
1750 3179 2087 3250 prmdicans,

463 3276 585 3349 ipse
608 3275 883 3348 reprobus
903 3274 1161 3329 inveniar
1183 3275 1220 3342 (l
1245 3273 1389 3335 Cor.,
1412 3289 1486 3337 1x,
1509 3275 1599 3339 26,
1619 3274 1763 3342 27).»
1793 3272 1931 3326 Huic
1951 3289 2090 3342 ergo

460 3375 519 3427 te
551 3386 846 3442 compara,
877 3367 973 3440 qui
1001 3365 1328 3439 Apostolum
1355 3365 1573 3437 jactas;
1605 3371 1662 3420 et
1691 3382 1759 3420 ex
1789 3365 1909 3436 ipso
1943 3365 2092 3420 disce

463 3462 600 3535 quid
626 3468 872 3529 metuas,
912 3459 1010 3532 qui
1053 3460 1262 3514 clamat
1290 3462 1348 3514 et
1384 3458 1520 3512 dicit
1551 3474 1564 3513 :
1600 3479 1628 3507 «
1661 3458 1772 3512 Oro
1801 3475 1918 3527 vos,
1957 3457 2090 3512 imi-

464 3559 681 3612 tatores
706 3555 820 3610 mei
848 3557 1028 3608 estote
1060 3554 1101 3624 (l
1131 3555 1274 3617 Corn,
1303 3568 1378 3619 ιν,
1408 3552 1512 3624 l6).
1540 3573 1568 3602 »
1590 3550 1783 3606 Noluit
1811 3552 1998 3624 itaque
2021 3551 2092 3606 de

463 3648 801 3706 mulieribus
817 3645 1306 3702 circumducendis
1320 3645 1536 3700 habere
1552 3645 1840 3712 fiduciam;
1859 3645 1957 3716 qui
1976 3663 2092 3701 non

462 3742 769 3814 ignorabat
797 3747 1076 3813 quantum
1105 3739 1229 3794 alia:
1264 3739 1496 3794 virtutes
1527 3739 1598 3793 ab
1635 3738 1758 3793 aliis
1788 3738 2092 3795 virtutibus

466 3835 756 3903 differant,
796 3838 855 3889 et
891 3833 1061 3888 aliam
1099 3832 1413 3887 claritatem
1447 3831 1603 3899 solis,
1637 3835 1691 3886 et
1719 3832 1884 3887 aliam
1916 3835 2088 3902 lunas,

465 3930 632 3986 aliam
657 3945 792 3984 vero
813 3927 1128 3995 stellarum,
1155 3926 1224 3981 de
1247 3924 1682 3981 charismatibus
1703 3927 2092 3982 ecclesiasticis

463 4022 900 4080 similitudinem
929 4037 1270 4092 comparans
1299 4019 1668 4074 intimaverat.
1697 4019 1805 4074 Sed
1833 4036 1936 4075 nos
1963 4036 2092 4076 con-

462 4122 554 4174 tra
577 4117 645 4172 de
673 4115 986 4186 apostolica
1007 4113 1169 4168 nobis
1189 4112 1576 4185 coaequatione
1602 4113 1953 4183 blandimur,
1975 4131 2089 4169 non

464 4210 828 4265 intendentes
859 4208 1089 4282 penitus
1129 4207 1268 4278 quid
1307 4207 1545 4279 apostoli
1583 4211 1637 4262 et
1677 4208 1857 4262 sancti
1895 4224 2090 4263 omnes

464 4302 675 4358 invicta
725 4302 932 4356 virtute
987 4304 1303 4373 gesserunt,
1359 4305 1413 4355 et
1471 4299 1764 4355 difﬁcilem
1820 4317 2089 4373 rumpere

467 4395 780 4470 querimus
814 4395 983 4464 viam,
1016 4411 1144 4449 cum
1184 4410 1288 4465 per
1322 4393 1506 4448 facilia
1550 4394 1776 4464 planior
1813 4392 1885 4448 sit
1927 4395 2088 4450 nobis

465 4490 757 4564 apposita;
799 4491 997 4546 contra
1026 4487 1390 4544 Salomonem
1430 4483 1716 4542 dicentem
1756 4504 1770 4543 :

467 4581 684 4653 credas,
712 4581 917 4656 inquit,
950 4583 1054 4638 via:
1085 4581 1397 4650 laboriosas,
1435 4597 1503 4636 ne
1535 4597 1714 4652 ponas
1744 4581 1950 4637 anima:
1981 4585 2093 4638 tuae

467 4679 797 4735 scandalum
849 4678 1053 4748 (Prov.,
1115 4692 1248 4742 xxu,
1296 4678 1406 4746 25).
1471 4676 1580 4730 Nec
1632 4675 1779 4730 ullus
1835 4676 2093 4732 conside-

467 4775 574 4840 rat,
609 4771 882 4844 quoniam
921 4787 1068 4824 unus
1105 4785 1338 4824 securus
1369 4768 1424 4823 in
1468 4769 1685 4824 lubrico
1729 4770 2004 4841 graditur,
2038 4772 2094 4825 et

467 4867 613 4922 alius
653 4864 750 4937 qui
793 4865 981 4936 impar
1006 4866 1111 4930 est,
1145 4862 1355 4917 labitur
1394 4878 1406 4916 :
1442 4878 1588 4917 unus
1628 4877 1734 4933 per
1774 4879 1940 4934 rupes
1979 4864 2091 4933 (49)

467 4978 634 5016 cursu
671 4961 897 5014 montes
934 4956 1212 5024 ascendit,
1241 4955 1382 5011 alius
1409 4955 1455 5010 si
1482 4972 1540 5010 se
1571 4957 1894 5026 coarctavit,
1923 4956 2090 5013 cadit.

472 5053 578 5109 Uni
609 5051 893 5123 contingit
937 5066 1039 5122 per
1079 5052 1441 5121 tempestates
1477 5048 1699 5121 navigia
1736 5049 1974 5105 feliciter
1998 5067 2094 5106 ex-

466 5145 697 5221 plicare,
732 5150 789 5201 et
819 5144 981 5200 alteri
1025 5143 1150 5198 talis
1187 5142 1424 5198 felicitas
1452 5159 1568 5198 non
1605 5147 1791 5215 potest
1827 5144 2091 5214 evenire;

469 5241 619 5318 quod
686 5237 887 5297 Paulus
954 5237 1242 5311 apostolus
1303 5236 1593 5307 decernit,
1654 5237 1849 5293 dicens
1914 5238 2020 5311 (50)
2077 5257 2090 5294 :

2186 469 2332 536 Deo,
2383 485 2528 522 unus
2581 467 2812 540 quidem
2875 467 2987 536 sic,
3041 469 3185 522 alius
3247 484 3376 522 vero
3431 467 3506 522 sic
3558 471 3595 535 (Ι
3641 471 3767 536 Corn,

2187 578 2279 628 Vll,
2320 561 2395 631 7).
2439 584 2468 612 ››

2257 655 2364 710 Sed
2421 656 2517 726 qui
2572 655 2715 709 mihi
2765 655 2836 710 de
2883 658 3210 710 sanctorum
3256 655 3505 727 exemplo
3543 656 3774 728 prtejudi-

2187 754 2333 816 cant,
2385 748 2520 820 quid
2570 748 2725 802 aliud
2779 749 3107 820 exemplum
3152 751 3353 804 nolunt
3396 749 3503 821 (51)
3544 757 3770 806 contem-

2186 842 2351 913 plari,
2398 841 2549 912 quod
2596 844 2853 896 metuant
2898 858 2911 896 :
2961 846 3018 896 et
3061 842 3158 913 qui
3201 843 3471 913 apostolis
3507 843 3611 914 (5'2)
3643 860 3772 899 coas-

2188 935 2350 1005 quari
2412 935 2726 1002 contendit,
2791 951 2968 1006 quare
3033 951 3144 989 non
3206 936 3387 1006 magis
3450 937 3775 1008 presbyteros

2185 1027 2474 1082 adulteros
2513 1027 2666 1098 apud
2708 1028 3002 1083 Danielem
3040 1028 3111 1082 ad
3155 1029 3522 1084 formidinem
3552 1030 3772 1086 sibimet-

2186 1137 2306 1192 ipse
2349 1122 2656 1192 proponit?
2694 1123 2824 1177 H1130
2859 1125 3055 1177 autem
3098 1139 3215 1178 non
3258 1123 3386 1178 ideo
3432 1141 3693 1195 propono,
3727 1131 3778 1180 ut

2186 1215 2346 1288 quasi
2394 1217 2779 1287 apostolorum
2831 1215 3215 1272 imitatoribus
3257 1217 3649 1285 contradicam,
3692 1219 3777 1274 sed

2187 1315 2248 1363 ut
2292 1309 2418 1364 illos
2449 1309 2818 1378 confundam,
2861 1309 2962 1380 qui
3001 1327 3059 1365 se
3099 1310 3310 1366 sanctis
3349 1314 3655 1383 exsequent.
3683 1313 3778 1367 Nec

2187 1419 2336 1473 nego
2383 1403 2528 1474 ipsos
2571 1419 2692 1457 esse
2739 1403 3052 1473 sectandos,
3095 1420 3235 1475 quos
3279 1405 3535 1460 doctores
3583 1408 3776 1470 accepi-

2187 1487 2314 1552 mus
2356 1497 2576 1564 cuncti;
2617 1495 2718 1551 sed
2760 1496 3030 1552 adversus
3076 1514 3174 1552 eos
3219 1498 3526 1568 contendo,
3567 1501 3656 1570 qui
3695 1517 3777 1554 cu-

2186 1591 2406 1662 pientes
2441 1590 2512 1644 ad
2546 1591 2694 1645 mala
2730 1607 2832 1644 sua
2861 1590 3138 1645 bonorum
3175 1591 3438 1646 historias
3477 1591 3776 1664 depravare,

2185 1685 2373 1756 legem
2417 1683 2517 1739 Dei
2563 1683 2670 1737 sibi
2716 1684 3006 1740 aestimant
3049 1685 3386 1757 suffragari;
3430 1685 3568 1740 sicut
3606 1704 3779 1741 omnes

2186 1779 2284 1850 qui
2345 1777 2535 1848 perire
2592 1777 2878 1845 festinant,
2935 1783 2992 1833 et
3053 1779 3156 1832 sub
3205 1779 3444 1834 obtentu
3483 1785 3779 1834 sanctorum

2186 1871 2463 1927 dedecora
2498 1887 2600 1925 sua
2639 1871 2838 1926 volunt
2875 1887 2996 1926 esse
3026 1871 3222 1940 celata,
3254 1879 3316 1928 ut
3353 1872 3458 1928 sub
3496 1871 3782 1929 imitatione

2187 1964 2469 2035 majorum
2499 1965 2791 2020 contraria
2815 1981 3060 2037 quasque
3089 1954 3490 2035 committant;
3513 1986 3647 2039 quos
3671 1985 3784 2038 apo-

2186 2059 2362 2113 stolus
2389 2059 2595 2113 Paulus
2632 2059 2823 2130 prodit
2863 2063 2921 2113 et
2951 2059 3220 2130 publicat,
3252 2060 3452 2116 dicens
3481 2080 3494 2117 :
3521 2063 3672 2126 Quod
3699 2080 3781 2116 au-

2186 2157 2305 2206 tem
2336 2151 2498 2219 facio,
2532 2156 2588 2205 et
2631 2151 2881 2206 facturus
2928 2169 3080 2220 sum,
3121 2159 3183 2206 ut
3223 2159 3523 2225 amputem
3561 2156 3780 2210 occasio-

2187 2262 2342 2310 nem,
2391 2261 2586 2299 eorum
2633 2245 2730 2316 qui
2776 2246 2967 2300 volunt
3005 2247 3396 2317 occasionem;
3441 2251 3503 2302 ut
3548 2249 3603 2302 in
3641 2266 3699 2304 eo
3736 2249 3782 2303 in

2187 2357 2301 2411 quo
2333 2339 2665 2410 gloriantur,
2696 2339 2840 2393 tales
2877 2339 3240 2394 inveniantur
3267 2341 3466 2412 quales
3496 2349 3550 2396 et
3577 2359 3670 2396 nos
3705 2360 3782 2396 su-

2189 2450 2333 2487 mus.
2388 2434 2528 2486 Nam
2578 2437 2635 2486 et
2689 2432 3017 2503 hujusmod.’
3075 2431 3266 2506 855
3324 2435 3784 2508 pseudo-apostoli

2189 2530 2316 2580 sunt
2353 2525 2592 2596 operarii
2638 2525 2839 2594 dolosi,
2883 2527 3351 2598 transﬁgurantes
3393 2545 3451 2584 se
3491 2530 3552 2583 in
3588 2533 3782 2600 aposto-

2188 2619 2274 2674 los
2319 2619 2542 2674 Christi.
2594 2620 2704 2673 Hoc
2751 2619 2968 2675 addunt
3013 2621 3081 2674 ad
3135 2623 3436 2676 cumulum
3482 2622 3786 2694 perditionis

2190 2713 2621 2780 cumulandum,
2655 2717 2717 2767 ut
2742 2713 2920 2769 bonos
2951 2714 3244 2784 infament,
3274 2732 3526 2787 quorum
3558 2716 3787 2787 exemplo

2190 2811 2432 2862 utuntur
2470 2809 2538 2862 ad
2584 2808 2828 2877 malum;
2873 2809 3078 2880 quibus
3119 2810 3251 2864 utile
3292 2813 3446 2864 esset
3482 2810 3612 2864 satis
3642 2815 3692 2865 et
3725 2826 3789 2862 sa-

2192 2901 2370 2968 lubre,
2421 2901 2466 2955 si
2505 2902 2889 2973 cujuscunque
2935 2902 3186 2957 historia:
3227 2903 3451 2974 seipsos
3494 2903 3665 2975 magis
3695 2919 3791 2957 cre-

2193 2994 2397 3048 derent
2432 3011 2545 3049 non
2580 2995 2918 3050 intellexisse
2953 2996 3251 3063 rationem,
3283 3013 3467 3068 quam
3497 2997 3694 3068 aliquid
3721 2996 3789 3050 iu-

2193 3087 2497 3142 honestum
2549 3086 2963 3143 arbitrarentur
3004 3088 3062 3142 in
3105 3089 3233 3159 lege
3280 3104 3295 3143 :
3345 3105 3493 3161 quos
3535 3089 3793 3161 apostolus

2192 3181 2399 3234 Paulus
2429 3180 2661 3252 corripit
2685 3184 2742 3235 et
2769 3181 3083 3253 confundit,
3113 3181 3310 3237 dicens
3339 3199 3352 3238 :
3389 3204 3420 3232 «
3456 3184 3576 3238 Non
3607 3181 3790 3236 intelli-

2194 3275 2390 3343 gentes
2445 3289 2634 3344 neque
2688 3291 2815 3345 quae
2872 3275 3183 3345 loquuntur
3241 3291 3434 3347 neque
3493 3275 3560 3330 de
3618 3275 3793 3346 quibus

2193 3367 2486 3421 afﬁrmant
2529 3368 2570 3436 (1
2625 3370 2785 3435 Tim,
2832 3384 2869 3435 1,
2918 3368 2995 3438 7).
3038 3389 3065 3418 »
3109 3369 3176 3422 Et
3218 3368 3430 3423 iterum
3471 3387 3486 3424 :
3533 3369 3644 3422 «Si
3686 3366 3791 3438 quis

2193 3466 2356 3532 putat
2397 3476 2456 3514 se
2500 3460 2644 3516 scire
2687 3460 2927 3532 aliquid,
2964 3461 3208 3516 necdum
3237 3462 3512 3534 cognovit
3541 3459 3790 3533 quemad-

2194 3554 2432 3609 modum
2460 3571 2590 3608 eum
2618 3557 2879 3625 oporteat
2907 3555 3051 3609 scire
3073 3554 3113 3625 (Ι
3141 3554 3284 3618 σον..
3313 3571 3435 3624 vm,
3463 3555 3538 3628 2).
3564 3578 3589 3605 ››
3615 3555 3791 3608 Vacant

2192 3646 2381 3719 itaque
2422 3647 2750 3719 praejudicia
2797 3648 3195 3720 petulantium,
3244 3664 3386 3720 quos
3426 3649 3655 3720 ingenia
3694 3663 3789 3700 sua:

2191 3741 2576 3812 perversitatis
2627 3741 2947 3795 errabunda
2993 3741 3412 3810 transducunt;
3457 3746 3515 3797 et
3555 3743 3790 3812 quarunt

2191 3838 2576 3906 competentes
2641 3834 2758 3889 suis
2819 3834 3077 3889 sensibus
3139 3835 3406 3890 historias
3454 3853 3590 3908 quas
3642 3850 3787 3906 expo-

2189 3931 2352 3995 nant,
2382 3929 2478 4000 qui
2513 3929 2657 3983 male
2689 3933 2925 4000 agentes
2955 3931 3224 3984 mutuaut
3247 3929 3456 4001 legalia
3479 3927 3785 4002 patrocinia.

2190 4023 2340 4076 Bene
2403 4023 2698 4094 agentibus
2762 4021 2910 4077 bona
2970 4029 3102 4078 sunt
3167 4023 3395 4092 omnia,
3462 4037 3786 4096 quiscunque

2191 4115 2398 4186 scripta
2428 4119 2577 4184 sunt,
2622 4115 2722 4187 qui
2760 4115 3058 4172 benedicta
3095 4116 3244 4172 bene
3289 4117 3635 4188 suscipiunt;
3667 4117 3786 4170 sicut

2188 4211 2392 4266 Paulus
2418 4209 2705 4280 apostolus
2727 4210 3022 4282 pollicetur
3045 4227 3103 4265 :«
3128 4211 3351 4266 Scimus
3373 4212 3638 4284 quoniam
3659 4211 3787 4264 bona

2189 4307 2272 4360 est
2297 4304 2408 4372 lex,
2436 4303 2482 4358 si
2509 4303 2637 4375 quis
2663 4320 2729 4359 ea
2757 4304 3013 4376 legitime
3044 4310 3233 4360 utatur
3263 4307 3306 4378 (l
3338 4309 3501 4376 Tim,
3528 4323 3566 4374 1,
3593 4307 3658 4376 8).
3683 4326 3709 4354 ››

2262 4397 2624 4452 Obtinuimus
2679 4398 3081 4453 confundendo
3144 4401 3604 4456 contradictores.
3660 4402 3785 4456 Cou-

1815 4509 1841 4537 «
1882 4489 2002 4544 Non
2037 4475 2476 4550 teDvertamur
2521 4491 2761 4548 subinde
2807 4493 3041 4547 eosdem
3104 4510 3243 4565 quos
3298 4495 3535 4552 vicimus
3583 4496 3788 4569 insuper

2191 4585 2437 4652 erudire,
2482 4603 2552 4641 ne
2593 4592 2690 4641 aut
2730 4589 2794 4640 ut
2832 4590 3056 4641 sanctos
3097 4605 3400 4644 remanere
3434 4591 3707 4662 patiamur
3737 4589 3785 4644 in

2192 4679 2456 4746 crimine,
2487 4685 2586 4734 aut
2617 4679 2804 4750 ignari
2843 4680 3186 4752 deputemur
3216 4681 3272 4736 in
3309 4683 3603 4739 reddendo
3639 4683 3783 4739 ratio-

2193 4790 2345 4840 nem,
2382 4777 2448 4828 ut
2491 4773 2715 4844 publice
2753 4775 2880 4828 victi
2927 4776 3321 4845 paenitentiam
3363 4781 3565 4850 gerant
3591 4797 3604 4834 :
3635 4783 3722 4833 aut
3749 4775 3787 4832 si

2193 4866 2455 4934 noluerit,
2501 4883 2607 4948 nos
2647 4867 3033 4939 expunximus
3074 4871 3230 4941 quod
3275 4874 3345 4928 ad
3391 4879 3642 4929 nostram
3681 4886 3786 4944 per-

2192 4960 2338 5014 tinet
2375 4959 2759 5031 diligentiam;
2793 4964 2853 5015 ut
2879 4963 3172 5033 quomodo
3210 4965 3584 5023 satisfacimus
3610 4981 3783 5037 supra-

2194 5053 2355 5108 dicta
2394 5055 2694 5110 sententia:
2737 5055 3074 5126 Salomonis,
3120 5058 3198 5113 ita
3227 5060 3598 5117 satisfacimus
3632 5061 3783 5116 Paulo

2192 5148 2447 5218 apostolo
2495 5149 2848 5204 concionanti
2894 5166 2908 5204 :
2957 5171 2986 5201 ‹‹
3027 5153 3280 5222 Servum,
3328 5154 3537 5228 inquit,
3583 5152 3783 5210 Domini

2192 5257 2308 5298 non
2338 5244 2568 5314 oportet
2594 5242 2841 5314 litigare,
2869 5242 2968 5299 sed
2996 5244 3198 5302 mitem
3226 5263 3347 5305 esse
3373 5248 3446 5305 ad
3473 5265 3677 5318 omnes,
3702 5247 3784 5304 do-

1820 5415 1986 5488 Edit.
2019 5422 2228 5490 Oxon.
2260 5425 2455 5490 notae.

530 5607 631 5674 (49)
661 5605 802 5660 Unus
822 5617 914 5672 per
942 5616 1115 5669 rupes.
1140 5603 1316 5656 Vetus
1339 5614 1456 5655 exc.
1483 5602 1535 5654 et
1555 5594 1897 5655 Remboldus
1922 5601 2090 5670 ripas.

466 5681 861 5818 Ρῖἔὸῗῐῖῖαυιυε
884 5749 1151 5814 apostolus
1184 5748 1435 5807 decernit,
1456 5747 1653 5798 dicens.
1679 5747 1892 5813 Adjicio
1921 5748 2095 5798 dicem

471 5817 543 5881 ex
571 5817 678 5876 γέι.
715 5836 832 5875 exc.
869 5822 1087 5873 PAMBL.

2254 5602 2354 5668 (8t)
2391 5603 2526 5669 Quid
2563 5603 2714 5659 aliud
2751 5603 3045 5674 emsniplum
3086 5608 3284 5663 volunt.
3328 5610 3410 5665 Ex
3442 5609 3630 5666 eodem
3670 5622 3779 5664 cum

2194 5679 2441 5728 Morellio
2468 5681 2590 5744 lego
2612 5682 2712 5744 sic,
2747 5696 2847 5746 pro
2875 5683 3074 5734 volunt.
3107 5685 3323 5735 Pana.

2194 5750 2458 5873 Ρέῗέιει
2503 5753 2596 5818 qui
2635 5753 2902 5817 apostolis.
2957 5753 3124 5806 Solus
3166 5755 3442 5809 Manutius
3487 5755 3777 5824 Apostolicis.
