4032 6180
181 180 281 242 933

1290 174 1379 240 be
1417 170 1942 242 SINGULARITATE
1979 176 2429 245 cteaiconmi.

177 311 429 376 eibilem,
458 312 791 381 patientem,
830 326 957 364 cum
991 311 1144 365 omni
1184 311 1458 365 modestia
1492 310 1799 381 corripien-
1826 323 1877 394 Α
1904 310 2074 365 tionis
2125 313 2304 365 studia
2356 317 2748 384 sequerentur.
2803 312 2936 367 ldeo
2989 326 3104 370 non
3157 311 3289 370 inde
3334 318 3528 373 scribi-

177 409 293 459 tem
341 421 436 457 eos
483 403 581 474 qui
631 405 899 458 resistunt
946 404 1202 471 veritati;
1255 421 1325 458 ne
1368 406 1513 459 forte
1559 405 1653 457 det
1694 404 1801 457 illis

180 499 325 551 Deus
359 498 748 568 pamitentiam
796 498 864 552 ad
905 498 1365 568 cognoscendam
1401 498 1714 561 veritatem,
1748 502 1803 551 et

176 592 510 662 resipiscam
541 608 570 644 a
613 591 825 646 diaboli
860 592 1098 662 laqueis,
1138 608 1167 644 a
1207 608 1319 662 quo
1359 592 1565 661 captivi
1607 594 1797 644 tenen-

174 690 269 738 tur
299 686 614 739 secundum
642 686 763 755 ejus
788 686 1138 739 voluntatem
1171 686 1237 755 (ll
1271 687 1428 746 Tim.,
1461 702 1517 750 ιι,
1548 684 1749 753 24-26).
1774 706 1798 732 ››

246 778 429 833 Omne
484 778 761 849 quidquid
810 779 879 832 ab
935 779 1254 832 auctoribus
1309 778 1515 831 nostris
1576 784 1799 847 gestum

174 875 293 937 est,
352 871 760 925 rationabiliter
812 872 1157 941 gerebatur;
1226 878 1290 925 ut
1341 871 1581 941 posteris
1641 870 1800 923 nobis

170 966 442 1019 adversus
482 966 948 1035 prawaricatores
991 966 1212 1019 munita
1259 965 1510 1035 undique
1552 964 1795 1018 auctori-

174 1063 258 1111 tas
286 1060 627 1123 traderetur,
659 1063 890 1128 propter
917 1058 1160 1112 hazresin
1188 1059 1595 1129 amputandam
1626 1074 1797 1129 quam

172 1152 438 1223 superius
475 1151 807 1215 taxavimus,
841 1152 909 1205 de
939 1151 1293 1205 assumendis
1329 1152 1587 1219 feminis;
1624 1168 1793 1221 quam

172 1244 289 1298 sive
330 1261 430 1314 per
473 1244 863 1314 semetipsum,
903 1245 1016 1298 sive
1063 1261 1167 1314 per
1207 1261 1398 1299 servos
1430 1261 1561 1297 suos
1604 1244 1794 1297 Domi-

169 1354 280 1392 nus
312 1337 604 1407 paululum
648 1339 939 1404 relaxavit,
977 1355 1047 1392 ne
1089 1338 1267 1391 nimio
1305 1338 1490 1408 rigore
1521 1337 1575 1391 in
1614 1341 1796 1390 totum

172 1431 401 1484 Domini
441 1431 652 1484 fabrica
694 1432 1086 1500 damnaretur;
1132 1432 1591 1501 praevidebantur
1618 1448 1651 1483 a
1694 1432 1795 1485 Do-

169 1524 330 1577 mino
358 1524 609 1578 haeretici
638 1524 733 1595 qui
765 1524 989 1594 nuptias
1018 1525 1310 1593 auferunt;
1348 1530 1403 1577 et
1438 1540 1577 1595 quos
1616 1524 1795 1577 Domi-

164 1634 278 1671 nus
326 1616 517 1687 junxit
584 1620 714 1687 (53),
759 1620 956 1672 contra
1020 1621 1237 1671 naturai
1301 1618 1686 1689 principium,
1738 1621 1794 1671 et

1902 410 1995 458 tur
2036 406 2166 475 (56),
2215 406 2364 475 quod
2411 407 2617 459 nostris
2659 408 3142 462 convivationibus
3180 417 3519 481 coaequetur,

1901 515 2018 552 non
2073 500 2236 565 risus,
2293 516 2401 553 non
2447 499 2608 569 jocus
2657 499 2863 554 dicitur
2917 502 3159 556 affuisse.
3217 504 3327 557 Nec
3380 505 3523 558 sicut

1900 592 2049 662 apud
2097 592 2372 661 quosdam
2437 609 2585 646 nunc
2639 610 2816 663 usque
2864 596 3071 649 assolet
3123 597 3264 664 ﬁeri,
3314 598 3521 651 chorus

1902 686 2261 755 psallentium
2329 685 2613 755 virginum
2686 702 2851 740 aures
2919 689 3210 744 venenosis
3268 691 3520 745 cantibus

1902 780 2171 832 asseritur
2222 779 2569 832 demulsisse.
2628 780 2693 831 Et
2746 786 2805 832 ut
2854 781 2922 833 de
2969 782 3227 850 apostolis
3273 783 3521 838 breviter

1900 872 2165 942 probem,
2229 875 2505 942 quantum
2564 871 2670 925 illis
2718 871 2870 925 ﬂuxa
2920 872 3269 929 familiaritas
3337 876 3518 946 potuit

1900 965 2214 1034 displicere,
2262 965 2359 1035 qui
2408 965 2686 1035 compulsi
2731 971 2861 1019 sunt
2907 971 2964 1019 et
3007 966 3075 1020 de
3119 968 3237 1037 ipso
3278 968 3517 1023 Domino

1899 1059 2164 1128 loquente
2194 1075 2322 1112 cum
2362 1058 2578 1113 femina
2617 1059 2891 1125 dubitare,
2935 1059 3038 1113 nisi
3077 1076 3171 1114 eos
3208 1062 3520 1131 majestatis

1899 1152 2101 1205 notitia
2166 1152 2409 1222 probata
2476 1159 2898 1223 compesceret,
2962 1153 3109 1207 sicut
3174 1152 3520 1225 evangelista

1897 1246 2088 1311 refert,
2129 1246 2360 1299 dicens:
2394 1266 2421 1296 α
2458 1248 2610 1299 Inter
2650 1246 2791 1311 haec,
2839 1246 3044 1317 inquit,
3088 1253 3371 1302 venerunt
3410 1248 3518 1302 dis-

1898 1338 2067 1409 cipuli
2108 1339 2250 1408 ejus,
2299 1344 2355 1391 et
2401 1338 2757 1393 mirabantur
2787 1339 2942 1409 quod
2985 1357 3116 1394 cum
3160 1341 3400 1395 muliere
3443 1342 3518 1395 lo-

1895 1433 2375 1503 queretur.Nemo
2405 1437 2591 1486 tamen
2619 1432 2761 1486 dixit
2793 1432 2868 1485 illi
2905 1449 2969 1485 τα
2996 1433 3137 1495 Quid
3168 1435 3392 1503 quieris,
3422 1440 3519 1491 aut

1896 1526 2028 1596 quid
2067 1525 2319 1595 loqueris
2352 1542 2481 1578 cum
2513 1542 2579 1579 ea
2610 1525 2805 1595 (Joan.,
2836 1543 2905 1591 ιν,
2934 1525 3063 1594 27)?
3092 1548 3119 1575 ››
3148 1528 3287 1590 Quid
3324 1533 3517 1582 autem

1895 1620 2095 1689 loquar
2120 1634 2403 1672 accessum
2442 1617 2676 1671 feminae
2717 1619 2786 1671 ad
2832 1619 3005 1688 pedes
3052 1619 3274 1673 Domini
3322 1636 3517 1690 provo«

164 1680 367 1765 contra
412 1680 788 1781 Evangelium
839 1727 1104 1781 separare
1148 1680 1519 1765 contendunt.
1577 1680 1870 1775 QuibusB
1897 1680 2047 1778 latae,
2092 1712 2254 1781 cujus
2296 1712 2475 1765 luctus
2521 1715 2577 1763 et
2618 1680 2873 1781 planctus
2908 1713 2975 1764 ad
3024 1680 3405 1766 defensionem
3444 1714 3519 1768 la-

160 1805 513 1859 interdicens
542 1805 665 1873 jam
702 1810 836 1859 tunc
874 1804 1183 1858 auctoritas
1210 1806 1532 1875 parabatur,
1565 1822 1635 1858 ne
1672 1822 1796 1858 ma-

161 1898 349 1951 ritatas
392 1898 657 1951 mulieres
703 1898 953 1952 accidere
996 1903 1327 1951 vetarentur
1366 1899 1435 1951 ad
1481 1898 1793 1967 Christum,

168 1991 253 2044 cui
290 1991 347 2043 in
393 1991 695 2061 praesentia
728 1990 1061 2045 servierunt.
1095 1990 1205 2045 Sed
1236 2008 1348 2044 non
1380 1992 1498 2045 sine
1531 1992 1792 2046 modera-

164 2085 319 2137 mine
365 2085 469 2137 fuit
497 2085 664 2138 etiam
692 2084 814 2154 ipsa
844 2083 1141 2154 permissio
1170 2090 1488 2154 procurata,
1519 2102 1646 2155 quae
1680 2103 1791 2139 non

162 2177 269 2230 sibi
311 2177 658 2248 operabatur
706 2177 859 2247 quod
916 2178 1167 2248 gerebat,
1219 2178 1316 2232 sed
1372 2180 1609 2231 eaateris.
1652 2182 1792 2234 Nam

162 2270 240 2324 sic
295 2271 574 2325 allocutus
624 2271 891 2325 Dominus
953 2271 1405 2337 Samaritanam,
1468 2271 1539 2325 ad
1592 2272 1788 2327 horam

160 2364 358 2417 docuit
403 2370 458 2418 et
504 2364 751 2431 recessit,
804 2381 907 2418 nec
955 2364 1345 2418 defensionem
1390 2366 1788 2419 continuandis

159 2457 484 2511 excessibus
556 2458 709 2511 fecit.
778 2457 856 2513 Ad
934 2458 1136 2511 horam
1206 2474 1432 2528 quoque
1513 2459 1786 2512 Martham

157 2567 359 2619 passus
398 2554 483 2602 est
514 2550 953 2604 ministrantem.
1000 2550 1108 2605 Sed
1150 2551 1285 2620 quid
1327 2555 1452 2605 erat
1486 2552 1636 2605 aliud
1683 2554 1787 2605 Do-

158 2648 345 2715 mino,
401 2649 503 2701 nisi
565 2648 725 2718 regni
780 2646 972 2720 856
1027 2649 1268 2703 caelestis
1326 2650 1563 2719 prandia
1620 2651 1787 2704 mini-

156 2742 382 2796 strare?
418 2742 703 2812 Numquid
735 2743 837 2795 sub
876 2743 1107 2796 Domino
1145 2760 1258 2796 non
1305 2743 1467 2796 fuere
1505 2744 1791 2799 convivia?

156 2839 268 2889 Aut
310 2835 417 2888 sub
460 2834 755 2904 majestate
788 2835 909 2905 ejus
946 2838 1071 2889 erat
1098 2836 1238 2889 alius
1280 2835 1437 2889 cibus
1476 2842 1571 2890 aut
1600 2842 1787 2907 potus,

160 2945 334 2999 quam
366 2928 662 2999 disciplina
702 2929 1103 2983 tantummodo
1146 2946 1271 2999 quas
1312 2930 1619 2999 pascebat?
1656 2933 1787 2985 Tes-

1896 1804 2081 1859 scivim
2153 1821 2269 1857 sure
2324 1822 2439 1858 non
2514 1804 2856 1857 erubescunt
2917 1804 3164 1875 improbi
3213 1806 3519 1875 ﬂagitare?

1896 1899 2079 1969 Usque
2118 1899 2255 1951 adeo
2300 1898 2421 1951 illos
2462 1897 2692 1967 propria
2742 1898 2958 1953 caecitas
2997 1898 3162 1969 rapit,
3196 1905 3259 1953 ut
3301 1916 3402 1953 nec
3448 1901 3517 1954 de

1894 1992 2174 2045 similibus
2219 1992 2398 2045 causis
2447 1990 2697 2044 audeant
2737 1990 3020 2058 reluctari,
3071 1990 3140 2046 de
3183 1992 3386 2063 quibus
3428 1984 3519 2048 Sa-

1893 2085 2087 2139 lomon
2118 2101 2130 2137 :
2167 2104 2193 2136 tt
2223 2085 2549 2151 Excaecavit,
2588 2084 2794 2155 inquit,
2835 2101 2926 2138 eos
2954 2084 3169 2140 malitia
3199 2103 3420 2151 eorum,
3454 2092 3519 2141 ut

1892 2178 2176 2233 nescirent
2196 2181 2545 2231 sacramenta
2569 2178 2665 2231 Dei
2697 2178 2870 2246 (Sap..
2896 2195 2954 2243 ῐῐ,
2978 2182 3037 2231 2i
3054 2221 3068 2247 ,
3092 2178 3201 2249 22).
3229 2202 3255 2229 »
3276 2182 3518 2234 Joannes

1892 2276 2083 2325 autem
2120 2277 2359 2325 matrem
2394 2270 2610 2323 Domini
2655 2270 2962 2340 suscepisse
2998 2272 3241 2339 videtur,
3272 2274 3363 2327 sed
3395 2291 3513 2328 ma-

1889 2370 2035 2419 trem
2103 2365 2263 2434 cujus
2330 2381 2519 2418 mores
2600 2368 2930 2417 maternum
2998 2365 3213 2419 indicat
3278 2384 3513 2424 nomen.

1889 2459 2098 2512 Tamen
2156 2474 2267 2511 non
2313 2473 2541 2527 possum
2586 2457 2693 2526 (57)
2748 2462 2803 2509 et
2851 2456 2993 2509 alias
3042 2457 3247 2512 Christi
3303 2464 3513 2515 matres

1890 2552 2210 2618 admittere,
2266 2567 2369 2604 nec
2418 2549 2701 2619 mquanda
2752 2555 2835 2603 est
2884 2551 3214 2605 mulieribus
3259 2554 3512 2622 cunctis,

1891 2662 2016 2715 quae
2058 2644 2257 2715 genuit
2288 2643 2654 2713 Majestatem.
2691 2643 2835 2696 Elias
2871 2660 3098 2715 quoque
3134 2644 3323 2715 jussus
3359 2650 3445 2701 est
3480 2664 3515 2701 a

1891 2738 2135 2792 Domino
2180 2736 2502 2806 relinquere
2548 2736 2913 2790 solitudinem
2955 2742 3010 2791 et
3050 2738 3277 2809 ingredi
3322 2739 3513 2793 taber-

1893 2832 2155 2885 naculum
2196 2832 2397 2883 viduaz.
2444 2831 2550 2883 Pro
2596 2830 2839 2899 imperio
2882 2829 3098 2883 Domini
3136 2831 3409 2886 laboravit
3453 2836 3517 2886 ut

1892 2925 1947 2978 in
1979 2925 2145 2977 domo
2178 2922 2492 2987 mansisset,
2526 2922 2614 2975 cui
2644 2922 2885 2976 solitudo
2913 2923 3172 2978 solatium
3208 2926 3515 2995 praestabat

162 3026 317 3076 tante
364 3022 484 3093 ipso
530 3023 768 3076 Domino
812 3039 875 3075 ac
924 3023 1187 3077 dicente:
1226 3044 1252 3072 ‹‹
1290 3024 1438 3076 Meus
1483 3024 1639 3077 cibus
1680 3030 1861 3111 est,C
1889 3026 1944 3074 et
1994 3018 2289 3089 requiem;
2340 3016 2686 3070 occasionem
2747 3016 2825 3069 illi
2879 3016 3151 3071 Dominus
3196 3017 3402 3073 Obtulit
3441 3020 3510 3075 ad

159 3123 221 3170 ut
252 3117 457 3169 faciam
491 3117 835 3169 voluntatem
869 3116 989 3185 ejus
1026 3117 1124 3187 qui
1163 3116 1317 3169 misit
1357 3134 1445 3169 me
1479 3118 1677 3187 (Joan.,
1711 3135 1781 3187 1v,

158 3212 267 3277 34).
314 3230 343 3257 n
397 3210 487 3264 Sic
538 3210 822 3280 apostolus
885 3210 1191 3263 mulierum
1256 3210 1555 3263 comitatus
1618 3211 1787 3265 dece-

154 3303 253 3355 bat
297 3303 405 3373 (54)
448 3319 561 3355 non
610 3304 671 3355 ut
699 3301 1026 3373 perderent,
1070 3302 1168 3356 sed
1211 3306 1273 3356 ut
1312 3303 1595 3358 discerent
1636 3321 1785 3359 reve-

156 3397 429 3463 rentiam,
479 3399 535 3449 et
572 3402 807 3466 propter
850 3396 1223 3450 humanitatis
1264 3396 1651 3451 exhibendum
1684 3397 1785 3451 mi-

156 3489 464 3543 nisterium
505 3490 908 3561 sequebantur,
938 3490 1079 3543 sicut
1120 3490 1177 3544 in
1222 3490 1525 3561 Evangelio
1568 3491 1637 3546 de
1678 3492 1782 3545 Do-

153 3584 318 3638 mino
355 3590 411 3638 et
446 3583 515 3637 de
546 3584 679 3653 ipsis
718 3584 931 3653 pariter
973 3587 1368 3638 memoratur:
1405 3606 1431 3634 «
1466 3586 1530 3639 Et
1571 3586 1785 3640 factum

154 3684 262 3744 est,
308 3677 516 3747 inquit,
555 3677 833 3747 posthaec
876 3682 931 3731 et
974 3677 1091 3748 ipse
1134 3678 1241 3731 iter
1283 3678 1528 3732 faciebat
1558 3696 1662 3749 per
1705 3678 1784 3733 ci-

153 3772 364 3826 vitates
410 3776 465 3825 et
513 3772 739 3825 castella
794 3772 1185 3842 evangelizans
1244 3788 1488 3842 regnum
1548 3773 1674 3842 Dei,
1731 3778 1787 3828 et

152 3865 460 3921 duodecim
505 3881 631 3919 cum
668 3865 788 3933 illo,
830 3868 888 3919 et
926 3865 1197 3920 mulieres
1235 3882 1361 3936 quas
1393 3868 1557 3921 erant
1582 3872 1786 3921 curata:

150 3980 185 4016 a
224 3960 523 4031 spiritibus
558 3959 863 4014 immundis
899 3964 956 4014 et
992 3959 1428 4029 inﬁrmitatibus,
1457 3960 1628 4015 Maria
1657 3977 1784 4032 quas

150 4060 392 4111 vocatur
420 4053 764 4123 Magdalene,
802 4054 872 4107 de
909 4070 1024 4124 qua
1051 4054 1337 4108 daemonia
1375 4060 1590 4125 septem
1626 4054 1783 4110 exie-

152 4154 307 4215 rant,
362 4154 421 4202 et
469 4150 701 4214 loanna,
757 4164 897 4201 uxor
942 4148 1144 4202 Chuzaa
1194 4149 1571 4217 procuratoris
1613 4149 1782 4203 Hero-

152 4246 261 4312 dis,
296 4246 355 4297 et
380 4246 655 4309 Susanna,
691 4246 747 4295 et
772 4241 897 4294 alia:
930 4240 1124 4294 multa),
1149 4257 1276 4312 quae
1304 4247 1359 4295 et
1386 4242 1786 4297 ministrabant

151 4340 207 4393 ei
241 4338 313 4391 de
342 4335 698 4390 facultatibus
726 4334 840 4388 suis
872 4336 1047 4405 (Luc.,
1080 4352 1198 4402 Vill,
1234 4336 1362 4405 1-3).
1394 4358 1422 4387 ››

1889 3112 2177 3183 magnalia
2222 3109 2499 3174 facienda,
2542 3114 2605 3162 ut
2650 3109 2830 3179 magis
2876 3109 3040 3165 famis
3087 3114 3349 3182 tempore
3395 3116 3514 3168 tam

1884 3207 1990 3277 ipsi
2020 3204 2203 3258 viduae
2232 3219 2404 3273 quam
2442 3202 2670 3273 pupillis
2703 3202 2824 3271 ejus
2862 3202 3199 3258 sufﬁcientia
3235 3206 3514 3261 tribueret

1884 3301 2174 3361 alimenta,
2204 3293 2558 3367 quijejuniis
2586 3312 2995 3368 usquequaque
3026 3297 3267 3351 afﬂictus
3302 3299 3513 3355 tolera-

1885 3397 2039 3448 verat
2094 3388 2283 3463 857
2342 3389 2750 3460 indigentiam;
2804 3396 2859 3443 et
2902 3390 2997 3461 qui
3046 3390 3249 3446 missus
3284 3398 3520 3448 venerat

1887 3487 2059 3559 pasci,
2104 3489 2296 3556 pastus
2340 3483 2598 3554 quinimo
2635 3482 2934 3537 conferens
2977 3484 3222 3553 miseris,
3257 3486 3515 3541 miserias

1885 3578 2146 3651 egestatis
2188 3578 2325 3631 fecit
2369 3576 2608 3630 excludi.
2664 3577 2731 3630 Et
2778 3576 2885 3630 hoc
2937 3594 3049 3631 non
3096 3583 3283 3649 potest
3326 3580 3513 3651 cujus~

1885 3690 2056 3745 quam
2100 3673 2290 3726 favere
2336 3670 2612 3736 luxuriae;
2655 3687 2784 3724 cum
2834 3671 2988 3725 nulla
3027 3671 3199 3725 fuerit
3239 3678 3511 3743 opportu-

1886 3769 2031 3821 nitas
2061 3765 2307 3820 scandali
2350 3764 2444 3818 ubi
2477 3769 2836 3818 transeunter
2864 3764 3015 3835 quod
3047 3765 3209 3835 pejus
3246 3774 3329 3820 est
3359 3784 3515 3837 eges-

1885 3874 2071 3923 tosam
2110 3866 2220 3937 (58)
2260 3865 2525 3920 habuerit
2561 3864 2941 3932 mansionem,
2974 3881 3146 3937 quam
3185 3866 3513 3938 quicunque

1886 3963 2089 4031 hospes
2125 3960 2425 4029 effugeret.
2457 3959 2528 4011 At
2562 3957 2652 4011 hic
2681 3958 2833 4027 apud
2870 3974 3012 4030 quos
3046 3958 3368 4030 hospitales
3404 3965 3509 4030 est,

1885 4051 2144 4125 implevit
2176 4057 2231 4107 et
2260 4050 2461 4119 rediit;
2502 4049 2599 4121 qui
2640 4050 2862 4106 etiamsi
2905 4053 3245 4120 moraretur,
3290 4068 3516 4125 suspec-

1884 4152 1975 4203 tus
2010 4162 2128 4201 esse
2169 4162 2282 4200 non
2326 4144 2529 4216 potuit.
2574 4144 2767 4209 Qualis
2798 4145 2910 4199 illic
2951 4145 3057 4200 fuit
3084 4147 3513 4203 communitatis

1885 4242 2133 4310 effectus,
2165 4241 2259 4294 ubi
2296 4256 2411 4295 non
2449 4244 2569 4294 erat
2593 4238 2812 4294 victus?
2838 4239 2903 4294 Et
2930 4240 3156 4311 qualem
3182 4243 3253 4297 ad
3280 4243 3512 4299 viduam

1885 4336 2085 4391 habuit
2111 4336 2258 4391 Elias
2285 4333 2604 4403 introitum,
2638 4333 2727 4388 cui
2763 4332 2942 4387 fames
2970 4334 3127 4389 dedit
3161 4335 3464 4406 hospitium
3485 4337 3512 4392 ?

227 4430 513 4503 Numquid
552 4429 919 4484 adhaerebant
956 4429 1338 4500 singularibus
1379 4430 1636 4501 singulae,
1685 4405 2145 4501 autDQuisquis
2186 4446 2244 4483 es
2277 4429 2376 4500 qui
2413 4435 2467 4483 te
2516 4427 2594 4480 vis
2632 4427 2765 4481 Elite
2810 4426 2878 4481 de
2930 4405 3385 4484 commoratione
3430 4433 3509 4484 via

153 4528 595 4598 indisciplinatse
639 4529 1068 4593 commorantes,
1116 4527 1557 4596 perseverabant
1594 4527 1780 4583 illece-

151 4624 331 4678 broso
387 4621 667 4675 consortio
718 4619 1151 4674 conversantes?
1203 4618 1307 4673 Ubi
1362 4624 1482 4673 tota
1545 4621 1785 4675 Ecclesia

152 4714 577 4789 propemodum
620 4714 901 4768 videbitur
953 4714 1092 4785 (55),
1140 4718 1205 4767 ut
1247 4730 1360 4768 non
1408 4712 1479 4767 ad
1531 4714 1785 4768 conviva-

152 4812 342 4869 tiones
376 4809 681 4882 improbas,
728 4808 826 4863 sed
861 4807 933 4863 ad
973 4806 1236 4864 discenda
1282 4806 1451 4864 bona:
1492 4824 1785 4863 conversa-

1886 4524 2013 4579 duae
2056 4523 2237 4578 vocari
2280 4521 2638 4591 discipulum,
2690 4520 2845 4590 prius
2890 4519 3210 4575 solitudinis
3260 4522 3513 4577 afﬂictio.

1886 4635 2005 4684 nes,
2039 4622 2094 4672 et
2130 4614 2504 4687 quadraginta
2545 4612 2765 4667 dierum
2814 4613 2991 4667 tolera
3028 4613 3234 4685 jejunii
3275 4615 3509 4685 exitum,

1885 4715 1942 4767 et
1975 4716 2074 4765 aut
2100 4726 2212 4764 non
2247 4723 2467 4779 quaeres
2493 4706 2795 4776 feminam,
2830 4711 2929 4761 aut
2956 4724 3072 4763 non
3105 4706 3215 4762 erit
3252 4706 3348 4779 qui
3374 4723 3511 4764 eum

1883 4803 2096 4861 femina
2151 4806 2554 4870 commoretur,
2623 4806 2681 4857 et
2740 4803 2935 4856 tamen
2998 4801 3044 4857 si
3107 4802 3344 4859 valueris
3406 4801 3510 4861 tibi

1507 4998 1670 5065 Edit.
1707 5000 1915 5067 Oxon.
1947 5003 2152 5063 notos.

216 5180 323 5245 (53)
361 5176 496 5244 Quos
536 5180 785 5234 Dominus
806 5173 1009 5246 iunxit.
1040 5178 1155 5233 Aut
1186 5174 1268 5233 sic
1306 5173 1608 5246 legendum
1651 5190 1781 5235 etim

144 5256 405 5315 Erasmo,
431 5257 525 5303 aut
554 5268 681 5304 cum
716 5258 823 5305 vet.
852 5268 973 5305 exc.
999 5257 1054 5304 et
1081 5254 1406 5314 Remboldo,
1442 5257 1584 5318 quod
1608 5257 1784 5306 Domi-

142 5342 252 5378 nus
274 5327 465 5390 jussit;
491 5328 640 5388 prius
675 5329 857 5376 tamen
890 5325 1091 5376 arridet
1119 5328 1308 5390 magis.
1344 5328 1562 5376 PAMEL.

216 5398 319 5461 (54)
350 5396 435 5446 Sic
461 5397 725 5460 apostolos
765 5397 1047 5446 mulierum
1089 5400 1364 5448 comitatus
1398 5398 1624 5449 decebat.
1658 5398 1778 5449 Vet.

143 5485 274 5523 exc.
297 5467 593 5531 Apostolus,
621 5472 747 5530 etc.,
778 5467 1009 5518 docebat.
1044 5469 1263 5518 PAMEL.

213 5542 315 5605 (55)
360 5538 454 5587 Ubi
492 5544 595 5588 tota
634 5538 863 5589 Ecclesia
886 5541 1261 5604 propemodum
1288 5540 1567 5591 videbitur.
1600 5541 1782 5592 Locus

140 5626 377 5680 prorsus
421 5611 708 5662 obscurus.
749 5612 871 5663 Vet.
902 5626 1145 5664 exeusus
1181 5626 1311 5663 vero
1344 5616 1397 5663 et
1440 5613 1782 5663 Remboldus

142 5686 346 5750 legunt
389 5684 786 5746 conjumtiones
827 5684 1205 5747 improbrosas,
1246 5698 1345 5749 pro
1388 5686 1784 5735 convivationes

144 5756 446 5826 improbas,
479 5770 590 5806 non
615 5759 778 5807 recte.
816 5756 1018 5809 PAMEL

1944 5180 2045 5245 (56)
2070 5178 2187 5235 Iden
2217 5193 2323 5231 non
2355 5170 2475 5231 inde
2502 5167 2773 5231 scribitur.
2810 5168 2931 5231 Hoc
2971 5182 3041 5231 ex
3067 5167 3189 5231 cod.
3230 5174 3339 5231 vet.
3367 5194 3512 5243 exc.,

1882 5271 1978 5320 pro
2007 5269 2120 5319 quo
2153 5252 2510 5314 Remboldus,
2546 5252 2678 5302 adeo
2690 5266 2708 5314 ;
2738 5252 3000 5301 Erasmus
3024 5265 3174 5312 vero,
3205 5252 3277 5302 ad
3304 5266 3366 5302 ea
3388 5252 3513 5304 bene

1880 5326 2210 5377 describitur.
2250 5324 2456 5375 Morell.
2488 5323 2619 5373 adeo
2648 5337 2755 5373 non
2785 5322 2926 5371 bene.
2958 5324 3177 5385 ΡΑΜΕΙ..

1943 5398 2039 5459 (57)
2085 5397 2273 5446 Tamen
2321 5408 2430 5445 non
2481 5408 2708 5459 possum.
2769 5394 2920 5443 Istud
2973 5407 3194 5444 rursum
3255 5407 3323 5446 ex
3378 5395 3511 5446 illo-

1881 5483 2003 5518 rum
2070 5472 2342 5532 utroque,
2408 5480 2507 5530 pro
2572 5480 2638 5516 eo
2711 5465 2860 5529 quod
2938 5464 3204 5516 Erasmus
3272 5473 3506 5529 possunt.

1883 5542 2395 5675 Ρῒέέῖιέᾳεεῑοδαηι.
2429 5608 2523 5660 Sic
2561 5610 2709 5658 recte
2743 5607 3043 5669 Morellius,
3079 5607 3422 5660 Remboldus
3456 5610 3509 5663 et

1880 5688 1989 5735 vet.
2017 5696 2137 5736 exc.
2165 5695 2337 5749 quum
2363 5682 2455 5731 alii
2479 5684 2821 5747 egestuosam.
2851 5679 3072 5732 PAMEL.

3425 182 3530 249 934
3618 206 3619 211 ‘
