4032 6180
459 249 561 306 935
1061 236 1151 300 Αι)
1191 243 1412 302 orans
1453 247 1506 301 s.
1549 233 1869 302 CYPBIANt
1903 229 2203 301 GEN‘UINA
2241 238 2525 300 APPEND.
2565 243 2630 300 ιι.
2665 275 2735 286 --
2773 235 3244 302 SUPPOSITlTlA.
3673 247 3759 312 ἐδδ

460 389 637 427 serva.
680 370 848 426 Nobis
889 373 1080 424 autem
1129 369 1187 423 in
1223 369 1425 440 spiritu
1465 374 1520 423 et
1557 369 1760 424 virtute
1793 368 1928 423 Elite
1973 384 2086 422 non
2111 369 2470 452 Aconsensit
2493 387 2587 424 cor
2611 386 2804 424 meum
2829 370 2965 435 (Job,
2997 385 3145 437 xxxr,
3173 371 3244 440 7).
3274 371 3476 427 Verum
3505 375 3764 434 enimvero

461 467 638 520 alium
673 480 846 536 quam
888 464 1163 517 Joannem
1205 463 1390 517 solum
1429 463 1686 533 angelus,
1728 468 1784 516 et
1813 462 2088 518 Dominus

460 559 715 614 Christus
747 556 1020 611 insinuat.
1157 565 1162 568 ’

530 655 678 710 Proh
719 653 913 709 dolori
945 654 1134 708 dolere
1170 653 1430 724 cogimur
1457 653 1602 724 quod
1643 653 1911 707 docemus
1940 669 1953 706 :
1989 652 2086 722 qui

459 766 641 821 usque
682 748 756 803 ad
800 748 910 803 hoc
949 746 1231 816 venimus,
1266 753 1327 800 ut
1354 747 1415 801 in
1457 746 1882 817 comparatione
1912 745 2091 799 ﬂuxo-

459 859 612 911 rum,
655 843 724 898 de
765 844 1091 896 sanctorum
1143 840 1450 895 tremendis
1495 840 1796 894 virtutibus
1835 839 2084 910 dispute-

464 954 607 992 mus.
638 939 828 1002 Parce,
864 935 985 1006 jam
1027 951 1218 1006 parce,
1256 935 1608 1004 protervitas.
1641 935 1946 1004 Nunquam
1988 931 2088 985 tibi

457 1031 636 1086 sancti
682 1029 1088 1097 consentiunt;
1136 1028 1233 1099 qui
1274 1027 1555 1098 religiosa,
1602 1027 1880 1094 modesta,
1919 1041 2086 1080 vene-

459 1124 663 1191 randa,
697 1121 920 1194 pudica,
949 1121 1233 1193 pudorata
1257 1137 1386 1174 cum
1413 1120 1640 1175 feminis
1663 1119 1900 1190 negotia
1920 1135 2085 1190 pere-

461 1222 690 1288 gerunt.
750 1219 861 1269 Aut
924 1214 968 1268 si
1029 1215 1214 1268 adhuc
1278 1231 1378 1285 per
1439 1219 1667 1268 sanctos
1717 1212 2086 1267 cavillationis

461 1311 746 1364 anfractus
792 1308 1091 1363 contendis
1137 1308 1465 1378 exquirere;
1498 1324 1598 1361 nos
1643 1312 1838 1361 tamen
1879 1305 2089 1360 amicos

461 1404 559 1458 Dei
587 1421 703 1459 non
725 1402 1008 1470 novimus,
1036 1401 1140 1454 nisi
1165 1402 1234 1454 ad
1261 1403 1689 1456 venerationem
1709 1402 1820 1472 (59)
1841 1403 2088 1454 tantum-

460 1497 626 1552 modo
661 1495 980 1562 memorati,
1011 1496 1159 1566 quod
1193 1495 1364 1549 David
1391 1495 1598 1563 docuit,
1628 1495 1824 1549 dicens
1855 1517 1866 1546 :
1899 1514 1925 1545 «
1957 1493 2087 1548 Mihi

461 1593 651 1646 autem
711 1590 1080 1645 vehementer
1144 1588 1499 1643 honoriﬁcati
1561 1592 1694 1642 sunt
1751 1587 1918 1642 amici
1982 1588 2086 1653 tui,

458 1684 604 1738 Deus
653 1683 818 1753 (Psal.
874 1699 1133 1749 cxxxvul,
1186 1685 1292 1752 17).
1337 1703 1363 1732 ››
1412 1683 1554 1736 Eant
1594 1698 1746 1736 nunc
1788 1681 2088 1753 praedones

2189 462 2282 516 ille
2329 465 2515 533 potest
2561 463 2677 517 suis
2726 463 2903 518 oculis
2947 463 3220 518 obnoxius
3267 481 3380 519 non
3437 468 3643 536 teneri;
3688 473 3764 526 cui

2189 557 2401 612 nolenti
2455 556 2788 628 repentinus
2849 574 3112 612 occursus
3169 557 3419 614 mulieris
3478 563 3771 620 scandalum

2189 650 2450 717 moverit,
2480 650 2631 721 quod
2658 651 2914 722 protinus
2941 668 3102 706 mens
3124 651 3274 722 quod
3301 653 3524 708 nolebat
3547 658 3770 726 expellit.

2194 743 2284 796 Ille
2335 749 2527 798 autem
2571 744 3018 799 commotionem
3068 745 3155 798 sui
3198 745 3345 799 visus
3398 762 3512 801 non
3550 756 3774 805 meretur

2189 835 2447 904 evadere,
2479 837 2578 908 qui
2607 837 2760 908 apud
2790 854 2850 891 se
2881 837 3136 892 scandali
3167 839 3468 893 materiam
3501 845 3662 910 tenet,
3691 844 3776 912 qui

2188 929 2306 983 vult
2355 929 2684 984 intentionis
2733 947 2850 986 suae
2899 930 3188 986 affectibus
3244 932 3375 1000 frui,
3430 933 3525 1003 qui
3575 936 3774 990 atfectat

2187 1022 2397 1078 habere
2440 1023 2593 1094 quod
2635 1023 2809 1078 oculis
2855 1024 3232 1080 offensionem
3279 1025 3520 1096 ingerat,
3561 1044 3774 1098 quorum

2187 1115 2424 1170 aviditas
2445 1116 2800 1189 inexplebilis
2824 1119 2975 1174 inter
2998 1118 3337 1174 offendicula
3355 1120 3616 1174 continua
3639 1123 3775 1178 nullo

2188 1209 2354 1263 modo
2406 1213 2596 1281 potest
2659 1209 2895 1266 omnino
2944 1212 3266 1283 compesci;
3330 1213 3480 1284 quod
3540 1213 3775 1269 Salomon

2186 1303 2482 1374 approbat,
2537 1303 2731 1358 dicens
2783 1323 2797 1359 :
2859 1324 2886 1356 ‹‹
2948 1306 3206 1360 Infernus
3263 1308 3323 1360 et
3375 1307 3628 1361 interitus
3679 1325 3774 1362 non

2187 1396 2483 1462 satiantur,
2565 1397 2829 1452 similiter
2889 1399 3036 1452 oculi
3096 1399 3398 1453 hominum
3468 1401 3778 1456 insatiabiles

2188 1495 2321 1544 sunt
2361 1490 2562 1560 (Prov,
2605 1507 2767 1560 xxvu,
2807 1491 2918 1560 20).
2967 1514 2994 1541 »
3037 1492 3103 1545 Et
3146 1492 3202 1546 in
3245 1492 3357 1546 alio
3401 1493 3520 1548 loco
3559 1511 3572 1548 :
3613 1516 3639 1543 ‹‹
3677 1496 3779 1550 Νοιι

2187 1585 2424 1638 satiatur
2455 1585 2650 1639 oculus
2683 1584 2931 1639 videndo
2960 1584 3181 1657 (Eccle.,
3216 1603 3253 1654 ι,
3281 1587 3353 1657 8).
3392 1607 3420 1636 »
3453 1589 3518 1641 Et
3552 1587 3737 1642 iterum
3766 1607 3777 1643 :

2190 1699 2218 1727 ‹‹
2255 1678 2500 1749 Nequius
2545 1679 2707 1733 oculo
2768 1678 2906 1748 quid
2956 1682 3210 1734 creatum
3260 1685 3346 1735 est
3394 1681 3598 1752 (Eccli.,
3647 1698 3777 1751 xxxx,

458 1743 710 1848 pudoris,
770 1779 826 1830 et
893 1743 1158 1847 plagiarii
1223 1743 1509 1841 castitatis,
1573 1743 1921 1829 mulierculis
1975 1743 2385 1841 suisBi5)?;i

460 1886 742 1941 exponere
793 1870 1079 1924 molestias
1110 1869 1498 1940 querelarum.
1530 1869 1690 1939 Apud
1719 1873 1939 1923 sanctos
1963 1885 2086 1922 nos-

461 1968 581 2018 tros
611 1981 725 2019 non
756 1963 972 2017 habent
1004 1963 1238 2017 omnino
1267 1960 1596 2032 suffugium,
1627 1961 1832 2032 quibus
1863 1961 2085 2016 misceri

460 2057 723 2112 Ecclesiae
752 2056 1088 2111 auctoritate
1115 2057 1274 2110 Pauli
1299 2056 1535 2126 apostoli
1565 2055 1900 2126 prohibetur
1927 2073 1939 2109 :
1970 2077 1995 2103 ‹‹
2020 2057 2086 2109 Et

455 2152 582 2217 hos,
626 2149 830 2222 inquit,
871 2149 1090 2216 devita;
1125 2167 1190 2205 ex
1235 2149 1322 2203 his
1365 2149 1522 2203 enim
1566 2153 1696 2202 sunt
1736 2149 1830 2219 qui
1878 2151 2085 2219 repunt

455 2244 514 2298 in
566 2243 786 2311 domos,
833 2249 888 2297 et
926 2244 1168 2314 captivas
1211 2243 1425 2296 ducunt
1473 2241 1836 2296 mulierculas
1880 2257 2079 2295 onera-

455 2341 540 2392 tas
566 2337 830 2408 peccatis,
855 2353 983 2408 qua:
1008 2336 1295 2391 ducuntur
1315 2335 1483 2392 variis
1512 2335 1806 2390 desideriis
1828 2336 1894 2405 (Ii
1921 2337 2080 2402 Tim,

458 2449 534 2500 ιιι,
566 2433 617 2502 5,
651 2433 728 2501 6.)
759 2453 785 2480 ››

525 2525 652 2580 Post
674 2525 777 2579 hoc
799 2525 1047 2579 edictum
1063 2523 1284 2578 utinam
1307 2522 1595 2578 conﬁdant
1615 2522 1719 2577 sibi
1743 2522 2079 2594 angelorum

456 2620 714 2690 exempla
755 2619 1093 2674 conducere.
1134 2619 1242 2671 Nos
1276 2618 1393 2687 jam
1439 2634 1552 2671 non
1597 2617 1782 2672 valent
1823 2616 2078 2682 flectere,

454 2715 552 2786 qui
581 2713 846 2769 novimus
873 2716 930 2767 et
962 2711 1195 2782 angelos
1228 2728 1356 2766 cum
1387 2710 1619 2766 feminis
1649 2709 1914 2766 cecidisse
1943 2708 2077 2781 (60).

450 2809 534 2864 Ab
564 2791 698 2879 ipsis
740 2806 1001 2878 equidem
1046 2805 1192 2860 bene
1235 2805 1546 2876 patrocinia
1589 2807 1949 2872 mutuantur,
1982 2801 2078 2856 sed

453 2917 555 2956 nos
584 2901 806 2956 nullum
838 2900 1111 2970 angelum
1139 2900 1398 2953 audimus
1439 2902 1631 2953 contra
1674 2899 1906 2952 Paulum
1940 2912 2078 2967 apo-

449 2997 654 3051 stolum
686 3012 698 3049 :
731 3016 758 3043 «
809 2993 941 3060 Etsi,
991 2992 1208 3063 inquit,
1256 3009 1360 3063 ego
1405 2996 1504 3046 aut
1544 2992 1780 3062 angelus
1829 2989 1928 3044 Dei
1974 2989 2076 3043 ali-

450 3094 539 3145 ter
573 3087 1045 3159 evangelizaverit
1090 3085 1262 3152 vobis,
1298 3091 1678 3156 praeterquam
1719 3083 1872 3154 quod
1913 3099 2152 3178 evan-C

451 3181 813 3255 gelizavimus
862 3179 1040 3246 vobis,
1090 3178 1400 3232 anathema
1449 3178 1523 3231 sit
1570 3178 1798 3247 (Galat.,
1848 3193 1884 3243 ι,
1934 3177 2006 3246 8).
2043 3197 2069 3226 »

446 3276 746 3332 Insaniunt
790 3289 1051 3345 prorsus,
1107 3272 1311 3325 ardent
1361 3270 1640 3325 desiderio
1695 3270 2070 3336 feminarum,

449 3374 732 3442 quotquot.
773 3366 903 3420 huic
944 3364 1330 3420 interdictioni
1362 3380 1475 3417 non
1502 3363 1737 3431 cedunt;
1773 3365 1828 3417 et
1857 3362 2070 3417 obscoe-

445 3461 716 3519 nitatibus
761 3459 1068 3527 inhiantes,
1117 3458 1336 3511 malunt
1385 3457 1551 3525 mori,
1598 3473 1771 3528 quam
1821 3455 2072 3510 contenti

445 3557 560 3611 sint
577 3573 608 3609 a
626 3553 896 3609 lateribus
919 3553 1220 3606 mulierum
1241 3550 1428 3622 aliqua
1451 3549 1550 3620 disj
1562 3549 1826 3603 unctione
1846 3549 2069 3604 divelli:

448 3655 507 3704 ut
561 3649 632 3703 ad
697 3645 1038 3718 explendam
1096 3662 1211 3698 sua}
1267 3643 1547 3698 aviditatis
1602 3643 1917 3713 ingluviem
1968 3645 2067 3712 (61)

447 3744 617 3798 etiam
657 3744 866 3813 puncto
893 3738 1165 3810 temporis
1194 3756 1302 3792 non
1332 3737 1441 3791 sint
1472 3737 1593 3791 sine
1625 3738 1855 3791 femium
1883 3737 2072 3808 volup-

444 3840 558 3893 tate
610 3853 622 3891 :
669 3839 724 3891 et
771 3835 924 3889 hunc
969 3833 1176 3887 habent
1225 3835 1279 3886 in
1323 3831 1658 3886 mulieribus
1700 3831 1970 3897 fructum,
2013 3832 2074 3884 ut

446 3933 500 3988 in
541 3931 650 3985 illis
690 3946 915 3999 semper
953 3927 1131 3982 defixa
1166 3927 1504 3994 intentione,
1550 3924 1822 3979 desideria
1865 3924 2074 3978 satient

444 4027 761 4091 oculorum,
779 4018 973 4095 858
993 4039 1063 4076 ne
1081 4022 1164 4076 vel
1182 4025 1541 4075 momentum
1558 4019 1779 4089 aliquod
1797 4021 2069 4086 transeat,

443 4120 670 4192 quando
724 4118 1026 4188 indigeant
1079 4116 1186 4186 (6'2)
1228 4113 1380 4186 quod
1436 4113 1724 4167 affectant.
1784 4112 1876 4166 Sic
1923 4111 2074 4166 inter

443 4232 538 4269 eos
585 4211 883 4282 integritas
940 4210 1234 4276 emoritur;
1287 4207 1379 4260 ubi
1435 4207 1624 4261 omnis
1668 4205 2069 4273 commoratio,

443 4309 557 4364 sive
583 4305 954 4371 convivendo,
984 4303 1099 4356 sive
1128 4300 1546 4356 commanendo
1585 4299 1866 4372 corruptis
1900 4299 2069 4354 affec-

442 4401 690 4458 tionibus
716 4398 1065 4470 inquinatur.
1107 4393 1255 4461 Quos
1286 4398 1515 4449 sanctus
1556 4396 1750 4449 Petrus
1788 4398 2072 4465 apostolus

441 4493 774 4566 designavit,
809 4493 1002 4547 dicens
1043 4505 1054 4546 :

438 4588 630 4645 oculos
685 4587 958 4642 habentes
1005 4587 1204 4657 plenos
1252 4582 1746 4649 moechationibus,
1796 4587 1851 4636 et
1895 4581 2072 4636 inces-

441 4683 707 4739 sabilibus
795 4681 1051 4747 delictis,
1139 4678 1424 4749 capientes
1510 4676 1728 4730 animas
1818 4675 2071 4729 infirmas

442 4779 507 4851 (II
547 4777 709 4840 Petr.,
742 4792 799 4840 ιι,
835 4776 941 4844 14).
977 4797 1003 4823 ››
1038 4774 1145 4828 Hos
1179 4773 1349 4827 etiam
1385 4770 1463 4826 ita
1499 4771 1762 4826 Salomon
1795 4769 2024 4824 denotat
2053 4783 2065 4823 :

2261 1867 2372 1920 Hac
2393 1865 2764 1937 castigatione
2786 1881 2902 1920 non
2925 1866 3273 1937 compuncti,
3300 1866 3491 1922 divina
3515 1867 3782 1924 interdicta

2186 1959 2443 2014 nefanda:
2481 1958 2885 2013 familiaritatis
2925 1959 3305 2015 obstinatione
3334 1964 3710 2032 contemnunt,
3736 1971 3783 2018 et

2186 2053 2371 2107 adhuc
2409 2052 2645 2122 insuper
2682 2053 2751 2106 de
2793 2052 3068 2107 charitate
3111 2058 3432 2122 causantur,
3473 2056 3567 2126 qui
3601 2071 3776 2110 secun-

2185 2146 2320 2199 dum
2371 2145 2608 2199 verbum
2665 2144 2812 2200 Isaia?
2860 2145 3310 2201 amaritudinem
3358 2165 3464 2218 pro
3513 2149 3780 2204 dulcedine

2183 2239 2537 2306 devorantes,
2576 2239 2785 2293 nudam
2818 2239 3129 2294 foeditatem
3169 2241 3496 2296 velamento
3531 2242 3654 2296 boni
3693 2259 3780 2296 no-

2183 2332 2356 2386 minis
2400 2335 2624 2403 tegunt,
2669 2332 2804 2386 dum
2840 2331 2992 2403 apud
3034 2350 3131 2387 eos
3170 2333 3272 2388 sub
3313 2333 3460 2389 falsa
3492 2335 3778 2402 dilectione,

2182 2443 2311 2481 vera
2363 2426 2584 2481 dilectio
2637 2426 2894 2480 violatur.
2957 2426 3065 2482 Sed
3126 2428 3407 2482 exclamat
3460 2429 3691 2484 charitas
3733 2432 3781 2483 et

2179 2521 2445 2590 appellat,
2475 2521 2612 2574 tales
2649 2535 2755 2590 ego
2794 2537 2910 2574 non
2940 2520 3129 2590 junxi,
3157 2521 3298 2574 falsa
3341 2521 3526 2576 altera
3560 2528 3638 2578 est
3674 2540 3780 2594 qua:

2183 2630 2272 2668 me
2314 2614 2630 2667 simulando
2677 2613 2966 2668 conﬁnxit.
3013 2615 3311 2685 Nunquam
3372 2616 3471 2670 Dei
3517 2617 3782 2688 prmeeptis

2179 2707 2408 2774 obsisto,
2445 2724 2741 2778 nunquam
2770 2707 2938 2761 ﬂuxis
2969 2708 3150 2776 faveo,
3181 2725 3288 2779 per
3317 2726 3417 2764 me
3457 2710 3780 2766 sanctitatem

2179 2818 2296 2856 non
2330 2805 2462 2872 Opto
2488 2801 2726 2872 culpari.
2755 2801 3084 2858 Calumnias
3113 2802 3255 2856 mihi
3285 2820 3489 2858 aversa
3518 2803 3779 2874 germani-

2180 2898 2265 2948 tas
2294 2894 2445 2962 facit,
2476 2895 2727 2965 pericula
2757 2902 2812 2950 et
2840 2913 2946 2968 ego
2973 2897 3125 2952 inter
3148 2896 3320 2951 falsos
3346 2897 3554 2953 fratres
3573 2898 3779 2952 incurri.

2179 2989 2476 3057 Succurre,
2526 3005 2688 3043 meus
2727 3006 2935 3060 praaco,
2979 3006 3266 3058 succurre,
3310 2992 3484 3046 Paule
3531 2991 3778 3063 apostole,

2180 3081 2268 3136 dic
2298 3081 2690 3136 testimonium
2718 3100 2934 3150 meum,
2971 3101 3041 3138 ne
3076 3083 3229 3154 quod
3257 3084 3327 3138 de
3365 3101 3459 3139 me
3484 3085 3777 3152 annuntias,

2175 3178 2566 3246 pervertatur:
2599 3195 2626 3228 «
2656 3176 2807 3231 Finis
2826 3183 3017 3231 autem
3047 3179 3318 3249 praecepti
3352 3182 3442 3234 est
3467 3179 3700 3234 charitas
3719 3179 3776 3232 de

2173 3268 2340 3323 corde
2379 3285 2544 3340 puro,
2585 3274 2638 3324 et
2681 3271 3034 3325 conscientia
3071 3271 3240 3339 bona,
3275 3275 3333 3326 et
3373 3273 3486 3328 ﬁde
3525 3289 3633 3328 non
3670 3273 3779 3326 ﬁcta

2176 3368 2214 3437 (l
2267 3370 2428 3436 Tim.,
2480 3385 2516 3436 1,
2565 3369 2638 3437 5).
2691 3392 2717 3419 »
2765 3367 2998 3424 Dilectio
3046 3366 3444 3440 deputabitur,
3490 3387 3592 3442 per
3629 3385 3776 3442 quam

2174 3459 2484 3516 sanctitatis
2525 3460 2736 3532 injuria
2783 3462 3280 3517 criminationibus
3326 3463 3657 3536 appetitur?
3685 3465 3780 3516 Aut

2172 3554 2398 3608 illorum
2431 3556 2540 3609 erit
2573 3555 2794 3609 sincera
2832 3556 3157 3610 fraternitas
3187 3557 3545 3625 aestimanda,
3572 3558 3637 3612 de
3665 3555 3775 3628 qui-

2171 3647 2277 3702 bus
2315 3647 2447 3702 tiliae
2487 3649 2681 3702 matris
2719 3649 2976 3704 Ecclesia:
3006 3650 3403 3720 perducuntur
3441 3651 3500 3706 in
3537 3649 3778 3721 culpam?

2171 3741 2224 3795 Si
2260 3741 2387 3795 talis
2424 3741 2745 3797 Christiana
2784 3743 3031 3798 Charitas
3074 3743 3383 3799 adnotatur
3412 3745 3542 3817 (63);
3572 3741 3772 3798 indubi-

2171 3839 2358 3891 tanter
2419 3835 2543 3890 odia
2606 3836 2837 3890 meliora
2893 3842 3044 3906 sunt,
3101 3855 3228 3910 qum
3291 3838 3434 3894 dum
3498 3839 3773 3910 separant,

2172 3927 2466 3983 neminem
2495 3931 2804 3985 maculant.
2830 3931 2955 3985 Haec
2983 3937 3173 3986 autem
3201 3929 3561 4002 parricidalis
3579 3929 3774 3987 dilectio

2173 4022 2378 4076 fratres
2407 4026 2797 4094 persecutores
2818 4023 3071 4079 adunare
3099 4024 3416 4096 consuevit,
3439 4026 3537 4098 qui
3557 4024 3777 4081 libenter

2172 4115 2468 4186 patiuntur
2512 4117 2580 4171 de
2623 4133 2721 4171 suo
2765 4117 3049 4173 consortio
3088 4118 3229 4172 filias
3265 4119 3530 4174 Ecclesiae
3566 4116 3774 4174 fornica-

2173 4208 2284 4263 rias
2337 4208 2638 4277 diifamari,
2703 4213 2892 4264 contra
2961 4211 3296 4265 charitatem
3362 4229 3542 4283 quam
3593 4210 3773 4266 Paulus

2173 4300 2460 4374 apostolus
2503 4303 2709 4372 docuit,
2760 4301 2994 4358 dicens:
3031 4326 3057 4354 ‹‹
3104 4304 3336 4359 Dilcctio
3381 4304 3627 4378 proximi
3666 4320 3771 4358 ma-

2172 4398 2291 4452 lum
2324 4414 2436 4451 non
2478 4400 2752 4469 operatur
2793 4402 2987 4467 (Rom.,
3033 4415 3146 4466 xm,
3185 4402 3288 4468 10).
3326 4421 3354 4449 η
3387 4396 3628 4472 Egregia
3659 4413 3771 4469 pro-

1100 4512 1125 4540 ‹‹
1162 4493 1221 4545 1η
1254 4487 1524 4544 conviviis
1553 4487 1668 4542 suis
1697 4486 2068 4557 luxuriantes,
2091 4476 2150 4547 D
2173 4491 2325 4546 batio
2347 4491 2661 4560 charitatis,
2683 4509 2810 4562 qua:
2833 4509 2945 4547 non
2972 4498 3196 4548 tantum
3223 4492 3398 4548 noxia
3419 4491 3771 4566 germanitate

2401 4585 2577 4639 ofﬁcit
2606 4586 2881 4656 proximo,
2913 4586 3006 4640 sed
3044 4587 3211 4641 etiam
3244 4585 3501 4657 subjecta
3530 4604 3638 4642 non
3672 4584 3773 4639 vult

2169 4695 2288 4733 esse
2323 4679 2843 4750 prtescriptionibus
2872 4680 3195 4751 apostolica:
3221 4682 3513 4752 jussionis.
3553 4679 3771 4738 Confun-

2170 4772 2378 4826 dantur
2427 4777 2737 4828 assertores
2792 4772 3110 4829 dilectionis
3172 4772 3602 4846 hujuscemodi,
3653 4785 3770 4845 quos

442 4894 469 4924 ‹‹
507 4868 874 4928 Abominatio
919 4870 1024 4934 est,
1072 4866 1275 4937 inquit,
1316 4880 1506 4920 coram
1540 4863 1782 4919 Domino
1817 4862 2069 4932 deﬁgens
2161 4865 2428 4936 judicant
2456 4866 2558 4934 illi,
2589 4867 2684 4937 qui
2718 4884 2819 4938 pro
2847 4869 3248 4924 communibus
3273 4869 3594 4925 commodis
3619 4867 3767 4922 etiam

438 4968 664 5024 oculum
693 4966 897 5037 (Prom,
927 4978 1018 5028 xv,
1050 4960 1164 5030 26).
1198 4982 1226 5011 »
1264 4960 1432 5015 Plane
1458 4961 1672 5026 contra,
1703 4975 1910 5030 purum
1942 4974 2069 5012 ocu-
2167 4961 2652 5032 consanguineam
2686 4961 2956 5017 deserunt
2982 4963 3341 5018 charitatem.

436 5061 557 5118 lum
595 5063 836 5117 testatur
869 5073 929 5111 se
957 5054 1172 5110 habere
1207 5053 1328 5121 Job,
1361 5053 1458 5125 qui
1498 5052 1618 5109 ait:
1659 5073 1687 5103 «
1718 5054 1784 5108 Et
1814 5053 1860 5107 si
1892 5053 2069 5108 oculis
2238 5056 2298 5110 In
2339 5055 2497 5110 omni
2533 5055 2749 5111 mundo
2781 5072 2925 5128 pene
2961 5061 3144 5112 totum
3177 5057 3447 5129 junctum
3490 5063 3574 5113 est
3609 5068 3765 5128 genus

1755 5221 1920 5286 Edit.
1957 5220 2166 5288 Oxon.
2198 5227 2392 5289 notae.

495 5389 594 5459 (59)
648 5392 854 5442 Amicos
899 5389 998 5441 Dei
1049 5401 1158 5440 non
1202 5385 1453 5449 novimus,
1497 5387 1603 5439 nisi
1649 5387 1722 5440 ad
1769 5387 2067 5440 veneratio-

433 5458 570 5520 nem.
623 5458 802 5516 Locus
857 5461 1091 5528 insignis
1141 5475 1240 5526 pro
1304 5460 1664 5512 veneratione
1723 5464 2062 5512 sanctorum.

567 5550 655 5588 BL.

567 5550 655 5588 BL.

433 5542 594 5672 Ρῒέίο)
644 5609 745 5670 Qui
782 5605 1027 5656 novimus
1064 5609 1110 5654 et
1145 5602 1359 5668 angelos
1402 5618 1516 5654 cum
1559 5603 1770 5665 feminis
1807 5605 2066 5655 cecidisse.

434 5683 615 5733 Etiam
643 5680 735 5729 hic
766 5682 961 5730 auctor
984 5677 1131 5727 filios
1160 5676 1260 5726 Dei
1309 5677 1478 5736 (Gen.,
1520 5682 1594 5737 ιν)
1631 5677 1860 5740 angelos
1895 5678 2065 5727 inter-

434 5755 697 5822 pretatur.
729 5751 945 5801 ΡΑΜει..

495 5826 590 5897 (61)
625 5825 743 5877 Suae
762 5822 1034 5876 ava‘dilatis
1065 5819 1368 5886 ingluviem.
1402 5819 1523 5870 Vet.
1563 5831 1684 5871 exc.
1714 5821 1769 5870 et
1796 5817 2067 5871 Rembol-

2167 5389 2272 5441 dus
2301 5391 2551 5454 illuviem,
2583 5392 2841 5444 neutrum
2870 5393 3143 5458 displicet.
3171 5394 3386 5446 PAMEL.

2229 5463 2330 5525 (62,
2361 5465 2582 5525 Quando
2616 5465 2898 5528 indigeant.
2932 5457 3053 5516 Hoc
3099 5469 3249 5517 certe
3297 5479 3362 5518 ex
3402 5465 3499 5516 illo
3541 5457 3763 5526 reposui-

2168 5546 2293 5584 mus
2315 5549 2414 5598 pro
2446 5549 2579 5585 cum.
2607 5537 2827 5586 Pannn.

2229 5607 2326 5668 (63)
2359 5607 2416 5657 Si
2461 5608 2586 5659 talis
2632 5607 2943 5659 Christiana
2971 5607 3197 5660 Charitas
3230 5608 3531 5659 adnotatur.
3563 5604 3761 5658 Rectius

2166 5678 2248 5800 ῗξο
2298 5683 2404 5728 vet.
2456 5693 2578 5732 exc.
2623 5685 2677 5732 et
2717 5677 3078 5741 Remboldus,
3114 5693 3283 5746 quam
3341 5680 3433 5732 alii
3476 5678 3756 5730 advocatur.

2211 5761 2384 5800 anan.

2211 5761 2384 5802 AMEL.
