4032 6180
235 324 341 393 937

1358 328 1449 396 DE
1486 332 2011 396 SINGULARITATE
2046 326 2500 395 CLERICORUM.

3496 328 3598 400 938

234 465 578 532 humanum,
629 469 687 519 et
737 465 952 537 ubique
1006 466 1272 538 cognatio
1327 469 1602 522 naturalis
1657 467 1875 521 alterna
1894 466 2221 549 Alaudaril
2251 465 2471 520 Grande
2511 466 2874 533 miraculum,
2925 468 2984 521 ut
3022 466 3308 538 virginum
3352 468 3597 525 charitas

237 558 702 629 peregrinatione
747 560 1107 614 discernitur.
1158 564 1390 615 Possunt
1432 565 1714 632 parentes,
1745 578 1871 630 pos-

234 658 368 705 sunt
415 652 541 719 ﬁlii,
592 656 837 724 possunt
873 654 1103 721 fratres,
1149 658 1385 726 possunt
1431 662 1489 709 et
1531 655 1661 725 ipsi,
1718 655 1873 725 quod

237 746 375 816 plus
405 749 511 812 est,
540 747 818 817 conjuges
850 764 884 801 a
913 749 1029 802 Deo
1060 764 1329 803 concessa
1369 749 1474 802 sibi
1505 753 1723 803 natura:
1750 749 1871 803 vin-

237 840 366 893 cula
418 839 804 911 disrumpere;
856 844 913 895 et
959 842 1148 897 clerici
1195 844 1309 897 Deo
1355 858 1473 897 non
1522 843 1877 897 concedente

236 934 475 1004 insuper
508 935 876 1005 prohibente,
906 936 1218 990 mulierum
1256 937 1497 991 nexibus
1545 936 1873 991 ancillatam

238 1044 356 1081 non
386 1027 573 1081 valent
616 1045 879 1083 recusare
918 1029 1299 1084 cbaritatem?
1340 1030 1603 1100 Optanda
1650 1046 1875 1101 semper

239 1122 503 1191 cognatis
533 1122 865 1176 absentatur
894 1123 1142 1177 afﬁnitas
1173 1124 1565 1193 proximorum
1589 1141 1601 1189 ;
1625 1130 1683 1178 et
1714 1140 1874 1193 pere-

236 1215 458 1285 grinari
512 1215 583 1267 ab
628 1216 915 1269 extraneis
967 1216 1195 1270 feminis
1242 1218 1423 1271 clerici
1479 1218 1874 1271 reluctantur?

239 1310 451 1379 quibus
476 1309 802 1363 faciendum
834 1311 1042 1377 fuerat,
1062 1310 1241 1364 etiam
1265 1310 1313 1363 si
1344 1311 1630 1381 peculiare
1658 1310 1875 1381 aliquid

232 1404 329 1457 vel
364 1404 761 1457 inconsuetum
794 1404 1067 1457 Dominus
1093 1404 1467 1474 imperasset;
1494 1404 1591 1474 qui
1612 1404 1680 1457 ad
1701 1403 1872 1474 expli-

230 1497 420 1550 canda
448 1496 820 1567 impossibilia
848 1496 1066 1551 habent
1092 1497 1365 1568 Spiritum
1388 1501 1671 1564 sanctum,
1698 1514 1873 1568 quem

234 1591 515 1645 mundani
542 1591 805 1646 homines
842 1607 957 1645 non
992 1591 1227 1647 habent.
1262 1591 1422 1645 Unde
1458 1593 1702 1646 Joannes
1741 1607 1873 1662 apo-

246 1685 429 1737 stolus
457 1685 534 1737 sic
574 1684 867 1751 admonet,
905 1685 1099 1739 dicens
1132 1703 1146 1739 :
1188 1706 1214 1734 ‹‹
1242 1685 1447 1752 Filioli,
1475 1685 1682 1739 vincite
1722 1686 1869 1752 illos,

240 1778 519 1848 quoniam
551 1780 735 1848 major
763 1784 846 1832 est
892 1779 990 1849 qui
1034 1780 1091 1832 in
1138 1779 1293 1833 vobis
1321 1784 1422 1845 est,
1455 1796 1627 1850 quam
1670 1779 1769 1849 qui
1812 1779 1871 1832 in

1975 560 2225 629 virgines
2257 560 2422 613 faciat
2455 562 2609 613 velut
2646 561 2915 631 conjuges
2946 562 3101 615 credi
3140 579 3152 615 :
3196 565 3252 615 et
3283 565 3595 636 conjugum

1975 654 2223 709 charitas
2273 655 2540 725 conjuges
2594 655 2765 708 faciat
2818 655 2970 708 velut
3014 656 3258 727 virgines
3302 659 3590 715 aestimari.

1976 749 2115 802 Ecce
2142 765 2275 802 vera
2318 748 2562 815 dilectio,
2605 764 2734 817 quae
2766 748 2822 800 in
2855 748 3255 819 conjugalitate
3287 753 3501 822 dividit,
3532 761 3595 809 ut

1975 842 2031 895 in
2076 842 2333 896 castitate
2379 842 2712 912 conjungat.
2765 843 2903 895 Ecce
2947 848 3142 897 sancta
3181 844 3425 912 dilectio,
3467 864 3594 919 quas

1975 935 2368 1006 conjugalibus
2396 936 2469 989 ad
2496 951 2857 990 communem
2886 936 3115 990 laudem
3142 938 3357 994 inducit
3388 941 3591 996 absen-

1976 1029 2133 1083 tiam.
2163 1030 2230 1083 Hi
2262 1046 2363 1099 pro
2391 1034 2547 1083 certo
2577 1045 2695 1083 sese
2724 1029 3177 1100 inseparabiliter
3203 1031 3465 1103 diligunt,
3496 1037 3593 1105 qui

1975 1126 2037 1175 ut
2080 1123 2404 1193 triumphos
2461 1124 2566 1177 sibi
2612 1124 2881 1189 inferant,
2938 1141 2970 1177 a
3022 1124 3220 1194 seipsis
3267 1125 3595 1197 discedunt;

1976 1216 2184 1286 quibus
2209 1233 2315 1271 nec
2345 1218 2584 1283 crimen,
2611 1234 2713 1271 nec
2743 1223 2969 1282 natura,
2996 1234 3102 1271 nec
3128 1218 3239 1285 lex,
3275 1235 3380 1272 nec
3410 1221 3597 1274 Domi-

1974 1326 2099 1375 nus,
2134 1326 2236 1363 nec
2262 1312 2562 1381 Apostolus
2591 1314 2930 1380 potestatem
2957 1311 3127 1364 unius
3167 1311 3276 1381 (66)
3306 1312 3601 1369 interdixit

1976 1406 2076 1456 aut
2118 1403 2268 1473 tulit,
2322 1404 2419 1458 sed
2467 1421 2570 1474 pro
2625 1403 2844 1458 tuendis
2890 1404 3130 1474 paribus
3177 1405 3337 1474 votis,
3384 1414 3599 1462 semota

1973 1497 2351 1550 unanimitate
2380 1496 2662 1550 absentari
2693 1497 2939 1550 Charitas
2972 1513 3149 1568 quam
3177 1506 3469 1568 voverunt,
3499 1502 3598 1571 qui

1973 1606 2077 1643 nec
2104 1590 2349 1655 crimini,
2377 1607 2481 1645 nec
2518 1596 2757 1658 naturae,
2784 1607 2889 1644 nec
2911 1591 3042 1661 legi,
3072 1608 3175 1645 nec
3201 1592 3459 1659 Domino,
3492 1610 3598 1648 nec

1971 1684 2259 1753 Apostolo,
2300 1700 2406 1738 nec
2448 1685 2552 1754 ipsi
2595 1684 2980 1753 conjugalitati
3020 1685 3426 1756 succumbunt;
3456 1703 3597 1757 quos

1970 1779 2198 1831 tantum
2242 1777 2539 1847 virginitas
2582 1777 2855 1847 probrosa
2900 1777 3269 1847 condemnat,
3311 1786 3595 1849 quantum

243 1842 352 1926 hoc
384 1873 599 1926 mundo
625 1842 665 1942 (vl
708 1842 997 1938 ,Ιοαηη-ιν,
1040 1874 1115 1939 4).
1162 1895 1189 1921 ››
1233 1874 1391 1926 Nunc
1411 1842 1564 1928 vero
1605 1842 1870 1943 possibile
1890 1842 1947 1913 B
1973 1869 2094 1923 illos
2115 1842 2492 1941 conjugalitas
2520 1842 2767 1923 castrata
2793 1870 3086 1940 glorificat,
3118 1842 3597 1941 quibus-sufficiat

235 1965 411 2019 etiam
468 1965 728 2036 gentibus
783 1968 918 2036 (non
977 1966 1160 2021 dicam
1221 1966 1577 2034 Christianis)
1638 1969 1696 2019 et
1751 1966 1871 2020 leve

235 2060 603 2130 prospicitur,
646 2064 704 2114 et
750 2061 901 2130 apud
948 2060 1181 2115 clericos
1228 2061 1348 2115 sine
1403 2060 1535 2114 ullis
1580 2060 1871 2115 effectibus

233 2159 573 2221 evacuatur;
604 2160 663 2207 ut
690 2171 890 2225 parum
920 2155 990 2208 sit
1015 2155 1096 2209 eis
1124 2154 1219 2209 Dei
1251 2155 1523 2209 mandata
1554 2154 1868 2225 despicere,

233 2248 346 2300 nisi
380 2248 531 2302 aliud
562 2247 806 2302 dedecus
836 2249 1087 2302 habeant
1116 2250 1266 2318 quod
1291 2265 1395 2302 nec
1424 2252 1729 2317 sectantur,
1754 2265 1867 2303 non

238 2340 428 2393 dicam
472 2341 704 2394 vincunt
743 2340 1002 2394 omnium
1052 2342 1307 2411 gentium
1352 2343 1862 2396 consuetudinem:

234 2433 448 2503 quibus
476 2434 747 2486 Dominus
774 2451 878 2503 per
901 2435 1251 2488 Ezechielem
1282 2435 1589 2505 exprobrat
1609 2439 1665 2488 et
1691 2436 1861 2489 dicit:

236 2547 265 2573 ι(
308 2528 375 2579 In
408 2526 687 2595 legalibus
717 2527 863 2581 meis
887 2544 1004 2581 non
1037 2528 1386 2593 ambulastis,
1421 2532 1479 2582 et
1510 2528 1863 2599 justificatio-

233 2636 337 2674 nes
366 2635 523 2673 meas
553 2637 664 2673 non
695 2620 922 2674 fecistis.
957 2621 1061 2675 Sed
1102 2638 1288 2692 neque
1326 2622 1637 2676 secundum
1665 2622 1865 2692 justiti-

232 2714 488 2768 cationes
537 2714 818 2783 gentium,
875 2731 1002 2785 quas
1058 2719 1191 2768 sunt
1243 2716 1301 2768 in
1369 2715 1608 2769 circuitu
1655 2722 1861 2777 vestro,

233 2807 449 2861 fecistis
496 2809 724 2875 (Ezech..
775 2824 827 2874 v,
876 2808 952 2877 7).
1008 2829 1034 2857 »
1084 2808 1423 2862 Pudendum
1481 2810 1673 2863 nescio
1729 2810 1864 2878 quid

236 2899 468 2954 dilectio
498 2900 603 2955 ista
629 2900 930 2971 significat,
960 2919 1088 2972 quae
1114 2903 1447 2973 extorqueri
1474 2906 1671 2956 contra
1700 2908 1862 2957 natu-

228 3011 356 3048 ram
380 2996 631 3064 putatur.

301 3087 503 3142 Adhuc
524 3088 706 3143 habeo
734 3088 873 3159 quid
913 3087 1113 3143 mirari
1142 3089 1253 3160 (64)
1288 3107 1301 3143 :
1342 3090 1484 3144 Cum
1524 3090 1748 3145 videam
1791 3092 1861 3145 de

1970 1964 2041 2017 ad
2072 1964 2411 2034 supplicium
2443 1963 2871 2032 dedecorosum,
2906 1964 3054 2033 quod
3092 1964 3373 2035 spadones
3400 1982 3430 2017 a
3458 1982 3595 2019 con-

1964 2057 2198 2127 jugibus
2224 2058 2571 2127 judicantur.
2602 2057 2683 2112 Ad
2714 2072 2955 2127 quorum
2989 2058 3450 2127 increpationem
3478 2076 3593 2113 non

1970 2151 2191 2205 tacendi
2241 2154 2374 2205 sunt
2422 2151 2594 2204 etiam
2649 2150 2747 2203 filii
2790 2151 2981 2217 Israel,
3030 2150 3128 2220 qui
3164 2152 3312 2221 apud
3358 2152 3596 2207 Esdram

1969 2262 2173 2300 uxores
2213 2251 2268 2299 et
2309 2245 2451 2297 filios
2497 2250 2696 2298 contra
2742 2244 2931 2301 divina
2968 2244 3099 2313 jura
3143 2248 3429 2315 susceptos
3479 2263 3596 2301 nou

1968 2339 2219 2392 cunctati
2259 2339 2542 2408 depellere
2587 2338 2720 2405 (67),
2763 2353 2866 2391 nec
2905 2340 3100 2391 contra
3142 2338 3363 2391 Domini
3407 2339 3594 2392 chari-

1969 2436 2148 2487 tatem
2177 2432 2367 2486 conati
2401 2436 2535 2485 sunt
2566 2447 2854 2484 excusare.
2885 2431 3090 2485 Verum
3128 2431 3333 2497 fatear,
3374 2432 3421 2485 si
3464 2449 3593 2503 per-

1966 2528 2163 2581 mittor
2222 2528 2347 2594 (68).
2406 2524 2511 2587 Qui
2558 2541 2709 2577 nunc
2762 2540 2862 2593 pro
2916 2524 3269 2578 dimittendis
3332 2526 3591 2593 feminis,

1966 2620 2161 2674 alienis
2187 2620 2482 2673 adhaerent
2512 2635 2524 2672 :
2554 2618 2692 2688 quid
2723 2619 2983 2671 facerent
3003 2617 3049 2671 si
3068 2617 3276 2672 liberos
3305 2622 3362 2671 et
3394 2636 3595 2673 uxores

1968 2714 2245 2783 projicere
2296 2712 2650 2782 jubeantur?
2699 2714 2809 2767 Aut
2867 2712 3094 2781 quando
3162 2712 3424 2766 valebunt
3489 2729 3591 2782 pro

1965 2807 2184 2863 Christo
2226 2804 2559 2859 renuntiare
2603 2804 2877 2873 cognatis,
2929 2804 3025 2874 qui
3072 2806 3435 2858 mulierculas
3478 2822 3593 2859 non

1964 2917 2070 2955 uas
2096 2904 2455 2970 praeponunt
2486 2898 2693 2954 Christi
2720 2897 3064 2969 praeceptis?
3093 2898 3223 2952 Dico
3249 2914 3347 2952 eos
3370 2899 3591 2953 facilius

1965 3010 2069 3065 pro
2097 2993 2299 3047 iisdem
2330 2992 2673 3046 mulierculis
2700 2997 2968 3061 parentes
2994 2992 3254 3061 proprios
3284 2992 3590 3064 abnegare,

1966 3104 2140 3158 quam
2192 3092 2428 3157 propter
2472 3086 2759 3140 Christum
2816 3084 2963 3156 ipsas
3011 3085 3374 3140 mulierculas
3418 3087 3592 3141 relin-

226 3178 570 3235 Christianis
618 3182 921 3252 plerosque
975 3183 1212 3237 maritos
1274 3184 1486 3253 pariter
1550 3188 1607 3237 et
1665 3201 1939 3283 uxoresC
1970 3198 2146 3252 quere
2188 3197 2377 3251 posse;
2419 3178 2794 3249 despicientes
2842 3179 2999 3250 quod
3045 3179 3104 3233 in
3144 3180 3450 3249 Evangelio
3473 3182 3593 3251 ipse

227 3274 647 3329 continentiam
682 3275 1051 3343 destinantes,
1081 3276 1364 3330 domicilia
1392 3277 1707 3347 singularia
1736 3296 1858 3333 ma-

233 3369 324 3438 gis
347 3368 579 3439 eligere,
611 3375 675 3423 ut
702 3386 978 3423 consensu
1021 3370 1417 3424 communium
1444 3375 1707 3425 votorum
1740 3373 1861 3427 sine

226 3461 548 3515 irritatione
571 3463 887 3531 praesentia:
909 3466 968 3517 et
991 3464 1365 3517 concordante
1392 3481 1614 3518 secessu
1634 3465 1863 3520 valeant

228 3554 528 3609 obtinere:
571 3560 629 3609 et
672 3557 921 3610 eunuchi
968 3556 1148 3610 nostri
1192 3573 1303 3610 non
1343 3557 1550 3611 durant
1588 3560 1696 3628 (65)
1740 3559 1861 3614 sine

223 3649 460 3703 feminas
499 3649 798 3704 sodalitate
834 3650 1126 3704 dormire?
1168 3652 1329 3721 Apud
1374 3652 1501 3705 illos
1530 3668 1691 3706 amor
1719 3669 1858 3707 con-

216 3742 439 3812 jugalis
468 3743 832 3797 continentia!
859 3760 1055 3798 amore
1101 3750 1400 3814 pensatur;
1432 3748 1490 3799 et
1526 3746 1681 3816 apud
1728 3763 1859 3817 spa-

226 3838 407 3889 dones
434 3836 774 3890 cohabitatio
815 3836 1042 3891 femina-3
1083 3853 1379 3908 nunquam
1424 3842 1613 3909 potest
1645 3839 1860 3894 habere

224 3929 541 3983 fastidium.
601 3929 756 3983 Dicat
803 3931 1195 3985 cunuchorum
1246 3932 1513 3998 Charitas,
1566 3933 1730 4001 dicat,
1789 3950 1861 3987 ne

224 4023 372 4076 forte
420 4022 478 4075 in
527 4023 632 4076 hac
678 4024 991 4077 secessione
1024 4024 1206 4095 magis
1256 4025 1571 4095 conjugalis
1615 4026 1862 4081 charitas

234 4118 462 4185 peccet;
495 4119 557 4168 ut
600 4116 840 4185 apostoli
883 4117 1040 4170 Pauli
1086 4118 1387 4172 consilium
1430 4119 1689 4172 videatur
1725 4135 1859 4173 con-

218 4208 461 4279 jugibus
511 4208 825 4263 insinuasse
871 4208 1218 4265 divortium:
1265 4233 1291 4261 «
1333 4214 1603 4283 Tempus,
1653 4213 1858 4284 inquit,

222 4302 382 4375 quod
413 4304 603 4369 restat,
632 4302 800 4357 breve
839 4307 942 4358 est.
973 4305 1279 4375 Reliquum
1311 4311 1397 4359 est
1437 4314 1498 4360 ut
1534 4313 1590 4360 et
1630 4307 1726 4376 qui
1758 4307 1858 4361 ha-

223 4397 368 4451 bent
395 4412 623 4462 uxores,
653 4395 731 4451 sic
760 4398 922 4468 quasi
954 4414 1069 4452 non
1115 4399 1389 4453 habentes
1428 4416 1547 4454 esse
1576 4400 1855 4467 nitantur,

224 4497 283 4545 et
330 4490 425 4561 qui
471 4507 587 4545 non
635 4490 865 4559 habent,
913 4491 1073 4562 quasi
1114 4490 1388 4548 habentes
1435 4510 1557 4547 esse
1608 4494 1857 4564 glorien-

1969 3275 2239 3330 Domiuus
2268 3272 2410 3328 dixit
2448 3291 2463 3327 :
2494 3294 2521 3323 «
2555 3273 2613 3328 Si
2640 3272 2767 3345 quis
2797 3274 2951 3328 venit
2976 3273 3049 3327 ad
3093 3289 3187 3327 me
3231 3278 3289 3328 et
3318 3280 3435 3328 non
3471 3274 3593 3329 odit

1964 3372 2186 3440 patrem
2216 3384 2401 3433 suum,
2433 3371 2531 3421 aut
2556 3371 2817 3431 matrem,
2850 3372 2948 3420 aut
2984 3382 3249 3433 uxorem,
3292 3371 3392 3421 aut
3422 3368 3586 3437 ﬁlios,

1961 3467 2059 3516 aut
2080 3462 2304 3528 fratres,
2336 3464 2395 3515 et
2421 3478 2664 3529 sorores,
2689 3464 2745 3515 et
2766 3460 3023 3514 animam
3050 3476 3237 3528 suam,
3262 3477 3373 3514 non
3402 3466 3591 3532 potest

1964 3573 2127 3610 meus
2155 3573 2275 3610 esse
2317 3554 2627 3625 discipulus
2650 3556 2824 3621 (Luc.,
2856 3570 2968 3623 xlv,
2998 3553 3105 3625 26).
3135 3575 3161 3603 »

2034 3650 2090 3703 Si
2131 3649 2199 3702 de
2232 3648 2567 3718 abjiciendis
2608 3648 2941 3718 parentibus
2971 3647 3324 3714 dubitantes,
3361 3647 3586 3719 indigni

1963 3749 2095 3797 sunt
2122 3743 2362 3811 Christo,
2393 3742 2531 3813 quid
2557 3742 2663 3795 sibi
2695 3742 3051 3812 promittunt,
3078 3758 3219 3813 quos
3239 3747 3589 3813 contempto-

1962 3853 2050 3891 res
2081 3836 2311 3891 exbibet
2346 3836 2566 3891 Christo
2594 3851 2709 3889 non
2747 3836 3048 3905 parentalis
3084 3834 3305 3889 affectio
3326 3838 3351 3889 ?
3376 3838 3453 3889 Ac
3488 3854 3592 3908 per

1964 3931 2069 3985 hoc
2106 3930 2331 3984 illorum
2370 3929 2587 3982 meritis
2630 3932 2988 3994 evacuantur,
3031 3945 3172 3998 quos
3210 3929 3405 3983 vident
3451 3947 3586 3984 con-

1964 4024 2332 4095 templatione
2361 4022 2568 4079 Christi
2596 4022 2777 4076 nullas
2806 4038 3080 4093 personas
3106 4023 3363 4093 excipere
3387 4040 3589 4093 cogna-

1963 4122 2171 4172 torum.
2217 4118 2330 4171 Nec
2357 4117 2544 4170 minus
2575 4132 2692 4184 eos,
2725 4116 2824 4170 sed
2849 4116 3013 4186 pejus
3041 4116 3214 4170 etiam
3241 4116 3321 4170 illi
3350 4118 3589 4171 confun-

1964 4212 2108 4266 dunt
2145 4209 2276 4281 (69),
2305 4210 2401 4280 qui
2446 4213 2760 4264 metuentes
2796 4226 2910 4264 non
2957 4211 3175 4263 tantum
3207 4226 3339 4264 cum
3374 4211 3583 4279 aliena,

1963 4306 2059 4359 sed
2102 4305 2279 4359 etiam
2321 4320 2451 4357 cum
2495 4321 2597 4357 sua
2629 4321 2795 4358 carne
2842 4304 3039 4357 luctari
3089 4305 3397 4375 amputatis
3428 4306 3588 4375 geni-

1964 4399 2171 4453 talibus
2201 4398 2529 4452 abscedunt.
2567 4398 2643 4451 De
2688 4397 2893 4467 quibus
2942 4397 3111 4452 modo
3150 4398 3589 4453 examinationis

1965 4493 2250 4564 suspendo
2293 4491 2650 4557 sententiam,
2691 4491 3017 4561 relinquens
3059 4492 3165 4546 alia
3205 4492 3582 4562 disputatione

224 4588 323 4638 tur
365 4586 406 4655 (Ι
447 4584 593 4651 Cor.,
636 4600 728 4651 vn,
778 4588 866 4653 29,
914 4587 1025 4656 30).
1068 4607 1095 4635 »
1149 4586 1225 4640 De
1273 4586 1361 4640 his
1408 4588 1529 4658 ipse
1566 4580 2364 4659 Aposmlustromendam.
2418 4585 2742 4640 Secundum
2790 4585 3192 4639 confusionem
3237 4586 3579 4656 spadonum,

220 4677 300 4731 ait
331 4694 344 4731 :
378 4698 405 4727 «
434 4671 621 4733 Cleria
662 4678 721 4733 in
766 4678 1122 4750 turpitudine
1166 4680 1419 4750 ipsorum
1464 4684 1748 4753 (Philipp.
1780 4698 1854 4749 III,

229 4775 339 4826 19).
370 4792 398 4822 η

328 4814 339 4825 ,
370 4792 398 4822 ,,
736 4798 737 4805 η

523 4867 761 4922 Dilectio
788 4872 888 4935 est,
919 4863 1210 4941 inquiunt.
1240 4869 1282 4925 Ο
1311 4867 1535 4925 dilectio
1567 4889 1695 4943 quas
1722 4874 1856 4929 invi-

218 4960 324 5015 det
352 4960 483 5015 sibi!
517 4978 551 5015 o
589 4961 834 5016 charitas
870 4979 998 5035 quas
1037 4964 1194 5034 cupit
1234 4980 1291 5019 se
1338 4964 1396 5019 in
1440 4966 1854 5038 vituperatione

1960 4700 2075 4736 non
2110 4680 2306 4734 dubito
2343 4680 2605 4733 meliores
2631 4695 2904 4745 asserere,
2938 4679 3033 4749 qui
3074 4696 3177 4734 nec
3209 4679 3314 4733 sibi
3344 4687 3583 4750 parcunt

1959 4776 2213 4848 quidem,
2247 4775 2431 4829 dicam
2478 4773 2703 4827 feminis
2745 4772 2959 4826 audent
3002 4776 3355 4828 tentamenta
3396 4776 3579 4844 porri-

1959 4888 2115 4939 gere.
2147 4868 2552 4941 Respondeant
2581 4867 2857 4937 spiritales
2884 4868 3149 4937 eunuchi,
3183 4868 3309 4939 quis
3333 4868 3497 4924 furor
3521 4870 3581 4925 in

1959 4964 2253 5021 dilectione
2276 4963 2605 5029 mulierum,
2624 4961 2708 5015 vel
2724 4961 2872 5033 quod
2894 4961 3036 5016 sitin
3059 4962 3579 5020 contubernalitate

1583 5150 1747 5220 Edit.
1784 5157 1991 5224 Oxon.
2026 5158 2224 5219 notas.

288 5284 391 5351 (64)
435 5284 616 5338 Adhuc
653 5281 813 5339 habeo
855 5287 986 5354 quid
1036 5289 1248 5340 mirari.
1294 5286 1416 5343 Non
1469 5293 1652 5356 placet
1704 5294 1854 5357 quod

213 5359 466 5423 reposuit
495 5358 774 5419 Erasmus,
802 5361 932 5423 quid
975 5362 1175 5411 mirari
1206 5375 1314 5412 non
1348 5362 1514 5425 valeo,
1547 5365 1655 5413 nisi
1681 5365 1853 5415 adda-

216 5435 315 5481 tur
340 5430 489 5479 satis.
524 5428 687 5479 Certe
718 5430 857 5480 illud
888 5430 1096 5481 habent
1119 5438 1227 5483 vet.
1259 5447 1378 5484 exc.
1403 5438 1458 5484 et
1493 5435 1850 5486 Remboldus.

216 5504 327 5553 Est
375 5504 560 5551 autem
608 5500 767 5551 locus
819 5500 886 5551 de
937 5508 1067 5553 volo
1124 5501 1479 5555 continentia:
1535 5509 1853 5572 conjugum.

216 5574 445 5624 PAMEL.

291 5644 389 5705 (65)
436 5642 673 5691 Eunuchi
702 5644 869 5692 nostri
905 5657 1006 5692 non
1040 5645 1258 5695 durant.
1298 5647 1486 5710 Neque
1522 5648 1613 5699 hic
1657 5647 1857 5699 arridet

217 5714 392 5765 lectio
417 5712 629 5761 Erasmi
664 5729 675 5761 :
714 5715 775 5762 Et
805 5715 1033 5764 eunuchi
1056 5716 1315 5766 dubitant.
1340 5719 1559 5769 PAMBL.

293 5783 390 5845 (66)
420 5784 726 5833 Potestatcm
763 5786 939 5833 unius.
969 5786 1251 5849 Adjecerat
1283 5788 1547 5840 Erasmus
1572 5803 1856 5841 conversa-

223 5856 407 5916 tionis,
440 5854 536 5905 sed
565 5855 860 5920 superﬂue.
900 5857 1118 5909 PAMEL.

290 5926 393 5994 (67)
423 5927 538 5979 Non
562 5930 796 5978 cunctati
822 5933 943 5980 sunt
963 5930 1234 5996 depellere.
1262 5930 1383 5984 Hoc
1405 5946 1627 5985 rursum
1651 5946 1721 5988 ex
1743 5936 1853 5987 vet.

562 6017 833 6090 PATROL.
876 6019 977 6091 IV.

1955 5307 2073 5345 exc.
2107 5305 2235 5343 cum
2266 5287 2471 5341 Gravio
2509 5288 2563 5339 et
2590 5282 2859 5351 Morellio,
2891 5300 2989 5352 pro
3032 5301 3098 5339 eo
3140 5286 3290 5353 quod
3326 5297 3584 5358 corrupte

1954 5363 2294 5416 Remboldus
2319 5367 2374 5411 et
2403 5362 2589 5412 casteri
2620 5360 2833 5411 cantati.
2872 5360 3150 5410 Manutius
3178 5373 3311 5411 vero
3342 5367 3585 5417 contenti.

1956 5438 2174 5487 PAMEL.

2019 5509 2119 5570 (68)
2150 5508 2335 5556 Verum
2370 5505 2562 5567 fatear,
2593 5503 2643 5553 si
2663 5506 2952 5567 permulor.
2988 5502 3167 5553 Etiam
3199 5503 3322 5555 haec
3348 5505 3583 5557 Morellii

1955 5584 2009 5631 et
2036 5579 2257 5629 illorum
2294 5577 2533 5641 genuina
2569 5578 2649 5624 est
2687 5576 2866 5637 lectio,
2896 5589 2996 5639 pro
3033 5588 3098 5625 eo
3142 5576 3291 5641 quod
3320 5577 3587 5630 Erasmus

1955 5651 2149 5713 fateor,
2183 5650 2229 5698 si
2253 5649 2547 5711 permittor.
2582 5647 2801 5695 PAMEL.

2019 5723 2117 5782 (69)
2173 5722 2272 5771 Nec
2318 5721 2491 5768 minus
2528 5732 2629 5777 eos,
2676 5717 2764 5766 sed
2814 5718 2965 5778 pejus
3010 5718 3166 5768 etiam
3228 5718 3319 5768 ίιιί
3364 5721 3583 5784 confun-

1955 5793 2101 5843 dunt.
2135 5790 2396 5840 Mendum
2427 5789 2549 5840 cod.
2594 5786 2885 5838 Remboldi
2928 5787 3022 5838 hic
3060 5802 3286 5853 quoque
3327 5792 3591 5840 remansit

1955 5862 2227 5913 hactenus
2274 5861 2329 5911 in
2371 5860 2609 5919 excusis,
2650 5871 2742 5909 nec
2792 5858 2948 5910 minis
2995 5872 3079 5909 eos
3118 5860 3205 5909 sed
3245 5861 3428 5922 pwm‘s.
3475 5862 3587 5914 ΡΑ.

1957 5945 2089 5989 κει..

3194 6024 3272 6089 30
