  <div class='ocr_page' id='page_1' title='image "/cluster/home/n/w/nwhite01/storage/ocr_20150623/4/hvd.32044073549446/475.png"; bbox 0 0 4012 6194; ppageno 0'>
   <div class='ocr_carea' id='block_1_1' title="bbox 456 278 559 332">
    <p class='ocr_par' dir='ltr' id='par_1_1' title="bbox 456 278 559 332">
     <span class='ocr_line' id='line_1_1' title="bbox 456 278 559 332; baseline -0.01 0"><span class='ocrx_word' id='word_1_1' title='bbox 456 278 559 332; x_wconf 83' lang='lat'><strong>939</strong></span> 
     </span>
    </p>
   </div>
   <div class='ocr_carea' id='block_1_2' title="bbox 1062 247 3763 328">
    <p class='ocr_par' dir='ltr' id='par_1_2' title="bbox 1062 247 3763 328">
     <span class='ocr_line' id='line_1_2' title="bbox 1062 247 3763 328; baseline -0.004 0"><span class='ocrx_word' id='word_1_2' title='bbox 1062 260 1151 328; x_wconf 66' lang='lat' dir='ltr'><strong>at)</strong></span> <span class='ocrx_word' id='word_1_3' title='bbox 1190 252 1415 327; x_wconf 67' lang='lat' dir='ltr'><strong>aestui</strong></span> <span class='ocrx_word' id='word_1_4' title='bbox 1449 269 1485 325; x_wconf 91' lang='lat' dir='ltr'><strong>s</strong></span> <span class='ocrx_word' id='word_1_5' title='bbox 1548 250 1862 324; x_wconf 63' lang='lat' dir='ltr'><strong>creatam</strong></span> <span class='ocrx_word' id='word_1_6' title='bbox 1899 250 2197 321; x_wconf 73' lang='lat' dir='ltr'><strong>GENUINA</strong></span> <span class='ocrx_word' id='word_1_7' title='bbox 2233 254 2513 320; x_wconf 82' lang='lat' dir='ltr'><strong>APPEND.</strong></span> <span class='ocrx_word' id='word_1_8' title='bbox 2558 250 2625 320; x_wconf 86' lang='lat' dir='ltr'><strong>ll.</strong></span> <span class='ocrx_word' id='word_1_9' title='bbox 2648 284 2717 305; x_wconf 69' lang='grc' dir='ltr'><strong>-ι-</strong></span> <span class='ocrx_word' id='word_1_10' title='bbox 2740 252 3215 321; x_wconf 72' lang='lat' dir='ltr'><strong>soreosmm.</strong></span> <span class='ocrx_word' id='word_1_11' title='bbox 3673 247 3763 316; x_wconf 66' lang='lat' dir='ltr'><strong>sto</strong></span> 
     </span>
    </p>
   </div>
   <div class='ocr_carea' id='block_1_3' title="bbox 442 390 3767 475">
    <p class='ocr_par' dir='ltr' id='par_1_3' title="bbox 442 390 3767 475">
     <span class='ocr_line' id='line_1_3' title="bbox 442 390 3767 475; baseline -0.003 -21"><span class='ocrx_word' id='word_1_12' title='bbox 442 400 673 459; x_wconf 69' lang='lat' dir='ltr'><strong>feminas</strong></span> <span class='ocrx_word' id='word_1_13' title='bbox 723 399 1079 472; x_wconf 77' lang='lat' dir='ltr'><strong>mysterium,</strong></span> <span class='ocrx_word' id='word_1_14' title='bbox 1112 404 1173 453; x_wconf 90' lang='lat' dir='ltr'><strong>ut</strong></span> <span class='ocrx_word' id='word_1_15' title='bbox 1220 399 1273 453; x_wconf 90' lang='lat' dir='ltr'><strong>in</strong></span> <span class='ocrx_word' id='word_1_16' title='bbox 1318 396 1627 469; x_wconf 74' lang='lat' dir='ltr'><strong>perniciem</strong></span> <span class='ocrx_word' id='word_1_17' title='bbox 1669 392 1853 467; x_wconf 76' lang='grc'><strong>861</strong></span> <span class='ocrx_word' id='word_1_18' title='bbox 1906 409 2062 447; x_wconf 91' lang='lat' dir='ltr'><strong>suam</strong></span> <span class='ocrx_word' id='word_1_19' title='bbox 2088 391 2447 475; x_wconf 59' lang='lat' dir='ltr'><strong>Ascelerum</strong></span> <span class='ocrx_word' id='word_1_20' title='bbox 2502 392 2604 459; x_wconf 86' lang='lat' dir='ltr'><strong>rei,</strong></span> <span class='ocrx_word' id='word_1_21' title='bbox 2654 395 2879 463; x_wconf 87' lang='lat' dir='ltr'><strong>reperta</strong></span> <span class='ocrx_word' id='word_1_22' title='bbox 2924 408 3135 463; x_wconf 70' lang='lat' dir='ltr'><strong>pugnae</strong></span> <span class='ocrx_word' id='word_1_23' title='bbox 3188 390 3472 446; x_wconf 82' lang='lat' dir='ltr'><strong>occasione</strong></span> <span class='ocrx_word' id='word_1_24' title='bbox 3512 390 3767 454; x_wconf 79' lang='lat' dir='ltr'><strong>conversi,</strong></span> 
     </span>
    </p>
   </div>
   <div class='ocr_carea' id='block_1_4' title="bbox 446 491 2070 563">
    <p class='ocr_par' dir='ltr' id='par_1_4' title="bbox 446 491 2070 563">
     <span class='ocr_line' id='line_1_4' title="bbox 446 491 2070 563; baseline -0.007 -11"><span class='ocrx_word' id='word_1_25' title='bbox 446 498 642 552; x_wconf 82' lang='lat' dir='ltr'><strong>alienis</strong></span> <span class='ocrx_word' id='word_1_26' title='bbox 682 494 957 550; x_wconf 83' lang='lat' dir='ltr'><strong>membris</strong></span> <span class='ocrx_word' id='word_1_27' title='bbox 1000 493 1359 563; x_wconf 73' lang='lat' dir='ltr'><strong>indulgeant,</strong></span> <span class='ocrx_word' id='word_1_28' title='bbox 1402 509 1532 546; x_wconf 91' lang='lat' dir='ltr'><strong>cum</strong></span> <span class='ocrx_word' id='word_1_29' title='bbox 1578 491 1656 544; x_wconf 80' lang='lat' dir='ltr'><strong>illi</strong></span> <span class='ocrx_word' id='word_1_30' title='bbox 1699 506 1800 543; x_wconf 83' lang='lat' dir='ltr'><strong>sua</strong></span> <span class='ocrx_word' id='word_1_31' title='bbox 1843 505 2070 560; x_wconf 90' lang='lat' dir='ltr'><strong>quoque</strong></span> 
     </span>
    </p>
   </div>
   <div class='ocr_carea' id='block_1_5' title="bbox 439 584 2063 645">
    <p class='ocr_par' dir='ltr' id='par_1_5' title="bbox 439 584 2063 645">
     <span class='ocr_line' id='line_1_5' title="bbox 439 584 2063 645; baseline -0.006 0"><span class='ocrx_word' id='word_1_32' title='bbox 439 592 837 645; x_wconf 76' lang='lat' dir='ltr'><strong>incunctanter</strong></span> <span class='ocrx_word' id='word_1_33' title='bbox 868 587 1242 641; x_wconf 81' lang='lat' dir='ltr'><strong>abscindaut?</strong></span> <span class='ocrx_word' id='word_1_34' title='bbox 1272 586 1334 639; x_wconf 85' lang='lat' dir='ltr'><strong>Hi</strong></span> <span class='ocrx_word' id='word_1_35' title='bbox 1375 586 1746 640; x_wconf 85' lang='lat' dir='ltr'><strong>conﬁrmatos</strong></span> <span class='ocrx_word' id='word_1_36' title='bbox 1781 584 1838 637; x_wconf 89' lang='lat' dir='ltr'><strong>in</strong></span> <span class='ocrx_word' id='word_1_37' title='bbox 1882 599 1940 636; x_wconf 89' lang='lat' dir='ltr'><strong>se</strong></span> <span class='ocrx_word' id='word_1_38' title='bbox 1984 598 2063 635; x_wconf 90' lang='lat' dir='ltr'><strong>ar-</strong></span> 
     </span>
    </p>
   </div>
   <div class='ocr_carea' id='block_1_6' title="bbox 433 677 2062 753">
    <p class='ocr_par' dir='ltr' id='par_1_6' title="bbox 433 677 2062 753">
     <span class='ocr_line' id='line_1_6' title="bbox 433 677 2062 753; baseline -0.004 -15"><span class='ocrx_word' id='word_1_39' title='bbox 433 690 522 739; x_wconf 90' lang='lat' dir='ltr'><strong>tus</strong></span> <span class='ocrx_word' id='word_1_40' title='bbox 564 682 872 753; x_wconf 87' lang='lat' dir='ltr'><strong>abjiciunt;</strong></span> <span class='ocrx_word' id='word_1_41' title='bbox 912 684 971 734; x_wconf 88' lang='lat' dir='ltr'><strong>et</strong></span> <span class='ocrx_word' id='word_1_42' title='bbox 1004 681 1083 735; x_wconf 92' lang='lat' dir='ltr'><strong>illi</strong></span> <span class='ocrx_word' id='word_1_43' title='bbox 1118 678 1457 734; x_wconf 83' lang='lat' dir='ltr'><strong>adversariis</strong></span> <span class='ocrx_word' id='word_1_44' title='bbox 1498 678 1731 733; x_wconf 80' lang='lat' dir='ltr'><strong>artubus</strong></span> <span class='ocrx_word' id='word_1_45' title='bbox 1779 677 2062 748; x_wconf 86' lang='lat' dir='ltr'><strong>glutinan-</strong></span> 
     </span>
    </p>
   </div>
   <div class='ocr_carea' id='block_1_7' title="bbox 432 773 2069 846">
    <p class='ocr_par' dir='ltr' id='par_1_7' title="bbox 432 773 2069 846">
     <span class='ocr_line' id='line_1_7' title="bbox 432 773 2069 846; baseline -0.005 -15"><span class='ocrx_word' id='word_1_46' title='bbox 432 786 545 831; x_wconf 91' lang='lat' dir='ltr'><strong>tur.</strong></span> <span class='ocrx_word' id='word_1_47' title='bbox 578 776 644 831; x_wconf 85' lang='lat' dir='ltr'><strong>lli</strong></span> <span class='ocrx_word' id='word_1_48' title='bbox 681 792 781 846; x_wconf 91' lang='lat' dir='ltr'><strong>pra</strong></span> <span class='ocrx_word' id='word_1_49' title='bbox 810 774 1139 845; x_wconf 76' lang='lat' dir='ltr'><strong>integritate</strong></span> <span class='ocrx_word' id='word_1_50' title='bbox 1174 773 1414 844; x_wconf 75' lang='lat' dir='ltr'><strong>spiritali</strong></span> <span class='ocrx_word' id='word_1_51' title='bbox 1457 788 1587 826; x_wconf 90' lang='lat' dir='ltr'><strong>cum</strong></span> <span class='ocrx_word' id='word_1_52' title='bbox 1628 775 1912 825; x_wconf 89' lang='lat' dir='ltr'><strong>tormento</strong></span> <span class='ocrx_word' id='word_1_53' title='bbox 1954 787 2069 824; x_wconf 90' lang='lat' dir='ltr'><strong>non</strong></span> 
     </span>
    </p>
   </div>
   <div class='ocr_carea' id='block_1_8' title="bbox 432 864 2069 940">
    <p class='ocr_par' dir='ltr' id='par_1_8' title="bbox 432 864 2069 940">
     <span class='ocr_line' id='line_1_8' title="bbox 432 864 2069 940; baseline -0.004 -17"><span class='ocrx_word' id='word_1_54' title='bbox 432 868 643 940; x_wconf 84' lang='lat' dir='ltr'><strong>integri</strong></span> <span class='ocrx_word' id='word_1_55' title='bbox 673 868 926 939; x_wconf 87' lang='lat' dir='ltr'><strong>corporis</strong></span> <span class='ocrx_word' id='word_1_56' title='bbox 959 866 1194 921; x_wconf 90' lang='lat' dir='ltr'><strong>dimicar</strong></span> <span class='ocrx_word' id='word_1_57' title='bbox 1224 883 1374 920; x_wconf 91' lang='lat' dir='ltr'><strong>enon</strong></span> <span class='ocrx_word' id='word_1_58' title='bbox 1421 865 1717 930; x_wconf 84' lang='lat' dir='ltr'><strong>dubitant;</strong></span> <span class='ocrx_word' id='word_1_59' title='bbox 1745 870 1799 917; x_wconf 92' lang='lat' dir='ltr'><strong>et</strong></span> <span class='ocrx_word' id='word_1_60' title='bbox 1834 864 1911 918; x_wconf 90' lang='lat' dir='ltr'><strong>illi</strong></span> <span class='ocrx_word' id='word_1_61' title='bbox 1944 864 2069 917; x_wconf 84' lang='lat' dir='ltr'><strong>sine</strong></span> 
     </span>
    </p>
   </div>
   <div class='ocr_carea' id='block_1_9' title="bbox 433 957 2067 1031">
    <p class='ocr_par' dir='ltr' id='par_1_9' title="bbox 433 957 2067 1031">
     <span class='ocr_line' id='line_1_9' title="bbox 433 957 2067 1031; baseline -0.004 -14"><span class='ocrx_word' id='word_1_62' title='bbox 433 967 740 1027; x_wconf 89' lang='lat' dir='ltr'><strong>tormento,</strong></span> <span class='ocrx_word' id='word_1_63' title='bbox 772 960 978 1031; x_wconf 79' lang='lat' dir='ltr'><strong>integri</strong></span> <span class='ocrx_word' id='word_1_64' title='bbox 1007 977 1129 1014; x_wconf 89' lang='lat' dir='ltr'><strong>esse</strong></span> <span class='ocrx_word' id='word_1_65' title='bbox 1170 959 1292 1014; x_wconf 85' lang='lat' dir='ltr'><strong>sine</strong></span> <span class='ocrx_word' id='word_1_66' title='bbox 1328 960 1669 1013; x_wconf 79' lang='lat' dir='ltr'><strong>feminarum</strong></span> <span class='ocrx_word' id='word_1_67' title='bbox 1709 957 2067 1012; x_wconf 85' lang='lat' dir='ltr'><strong>dimidietate</strong></span> 
     </span>
    </p>
   </div>
   <div class='ocr_carea' id='block_1_10' title="bbox 436 1052 2070 1123">
    <p class='ocr_par' dir='ltr' id='par_1_10' title="bbox 436 1052 2070 1123">
     <span class='ocr_line' id='line_1_10' title="bbox 436 1052 2070 1123; baseline -0.003 -13"><span class='ocrx_word' id='word_1_68' title='bbox 436 1057 771 1110; x_wconf 88' lang='lat' dir='ltr'><strong>detrectant.</strong></span> <span class='ocrx_word' id='word_1_69' title='bbox 804 1056 913 1110; x_wconf 91' lang='lat' dir='ltr'><strong>Sed</strong></span> <span class='ocrx_word' id='word_1_70' title='bbox 945 1056 1213 1108; x_wconf 87' lang='lat' dir='ltr'><strong>adversus</strong></span> <span class='ocrx_word' id='word_1_71' title='bbox 1245 1054 1371 1107; x_wconf 88' lang='lat' dir='ltr'><strong>illos</strong></span> <span class='ocrx_word' id='word_1_72' title='bbox 1404 1052 1755 1123; x_wconf 89' lang='lat' dir='ltr'><strong>comparatio</strong></span> <span class='ocrx_word' id='word_1_73' title='bbox 1795 1052 1948 1105; x_wconf 87' lang='lat' dir='ltr'><strong>nulla</strong></span> <span class='ocrx_word' id='word_1_74' title='bbox 1985 1057 2070 1105; x_wconf 86' lang='lat' dir='ltr'><strong>est</strong></span> 
     </span>
    </p>
   </div>
   <div class='ocr_carea' id='block_1_11' title="bbox 441 1144 2069 1216">
    <p class='ocr_par' dir='ltr' id='par_1_11' title="bbox 441 1144 2069 1216">
     <span class='ocr_line' id='line_1_11' title="bbox 441 1144 2069 1216; baseline -0.004 -13"><span class='ocrx_word' id='word_1_75' title='bbox 441 1150 697 1204; x_wconf 83' lang='lat' dir='ltr'><strong>facienda</strong></span> <span class='ocrx_word' id='word_1_76' title='bbox 726 1149 795 1204; x_wconf 88' lang='lat' dir='ltr'><strong>de</strong></span> <span class='ocrx_word' id='word_1_77' title='bbox 829 1149 1073 1215; x_wconf 84' lang='lat' dir='ltr'><strong>nostris;</strong></span> <span class='ocrx_word' id='word_1_78' title='bbox 1107 1164 1179 1201; x_wconf 91' lang='lat' dir='ltr'><strong>ne</strong></span> <span class='ocrx_word' id='word_1_79' title='bbox 1211 1147 1579 1201; x_wconf 82' lang='lat' dir='ltr'><strong>consolentur</strong></span> <span class='ocrx_word' id='word_1_80' title='bbox 1603 1144 1814 1199; x_wconf 87' lang='lat' dir='ltr'><strong>addicti</strong></span> <span class='ocrx_word' id='word_1_81' title='bbox 1837 1145 2069 1216; x_wconf 86' lang='lat' dir='ltr'><strong>quibus-</strong></span> 
     </span>
    </p>
   </div>
   <div class='ocr_carea' id='block_1_12' title="bbox 445 1236 2068 1314">
    <p class='ocr_par' dir='ltr' id='par_1_12' title="bbox 445 1236 2068 1314">
     <span class='ocr_line' id='line_1_12' title="bbox 445 1236 2068 1314; baseline -0.004 -17"><span class='ocrx_word' id='word_1_82' title='bbox 445 1259 672 1314; x_wconf 89' lang='lat' dir='ltr'><strong>cunque</strong></span> <span class='ocrx_word' id='word_1_83' title='bbox 711 1242 941 1313; x_wconf 89' lang='lat' dir='ltr'><strong>judiciis</strong></span> <span class='ocrx_word' id='word_1_84' title='bbox 984 1240 1337 1295; x_wconf 76' lang='lat' dir='ltr'><strong>Christianis.</strong></span> <span class='ocrx_word' id='word_1_85' title='bbox 1368 1241 1593 1309; x_wconf 82' lang='lat' dir='ltr'><strong>Pejores</strong></span> <span class='ocrx_word' id='word_1_86' title='bbox 1629 1244 1761 1293; x_wconf 89' lang='lat' dir='ltr'><strong>sunt</strong></span> <span class='ocrx_word' id='word_1_87' title='bbox 1803 1242 1859 1291; x_wconf 91' lang='lat' dir='ltr'><strong>et</strong></span> <span class='ocrx_word' id='word_1_88' title='bbox 1896 1236 2068 1308; x_wconf 83' lang='lat' dir='ltr'><strong>aliqui</strong></span> 
     </span>
    </p>
   </div>
   <div class='ocr_carea' id='block_1_13' title="bbox 442 1330 2063 1405">
    <p class='ocr_par' dir='ltr' id='par_1_13' title="bbox 442 1330 2063 1405">
     <span class='ocr_line' id='line_1_13' title="bbox 442 1330 2063 1405; baseline -0.004 -14"><span class='ocrx_word' id='word_1_89' title='bbox 442 1337 823 1404; x_wconf 80' lang='lat' dir='ltr'><strong>memorandi,</strong></span> <span class='ocrx_word' id='word_1_90' title='bbox 854 1340 917 1390; x_wconf 90' lang='lat' dir='ltr'><strong>ut</strong></span> <span class='ocrx_word' id='word_1_91' title='bbox 954 1335 1142 1405; x_wconf 84' lang='lat' dir='ltr'><strong>major</strong></span> <span class='ocrx_word' id='word_1_92' title='bbox 1174 1350 1339 1405; x_wconf 61' lang='lat' dir='ltr'><strong>[laena</strong></span> <span class='ocrx_word' id='word_1_93' title='bbox 1366 1334 1438 1386; x_wconf 86' lang='lat' dir='ltr'><strong>sit</strong></span> <span class='ocrx_word' id='word_1_94' title='bbox 1474 1350 1506 1385; x_wconf 91' lang='lat' dir='ltr'><strong>a</strong></span> <span class='ocrx_word' id='word_1_95' title='bbox 1536 1332 1871 1386; x_wconf 87' lang='lat' dir='ltr'><strong>detruncata</strong></span> <span class='ocrx_word' id='word_1_96' title='bbox 1904 1330 2063 1385; x_wconf 90' lang='lat' dir='ltr'><strong>dam-</strong></span> 
     </span>
    </p>
   </div>
   <div class='ocr_carea' id='block_1_14' title="bbox 445 1424 2067 1498">
    <p class='ocr_par' dir='ltr' id='par_1_14' title="bbox 445 1424 2067 1498">
     <span class='ocr_line' id='line_1_14' title="bbox 445 1424 2067 1498; baseline -0.004 -14"><span class='ocrx_word' id='word_1_97' title='bbox 445 1430 590 1484; x_wconf 86' lang='lat' dir='ltr'><strong>nari.</strong></span> <span class='ocrx_word' id='word_1_98' title='bbox 641 1431 864 1484; x_wconf 70' lang='lat' dir='ltr'><strong>Judteas</strong></span> <span class='ocrx_word' id='word_1_99' title='bbox 913 1429 1271 1482; x_wconf 84' lang='lat' dir='ltr'><strong>considerent</strong></span> <span class='ocrx_word' id='word_1_100' title='bbox 1322 1443 1499 1498; x_wconf 86' lang='lat' dir='ltr'><strong>usque</strong></span> <span class='ocrx_word' id='word_1_101' title='bbox 1545 1425 1721 1481; x_wconf 90' lang='lat' dir='ltr'><strong>hodie</strong></span> <span class='ocrx_word' id='word_1_102' title='bbox 1776 1441 1879 1496; x_wconf 91' lang='lat' dir='ltr'><strong>pro</strong></span> <span class='ocrx_word' id='word_1_103' title='bbox 1926 1424 2067 1496; x_wconf 85' lang='lat' dir='ltr'><strong>legis</strong></span> 
     </span>
    </p>
   </div>
   <div class='ocr_carea' id='block_1_15' title="bbox 441 1520 2065 1595">
    <p class='ocr_par' dir='ltr' id='par_1_15' title="bbox 441 1520 2065 1595">
     <span class='ocr_line' id='line_1_15' title="bbox 441 1520 2065 1595; baseline -0.004 -18"><span class='ocrx_word' id='word_1_104' title='bbox 441 1523 683 1595; x_wconf 88' lang='lat' dir='ltr'><strong>imperia</strong></span> <span class='ocrx_word' id='word_1_105' title='bbox 736 1522 925 1577; x_wconf 84' lang='lat' dir='ltr'><strong>carnis</strong></span> <span class='ocrx_word' id='word_1_106' title='bbox 973 1537 1089 1575; x_wconf 68' lang='lat' dir='ltr'><strong>suae</strong></span> <span class='ocrx_word' id='word_1_107' title='bbox 1134 1527 1355 1594; x_wconf 89' lang='lat' dir='ltr'><strong>partem</strong></span> <span class='ocrx_word' id='word_1_108' title='bbox 1410 1520 1846 1576; x_wconf 87' lang='lat' dir='ltr'><strong>circumcisione</strong></span> <span class='ocrx_word' id='word_1_109' title='bbox 1906 1523 2065 1572; x_wconf 89' lang='lat' dir='ltr'><strong>trun-</strong></span> 
     </span>
    </p>
   </div>
   <div class='ocr_carea' id='block_1_16' title="bbox 437 1613 2062 1687">
    <p class='ocr_par' dir='ltr' id='par_1_16' title="bbox 437 1613 2062 1687">
     <span class='ocr_line' id='line_1_16' title="bbox 437 1613 2062 1687; baseline -0.003 -16"><span class='ocrx_word' id='word_1_110' title='bbox 437 1633 603 1686; x_wconf 84' lang='lat' dir='ltr'><strong>care;</strong></span> <span class='ocrx_word' id='word_1_111' title='bbox 636 1621 693 1671; x_wconf 91' lang='lat' dir='ltr'><strong>et</strong></span> <span class='ocrx_word' id='word_1_112' title='bbox 722 1616 900 1670; x_wconf 86' lang='lat' dir='ltr'><strong>sciant</strong></span> <span class='ocrx_word' id='word_1_113' title='bbox 928 1615 1068 1687; x_wconf 91' lang='lat' dir='ltr'><strong>quid</strong></span> <span class='ocrx_word' id='word_1_114' title='bbox 1099 1620 1444 1684; x_wconf 88' lang='lat' dir='ltr'><strong>mereantur,</strong></span> <span class='ocrx_word' id='word_1_115' title='bbox 1475 1614 1593 1685; x_wconf 90' lang='lat' dir='ltr'><strong>qui,</strong></span> <span class='ocrx_word' id='word_1_116' title='bbox 1628 1613 1936 1684; x_wconf 85' lang='lat' dir='ltr'><strong>Evangelia</strong></span> <span class='ocrx_word' id='word_1_117' title='bbox 1966 1613 2062 1683; x_wconf 91' lang='lat' dir='ltr'><strong>ju-</strong></span> 
     </span>
    </p>
   </div>
   <div class='ocr_carea' id='block_1_17' title="bbox 438 1709 2057 1781">
    <p class='ocr_par' dir='ltr' id='par_1_17' title="bbox 438 1709 2057 1781">
     <span class='ocr_line' id='line_1_17' title="bbox 438 1709 2057 1781; baseline -0.001 -17"><span class='ocrx_word' id='word_1_118' title='bbox 438 1711 629 1777; x_wconf 88' lang='lat' dir='ltr'><strong>bentc,</strong></span> <span class='ocrx_word' id='word_1_119' title='bbox 658 1710 1019 1765; x_wconf 86' lang='lat' dir='ltr'><strong>dissimulant</strong></span> <span class='ocrx_word' id='word_1_120' title='bbox 1057 1709 1375 1765; x_wconf 89' lang='lat' dir='ltr'><strong>circumcisi</strong></span> <span class='ocrx_word' id='word_1_121' title='bbox 1421 1709 1727 1763; x_wconf 90' lang='lat' dir='ltr'><strong>mulierum</strong></span> <span class='ocrx_word' id='word_1_122' title='bbox 1768 1710 2057 1781; x_wconf 71' lang='lat' dir='ltr'><strong>praesenti,</strong></span> 
     </span>
    </p>
   </div>
   <div class='ocr_carea' id='block_1_18' title="bbox 441 1803 2063 1877">
    <p class='ocr_par' dir='ltr' id='par_1_18' title="bbox 441 1803 2063 1877">
     <span class='ocr_line' id='line_1_18' title="bbox 441 1803 2063 1877; baseline 0.001 -18"><span class='ocrx_word' id='word_1_123' title='bbox 441 1820 714 1877; x_wconf 85' lang='lat' dir='ltr'><strong>peragere</strong></span> <span class='ocrx_word' id='word_1_124' title='bbox 770 1803 991 1859; x_wconf 92' lang='lat' dir='ltr'><strong>Domini</strong></span> <span class='ocrx_word' id='word_1_125' title='bbox 1054 1803 1442 1864; x_wconf 85' lang='lat' dir='ltr'><strong>voluntatem.</strong></span> <span class='ocrx_word' id='word_1_126' title='bbox 1497 1820 1612 1858; x_wconf 90' lang='lat' dir='ltr'><strong>non</strong></span> <span class='ocrx_word' id='word_1_127' title='bbox 1678 1804 2063 1876; x_wconf 87' lang='lat' dir='ltr'><strong>intelligentes</strong></span> 
     </span>
    </p>
   </div>
   <div class='ocr_carea' id='block_1_19' title="bbox 441 1897 2065 1971">
    <p class='ocr_par' dir='ltr' id='par_1_19' title="bbox 441 1897 2065 1971">
     <span class='ocr_line' id='line_1_19' title="bbox 441 1897 2065 1971; baseline 0.001 -18"><span class='ocrx_word' id='word_1_128' title='bbox 441 1900 594 1971; x_wconf 89' lang='lat' dir='ltr'><strong>quod</strong></span> <span class='ocrx_word' id='word_1_129' title='bbox 647 1899 767 1969; x_wconf 91' lang='lat' dir='ltr'><strong>ipse</strong></span> <span class='ocrx_word' id='word_1_130' title='bbox 817 1897 1095 1953; x_wconf 90' lang='lat' dir='ltr'><strong>Dominus</strong></span> <span class='ocrx_word' id='word_1_131' title='bbox 1149 1897 1356 1952; x_wconf 83' lang='lat' dir='ltr'><strong>dixerit</strong></span> <span class='ocrx_word' id='word_1_132' title='bbox 1399 1914 1412 1951; x_wconf 88' lang='lat'><strong>:</strong></span> <span class='ocrx_word' id='word_1_133' title='bbox 1454 1917 1481 1948; x_wconf 69' lang='grc' dir='ltr'><strong>(ι</strong></span> <span class='ocrx_word' id='word_1_134' title='bbox 1525 1898 1639 1952; x_wconf 72' lang='grc' dir='ltr'><strong>Μεοὶ</strong></span> <span class='ocrx_word' id='word_1_135' title='bbox 1693 1898 2065 1955; x_wconf 86' lang='lat' dir='ltr'><strong>abundaverit</strong></span> 
     </span>
    </p>
   </div>
   <div class='ocr_carea' id='block_1_20' title="bbox 435 1991 2060 2063">
    <p class='ocr_par' dir='ltr' id='par_1_20' title="bbox 435 1991 2060 2063">
     <span class='ocr_line' id='line_1_20' title="bbox 435 1991 2060 2063; baseline 0.001 -17"><span class='ocrx_word' id='word_1_136' title='bbox 435 1992 655 2063; x_wconf 89' lang='lat' dir='ltr'><strong>justitia</strong></span> <span class='ocrx_word' id='word_1_137' title='bbox 694 1996 879 2047; x_wconf 87' lang='lat' dir='ltr'><strong>vestra</strong></span> <span class='ocrx_word' id='word_1_138' title='bbox 906 1992 1032 2063; x_wconf 87' lang='lat' dir='ltr'><strong>plus</strong></span> <span class='ocrx_word' id='word_1_139' title='bbox 1075 2008 1250 2063; x_wconf 91' lang='lat' dir='ltr'><strong>quam</strong></span> <span class='ocrx_word' id='word_1_140' title='bbox 1286 1991 1604 2047; x_wconf 87' lang='lat' dir='ltr'><strong>Scribarum</strong></span> <span class='ocrx_word' id='word_1_141' title='bbox 1649 1996 1705 2046; x_wconf 93' lang='lat' dir='ltr'><strong>et</strong></span> <span class='ocrx_word' id='word_1_142' title='bbox 1753 1993 2060 2048; x_wconf 62' lang='lat' dir='ltr'><strong>Pharisaeo-</strong></span> 
     </span>
    </p>
   </div>
   <div class='ocr_carea' id='block_1_21' title="bbox 442 2084 2060 2157">
    <p class='ocr_par' dir='ltr' id='par_1_21' title="bbox 442 2084 2060 2157">
     <span class='ocr_line' id='line_1_21' title="bbox 442 2084 2060 2157; baseline 0.001 -17"><span class='ocrx_word' id='word_1_143' title='bbox 442 2101 594 2154; x_wconf 87' lang='lat' dir='ltr'><strong>rum,</strong></span> <span class='ocrx_word' id='word_1_144' title='bbox 636 2102 753 2139; x_wconf 90' lang='lat' dir='ltr'><strong>nan</strong></span> <span class='ocrx_word' id='word_1_145' title='bbox 775 2084 1055 2140; x_wconf 88' lang='lat' dir='ltr'><strong>intrabitis</strong></span> <span class='ocrx_word' id='word_1_146' title='bbox 1083 2085 1140 2139; x_wconf 93' lang='lat' dir='ltr'><strong>in</strong></span> <span class='ocrx_word' id='word_1_147' title='bbox 1171 2102 1409 2157; x_wconf 87' lang='lat' dir='ltr'><strong>regnum</strong></span> <span class='ocrx_word' id='word_1_148' title='bbox 1438 2085 1706 2140; x_wconf 66' lang='lat' dir='ltr'><strong>caelorum</strong></span> <span class='ocrx_word' id='word_1_149' title='bbox 1735 2087 1979 2156; x_wconf 83' lang='lat' dir='ltr'><strong>(Matth.,</strong></span> <span class='ocrx_word' id='word_1_150' title='bbox 2008 2104 2060 2155; x_wconf 93' lang='lat' dir='ltr'><strong>v,</strong></span> 
     </span>
    </p>
   </div>
   <div class='ocr_carea' id='block_1_22' title="bbox 446 2178 2067 2250">
    <p class='ocr_par' dir='ltr' id='par_1_22' title="bbox 446 2178 2067 2250">
     <span class='ocr_line' id='line_1_22' title="bbox 446 2178 2067 2250; baseline 0 -15"><span class='ocrx_word' id='word_1_151' title='bbox 446 2180 557 2249; x_wconf 83' lang='lat'><strong>20).</strong></span> <span class='ocrx_word' id='word_1_152' title='bbox 598 2202 627 2230; x_wconf 83' lang='grc'><strong>››</strong></span> <span class='ocrx_word' id='word_1_153' title='bbox 663 2181 807 2234; x_wconf 83' lang='lat' dir='ltr'><strong>Puta</strong></span> <span class='ocrx_word' id='word_1_154' title='bbox 844 2178 1015 2233; x_wconf 88' lang='lat' dir='ltr'><strong>etiam</strong></span> <span class='ocrx_word' id='word_1_155' title='bbox 1051 2179 1119 2233; x_wconf 84' lang='lat' dir='ltr'><strong>de</strong></span> <span class='ocrx_word' id='word_1_156' title='bbox 1163 2178 1329 2234; x_wconf 85' lang='lat' dir='ltr'><strong>Gallis</strong></span> <span class='ocrx_word' id='word_1_157' title='bbox 1371 2180 1485 2233; x_wconf 89' lang='lat' dir='ltr'><strong>suis</strong></span> <span class='ocrx_word' id='word_1_158' title='bbox 1531 2179 1641 2250; x_wconf 85' lang='lat'><strong>(70)</strong></span> <span class='ocrx_word' id='word_1_159' title='bbox 1680 2179 1839 2234; x_wconf 90' lang='lat' dir='ltr'><strong>nobis</strong></span> <span class='ocrx_word' id='word_1_160' title='bbox 1886 2181 2067 2235; x_wconf 91' lang='lat' dir='ltr'><strong>idola-</strong></span> 
     </span>
    </p>
   </div>
   <div class='ocr_carea' id='block_1_23' title="bbox 441 2272 2066 2344">
    <p class='ocr_par' dir='ltr' id='par_1_23' title="bbox 441 2272 2066 2344">
     <span class='ocr_line' id='line_1_23' title="bbox 441 2272 2066 2344; baseline 0 -16"><span class='ocrx_word' id='word_1_161' title='bbox 441 2276 598 2329; x_wconf 67' lang='lat' dir='ltr'><strong>latra:</strong></span> <span class='ocrx_word' id='word_1_162' title='bbox 640 2272 1050 2344; x_wconf 83' lang='lat' dir='ltr'><strong>exprobranter</strong></span> <span class='ocrx_word' id='word_1_163' title='bbox 1084 2274 1377 2340; x_wconf 84' lang='lat' dir='ltr'><strong>insultent,</strong></span> <span class='ocrx_word' id='word_1_164' title='bbox 1419 2273 1515 2344; x_wconf 88' lang='lat' dir='ltr'><strong>qui</strong></span> <span class='ocrx_word' id='word_1_165' title='bbox 1556 2274 1947 2328; x_wconf 89' lang='lat' dir='ltr'><strong>abscindentes</strong></span> <span class='ocrx_word' id='word_1_166' title='bbox 1982 2292 2066 2328; x_wconf 88' lang='lat' dir='ltr'><strong>se-</strong></span> 
     </span>
    </p>
   </div>
   <div class='ocr_carea' id='block_1_24' title="bbox 441 2367 2064 2438">
    <p class='ocr_par' dir='ltr' id='par_1_24' title="bbox 441 2367 2064 2438">
     <span class='ocr_line' id='line_1_24' title="bbox 441 2367 2064 2438; baseline 0 -16"><span class='ocrx_word' id='word_1_167' title='bbox 441 2368 709 2438; x_wconf 74' lang='lat' dir='ltr'><strong>metipsos</strong></span> <span class='ocrx_word' id='word_1_168' title='bbox 735 2367 982 2422; x_wconf 87' lang='lat' dir='ltr'><strong>libenter</strong></span> <span class='ocrx_word' id='word_1_169' title='bbox 1001 2367 1342 2435; x_wconf 81' lang='lat' dir='ltr'><strong>excruciant,</strong></span> <span class='ocrx_word' id='word_1_170' title='bbox 1367 2367 1681 2422; x_wconf 88' lang='lat' dir='ltr'><strong>dummodo</strong></span> <span class='ocrx_word' id='word_1_171' title='bbox 1702 2384 1832 2421; x_wconf 91' lang='lat' dir='ltr'><strong>cum</strong></span> <span class='ocrx_word' id='word_1_172' title='bbox 1852 2368 2064 2423; x_wconf 89' lang='lat' dir='ltr'><strong>damno</strong></span> 
     </span>
    </p>
   </div>
   <div class='ocr_carea' id='block_1_25' title="bbox 444 2460 2063 2531">
    <p class='ocr_par' dir='ltr' id='par_1_25' title="bbox 444 2460 2063 2531">
     <span class='ocr_line' id='line_1_25' title="bbox 444 2460 2063 2531; baseline 0 -15"><span class='ocrx_word' id='word_1_173' title='bbox 444 2465 620 2516; x_wconf 88' lang='lat' dir='ltr'><strong>status</strong></span> <span class='ocrx_word' id='word_1_174' title='bbox 649 2462 756 2528; x_wconf 89' lang='lat' dir='ltr'><strong>sui,</strong></span> <span class='ocrx_word' id='word_1_175' title='bbox 776 2461 1210 2515; x_wconf 88' lang='lat' dir='ltr'><strong>simulacrorum</strong></span> <span class='ocrx_word' id='word_1_176' title='bbox 1238 2460 1784 2516; x_wconf 88' lang='lat' dir='ltr'><strong>dissimulationibus</strong></span> <span class='ocrx_word' id='word_1_177' title='bbox 1810 2466 2063 2531; x_wconf 86' lang='lat' dir='ltr'><strong>pareant.</strong></span> 
     </span>
    </p>
   </div>
   <div class='ocr_carea' id='block_1_26' title="bbox 445 2554 2067 2626">
    <p class='ocr_par' dir='ltr' id='par_1_26' title="bbox 445 2554 2067 2626">
     <span class='ocr_line' id='line_1_26' title="bbox 445 2554 2067 2626; baseline -0.002 -16"><span class='ocrx_word' id='word_1_178' title='bbox 445 2554 645 2610; x_wconf 83' lang='lat' dir='ltr'><strong>Clerici</strong></span> <span class='ocrx_word' id='word_1_179' title='bbox 692 2557 886 2608; x_wconf 89' lang='lat' dir='ltr'><strong>autem</strong></span> <span class='ocrx_word' id='word_1_180' title='bbox 943 2554 1139 2618; x_wconf 85' lang='lat' dir='ltr'><strong>nostri,</strong></span> <span class='ocrx_word' id='word_1_181' title='bbox 1185 2554 1257 2607; x_wconf 88' lang='lat' dir='ltr'><strong>ad</strong></span> <span class='ocrx_word' id='word_1_182' title='bbox 1316 2554 1535 2608; x_wconf 89' lang='lat' dir='ltr'><strong>lucrum</strong></span> <span class='ocrx_word' id='word_1_183' title='bbox 1588 2554 1771 2625; x_wconf 88' lang='lat' dir='ltr'><strong>magis</strong></span> <span class='ocrx_word' id='word_1_184' title='bbox 1814 2555 2067 2626; x_wconf 88' lang='lat' dir='ltr'><strong>corporis</strong></span> 
     </span>
    </p>
   </div>
   <div class='ocr_carea' id='block_1_27' title="bbox 445 2646 2064 2719">
    <p class='ocr_par' dir='ltr' id='par_1_27' title="bbox 445 2646 2064 2719">
     <span class='ocr_line' id='line_1_27' title="bbox 445 2646 2064 2719; baseline 0 -18"><span class='ocrx_word' id='word_1_185' title='bbox 445 2647 696 2719; x_wconf 86' lang='lat' dir='ltr'><strong>praprii,</strong></span> <span class='ocrx_word' id='word_1_186' title='bbox 747 2647 1027 2701; x_wconf 86' lang='lat' dir='ltr'><strong>damnum</strong></span> <span class='ocrx_word' id='word_1_187' title='bbox 1083 2646 1282 2701; x_wconf 91' lang='lat' dir='ltr'><strong>volunt</strong></span> <span class='ocrx_word' id='word_1_188' title='bbox 1323 2646 1630 2702; x_wconf 89' lang='lat' dir='ltr'><strong>mulierum</strong></span> <span class='ocrx_word' id='word_1_189' title='bbox 1679 2664 1871 2702; x_wconf 86' lang='lat' dir='ltr'><strong>secum</strong></span> <span class='ocrx_word' id='word_1_190' title='bbox 1913 2663 2064 2701; x_wconf 89' lang='lat' dir='ltr'><strong>com-</strong></span> 
     </span>
    </p>
   </div>
   <div class='ocr_carea' id='block_1_28' title="bbox 444 2740 2069 2813">
    <p class='ocr_par' dir='ltr' id='par_1_28' title="bbox 444 2740 2069 2813">
     <span class='ocr_line' id='line_1_28' title="bbox 444 2740 2069 2813; baseline -0.002 -17"><span class='ocrx_word' id='word_1_191' title='bbox 444 2741 788 2796; x_wconf 87' lang='lat' dir='ltr'><strong>morantium</strong></span> <span class='ocrx_word' id='word_1_192' title='bbox 848 2741 1165 2808; x_wconf 88' lang='lat' dir='ltr'><strong>sustinere;</strong></span> <span class='ocrx_word' id='word_1_193' title='bbox 1216 2757 1357 2813; x_wconf 89' lang='lat' dir='ltr'><strong>quas</strong></span> <span class='ocrx_word' id='word_1_194' title='bbox 1403 2741 1579 2795; x_wconf 89' lang='lat' dir='ltr'><strong>etiam</strong></span> <span class='ocrx_word' id='word_1_195' title='bbox 1631 2740 1702 2794; x_wconf 90' lang='lat' dir='ltr'><strong>de</strong></span> <span class='ocrx_word' id='word_1_196' title='bbox 1754 2740 2069 2795; x_wconf 84' lang='lat' dir='ltr'><strong>substantia</strong></span> 
     </span>
    </p>
   </div>
   <div class='ocr_carea' id='block_1_29' title="bbox 446 2834 2069 2907">
    <p class='ocr_par' dir='ltr' id='par_1_29' title="bbox 446 2834 2069 2907">
     <span class='ocr_line' id='line_1_29' title="bbox 446 2834 2069 2907; baseline -0.001 -18"><span class='ocrx_word' id='word_1_197' title='bbox 446 2835 680 2907; x_wconf 80' lang='lat' dir='ltr'><strong>propria</strong></span> <span class='ocrx_word' id='word_1_198' title='bbox 718 2834 961 2889; x_wconf 83' lang='lat' dir='ltr'><strong>evellere</strong></span> <span class='ocrx_word' id='word_1_199' title='bbox 993 2834 1310 2906; x_wconf 81' lang='lat' dir='ltr'><strong>oportebat,</strong></span> <span class='ocrx_word' id='word_1_200' title='bbox 1344 2835 1391 2888; x_wconf 92' lang='lat' dir='ltr'><strong>si</strong></span> <span class='ocrx_word' id='word_1_201' title='bbox 1428 2851 1557 2889; x_wconf 91' lang='lat' dir='ltr'><strong>cum</strong></span> <span class='ocrx_word' id='word_1_202' title='bbox 1593 2834 1704 2889; x_wconf 87' lang='lat' dir='ltr'><strong>illis</strong></span> <span class='ocrx_word' id='word_1_203' title='bbox 1741 2839 1895 2889; x_wconf 90' lang='lat' dir='ltr'><strong>nasci</strong></span> <span class='ocrx_word' id='word_1_204' title='bbox 1937 2850 2069 2888; x_wconf 86' lang='lat' dir='ltr'><strong>con-</strong></span> 
     </span>
    </p>
   </div>
   <div class='ocr_carea' id='block_1_30' title="bbox 443 2929 2070 3000">
    <p class='ocr_par' dir='ltr' id='par_1_30' title="bbox 443 2929 2070 3000">
     <span class='ocr_line' id='line_1_30' title="bbox 443 2929 2070 3000; baseline -0.001 -17"><span class='ocrx_word' id='word_1_205' title='bbox 443 2931 711 3000; x_wconf 86' lang='lat' dir='ltr'><strong>tingeret,</strong></span> <span class='ocrx_word' id='word_1_206' title='bbox 742 2945 814 2982; x_wconf 90' lang='lat' dir='ltr'><strong>ne</strong></span> <span class='ocrx_word' id='word_1_207' title='bbox 842 2929 1160 3000; x_wconf 81' lang='lat' dir='ltr'><strong>comparati</strong></span> <span class='ocrx_word' id='word_1_208' title='bbox 1188 2929 1499 2983; x_wconf 90' lang='lat' dir='ltr'><strong>idololatris</strong></span> <span class='ocrx_word' id='word_1_209' title='bbox 1528 2933 1583 2984; x_wconf 92' lang='lat' dir='ltr'><strong>et</strong></span> <span class='ocrx_word' id='word_1_210' title='bbox 1611 2929 1899 3000; x_wconf 82' lang='lat' dir='ltr'><strong>sacrilegis</strong></span> <span class='ocrx_word' id='word_1_211' title='bbox 1945 2945 2070 2982; x_wconf 89' lang='lat' dir='ltr'><strong>eru-</strong></span> 
     </span>
    </p>
   </div>
   <div class='ocr_carea' id='block_1_31' title="bbox 2178 483 3767 556">
    <p class='ocr_par' dir='ltr' id='par_1_31' title="bbox 2178 483 3767 556">
     <span class='ocr_line' id='line_1_31' title="bbox 2178 483 3767 556; baseline -0.002 -15"><span class='ocrx_word' id='word_1_212' title='bbox 2178 488 2513 541; x_wconf 88' lang='lat' dir='ltr'><strong>meruerunt</strong></span> <span class='ocrx_word' id='word_1_213' title='bbox 2573 486 2642 540; x_wconf 93' lang='lat' dir='ltr'><strong>ad</strong></span> <span class='ocrx_word' id='word_1_214' title='bbox 2703 486 2964 556; x_wconf 85' lang='lat' dir='ltr'><strong>martyrii</strong></span> <span class='ocrx_word' id='word_1_215' title='bbox 3023 486 3247 540; x_wconf 87' lang='lat' dir='ltr'><strong>veniam</strong></span> <span class='ocrx_word' id='word_1_216' title='bbox 3312 484 3418 553; x_wconf 81' lang='lat' dir='ltr'><strong>(7t)</strong></span> <span class='ocrx_word' id='word_1_217' title='bbox 3474 483 3767 554; x_wconf 83' lang='lat' dir='ltr'><strong>pervenire.</strong></span> 
     </span>
    </p>
   </div>
   <div class='ocr_carea' id='block_1_32' title="bbox 2172 579 3769 650">
    <p class='ocr_par' dir='ltr' id='par_1_32' title="bbox 2172 579 3769 650">
     <span class='ocr_line' id='line_1_32' title="bbox 2172 579 3769 650; baseline -0.003 -16"><span class='ocrx_word' id='word_1_218' title='bbox 2172 581 2299 635; x_wconf 90' lang='lat' dir='ltr'><strong>ldeo</strong></span> <span class='ocrx_word' id='word_1_219' title='bbox 2363 579 2517 634; x_wconf 90' lang='lat' dir='ltr'><strong>enim</strong></span> <span class='ocrx_word' id='word_1_220' title='bbox 2588 579 2923 649; x_wconf 89' lang='lat' dir='ltr'><strong>martyrium</strong></span> <span class='ocrx_word' id='word_1_221' title='bbox 2994 579 3313 650; x_wconf 80' lang='lat' dir='ltr'><strong>appellatur</strong></span> <span class='ocrx_word' id='word_1_222' title='bbox 3373 582 3485 630; x_wconf 87' lang='lat' dir='ltr'><strong>tam</strong></span> <span class='ocrx_word' id='word_1_223' title='bbox 3546 593 3769 641; x_wconf 88' lang='lat' dir='ltr'><strong>corona,</strong></span> 
     </span>
    </p>
   </div>
   <div class='ocr_carea' id='block_1_33' title="bbox 2171 671 3768 744">
    <p class='ocr_par' dir='ltr' id='par_1_33' title="bbox 2171 671 3768 744">
     <span class='ocr_line' id='line_1_33' title="bbox 2171 671 3768 744; baseline -0.003 -17"><span class='ocrx_word' id='word_1_224' title='bbox 2171 690 2345 744; x_wconf 87' lang='lat' dir='ltr'><strong>quam</strong></span> <span class='ocrx_word' id='word_1_225' title='bbox 2376 673 2692 744; x_wconf 89' lang='lat' dir='ltr'><strong>baptisma;</strong></span> <span class='ocrx_word' id='word_1_226' title='bbox 2731 672 2868 743; x_wconf 84' lang='lat' dir='ltr'><strong>quia</strong></span> <span class='ocrx_word' id='word_1_227' title='bbox 2912 672 3161 743; x_wconf 88' lang='lat' dir='ltr'><strong>baptizat</strong></span> <span class='ocrx_word' id='word_1_228' title='bbox 3199 671 3413 742; x_wconf 89' lang='lat' dir='ltr'><strong>pariter</strong></span> <span class='ocrx_word' id='word_1_229' title='bbox 3450 674 3504 723; x_wconf 92' lang='lat' dir='ltr'><strong>et</strong></span> <span class='ocrx_word' id='word_1_230' title='bbox 3539 676 3768 723; x_wconf 83' lang='lat' dir='ltr'><strong>coronat.</strong></span> 
     </span>
    </p>
   </div>
   <div class='ocr_carea' id='block_1_34' title="bbox 2170 762 3767 837">
    <p class='ocr_par' dir='ltr' id='par_1_34' title="bbox 2170 762 3767 837">
     <span class='ocr_line' id='line_1_34' title="bbox 2170 762 3767 837; baseline -0.004 -16"><span class='ocrx_word' id='word_1_231' title='bbox 2170 773 2327 837; x_wconf 83' lang='lat' dir='ltr'><strong>Auge</strong></span> <span class='ocrx_word' id='word_1_232' title='bbox 2367 783 2542 833; x_wconf 89' lang='lat' dir='ltr'><strong>nunc,</strong></span> <span class='ocrx_word' id='word_1_233' title='bbox 2575 768 2620 821; x_wconf 90' lang='lat' dir='ltr'><strong>si</strong></span> <span class='ocrx_word' id='word_1_234' title='bbox 2668 766 2892 820; x_wconf 87' lang='lat' dir='ltr'><strong>licuerit</strong></span> <span class='ocrx_word' id='word_1_235' title='bbox 2935 766 3277 837; x_wconf 82' lang='lat' dir='ltr'><strong>quibusdam</strong></span> <span class='ocrx_word' id='word_1_236' title='bbox 3322 763 3585 817; x_wconf 87' lang='lat' dir='ltr'><strong>inviolata</strong></span> <span class='ocrx_word' id='word_1_237' title='bbox 3620 762 3767 816; x_wconf 84' lang='lat' dir='ltr'><strong>femi-</strong></span> 
     </span>
    </p>
   </div>
   <div class='ocr_carea' id='block_1_35' title="bbox 2170 855 3772 930">
    <p class='ocr_par' dir='ltr' id='par_1_35' title="bbox 2170 855 3772 930">
     <span class='ocr_line' id='line_1_35' title="bbox 2170 855 3772 930; baseline -0.003 -17"><span class='ocrx_word' id='word_1_238' title='bbox 2170 877 2373 914; x_wconf 90' lang='lat' dir='ltr'><strong>narum</strong></span> <span class='ocrx_word' id='word_1_239' title='bbox 2414 859 2680 914; x_wconf 87' lang='lat' dir='ltr'><strong>societate</strong></span> <span class='ocrx_word' id='word_1_240' title='bbox 2719 860 3055 930; x_wconf 85' lang='lat' dir='ltr'><strong>martyrium</strong></span> <span class='ocrx_word' id='word_1_241' title='bbox 3089 856 3439 928; x_wconf 84' lang='lat' dir='ltr'><strong>promereri;</strong></span> <span class='ocrx_word' id='word_1_242' title='bbox 3467 856 3581 909; x_wconf 88' lang='lat' dir='ltr'><strong>sine</strong></span> <span class='ocrx_word' id='word_1_243' title='bbox 3610 855 3772 909; x_wconf 87' lang='lat' dir='ltr'><strong>indul-</strong></span> 
     </span>
    </p>
   </div>
   <div class='ocr_carea' id='block_1_36' title="bbox 2169 948 3770 1024">
    <p class='ocr_par' dir='ltr' id='par_1_36' title="bbox 2169 948 3770 1024">
     <span class='ocr_line' id='line_1_36' title="bbox 2169 948 3770 1024; baseline -0.004 -17"><span class='ocrx_word' id='word_1_244' title='bbox 2169 953 2363 1022; x_wconf 85' lang='lat' dir='ltr'><strong>gentia</strong></span> <span class='ocrx_word' id='word_1_245' title='bbox 2390 970 2616 1024; x_wconf 89' lang='lat' dir='ltr'><strong>quoque</strong></span> <span class='ocrx_word' id='word_1_246' title='bbox 2643 953 2755 1007; x_wconf 89' lang='lat' dir='ltr'><strong>illis</strong></span> <span class='ocrx_word' id='word_1_247' title='bbox 2783 952 3122 1023; x_wconf 85' lang='lat' dir='ltr'><strong>martyrium</strong></span> <span class='ocrx_word' id='word_1_248' title='bbox 3153 948 3342 1021; x_wconf 86' lang='lat' dir='ltr'><strong>ipsum</strong></span> <span class='ocrx_word' id='word_1_249' title='bbox 3371 966 3485 1004; x_wconf 89' lang='lat' dir='ltr'><strong>non</strong></span> <span class='ocrx_word' id='word_1_250' title='bbox 3515 949 3770 1019; x_wconf 85' lang='lat' dir='ltr'><strong>fuit,quas</strong></span> 
     </span>
    </p>
   </div>
   <div class='ocr_carea' id='block_1_37' title="bbox 2168 1041 3776 1119">
    <p class='ocr_par' dir='ltr' id='par_1_37' title="bbox 2168 1041 3776 1119">
     <span class='ocr_line' id='line_1_37' title="bbox 2168 1041 3776 1119; baseline -0.004 -18"><span class='ocrx_word' id='word_1_251' title='bbox 2168 1054 2353 1101; x_wconf 83' lang='lat' dir='ltr'><strong>reatus</strong></span> <span class='ocrx_word' id='word_1_252' title='bbox 2374 1045 2567 1119; x_wconf 82' lang='lat'><strong>862</strong></span> <span class='ocrx_word' id='word_1_253' title='bbox 2597 1046 2901 1118; x_wconf 62' lang='lat' dir='ltr'><strong>prohibitus</strong></span> <span class='ocrx_word' id='word_1_254' title='bbox 2924 1044 3457 1100; x_wconf 88' lang='lat' dir='ltr'><strong>contubernalitatis</strong></span> <span class='ocrx_word' id='word_1_255' title='bbox 3483 1058 3595 1096; x_wconf 91' lang='lat' dir='ltr'><strong>non</strong></span> <span class='ocrx_word' id='word_1_256' title='bbox 3618 1041 3776 1095; x_wconf 86' lang='lat' dir='ltr'><strong>absol-</strong></span> 
     </span>
    </p>
   </div>
   <div class='ocr_carea' id='block_1_38' title="bbox 2167 1136 3773 1209">
    <p class='ocr_par' dir='ltr' id='par_1_38' title="bbox 2167 1136 3773 1209">
     <span class='ocr_line' id='line_1_38' title="bbox 2167 1136 3773 1209; baseline -0.004 -17"><span class='ocrx_word' id='word_1_257' title='bbox 2167 1142 2263 1193; x_wconf 87' lang='lat' dir='ltr'><strong>vit.</strong></span> <span class='ocrx_word' id='word_1_258' title='bbox 2298 1141 2408 1195; x_wconf 87' lang='lat' dir='ltr'><strong>Nec</strong></span> <span class='ocrx_word' id='word_1_259' title='bbox 2433 1140 2763 1195; x_wconf 84' lang='lat' dir='ltr'><strong>innocentes</strong></span> <span class='ocrx_word' id='word_1_260' title='bbox 2793 1140 2848 1193; x_wconf 90' lang='lat' dir='ltr'><strong>in</strong></span> <span class='ocrx_word' id='word_1_261' title='bbox 2882 1140 3004 1209; x_wconf 90' lang='lat' dir='ltr'><strong>ipsa</strong></span> <span class='ocrx_word' id='word_1_262' title='bbox 3030 1138 3361 1193; x_wconf 90' lang='lat' dir='ltr'><strong>innocentia</strong></span> <span class='ocrx_word' id='word_1_263' title='bbox 3391 1136 3575 1207; x_wconf 91' lang='lat' dir='ltr'><strong>potuit</strong></span> <span class='ocrx_word' id='word_1_264' title='bbox 3597 1150 3773 1205; x_wconf 86' lang='lat' dir='ltr'><strong>appro-</strong></span> 
     </span>
    </p>
   </div>
   <div class='ocr_carea' id='block_1_39' title="bbox 2166 1227 3771 1305">
    <p class='ocr_par' dir='ltr' id='par_1_39' title="bbox 2166 1227 3771 1305">
     <span class='ocr_line' id='line_1_39' title="bbox 2166 1227 3771 1305; baseline -0.006 -18"><span class='ocrx_word' id='word_1_265' title='bbox 2166 1232 2327 1301; x_wconf 88' lang='lat' dir='ltr'><strong>bare;</strong></span> <span class='ocrx_word' id='word_1_266' title='bbox 2375 1234 2581 1305; x_wconf 87' lang='lat' dir='ltr'><strong>quibus</strong></span> <span class='ocrx_word' id='word_1_267' title='bbox 2621 1239 3018 1305; x_wconf 87' lang='lat' dir='ltr'><strong>coutemptum</strong></span> <span class='ocrx_word' id='word_1_268' title='bbox 3070 1232 3212 1303; x_wconf 76' lang='lat' dir='ltr'><strong>legis</strong></span> <span class='ocrx_word' id='word_1_269' title='bbox 3255 1236 3312 1285; x_wconf 90' lang='lat' dir='ltr'><strong>et</strong></span> <span class='ocrx_word' id='word_1_270' title='bbox 3362 1227 3771 1284; x_wconf 82' lang='lat' dir='ltr'><strong>conversationis</strong></span> 
     </span>
    </p>
   </div>
   <div class='ocr_carea' id='block_1_40' title="bbox 2168 1320 3768 1399">
    <p class='ocr_par' dir='ltr' id='par_1_40' title="bbox 2168 1320 3768 1399">
     <span class='ocr_line' id='line_1_40' title="bbox 2168 1320 3768 1399; baseline -0.004 -19"><span class='ocrx_word' id='word_1_271' title='bbox 2168 1327 2379 1381; x_wconf 83' lang='lat' dir='ltr'><strong>illicitae</strong></span> <span class='ocrx_word' id='word_1_272' title='bbox 2399 1327 2733 1395; x_wconf 80' lang='lat' dir='ltr'><strong>fceditatem,</strong></span> <span class='ocrx_word' id='word_1_273' title='bbox 2753 1331 2830 1391; x_wconf 86' lang='lat' dir='ltr'><strong>et,</strong></span> <span class='ocrx_word' id='word_1_274' title='bbox 2855 1326 3007 1399; x_wconf 84' lang='lat' dir='ltr'><strong>quod</strong></span> <span class='ocrx_word' id='word_1_275' title='bbox 3032 1330 3116 1380; x_wconf 91' lang='lat' dir='ltr'><strong>est</strong></span> <span class='ocrx_word' id='word_1_276' title='bbox 3138 1325 3366 1395; x_wconf 82' lang='lat' dir='ltr'><strong>gravius</strong></span> <span class='ocrx_word' id='word_1_277' title='bbox 3385 1338 3556 1393; x_wconf 90' lang='lat' dir='ltr'><strong>super</strong></span> <span class='ocrx_word' id='word_1_278' title='bbox 3576 1320 3768 1385; x_wconf 89' lang='lat' dir='ltr'><strong>omnia,</strong></span> 
     </span>
    </p>
   </div>
   <div class='ocr_carea' id='block_1_41' title="bbox 2167 1413 3771 1491">
    <p class='ocr_par' dir='ltr' id='par_1_41' title="bbox 2167 1413 3771 1491">
     <span class='ocr_line' id='line_1_41' title="bbox 2167 1413 3771 1491; baseline -0.012 -5"><span class='ocrx_word' id='word_1_279' title='bbox 2167 1431 2386 1486; x_wconf 87' lang='lat' dir='ltr'><strong>crimen</strong></span> <span class='ocrx_word' id='word_1_280' title='bbox 2422 1423 2685 1482; x_wconf 63' lang='lat' dir='ltr'><strong>Ecclesia!</strong></span> <span class='ocrx_word' id='word_1_281' title='bbox 2714 1422 2969 1475; x_wconf 90' lang='lat' dir='ltr'><strong>cernitur</strong></span> <span class='ocrx_word' id='word_1_282' title='bbox 3008 1418 3320 1491; x_wconf 86' lang='lat' dir='ltr'><strong>ignovisse.</strong></span> <span class='ocrx_word' id='word_1_283' title='bbox 3356 1416 3579 1471; x_wconf 84' lang='lat' dir='ltr'><strong>Etenim</strong></span> <span class='ocrx_word' id='word_1_284' title='bbox 3622 1413 3771 1468; x_wconf 78' lang='lat' dir='ltr'><strong>noxia</strong></span> 
     </span>
    </p>
   </div>
   <div class='ocr_carea' id='block_1_42' title="bbox 2169 1508 3770 1589">
    <p class='ocr_par' dir='ltr' id='par_1_42' title="bbox 2169 1508 3770 1589">
     <span class='ocr_line' id='line_1_42' title="bbox 2169 1508 3770 1589; baseline -0.012 -10"><span class='ocrx_word' id='word_1_285' title='bbox 2169 1528 2254 1579; x_wconf 89' lang='lat' dir='ltr'><strong>est</strong></span> <span class='ocrx_word' id='word_1_286' title='bbox 2282 1519 2625 1585; x_wconf 86' lang='lat' dir='ltr'><strong>innocentia,</strong></span> <span class='ocrx_word' id='word_1_287' title='bbox 2654 1534 2781 1589; x_wconf 85' lang='lat' dir='ltr'><strong>quae</strong></span> <span class='ocrx_word' id='word_1_288' title='bbox 2813 1530 3035 1585; x_wconf 64' lang='lat' dir='ltr'><strong>sponsa:</strong></span> <span class='ocrx_word' id='word_1_289' title='bbox 3060 1512 3265 1570; x_wconf 90' lang='lat' dir='ltr'><strong>Christi</strong></span> <span class='ocrx_word' id='word_1_290' title='bbox 3302 1509 3481 1566; x_wconf 80' lang='lat' dir='ltr'><strong>ofﬁcit</strong></span> <span class='ocrx_word' id='word_1_291' title='bbox 3519 1509 3692 1563; x_wconf 66' lang='lat' dir='ltr'><strong>famae.</strong></span> <span class='ocrx_word' id='word_1_292' title='bbox 3714 1508 3770 1561; x_wconf 82' lang='lat' dir='ltr'><strong>Et</strong></span> 
     </span>
    </p>
   </div>
   <div class='ocr_carea' id='block_1_43' title="bbox 2168 1601 3770 1681">
    <p class='ocr_par' dir='ltr' id='par_1_43' title="bbox 2168 1601 3770 1681">
     <span class='ocr_line' id='line_1_43' title="bbox 2168 1601 3770 1681; baseline -0.011 -9"><span class='ocrx_word' id='word_1_293' title='bbox 2168 1635 2297 1673; x_wconf 90' lang='lat' dir='ltr'><strong>cum</strong></span> <span class='ocrx_word' id='word_1_294' title='bbox 2340 1614 2593 1670; x_wconf 90' lang='lat' dir='ltr'><strong>Christus</strong></span> <span class='ocrx_word' id='word_1_295' title='bbox 2642 1627 2825 1681; x_wconf 83' lang='lat' dir='ltr'><strong>agnus</strong></span> <span class='ocrx_word' id='word_1_296' title='bbox 2871 1609 3162 1673; x_wconf 88' lang='lat' dir='ltr'><strong>innocens,</strong></span> <span class='ocrx_word' id='word_1_297' title='bbox 3218 1606 3339 1659; x_wconf 90' lang='lat' dir='ltr'><strong>imo</strong></span> <span class='ocrx_word' id='word_1_298' title='bbox 3386 1605 3507 1675; x_wconf 89' lang='lat' dir='ltr'><strong>ipse</strong></span> <span class='ocrx_word' id='word_1_299' title='bbox 3554 1601 3770 1656; x_wconf 58' lang='lat' dir='ltr'><strong>celestis</strong></span> 
     </span>
    </p>
   </div>
   <div class='ocr_carea' id='block_1_44' title="bbox 2169 1693 3773 1778">
    <p class='ocr_par' dir='ltr' id='par_1_44' title="bbox 2169 1693 3773 1778">
     <span class='ocr_line' id='line_1_44' title="bbox 2169 1693 3773 1778; baseline -0.012 -11"><span class='ocrx_word' id='word_1_300' title='bbox 2169 1707 2516 1774; x_wconf 87' lang='lat' dir='ltr'><strong>innocentia,</strong></span> <span class='ocrx_word' id='word_1_301' title='bbox 2545 1705 2696 1778; x_wconf 90' lang='lat' dir='ltr'><strong>quod</strong></span> <span class='ocrx_word' id='word_1_302' title='bbox 2723 1710 2808 1760; x_wconf 90' lang='lat' dir='ltr'><strong>est</strong></span> <span class='ocrx_word' id='word_1_303' title='bbox 2843 1702 3048 1771; x_wconf 89' lang='lat' dir='ltr'><strong>verius,</strong></span> <span class='ocrx_word' id='word_1_304' title='bbox 3076 1704 3257 1755; x_wconf 91' lang='lat' dir='ltr'><strong>totum</strong></span> <span class='ocrx_word' id='word_1_305' title='bbox 3290 1714 3353 1752; x_wconf 89' lang='lat' dir='ltr'><strong>se</strong></span> <span class='ocrx_word' id='word_1_306' title='bbox 3394 1693 3773 1767; x_wconf 66' lang='lat' dir='ltr'><strong>contempserit</strong></span> 
     </span>
    </p>
   </div>
   <div class='ocr_carea' id='block_1_45' title="bbox 2165 1790 3771 1878">
    <p class='ocr_par' dir='ltr' id='par_1_45' title="bbox 2165 1790 3771 1878">
     <span class='ocr_line' id='line_1_45' title="bbox 2165 1790 3771 1878; baseline -0.013 -18"><span class='ocrx_word' id='word_1_307' title='bbox 2165 1822 2268 1878; x_wconf 84' lang='lat' dir='ltr'><strong>pro</strong></span> <span class='ocrx_word' id='word_1_308' title='bbox 2317 1802 2580 1869; x_wconf 83' lang='lat' dir='ltr'><strong>Ecclesia,</strong></span> <span class='ocrx_word' id='word_1_309' title='bbox 2621 1804 2679 1853; x_wconf 89' lang='lat' dir='ltr'><strong>ut</strong></span> <span class='ocrx_word' id='word_1_310' title='bbox 2722 1813 2849 1852; x_wconf 88' lang='lat' dir='ltr'><strong>eam</strong></span> <span class='ocrx_word' id='word_1_311' title='bbox 2901 1795 3023 1850; x_wconf 84' lang='lat' dir='ltr'><strong>sine</strong></span> <span class='ocrx_word' id='word_1_312' title='bbox 3073 1795 3293 1848; x_wconf 84' lang='lat' dir='ltr'><strong>macula</strong></span> <span class='ocrx_word' id='word_1_313' title='bbox 3350 1791 3465 1845; x_wconf 90' lang='lat' dir='ltr'><strong>ulla</strong></span> <span class='ocrx_word' id='word_1_314' title='bbox 3514 1790 3600 1843; x_wconf 88' lang='lat' dir='ltr'><strong>vel</strong></span> <span class='ocrx_word' id='word_1_315' title='bbox 3643 1803 3771 1857; x_wconf 88' lang='lat' dir='ltr'><strong>ruga</strong></span> 
     </span>
    </p>
   </div>
   <div class='ocr_carea' id='block_1_46' title="bbox 2165 1881 3772 1961">
    <p class='ocr_par' dir='ltr' id='par_1_46' title="bbox 2165 1881 3772 1961">
     <span class='ocr_line' id='line_1_46' title="bbox 2165 1881 3772 1961; baseline -0.012 -7"><span class='ocrx_word' id='word_1_316' title='bbox 2165 1899 2429 1954; x_wconf 85' lang='lat' dir='ltr'><strong>redderet</strong></span> <span class='ocrx_word' id='word_1_317' title='bbox 2471 1895 2775 1959; x_wconf 85' lang='lat' dir='ltr'><strong>illibatam;</strong></span> <span class='ocrx_word' id='word_1_318' title='bbox 2818 1889 3002 1961; x_wconf 87' lang='lat' dir='ltr'><strong>qualis</strong></span> <span class='ocrx_word' id='word_1_319' title='bbox 3046 1892 3130 1942; x_wconf 89' lang='lat' dir='ltr'><strong>est</strong></span> <span class='ocrx_word' id='word_1_320' title='bbox 3163 1886 3407 1941; x_wconf 88' lang='lat' dir='ltr'><strong>clericus</strong></span> <span class='ocrx_word' id='word_1_321' title='bbox 3442 1883 3535 1938; x_wconf 91' lang='lat' dir='ltr'><strong>cui</strong></span> <span class='ocrx_word' id='word_1_322' title='bbox 3574 1881 3637 1936; x_wconf 89' lang='lat' dir='ltr'><strong>ad</strong></span> <span class='ocrx_word' id='word_1_323' title='bbox 3680 1881 3772 1935; x_wconf 76' lang='lat' dir='ltr'><strong>hoc</strong></span> 
     </span>
    </p>
   </div>
   <div class='ocr_carea' id='block_1_47' title="bbox 2164 1975 3772 2064">
    <p class='ocr_par' dir='ltr' id='par_1_47' title="bbox 2164 1975 3772 2064">
     <span class='ocr_line' id='line_1_47' title="bbox 2164 1975 3772 2064; baseline -0.013 -16"><span class='ocrx_word' id='word_1_324' title='bbox 2164 2008 2367 2064; x_wconf 89' lang='lat' dir='ltr'><strong>sponsa</strong></span> <span class='ocrx_word' id='word_1_325' title='bbox 2411 1987 2615 2045; x_wconf 77' lang='lat' dir='ltr'><strong>Christi</strong></span> <span class='ocrx_word' id='word_1_326' title='bbox 2664 1983 3063 2049; x_wconf 89' lang='lat' dir='ltr'><strong>committitur,</strong></span> <span class='ocrx_word' id='word_1_327' title='bbox 3110 1985 3170 2035; x_wconf 88' lang='lat' dir='ltr'><strong>ut</strong></span> <span class='ocrx_word' id='word_1_328' title='bbox 3215 1997 3318 2051; x_wconf 92' lang='lat' dir='ltr'><strong>pro</strong></span> <span class='ocrx_word' id='word_1_329' title='bbox 3359 1978 3532 2032; x_wconf 87' lang='lat' dir='ltr'><strong>unius</strong></span> <span class='ocrx_word' id='word_1_330' title='bbox 3572 1975 3772 2030; x_wconf 71' lang='lat' dir='ltr'><strong>femina:</strong></span> 
     </span>
    </p>
   </div>
   <div class='ocr_carea' id='block_1_48' title="bbox 2164 2068 3773 2154">
    <p class='ocr_par' dir='ltr' id='par_1_48' title="bbox 2164 2068 3773 2154">
     <span class='ocr_line' id='line_1_48' title="bbox 2164 2068 3773 2154; baseline -0.014 -12"><span class='ocrx_word' id='word_1_331' title='bbox 2164 2102 2356 2142; x_wconf 85' lang='lat' dir='ltr'><strong>amore</strong></span> <span class='ocrx_word' id='word_1_332' title='bbox 2386 2081 2600 2154; x_wconf 90' lang='lat' dir='ltr'><strong>culpari</strong></span> <span class='ocrx_word' id='word_1_333' title='bbox 2634 2085 2810 2135; x_wconf 88' lang='lat' dir='ltr'><strong>tatam</strong></span> <span class='ocrx_word' id='word_1_334' title='bbox 2852 2076 3157 2132; x_wconf 86' lang='lat' dir='ltr'><strong>Ecclesiam</strong></span> <span class='ocrx_word' id='word_1_335' title='bbox 3186 2072 3481 2145; x_wconf 75' lang='lat' dir='ltr'><strong>patiatur?</strong></span> <span class='ocrx_word' id='word_1_336' title='bbox 3509 2068 3773 2124; x_wconf 76' lang='lat' dir='ltr'><strong>Audemus</strong></span> 
     </span>
    </p>
   </div>
   <div class='ocr_carea' id='block_1_49' title="bbox 2165 2163 3772 2237">
    <p class='ocr_par' dir='ltr' id='par_1_49' title="bbox 2165 2163 3772 2237">
     <span class='ocr_line' id='line_1_49' title="bbox 2165 2163 3772 2237; baseline -0.014 0"><span class='ocrx_word' id='word_1_337' title='bbox 2165 2181 2352 2237; x_wconf 83' lang='lat' dir='ltr'><strong>dicere</strong></span> <span class='ocrx_word' id='word_1_338' title='bbox 2389 2195 2402 2232; x_wconf 88' lang='lat'>:</span> <span class='ocrx_word' id='word_1_339' title='bbox 2431 2181 2472 2232; x_wconf 83' lang='lat' dir='ltr'><strong>A</strong></span> <span class='ocrx_word' id='word_1_340' title='bbox 2506 2179 2619 2231; x_wconf 89' lang='lat' dir='ltr'><strong>Deo</strong></span> <span class='ocrx_word' id='word_1_341' title='bbox 2650 2176 2813 2228; x_wconf 82' lang='lat' dir='ltr'><strong>Patre</strong></span> <span class='ocrx_word' id='word_1_342' title='bbox 2850 2171 3053 2226; x_wconf 79' lang='lat' dir='ltr'><strong>missus</strong></span> <span class='ocrx_word' id='word_1_343' title='bbox 3082 2174 3167 2222; x_wconf 89' lang='lat' dir='ltr'><strong>est</strong></span> <span class='ocrx_word' id='word_1_344' title='bbox 3207 2167 3380 2221; x_wconf 82' lang='lat' dir='ltr'><strong>Filius</strong></span> <span class='ocrx_word' id='word_1_345' title='bbox 3425 2165 3495 2220; x_wconf 88' lang='lat' dir='ltr'><strong>de</strong></span> <span class='ocrx_word' id='word_1_346' title='bbox 3529 2164 3650 2217; x_wconf 90' lang='lat' dir='ltr'><strong>sinu</strong></span> <span class='ocrx_word' id='word_1_347' title='bbox 3688 2163 3772 2215; x_wconf 82' lang='lat' dir='ltr'><strong>Pa-</strong></span> 
     </span>
    </p>
   </div>
   <div class='ocr_carea' id='block_1_50' title="bbox 2165 2254 3771 2341">
    <p class='ocr_par' dir='ltr' id='par_1_50' title="bbox 2165 2254 3771 2341">
     <span class='ocr_line' id='line_1_50' title="bbox 2165 2254 3771 2341; baseline -0.014 -13"><span class='ocrx_word' id='word_1_348' title='bbox 2165 2276 2286 2341; x_wconf 86' lang='lat' dir='ltr'><strong>tris,</strong></span> <span class='ocrx_word' id='word_1_349' title='bbox 2341 2279 2397 2328; x_wconf 92' lang='lat' dir='ltr'><strong>et</strong></span> <span class='ocrx_word' id='word_1_350' title='bbox 2448 2286 2626 2341; x_wconf 89' lang='lat' dir='ltr'><strong>regno</strong></span> <span class='ocrx_word' id='word_1_351' title='bbox 2668 2268 2868 2322; x_wconf 84' lang='lat' dir='ltr'><strong>absens</strong></span> <span class='ocrx_word' id='word_1_352' title='bbox 2918 2280 3037 2318; x_wconf 83' lang='lat' dir='ltr'><strong>esse</strong></span> <span class='ocrx_word' id='word_1_353' title='bbox 3084 2260 3330 2325; x_wconf 71' lang='lat' dir='ltr'><strong>duravit,</strong></span> <span class='ocrx_word' id='word_1_354' title='bbox 3386 2262 3452 2313; x_wconf 86' lang='lat' dir='ltr'><strong>ut</strong></span> <span class='ocrx_word' id='word_1_355' title='bbox 3493 2254 3771 2311; x_wconf 85' lang='lat' dir='ltr'><strong>Ecclesiam</strong></span> 
     </span>
    </p>
   </div>
   <div class='ocr_carea' id='block_1_51' title="bbox 2165 2350 3773 2427">
    <p class='ocr_par' dir='ltr' id='par_1_51' title="bbox 2165 2350 3773 2427">
     <span class='ocr_line' id='line_1_51' title="bbox 2165 2350 3773 2427; baseline -0.014 -4"><span class='ocrx_word' id='word_1_356' title='bbox 2165 2370 2375 2423; x_wconf 84' lang='lat' dir='ltr'><strong>faceret</strong></span> <span class='ocrx_word' id='word_1_357' title='bbox 2414 2366 2807 2427; x_wconf 89' lang='lat' dir='ltr'><strong>innocentem;</strong></span> <span class='ocrx_word' id='word_1_358' title='bbox 2834 2362 2892 2413; x_wconf 88' lang='lat' dir='ltr'><strong>et</strong></span> <span class='ocrx_word' id='word_1_359' title='bbox 2918 2356 3156 2412; x_wconf 87' lang='lat' dir='ltr'><strong>clericus</strong></span> <span class='ocrx_word' id='word_1_360' title='bbox 3184 2352 3445 2409; x_wconf 88' lang='lat' dir='ltr'><strong>mulieris</strong></span> <span class='ocrx_word' id='word_1_361' title='bbox 3470 2352 3614 2405; x_wconf 88' lang='lat' dir='ltr'><strong>latus</strong></span> <span class='ocrx_word' id='word_1_362' title='bbox 3641 2350 3773 2403; x_wconf 89' lang='lat' dir='ltr'><strong>dese-</strong></span> 
     </span>
    </p>
   </div>
   <div class='ocr_carea' id='block_1_52' title="bbox 2167 2442 3772 2529">
    <p class='ocr_par' dir='ltr' id='par_1_52' title="bbox 2167 2442 3772 2529">
     <span class='ocr_line' id='line_1_52' title="bbox 2167 2442 3772 2529; baseline -0.014 -12"><span class='ocrx_word' id='word_1_363' title='bbox 2167 2479 2292 2518; x_wconf 89' lang='lat' dir='ltr'><strong>rere</strong></span> <span class='ocrx_word' id='word_1_364' title='bbox 2332 2477 2446 2514; x_wconf 89' lang='lat' dir='ltr'><strong>non</strong></span> <span class='ocrx_word' id='word_1_365' title='bbox 2488 2462 2690 2529; x_wconf 89' lang='lat' dir='ltr'><strong>potest,</strong></span> <span class='ocrx_word' id='word_1_366' title='bbox 2720 2471 2790 2508; x_wconf 91' lang='lat' dir='ltr'><strong>ne</strong></span> <span class='ocrx_word' id='word_1_367' title='bbox 2824 2451 3030 2509; x_wconf 81' lang='lat' dir='ltr'><strong>Christi</strong></span> <span class='ocrx_word' id='word_1_368' title='bbox 3071 2448 3377 2503; x_wconf 86' lang='lat' dir='ltr'><strong>Ecclesiam</strong></span> <span class='ocrx_word' id='word_1_369' title='bbox 3426 2445 3622 2500; x_wconf 87' lang='lat' dir='ltr'><strong>reddat</strong></span> <span class='ocrx_word' id='word_1_370' title='bbox 3655 2442 3772 2497; x_wconf 80' lang='lat' dir='ltr'><strong>infa-</strong></span> 
     </span>
    </p>
   </div>
   <div class='ocr_carea' id='block_1_53' title="bbox 2168 2555 2370 2611">
    <p class='ocr_par' dir='ltr' id='par_1_53' title="bbox 2168 2555 2370 2611">
     <span class='ocr_line' id='line_1_53' title="bbox 2168 2555 2370 2611; baseline -0.01 0"><span class='ocrx_word' id='word_1_371' title='bbox 2168 2572 2323 2611; x_wconf 88' lang='lat' dir='ltr'><strong>mem</strong></span> <span class='ocrx_word' id='word_1_372' title='bbox 2343 2555 2370 2609; x_wconf 84' lang='lat'><strong>?</strong></span> 
     </span>
    </p>
   </div>
   <div class='ocr_carea' id='block_1_54' title="bbox 2241 2629 3776 2711">
    <p class='ocr_par' dir='ltr' id='par_1_54' title="bbox 2241 2629 3776 2711">
     <span class='ocr_line' id='line_1_54' title="bbox 2241 2629 3776 2711; baseline -0.014 -8"><span class='ocrx_word' id='word_1_373' title='bbox 2241 2648 2354 2705; x_wconf 90' lang='lat' dir='ltr'><strong>Sed</strong></span> <span class='ocrx_word' id='word_1_374' title='bbox 2393 2648 2556 2701; x_wconf 84' lang='lat' dir='ltr'><strong>aiunt</strong></span> <span class='ocrx_word' id='word_1_375' title='bbox 2593 2661 2606 2697; x_wconf 90' lang='lat'><strong>:</strong></span> <span class='ocrx_word' id='word_1_376' title='bbox 2641 2646 2704 2698; x_wconf 88' lang='lat' dir='ltr'><strong>In</strong></span> <span class='ocrx_word' id='word_1_377' title='bbox 2748 2640 3027 2711; x_wconf 84' lang='lat' dir='ltr'><strong>martyrio</strong></span> <span class='ocrx_word' id='word_1_378' title='bbox 3070 2636 3396 2709; x_wconf 88' lang='lat' dir='ltr'><strong>ignoscitur</strong></span> <span class='ocrx_word' id='word_1_379' title='bbox 3432 2632 3615 2699; x_wconf 89' lang='lat' dir='ltr'><strong>nobis,</strong></span> <span class='ocrx_word' id='word_1_380' title='bbox 3654 2629 3776 2684; x_wconf 88' lang='lat' dir='ltr'><strong>sicut</strong></span> 
     </span>
    </p>
   </div>
   <div class='ocr_carea' id='block_1_55' title="bbox 2168 2731 3776 2809">
    <p class='ocr_par' dir='ltr' id='par_1_55' title="bbox 2168 2731 3776 2809">
     <span class='ocr_line' id='line_1_55' title="bbox 2168 2731 3776 2809; baseline -0.014 -11"><span class='ocrx_word' id='word_1_381' title='bbox 2168 2743 2453 2799; x_wconf 90' lang='lat' dir='ltr'><strong>indultum</strong></span> <span class='ocrx_word' id='word_1_382' title='bbox 2500 2745 2584 2793; x_wconf 92' lang='lat' dir='ltr'><strong>est</strong></span> <span class='ocrx_word' id='word_1_383' title='bbox 2623 2735 2977 2809; x_wconf 84' lang='lat' dir='ltr'><strong>parentibus.</strong></span> <span class='ocrx_word' id='word_1_384' title='bbox 3020 2734 3132 2786; x_wconf 93' lang='lat' dir='ltr'><strong>lloc</strong></span> <span class='ocrx_word' id='word_1_385' title='bbox 3175 2746 3317 2800; x_wconf 86' lang='lat' dir='ltr'><strong>ergo</strong></span> <span class='ocrx_word' id='word_1_386' title='bbox 3361 2731 3425 2782; x_wconf 87' lang='lat' dir='ltr'><strong>et</strong></span> <span class='ocrx_word' id='word_1_387' title='bbox 3466 2744 3567 2781; x_wconf 90' lang='lat' dir='ltr'><strong>nos</strong></span> <span class='ocrx_word' id='word_1_388' title='bbox 3604 2738 3776 2780; x_wconf 79' lang='lat' dir='ltr'><strong>omnes</strong></span> 
     </span>
    </p>
   </div>
   <div class='ocr_carea' id='block_1_56' title="bbox 2171 2816 3776 2908">
    <p class='ocr_par' dir='ltr' id='par_1_56' title="bbox 2171 2816 3776 2908">
     <span class='ocr_line' id='line_1_56' title="bbox 2171 2816 3776 2908; baseline -0.014 -16"><span class='ocrx_word' id='word_1_389' title='bbox 2171 2837 2239 2892; x_wconf 89' lang='lat' dir='ltr'><strong>de</strong></span> <span class='ocrx_word' id='word_1_390' title='bbox 2273 2833 2517 2908; x_wconf 81' lang='lat' dir='ltr'><strong>peccatis</strong></span> <span class='ocrx_word' id='word_1_391' title='bbox 2542 2830 2749 2887; x_wconf 66' lang='lat' dir='ltr'><strong>nostris</strong></span> <span class='ocrx_word' id='word_1_392' title='bbox 2777 2827 3170 2890; x_wconf 78' lang='lat' dir='ltr'><strong>confidamus;</strong></span> <span class='ocrx_word' id='word_1_393' title='bbox 3216 2827 3277 2876; x_wconf 91' lang='lat' dir='ltr'><strong>ut</strong></span> <span class='ocrx_word' id='word_1_394' title='bbox 3310 2822 3414 2894; x_wconf 90' lang='lat' dir='ltr'><strong>qui</strong></span> <span class='ocrx_word' id='word_1_395' title='bbox 3442 2835 3613 2891; x_wconf 85' lang='lat' dir='ltr'><strong>agere</strong></span> <span class='ocrx_word' id='word_1_396' title='bbox 3651 2816 3776 2871; x_wconf 84' lang='lat' dir='ltr'><strong>bene</strong></span> 
     </span>
    </p>
   </div>
   <div class='ocr_carea' id='block_1_57' title="bbox 2169 2915 3776 2993">
    <p class='ocr_par' dir='ltr' id='par_1_57' title="bbox 2169 2915 3776 2993">
     <span class='ocr_line' id='line_1_57' title="bbox 2169 2915 3776 2993; baseline -0.015 -7"><span class='ocrx_word' id='word_1_397' title='bbox 2169 2931 2510 2993; x_wconf 74' lang='lat' dir='ltr'><strong>laboramus,</strong></span> <span class='ocrx_word' id='word_1_398' title='bbox 2538 2926 2691 2979; x_wconf 90' lang='lat' dir='ltr'><strong>inter</strong></span> <span class='ocrx_word' id='word_1_399' title='bbox 2716 2923 2966 2977; x_wconf 79' lang='lat' dir='ltr'><strong>luxurias</strong></span> <span class='ocrx_word' id='word_1_400' title='bbox 2988 2932 3316 2989; x_wconf 86' lang='lat' dir='ltr'><strong>evagemur,</strong></span> <span class='ocrx_word' id='word_1_401' title='bbox 3342 2919 3403 2970; x_wconf 85' lang='lat' dir='ltr'><strong>et</strong></span> <span class='ocrx_word' id='word_1_402' title='bbox 3420 2915 3776 2968; x_wconf 84' lang='lat' dir='ltr'><strong>discurramus</strong></span> 
     </span>
    </p>
   </div>
   <div class='ocr_carea' id='block_1_58' title="bbox 446 3008 3777 3098">
    <p class='ocr_par' dir='ltr' id='par_1_58' title="bbox 446 3008 3777 3098">
     <span class='ocr_line' id='line_1_58' title="bbox 446 3008 3777 3098; baseline -0.006 -22"><span class='ocrx_word' id='word_1_403' title='bbox 446 3023 761 3078; x_wconf 89' lang='lat' dir='ltr'><strong>hescerent.</strong></span> <span class='ocrx_word' id='word_1_404' title='bbox 812 3024 889 3078; x_wconf 89' lang='lat' dir='ltr'><strong>De</strong></span> <span class='ocrx_word' id='word_1_405' title='bbox 941 3023 1145 3094; x_wconf 88' lang='lat' dir='ltr'><strong>quibus</strong></span> <span class='ocrx_word' id='word_1_406' title='bbox 1192 3029 1250 3077; x_wconf 89' lang='lat' dir='ltr'><strong>et</strong></span> <span class='ocrx_word' id='word_1_407' title='bbox 1313 3022 1589 3077; x_wconf 88' lang='lat' dir='ltr'><strong>Dominus</strong></span> <span class='ocrx_word' id='word_1_408' title='bbox 1652 3027 2070 3094; x_wconf 85' lang='lat' dir='ltr'><strong>contemptores</strong></span> <span class='ocrx_word' id='word_1_409' title='bbox 2172 3042 2272 3098; x_wconf 89' lang='lat' dir='ltr'><strong>per</strong></span> <span class='ocrx_word' id='word_1_410' title='bbox 2312 3022 2542 3077; x_wconf 85' lang='lat' dir='ltr'><strong>semitas</strong></span> <span class='ocrx_word' id='word_1_411' title='bbox 2579 3023 2958 3091; x_wconf 87' lang='lat' dir='ltr'><strong>peccatorum,</strong></span> <span class='ocrx_word' id='word_1_412' title='bbox 2988 3010 3308 3068; x_wconf 87' lang='lat' dir='ltr'><strong>retinacula</strong></span> <span class='ocrx_word' id='word_1_413' title='bbox 3346 3008 3708 3070; x_wconf 86' lang='lat' dir='ltr'><strong>dimittamus,</strong></span> <span class='ocrx_word' id='word_1_414' title='bbox 3732 3008 3777 3056; x_wconf 88' lang='lat' dir='ltr'><strong>et</strong></span> 
     </span>
    </p>
   </div>
   <div class='ocr_carea' id='block_1_59' title="bbox 460 3096 3778 3205">
    <p class='ocr_par' dir='ltr' id='par_1_59' title="bbox 460 3096 3778 3205">
     <span class='ocr_line' id='line_1_59' title="bbox 460 3096 3778 3205; baseline -0.006 -35"><span class='ocrx_word' id='word_1_415' title='bbox 460 3118 674 3188; x_wconf 83' lang='lat' dir='ltr'><strong>arguit,</strong></span> <span class='ocrx_word' id='word_1_416' title='bbox 729 3115 927 3171; x_wconf 89' lang='lat' dir='ltr'><strong>dicens</strong></span> <span class='ocrx_word' id='word_1_417' title='bbox 975 3132 988 3170; x_wconf 92' lang='lat'>:</span> <span class='ocrx_word' id='word_1_418' title='bbox 1041 3138 1067 3165; x_wconf 86' lang='grc'><em>‹‹</em></span> <span class='ocrx_word' id='word_1_419' title='bbox 1114 3116 1517 3171; x_wconf 87' lang='lat' dir='ltr'><strong>Prudentiores</strong></span> <span class='ocrx_word' id='word_1_420' title='bbox 1552 3124 1683 3172; x_wconf 89' lang='lat' dir='ltr'><strong>sunt</strong></span> <span class='ocrx_word' id='word_1_421' title='bbox 1725 3117 1826 3170; x_wconf 79' lang='lat' dir='ltr'><strong>ﬁlii</strong></span> <span class='ocrx_word' id='word_1_422' title='bbox 1889 3096 2359 3205; x_wconf 68' lang='lat' dir='ltr'><strong>sa’culiCl’rena</strong></span> <span class='ocrx_word' id='word_1_423' title='bbox 2414 3116 2669 3169; x_wconf 84' lang='lat' dir='ltr'><strong>laxemus</strong></span> <span class='ocrx_word' id='word_1_424' title='bbox 2716 3128 2729 3165; x_wconf 90' lang='lat'>:</span> <span class='ocrx_word' id='word_1_425' title='bbox 2775 3125 2973 3164; x_wconf 88' lang='lat' dir='ltr'><strong>eamus</strong></span> <span class='ocrx_word' id='word_1_426' title='bbox 3018 3122 3120 3160; x_wconf 90' lang='lat' dir='ltr'><strong>nos</strong></span> <span class='ocrx_word' id='word_1_427' title='bbox 3163 3118 3515 3175; x_wconf 87' lang='lat' dir='ltr'><strong>quacunque</strong></span> <span class='ocrx_word' id='word_1_428' title='bbox 3560 3096 3778 3155; x_wconf 85' lang='lat' dir='ltr'><strong>mundus</strong></span> 
     </span>
    </p>
   </div>
   <div class='ocr_carea' id='block_1_60' title="bbox 452 3190 3776 3281">
    <p class='ocr_par' dir='ltr' id='par_1_60' title="bbox 452 3190 3776 3281">
     <span class='ocr_line' id='line_1_60' title="bbox 452 3190 3776 3281; baseline -0.007 -17"><span class='ocrx_word' id='word_1_429' title='bbox 452 3211 618 3280; x_wconf 88' lang='lat' dir='ltr'><strong>hujus</strong></span> <span class='ocrx_word' id='word_1_430' title='bbox 644 3209 772 3264; x_wconf 83' lang='lat' dir='ltr'><strong>ﬁliis</strong></span> <span class='ocrx_word' id='word_1_431' title='bbox 811 3210 952 3264; x_wconf 88' lang='lat' dir='ltr'><strong>lucis</strong></span> <span class='ocrx_word' id='word_1_432' title='bbox 983 3213 1151 3273; x_wconf 84' lang='lat' dir='ltr'><strong>tLuc.,</strong></span> <span class='ocrx_word' id='word_1_433' title='bbox 1180 3226 1290 3277; x_wconf 77' lang='lat' dir='ltr'><strong>xvr,</strong></span> <span class='ocrx_word' id='word_1_434' title='bbox 1320 3211 1395 3279; x_wconf 90' lang='lat'><strong>8).</strong></span> <span class='ocrx_word' id='word_1_435' title='bbox 1425 3230 1451 3261; x_wconf 88' lang='lat'><strong>»</strong></span> <span class='ocrx_word' id='word_1_436' title='bbox 1482 3211 1631 3281; x_wconf 87' lang='lat' dir='ltr'><strong>Erga</strong></span> <span class='ocrx_word' id='word_1_437' title='bbox 1672 3211 1880 3266; x_wconf 89' lang='lat' dir='ltr'><strong>nostris</strong></span> <span class='ocrx_word' id='word_1_438' title='bbox 1916 3212 2074 3266; x_wconf 85' lang='lat' dir='ltr'><strong>cleri-</strong></span> <span class='ocrx_word' id='word_1_439' title='bbox 2106 3190 2155 3205; x_wconf 55' lang='grc' dir='ltr'>ν</span> <span class='ocrx_word' id='word_1_440' title='bbox 2177 3211 2492 3276; x_wconf 88' lang='lat' dir='ltr'><strong>abstulerit,</strong></span> <span class='ocrx_word' id='word_1_441' title='bbox 2542 3211 2600 3261; x_wconf 91' lang='lat' dir='ltr'><strong>et</strong></span> <span class='ocrx_word' id='word_1_442' title='bbox 2646 3206 2977 3274; x_wconf 88' lang='lat' dir='ltr'><strong>ubicunque</strong></span> <span class='ocrx_word' id='word_1_443' title='bbox 3017 3216 3119 3255; x_wconf 88' lang='lat' dir='ltr'><strong>nos</strong></span> <span class='ocrx_word' id='word_1_444' title='bbox 3165 3196 3430 3253; x_wconf 90' lang='lat' dir='ltr'><strong>diabolus</strong></span> <span class='ocrx_word' id='word_1_445' title='bbox 3468 3190 3776 3253; x_wconf 84' lang='lat' dir='ltr'><strong>invitaverit,</strong></span> 
     </span>
    </p>
   </div>
   <div class='ocr_carea' id='block_1_61' title="bbox 447 3284 3775 3377">
    <p class='ocr_par' dir='ltr' id='par_1_61' title="bbox 447 3284 3775 3377">
     <span class='ocr_line' id='line_1_61' title="bbox 447 3284 3775 3377; baseline -0.007 -18"><span class='ocrx_word' id='word_1_446' title='bbox 447 3306 524 3359; x_wconf 89' lang='lat' dir='ltr'><strong>cis</strong></span> <span class='ocrx_word' id='word_1_447' title='bbox 555 3304 749 3358; x_wconf 88' lang='lat' dir='ltr'><strong>talium</strong></span> <span class='ocrx_word' id='word_1_448' title='bbox 782 3303 1015 3375; x_wconf 82' lang='lat' dir='ltr'><strong>profana</strong></span> <span class='ocrx_word' id='word_1_449' title='bbox 1041 3304 1267 3358; x_wconf 89' lang='lat' dir='ltr'><strong>devotio</strong></span> <span class='ocrx_word' id='word_1_450' title='bbox 1304 3310 1388 3357; x_wconf 92' lang='lat' dir='ltr'><strong>est</strong></span> <span class='ocrx_word' id='word_1_451' title='bbox 1430 3304 1835 3375; x_wconf 66' lang='lat' dir='ltr'><strong>praeponenda,</strong></span> <span class='ocrx_word' id='word_1_452' title='bbox 1869 3305 2073 3377; x_wconf 87' lang='lat' dir='ltr'><strong>quibus</strong></span> <span class='ocrx_word' id='word_1_453' title='bbox 2172 3307 2348 3363; x_wconf 88' lang='lat' dir='ltr'><strong>libere</strong></span> <span class='ocrx_word' id='word_1_454' title='bbox 2397 3302 2760 3366; x_wconf 80' lang='lat' dir='ltr'><strong>fornicamur,</strong></span> <span class='ocrx_word' id='word_1_455' title='bbox 2804 3296 3174 3359; x_wconf 85' lang='lat' dir='ltr'><strong>invideamus,</strong></span> <span class='ocrx_word' id='word_1_456' title='bbox 3219 3290 3533 3363; x_wconf 84' lang='lat' dir='ltr'><strong>rapiamus,</strong></span> <span class='ocrx_word' id='word_1_457' title='bbox 3575 3284 3775 3341; x_wconf 79' lang='lat' dir='ltr'><strong>frande-</strong></span> 
     </span>
    </p>
   </div>
   <div class='ocr_carea' id='block_1_62' title="bbox 445 3378 3776 3468">
    <p class='ocr_par' dir='ltr' id='par_1_62' title="bbox 445 3378 3776 3468">
     <span class='ocr_line' id='line_1_62' title="bbox 445 3378 3776 3468; baseline -0.005 -17"><span class='ocrx_word' id='word_1_458' title='bbox 445 3413 576 3451; x_wconf 88' lang='lat' dir='ltr'><strong>cum</strong></span> <span class='ocrx_word' id='word_1_459' title='bbox 607 3396 780 3450; x_wconf 88' lang='lat' dir='ltr'><strong>tantis</strong></span> <span class='ocrx_word' id='word_1_460' title='bbox 815 3395 995 3451; x_wconf 82' lang='lat' dir='ltr'><strong>exitiis</strong></span> <span class='ocrx_word' id='word_1_461' title='bbox 1036 3396 1303 3451; x_wconf 87' lang='lat' dir='ltr'><strong>amabilia</strong></span> <span class='ocrx_word' id='word_1_462' title='bbox 1340 3402 1473 3451; x_wconf 89' lang='lat' dir='ltr'><strong>sunt</strong></span> <span class='ocrx_word' id='word_1_463' title='bbox 1507 3397 1696 3468; x_wconf 87' lang='lat' dir='ltr'><strong>turpia</strong></span> <span class='ocrx_word' id='word_1_464' title='bbox 1733 3399 2069 3453; x_wconf 86' lang='lat' dir='ltr'><strong>sacerdotia.</strong></span> <span class='ocrx_word' id='word_1_465' title='bbox 2173 3416 2321 3466; x_wconf 89' lang='lat' dir='ltr'><strong>mus,</strong></span> <span class='ocrx_word' id='word_1_466' title='bbox 2344 3397 2537 3452; x_wconf 89' lang='lat' dir='ltr'><strong>omnia</strong></span> <span class='ocrx_word' id='word_1_467' title='bbox 2570 3394 2722 3448; x_wconf 89' lang='lat' dir='ltr'><strong>mala</strong></span> <span class='ocrx_word' id='word_1_468' title='bbox 2748 3389 2937 3445; x_wconf 91' lang='lat' dir='ltr'><strong>securi</strong></span> <span class='ocrx_word' id='word_1_469' title='bbox 2963 3388 3433 3448; x_wconf 88' lang='lat' dir='ltr'><strong>committamus;</strong></span> <span class='ocrx_word' id='word_1_470' title='bbox 3468 3378 3776 3450; x_wconf 87' lang='lat' dir='ltr'><strong>martyrium</strong></span> 
     </span>
    </p>
   </div>
   <div class='ocr_carea' id='block_1_63' title="bbox 447 3470 3780 3562">
    <p class='ocr_par' dir='ltr' id='par_1_63' title="bbox 447 3470 3780 3562">
     <span class='ocr_line' id='line_1_63' title="bbox 447 3470 3780 3562; baseline -0.008 -15"><span class='ocrx_word' id='word_1_471' title='bbox 447 3490 651 3548; x_wconf 85' lang='lat' dir='ltr'><strong>Clerici</strong></span> <span class='ocrx_word' id='word_1_472' title='bbox 682 3506 816 3544; x_wconf 90' lang='lat' dir='ltr'><strong>vero</strong></span> <span class='ocrx_word' id='word_1_473' title='bbox 857 3507 959 3561; x_wconf 89' lang='lat' dir='ltr'><strong>pro</strong></span> <span class='ocrx_word' id='word_1_474' title='bbox 999 3490 1282 3562; x_wconf 87' lang='lat' dir='ltr'><strong>dignitate</strong></span> <span class='ocrx_word' id='word_1_475' title='bbox 1328 3490 1635 3546; x_wconf 88' lang='lat' dir='ltr'><strong>sacerdotii</strong></span> <span class='ocrx_word' id='word_1_476' title='bbox 1681 3492 1919 3547; x_wconf 70' lang='lat' dir='ltr'><strong>caelestis</strong></span> <span class='ocrx_word' id='word_1_477' title='bbox 1961 3510 2071 3548; x_wconf 92' lang='lat' dir='ltr'><strong>non</strong></span> <span class='ocrx_word' id='word_1_478' title='bbox 2174 3492 2488 3558; x_wconf 89' lang='lat' dir='ltr'><strong>subveniet,</strong></span> <span class='ocrx_word' id='word_1_479' title='bbox 2522 3494 2579 3544; x_wconf 90' lang='lat' dir='ltr'><strong>et</strong></span> <span class='ocrx_word' id='word_1_480' title='bbox 2601 3487 2930 3543; x_wconf 86' lang='lat' dir='ltr'><strong>evademus.</strong></span> <span class='ocrx_word' id='word_1_481' title='bbox 2960 3482 3046 3538; x_wconf 91' lang='lat' dir='ltr'><strong>Sic</strong></span> <span class='ocrx_word' id='word_1_482' title='bbox 3082 3480 3238 3536; x_wconf 89' lang='lat' dir='ltr'><strong>enim</strong></span> <span class='ocrx_word' id='word_1_483' title='bbox 3277 3478 3489 3533; x_wconf 88' lang='lat' dir='ltr'><strong>Paulus</strong></span> <span class='ocrx_word' id='word_1_484' title='bbox 3526 3470 3780 3546; x_wconf 84' lang='lat' dir='ltr'><strong>apostolus</strong></span> 
     </span>
    </p>
   </div>
   <div class='ocr_carea' id='block_1_64' title="bbox 446 3567 3776 3662">
    <p class='ocr_par' dir='ltr' id='par_1_64' title="bbox 446 3567 3776 3662">
     <span class='ocr_line' id='line_1_64' title="bbox 446 3567 3776 3662; baseline -0.008 -23"><span class='ocrx_word' id='word_1_485' title='bbox 446 3584 789 3657; x_wconf 88' lang='lat' dir='ltr'><strong>sanguinem</strong></span> <span class='ocrx_word' id='word_1_486' title='bbox 827 3584 1097 3652; x_wconf 89' lang='lat' dir='ltr'><strong>fundunt,</strong></span> <span class='ocrx_word' id='word_1_487' title='bbox 1126 3601 1239 3639; x_wconf 91' lang='lat' dir='ltr'><strong>non</strong></span> <span class='ocrx_word' id='word_1_488' title='bbox 1286 3585 1528 3639; x_wconf 89' lang='lat' dir='ltr'><strong>tolerant</strong></span> <span class='ocrx_word' id='word_1_489' title='bbox 1569 3585 1804 3651; x_wconf 81' lang='lat' dir='ltr'><strong>ferrum,</strong></span> <span class='ocrx_word' id='word_1_490' title='bbox 1837 3603 1950 3641; x_wconf 93' lang='lat' dir='ltr'><strong>nou</strong></span> <span class='ocrx_word' id='word_1_491' title='bbox 1988 3595 2075 3643; x_wconf 88' lang='lat' dir='ltr'><strong>est</strong></span> <span class='ocrx_word' id='word_1_492' title='bbox 2174 3587 2482 3662; x_wconf 84' lang='lat' dir='ltr'><strong>pollicetur</strong></span> <span class='ocrx_word' id='word_1_493' title='bbox 2527 3600 2540 3638; x_wconf 88' lang='lat'><strong>:</strong></span> <span class='ocrx_word' id='word_1_494' title='bbox 2585 3604 2612 3632; x_wconf 86' lang='lat'><strong>«</strong></span> <span class='ocrx_word' id='word_1_495' title='bbox 2660 3580 2949 3635; x_wconf 78' lang='lat' dir='ltr'><strong>Faciamus</strong></span> <span class='ocrx_word' id='word_1_496' title='bbox 2998 3576 3149 3630; x_wconf 91' lang='lat' dir='ltr'><strong>mala</strong></span> <span class='ocrx_word' id='word_1_497' title='bbox 3200 3579 3261 3627; x_wconf 93' lang='lat' dir='ltr'><strong>ut</strong></span> <span class='ocrx_word' id='word_1_498' title='bbox 3314 3571 3553 3626; x_wconf 76' lang='lat' dir='ltr'><strong>veniant</strong></span> <span class='ocrx_word' id='word_1_499' title='bbox 3601 3567 3776 3621; x_wconf 88' lang='lat' dir='ltr'><strong>bona:</strong></span> 
     </span>
    </p>
   </div>
   <div class='ocr_carea' id='block_1_65' title="bbox 446 3658 3779 3755">
    <p class='ocr_par' dir='ltr' id='par_1_65' title="bbox 446 3658 3779 3755">
     <span class='ocr_line' id='line_1_65' title="bbox 446 3658 3779 3755; baseline -0.007 -19"><span class='ocrx_word' id='word_1_500' title='bbox 446 3680 673 3752; x_wconf 75' lang='lat' dir='ltr'><strong>aliquod</strong></span> <span class='ocrx_word' id='word_1_501' title='bbox 738 3680 974 3747; x_wconf 82' lang='lat' dir='ltr'><strong>vulnus,</strong></span> <span class='ocrx_word' id='word_1_502' title='bbox 1038 3696 1151 3732; x_wconf 89' lang='lat' dir='ltr'><strong>non</strong></span> <span class='ocrx_word' id='word_1_503' title='bbox 1214 3682 1301 3733; x_wconf 89' lang='lat' dir='ltr'><strong>est</strong></span> <span class='ocrx_word' id='word_1_504' title='bbox 1353 3678 1554 3749; x_wconf 85' lang='lat' dir='ltr'><strong>aliquis</strong></span> <span class='ocrx_word' id='word_1_505' title='bbox 1609 3679 1919 3750; x_wconf 88' lang='lat' dir='ltr'><strong>cruciatus;</strong></span> <span class='ocrx_word' id='word_1_506' title='bbox 1978 3682 2072 3737; x_wconf 90' lang='lat' dir='ltr'><strong>sed</strong></span> <span class='ocrx_word' id='word_1_507' title='bbox 2174 3658 2415 3755; x_wconf 72' lang='lat' dir='ltr'><strong>quorum</strong></span> <span class='ocrx_word' id='word_1_508' title='bbox 2466 3675 2759 3732; x_wconf 76' lang='lat' dir='ltr'><strong>damnatio</strong></span> <span class='ocrx_word' id='word_1_509' title='bbox 2792 3674 2949 3744; x_wconf 87' lang='lat' dir='ltr'><strong>justa</strong></span> <span class='ocrx_word' id='word_1_510' title='bbox 2990 3673 3076 3726; x_wconf 85' lang='lat' dir='ltr'><strong>est</strong></span> <span class='ocrx_word' id='word_1_511' title='bbox 3114 3671 3263 3739; x_wconf 82' lang='lat' dir='ltr'><strong>(Rom</strong></span> <span class='ocrx_word' id='word_1_512' title='bbox 3294 3708 3307 3727; x_wconf 89' lang='lat'><strong>.</strong></span> <span class='ocrx_word' id='word_1_513' title='bbox 3361 3682 3445 3730; x_wconf 83' lang='grc' dir='ltr'>ιιι,</span> <span class='ocrx_word' id='word_1_514' title='bbox 3485 3664 3559 3733; x_wconf 91' lang='grc'><strong>8).</strong></span> <span class='ocrx_word' id='word_1_515' title='bbox 3600 3684 3626 3712; x_wconf 84' lang='grc'><strong>››</strong></span> <span class='ocrx_word' id='word_1_516' title='bbox 3667 3658 3779 3714; x_wconf 84' lang='lat' dir='ltr'><strong>Huic</strong></span> 
     </span>
    </p>
   </div>
   <div class='ocr_carea' id='block_1_66' title="bbox 447 3755 3779 3846">
    <p class='ocr_par' dir='ltr' id='par_1_66' title="bbox 447 3755 3779 3846">
     <span class='ocr_line' id='line_1_66' title="bbox 447 3755 3779 3846; baseline -0.007 -16"><span class='ocrx_word' id='word_1_517' title='bbox 447 3776 595 3830; x_wconf 87' lang='lat' dir='ltr'><strong>solus</strong></span> <span class='ocrx_word' id='word_1_518' title='bbox 659 3780 859 3829; x_wconf 90' lang='lat' dir='ltr'><strong>contra</strong></span> <span class='ocrx_word' id='word_1_519' title='bbox 910 3773 1214 3827; x_wconf 89' lang='lat' dir='ltr'><strong>Dominum</strong></span> <span class='ocrx_word' id='word_1_520' title='bbox 1280 3772 1509 3827; x_wconf 64' lang='lat' dir='ltr'><strong>feminae</strong></span> <span class='ocrx_word' id='word_1_521' title='bbox 1573 3777 1724 3828; x_wconf 90' lang='lat' dir='ltr'><strong>tenet</strong></span> <span class='ocrx_word' id='word_1_522' title='bbox 1789 3780 2070 3845; x_wconf 89' lang='lat' dir='ltr'><strong>aspectus.</strong></span> <span class='ocrx_word' id='word_1_523' title='bbox 2175 3773 2449 3846; x_wconf 82' lang='lat' dir='ltr'><strong>mariyrio</strong></span> <span class='ocrx_word' id='word_1_524' title='bbox 2496 3787 2653 3843; x_wconf 89' lang='lat' dir='ltr'><strong>spem</strong></span> <span class='ocrx_word' id='word_1_525' title='bbox 2695 3767 2946 3831; x_wconf 88' lang='lat' dir='ltr'><strong>tradant,</strong></span> <span class='ocrx_word' id='word_1_526' title='bbox 2986 3779 3129 3835; x_wconf 90' lang='lat' dir='ltr'><strong>quos</strong></span> <span class='ocrx_word' id='word_1_527' title='bbox 3175 3758 3572 3816; x_wconf 87' lang='lat' dir='ltr'><strong>mathematici</strong></span> <span class='ocrx_word' id='word_1_528' title='bbox 3610 3755 3779 3809; x_wconf 85' lang='lat' dir='ltr'><strong>docue-</strong></span> 
     </span>
    </p>
   </div>
   <div class='ocr_carea' id='block_1_67' title="bbox 447 3853 3779 3937">
    <p class='ocr_par' dir='ltr' id='par_1_67' title="bbox 447 3853 3779 3937">
     <span class='ocr_line' id='line_1_67' title="bbox 447 3853 3779 3937; baseline -0.008 -12"><span class='ocrx_word' id='word_1_529' title='bbox 447 3871 535 3925; x_wconf 88' lang='lat' dir='ltr'><strong>Sic</strong></span> <span class='ocrx_word' id='word_1_530' title='bbox 576 3869 632 3923; x_wconf 92' lang='lat' dir='ltr'><strong>in</strong></span> <span class='ocrx_word' id='word_1_531' title='bbox 683 3867 922 3923; x_wconf 83' lang='lat' dir='ltr'><strong>feminas</strong></span> <span class='ocrx_word' id='word_1_532' title='bbox 972 3870 1169 3935; x_wconf 91' lang='lat' dir='ltr'><strong>ruunt,</strong></span> <span class='ocrx_word' id='word_1_533' title='bbox 1209 3866 1285 3921; x_wconf 91' lang='lat' dir='ltr'><strong>sic</strong></span> <span class='ocrx_word' id='word_1_534' title='bbox 1326 3866 1568 3921; x_wconf 84' lang='lat' dir='ltr'><strong>feminas</strong></span> <span class='ocrx_word' id='word_1_535' title='bbox 1606 3873 1821 3937; x_wconf 89' lang='lat' dir='ltr'><strong>amant,</strong></span> <span class='ocrx_word' id='word_1_536' title='bbox 1850 3872 1914 3923; x_wconf 92' lang='lat' dir='ltr'><strong>ut</strong></span> <span class='ocrx_word' id='word_1_537' title='bbox 1960 3886 2073 3923; x_wconf 89' lang='lat' dir='ltr'><strong>non</strong></span> <span class='ocrx_word' id='word_1_538' title='bbox 2175 3876 2307 3925; x_wconf 86' lang='lat' dir='ltr'><strong>runt</strong></span> <span class='ocrx_word' id='word_1_539' title='bbox 2341 3868 2546 3922; x_wconf 85' lang='lat' dir='ltr'><strong>habere</strong></span> <span class='ocrx_word' id='word_1_540' title='bbox 2577 3865 2644 3919; x_wconf 93' lang='lat' dir='ltr'><strong>de</strong></span> <span class='ocrx_word' id='word_1_541' title='bbox 2674 3860 2922 3917; x_wconf 87' lang='lat' dir='ltr'><strong>crastino</strong></span> <span class='ocrx_word' id='word_1_542' title='bbox 2946 3854 3369 3930; x_wconf 77' lang='lat' dir='ltr'><strong>przescientiam</strong></span> <span class='ocrx_word' id='word_1_543' title='bbox 3398 3870 3413 3921; x_wconf 88' lang='lat'><strong>;</strong></span> <span class='ocrx_word' id='word_1_544' title='bbox 3447 3853 3551 3907; x_wconf 90' lang='lat' dir='ltr'><strong>has</strong></span> <span class='ocrx_word' id='word_1_545' title='bbox 3571 3860 3779 3905; x_wconf 79' lang='lat' dir='ltr'><strong>coronas</strong></span> 
     </span>
    </p>
   </div>
   <div class='ocr_carea' id='block_1_68' title="bbox 447 3946 3777 4035">
    <p class='ocr_par' dir='ltr' id='par_1_68' title="bbox 447 3946 3777 4035">
     <span class='ocr_line' id='line_1_68' title="bbox 447 3946 3777 4035; baseline -0.007 -16"><span class='ocrx_word' id='word_1_546' title='bbox 447 3968 677 4035; x_wconf 87' lang='lat' dir='ltr'><strong>sperent</strong></span> <span class='ocrx_word' id='word_1_547' title='bbox 739 3961 1089 4017; x_wconf 76' lang='lat' dir='ltr'><strong>manifestari</strong></span> <span class='ocrx_word' id='word_1_548' title='bbox 1169 3961 1487 4016; x_wconf 88' lang='lat' dir='ltr'><strong>dilectionis</strong></span> <span class='ocrx_word' id='word_1_549' title='bbox 1553 3978 1669 4016; x_wconf 69' lang='lat' dir='ltr'><strong>sua:</strong></span> <span class='ocrx_word' id='word_1_550' title='bbox 1730 3963 2073 4035; x_wconf 88' lang='lat' dir='ltr'><strong>quandoque</strong></span> <span class='ocrx_word' id='word_1_551' title='bbox 2175 3963 2531 4033; x_wconf 81' lang='lat' dir='ltr'><strong>exspectent,</strong></span> <span class='ocrx_word' id='word_1_552' title='bbox 2576 3956 2669 4028; x_wconf 89' lang='lat' dir='ltr'><strong>qui</strong></span> <span class='ocrx_word' id='word_1_553' title='bbox 2728 3970 2899 4026; x_wconf 89' lang='lat' dir='ltr'><strong>super</strong></span> <span class='ocrx_word' id='word_1_554' title='bbox 2952 3950 3188 4021; x_wconf 81' lang='lat' dir='ltr'><strong>angelos</strong></span> <span class='ocrx_word' id='word_1_555' title='bbox 3235 3953 3293 4003; x_wconf 92' lang='lat' dir='ltr'><strong>et</strong></span> <span class='ocrx_word' id='word_1_556' title='bbox 3355 3946 3641 4001; x_wconf 89' lang='lat' dir='ltr'><strong>Christum</strong></span> <span class='ocrx_word' id='word_1_557' title='bbox 3692 3954 3777 4035; x_wconf 56' lang='lat' dir='ltr'><strong>per</strong></span> 
     </span>
    </p>
   </div>
   <div class='ocr_carea' id='block_1_69' title="bbox 452 4031 3777 4130">
    <p class='ocr_par' dir='ltr' id='par_1_69' title="bbox 452 4031 3777 4130">
     <span class='ocr_line' id='line_1_69' title="bbox 452 4031 3777 4130; baseline -0.008 -19"><span class='ocrx_word' id='word_1_558' title='bbox 452 4074 609 4130; x_wconf 84' lang='lat' dir='ltr'><strong>posse</strong></span> <span class='ocrx_word' id='word_1_559' title='bbox 639 4057 865 4128; x_wconf 89' lang='lat' dir='ltr'><strong>impura</strong></span> <span class='ocrx_word' id='word_1_560' title='bbox 892 4056 1183 4127; x_wconf 86' lang='lat' dir='ltr'><strong>mysteria,</strong></span> <span class='ocrx_word' id='word_1_561' title='bbox 1218 4056 1364 4111; x_wconf 89' lang='lat' dir='ltr'><strong>sicut</strong></span> <span class='ocrx_word' id='word_1_562' title='bbox 1390 4073 1492 4127; x_wconf 91' lang='lat' dir='ltr'><strong>per</strong></span> <span class='ocrx_word' id='word_1_563' title='bbox 1515 4056 1839 4111; x_wconf 87' lang='lat' dir='ltr'><strong>consimiles</strong></span> <span class='ocrx_word' id='word_1_564' title='bbox 1871 4072 2072 4111; x_wconf 91' lang='lat' dir='ltr'><strong>eorum</strong></span> <span class='ocrx_word' id='word_1_565' title='bbox 2173 4058 2495 4125; x_wconf 83' lang='lat' dir='ltr'><strong>assrologos</strong></span> <span class='ocrx_word' id='word_1_566' title='bbox 2535 4051 2856 4106; x_wconf 90' lang='lat' dir='ltr'><strong>didicerunt</strong></span> <span class='ocrx_word' id='word_1_567' title='bbox 2879 4046 3022 4100; x_wconf 88' lang='lat' dir='ltr'><strong>scire</strong></span> <span class='ocrx_word' id='word_1_568' title='bbox 3056 4050 3339 4114; x_wconf 88' lang='lat' dir='ltr'><strong>tempora,</strong></span> <span class='ocrx_word' id='word_1_569' title='bbox 3372 4056 3505 4112; x_wconf 67' lang='lat' dir='ltr'><strong>quae</strong></span> <span class='ocrx_word' id='word_1_570' title='bbox 3548 4039 3700 4092; x_wconf 87' lang='lat' dir='ltr'><strong>Pater</strong></span> <span class='ocrx_word' id='word_1_571' title='bbox 3732 4031 3777 4084; x_wconf 90' lang='lat' dir='ltr'><strong>in</strong></span> 
     </span>
    </p>
   </div>
   <div class='ocr_carea' id='block_1_70' title="bbox 450 4131 3776 4223">
    <p class='ocr_par' dir='ltr' id='par_1_70' title="bbox 450 4131 3776 4223">
     <span class='ocr_line' id='line_1_70' title="bbox 450 4131 3776 4223; baseline -0.008 -16"><span class='ocrx_word' id='word_1_572' title='bbox 450 4152 696 4223; x_wconf 85' lang='lat' dir='ltr'><strong>turpiter</strong></span> <span class='ocrx_word' id='word_1_573' title='bbox 739 4150 1019 4220; x_wconf 86' lang='lat' dir='ltr'><strong>publicata</strong></span> <span class='ocrx_word' id='word_1_574' title='bbox 1064 4155 1197 4203; x_wconf 90' lang='lat' dir='ltr'><strong>sunt</strong></span> <span class='ocrx_word' id='word_1_575' title='bbox 1249 4152 1307 4203; x_wconf 90' lang='lat' dir='ltr'><strong>et</strong></span> <span class='ocrx_word' id='word_1_576' title='bbox 1355 4149 1617 4216; x_wconf 84' lang='lat' dir='ltr'><strong>detecta;</strong></span> <span class='ocrx_word' id='word_1_577' title='bbox 1672 4166 1814 4220; x_wconf 91' lang='lat' dir='ltr'><strong>quos</strong></span> <span class='ocrx_word' id='word_1_578' title='bbox 1870 4150 2073 4205; x_wconf 87' lang='lat' dir='ltr'><strong>Paulus</strong></span> <span class='ocrx_word' id='word_1_579' title='bbox 2174 4169 2275 4207; x_wconf 87' lang='lat' dir='ltr'><strong>sua</strong></span> <span class='ocrx_word' id='word_1_580' title='bbox 2309 4148 2497 4223; x_wconf 89' lang='lat' dir='ltr'><strong>posuit</strong></span> <span class='ocrx_word' id='word_1_581' title='bbox 2526 4148 2820 4217; x_wconf 88' lang='lat' dir='ltr'><strong>potestate,</strong></span> <span class='ocrx_word' id='word_1_582' title='bbox 2856 4145 2917 4195; x_wconf 93' lang='lat' dir='ltr'><strong>ut</strong></span> <span class='ocrx_word' id='word_1_583' title='bbox 2953 4140 3039 4193; x_wconf 91' lang='lat' dir='ltr'><strong>vel</strong></span> <span class='ocrx_word' id='word_1_584' title='bbox 3072 4142 3207 4192; x_wconf 88' lang='lat' dir='ltr'><strong>tunc</strong></span> <span class='ocrx_word' id='word_1_585' title='bbox 3249 4134 3641 4198; x_wconf 89' lang='lat' dir='ltr'><strong>recordentur,</strong></span> <span class='ocrx_word' id='word_1_586' title='bbox 3665 4131 3776 4223; x_wconf 82' lang='lat' dir='ltr'><strong>ante</strong></span> 
     </span>
    </p>
   </div>
   <div class='ocr_carea' id='block_1_71' title="bbox 449 4221 2065 4317">
    <p class='ocr_par' dir='ltr' id='par_1_71' title="bbox 449 4243 2065 4317">
     <span class='ocr_line' id='line_1_71' title="bbox 449 4243 2065 4317; baseline -0.001 -17"><span class='ocrx_word' id='word_1_587' title='bbox 449 4245 736 4317; x_wconf 84' lang='lat' dir='ltr'><strong>apostolus</strong></span> <span class='ocrx_word' id='word_1_588' title='bbox 781 4244 1148 4314; x_wconf 76' lang='lat' dir='ltr'><strong>prmviderat,</strong></span> <span class='ocrx_word' id='word_1_589' title='bbox 1192 4244 1309 4312; x_wconf 91' lang='lat' dir='ltr'><strong>jam</strong></span> <span class='ocrx_word' id='word_1_590' title='bbox 1362 4248 1518 4311; x_wconf 90' lang='lat' dir='ltr'><strong>tunc,</strong></span> <span class='ocrx_word' id='word_1_591' title='bbox 1563 4243 1757 4297; x_wconf 86' lang='lat' dir='ltr'><strong>dicens</strong></span> <span class='ocrx_word' id='word_1_592' title='bbox 1793 4261 1805 4298; x_wconf 89' lang='lat'><strong>:</strong></span> <span class='ocrx_word' id='word_1_593' title='bbox 1850 4266 1877 4294; x_wconf 85' lang='grc'>‹‹</span> <span class='ocrx_word' id='word_1_594' title='bbox 1918 4244 2065 4308; x_wconf 86' lang='lat' dir='ltr'><strong>Quo-</strong></span> 
     </span>
    </p>
   </div>
   <div class='ocr_carea' id='block_1_72' title="bbox 2170 4221 3777 4317">
    <p class='ocr_par' dir='ltr' id='par_1_72' title="bbox 2173 4221 3777 4316">
     <span class='ocr_line' id='line_1_72' title="bbox 2173 4221 3777 4316; baseline -0.017 -14"><span class='ocrx_word' id='word_1_595' title='bbox 2173 4221 2428 4316; x_wconf 78' lang='lat' dir='ltr'><strong>martyrii</strong></span> <span class='ocrx_word' id='word_1_596' title='bbox 2478 4247 2697 4310; x_wconf 88' lang='lat' dir='ltr'><strong>tempus</strong></span> <span class='ocrx_word' id='word_1_597' title='bbox 2742 4238 2884 4291; x_wconf 87' lang='lat' dir='ltr'><strong>bene</strong></span> <span class='ocrx_word' id='word_1_598' title='bbox 2933 4250 3103 4305; x_wconf 85' lang='lat' dir='ltr'><strong>agere</strong></span> <span class='ocrx_word' id='word_1_599' title='bbox 3146 4230 3433 4293; x_wconf 85' lang='lat' dir='ltr'><strong>debuisse,</strong></span> <span class='ocrx_word' id='word_1_600' title='bbox 3481 4242 3605 4280; x_wconf 91' lang='lat' dir='ltr'><strong>cum</strong></span> <span class='ocrx_word' id='word_1_601' title='bbox 3648 4221 3777 4276; x_wconf 88' lang='lat' dir='ltr'><strong>diem</strong></span> 
     </span>
    </p>
   </div>
   <div class='ocr_carea' id='block_1_73' title="bbox 448 4322 3780 4409">
    <p class='ocr_par' dir='ltr' id='par_1_73' title="bbox 448 4322 3780 4409">
     <span class='ocr_line' id='line_1_73' title="bbox 448 4322 3780 4409; baseline -0.008 -15"><span class='ocrx_word' id='word_1_602' title='bbox 448 4339 712 4394; x_wconf 88' lang='lat' dir='ltr'><strong>rumdam</strong></span> <span class='ocrx_word' id='word_1_603' title='bbox 750 4335 1043 4390; x_wconf 90' lang='lat' dir='ltr'><strong>hominum</strong></span> <span class='ocrx_word' id='word_1_604' title='bbox 1084 4339 1317 4407; x_wconf 88' lang='lat' dir='ltr'><strong>peccata</strong></span> <span class='ocrx_word' id='word_1_605' title='bbox 1356 4336 1661 4391; x_wconf 86' lang='lat' dir='ltr'><strong>manifesta</strong></span> <span class='ocrx_word' id='word_1_606' title='bbox 1702 4342 1832 4392; x_wconf 90' lang='lat' dir='ltr'><strong>sunt</strong></span> <span class='ocrx_word' id='word_1_607' title='bbox 1867 4354 2074 4409; x_wconf 53' lang='lat' dir='ltr'><strong>prisce.</strong></span> <span class='ocrx_word' id='word_1_608' title='bbox 2177 4338 2395 4394; x_wconf 81' lang='lat' dir='ltr'><strong>Domini</strong></span> <span class='ocrx_word' id='word_1_609' title='bbox 2429 4334 2709 4389; x_wconf 87' lang='lat' dir='ltr'><strong>senserint</strong></span> <span class='ocrx_word' id='word_1_610' title='bbox 2740 4332 2885 4385; x_wconf 91' lang='lat' dir='ltr'><strong>sicut</strong></span> <span class='ocrx_word' id='word_1_611' title='bbox 2912 4329 3125 4382; x_wconf 89' lang='lat' dir='ltr'><strong>furem.</strong></span> <span class='ocrx_word' id='word_1_612' title='bbox 3156 4323 3266 4380; x_wconf 91' lang='lat' dir='ltr'><strong>Sed</strong></span> <span class='ocrx_word' id='word_1_613' title='bbox 3297 4322 3602 4377; x_wconf 87' lang='lat' dir='ltr'><strong>credamus</strong></span> <span class='ocrx_word' id='word_1_614' title='bbox 3633 4327 3780 4385; x_wconf 83' lang='lat' dir='ltr'><strong>super</strong></span> 
     </span>
    </p>
   </div>
   <div class='ocr_carea' id='block_1_74' title="bbox 450 4407 3777 4501">
    <p class='ocr_par' dir='ltr' id='par_1_74' title="bbox 450 4407 3777 4501">
     <span class='ocr_line' id='line_1_74' title="bbox 450 4407 3777 4501; baseline -0.008 -11"><span class='ocrx_word' id='word_1_615' title='bbox 450 4433 636 4489; x_wconf 86' lang='lat' dir='ltr'><strong>dentia</strong></span> <span class='ocrx_word' id='word_1_616' title='bbox 676 4430 747 4485; x_wconf 87' lang='lat' dir='ltr'><strong>nd</strong></span> <span class='ocrx_word' id='word_1_617' title='bbox 782 4428 1086 4500; x_wconf 84' lang='lat' dir='ltr'><strong>judicium,</strong></span> <span class='ocrx_word' id='word_1_618' title='bbox 1113 4429 1385 4501; x_wconf 89' lang='lat' dir='ltr'><strong>quosdam</strong></span> <span class='ocrx_word' id='word_1_619' title='bbox 1414 4435 1601 4485; x_wconf 90' lang='lat' dir='ltr'><strong>autem</strong></span> <span class='ocrx_word' id='word_1_620' title='bbox 1650 4436 1705 4485; x_wconf 90' lang='lat' dir='ltr'><strong>et</strong></span> <span class='ocrx_word' id='word_1_621' title='bbox 1745 4447 1846 4485; x_wconf 89' lang='lat' dir='ltr'><strong>sua</strong></span> <span class='ocrx_word' id='word_1_622' title='bbox 1875 4407 2141 4501; x_wconf 21' lang='lat' dir='ltr'><strong>Vsuhse-_</strong></span> <span class='ocrx_word' id='word_1_623' title='bbox 2176 4434 2303 4488; x_wconf 86' lang='lat' dir='ltr'><strong>illos</strong></span> <span class='ocrx_word' id='word_1_624' title='bbox 2361 4428 2695 4501; x_wconf 86' lang='lat' dir='ltr'><strong>martyrium</strong></span> <span class='ocrx_word' id='word_1_625' title='bbox 2746 4426 2869 4496; x_wconf 89' lang='lat' dir='ltr'><strong>jam</strong></span> <span class='ocrx_word' id='word_1_626' title='bbox 2932 4424 3171 4493; x_wconf 84' lang='lat' dir='ltr'><strong>jamque</strong></span> <span class='ocrx_word' id='word_1_627' title='bbox 3241 4416 3522 4489; x_wconf 87' lang='lat' dir='ltr'><strong>pendere.</strong></span> <span class='ocrx_word' id='word_1_628' title='bbox 3578 4407 3777 4468; x_wconf 87' lang='lat' dir='ltr'><strong>Interim</strong></span> 
     </span>
    </p>
   </div>
   <div class='ocr_carea' id='block_1_75' title="bbox 451 4492 3777 4601">
    <p class='ocr_par' dir='ltr' id='par_1_75' title="bbox 451 4492 3777 4601">
     <span class='ocr_line' id='line_1_75' title="bbox 451 4492 3777 4601; baseline -0.007 -18"><span class='ocrx_word' id='word_1_629' title='bbox 451 4532 726 4601; x_wconf 84' lang='lat' dir='ltr'><strong>quuntur.</strong></span> <span class='ocrx_word' id='word_1_630' title='bbox 753 4492 1025 4580; x_wconf 68' lang='lat' dir='ltr'><strong>Similiter</strong></span> <span class='ocrx_word' id='word_1_631' title='bbox 1064 4492 1252 4578; x_wconf 70' lang='lat' dir='ltr'><strong>autem</strong></span> <span class='ocrx_word' id='word_1_632' title='bbox 1299 4532 1356 4578; x_wconf 93' lang='lat' dir='ltr'><strong>et</strong></span> <span class='ocrx_word' id='word_1_633' title='bbox 1398 4524 1543 4578; x_wconf 86' lang='lat' dir='ltr'><strong>facta</strong></span> <span class='ocrx_word' id='word_1_634' title='bbox 1584 4523 1729 4578; x_wconf 86' lang='lat' dir='ltr'><strong>bona</strong></span> <span class='ocrx_word' id='word_1_635' title='bbox 1772 4492 2153 4580; x_wconf 81' lang='lat' dir='ltr'><strong>manifestaD</strong></span> <span class='ocrx_word' id='word_1_636' title='bbox 2180 4492 2526 4601; x_wconf 39' lang='lat' dir='ltr'><strong>priusquam.</strong></span> <span class='ocrx_word' id='word_1_637' title='bbox 2569 4492 2844 4591; x_wconf 69' lang='lat' dir='ltr'><strong>martyres</strong></span> <span class='ocrx_word' id='word_1_638' title='bbox 2896 4492 3052 4583; x_wconf 73' lang='lat' dir='ltr'><strong>fiant,</strong></span> <span class='ocrx_word' id='word_1_639' title='bbox 3100 4513 3315 4584; x_wconf 81' lang='lat' dir='ltr'><strong>legibus</strong></span> <span class='ocrx_word' id='word_1_640' title='bbox 3366 4504 3777 4601; x_wconf 56' lang='lat' dir='ltr'><strong>subjacent;_ltl</strong></span> 
     </span>
    </p>
   </div>
   <div class='ocr_carea' id='block_1_76' title="bbox 449 4595 3773 4695">
    <p class='ocr_par' dir='ltr' id='par_1_76' title="bbox 449 4595 3773 4695">
     <span class='ocr_line' id='line_1_76' title="bbox 449 4595 3773 4695; baseline -0.008 -17"><span class='ocrx_word' id='word_1_641' title='bbox 449 4630 602 4689; x_wconf 82' lang='lat' dir='ltr'><strong>sunt,</strong></span> <span class='ocrx_word' id='word_1_642' title='bbox 636 4627 691 4677; x_wconf 90' lang='lat' dir='ltr'><strong>et</strong></span> <span class='ocrx_word' id='word_1_643' title='bbox 722 4635 1077 4691; x_wconf 66' lang='lat' dir='ltr'><strong>quaecunque</strong></span> <span class='ocrx_word' id='word_1_644' title='bbox 1106 4620 1274 4674; x_wconf 90' lang='lat' dir='ltr'><strong>aliter</strong></span> <span class='ocrx_word' id='word_1_645' title='bbox 1303 4635 1360 4672; x_wconf 91' lang='lat' dir='ltr'><strong>se</strong></span> <span class='ocrx_word' id='word_1_646' title='bbox 1389 4618 1621 4687; x_wconf 85' lang='lat' dir='ltr'><strong>habent,</strong></span> <span class='ocrx_word' id='word_1_647' title='bbox 1653 4619 1923 4673; x_wconf 87' lang='lat' dir='ltr'><strong>abscondi</strong></span> <span class='ocrx_word' id='word_1_648' title='bbox 1964 4635 2079 4674; x_wconf 92' lang='lat' dir='ltr'><strong>non</strong></span> <span class='ocrx_word' id='word_1_649' title='bbox 2169 4622 2384 4695; x_wconf 89' lang='lat' dir='ltr'><strong>judicio</strong></span> <span class='ocrx_word' id='word_1_650' title='bbox 2410 4616 2805 4688; x_wconf 87' lang='lat' dir='ltr'><strong>subjiciantur,</strong></span> <span class='ocrx_word' id='word_1_651' title='bbox 2838 4610 2947 4666; x_wconf 87' lang='lat' dir='ltr'><strong>nisi</strong></span> <span class='ocrx_word' id='word_1_652' title='bbox 2982 4609 3156 4664; x_wconf 89' lang='lat' dir='ltr'><strong>armis</strong></span> <span class='ocrx_word' id='word_1_653' title='bbox 3200 4609 3588 4661; x_wconf 79' lang='lat' dir='ltr'><strong>exarmentur.</strong></span> <span class='ocrx_word' id='word_1_654' title='bbox 3616 4595 3773 4695; x_wconf 42' lang='lat' dir='ltr'><strong>Antia-</strong></span> 
     </span>
    </p>
   </div>
   <div class='ocr_carea' id='block_1_77' title="bbox 451 4688 2065 4791">
    <p class='ocr_par' dir='ltr' id='par_1_77' title="bbox 451 4688 1328 4791">
     <span class='ocr_line' id='line_1_77' title="bbox 451 4688 1328 4791; baseline -0.01 -19"><span class='ocrx_word' id='word_1_655' title='bbox 451 4720 683 4791; x_wconf 87' lang='lat' dir='ltr'><strong>possunt</strong></span> <span class='ocrx_word' id='word_1_656' title='bbox 705 4688 930 4784; x_wconf 31' lang='lat' dir='ltr'><strong>tliTim”</strong></span> <span class='ocrx_word' id='word_1_657' title='bbox 963 4688 1013 4781; x_wconf 40' lang='grc' dir='ltr'><strong>νζ,</strong></span> <span class='ocrx_word' id='word_1_658' title='bbox 1041 4716 1126 4776; x_wconf 64' lang='lat'><strong>2’1,</strong></span> <span class='ocrx_word' id='word_1_659' title='bbox 1155 4712 1267 4782; x_wconf 76' lang='lat'><strong>25).</strong></span> <span class='ocrx_word' id='word_1_660' title='bbox 1302 4732 1328 4763; x_wconf 77' lang='grc' dir='ltr'><strong>ι)</strong></span> 
     </span>
    </p>
   </div>
   <div class='ocr_carea' id='block_1_78' title="bbox 2170 4688 3774 4791">
    <p class='ocr_par' dir='ltr' id='par_1_78' title="bbox 2177 4688 3774 4779">
     <span class='ocr_line' id='line_1_78' title="bbox 2177 4688 3774 4779; baseline -0.02 -7"><span class='ocrx_word' id='word_1_661' title='bbox 2177 4717 2277 4773; x_wconf 64' lang='lat' dir='ltr'><strong>cite</strong></span> <span class='ocrx_word' id='word_1_662' title='bbox 2324 4713 2480 4769; x_wconf 77' lang='lat' dir='ltr'><strong>nefas</strong></span> <span class='ocrx_word' id='word_1_663' title='bbox 2519 4713 2623 4779; x_wconf 91' lang='lat' dir='ltr'><strong>est,</strong></span> <span class='ocrx_word' id='word_1_664' title='bbox 2652 4707 2762 4763; x_wconf 89' lang='lat' dir='ltr'><strong>illis</strong></span> <span class='ocrx_word' id='word_1_665' title='bbox 2812 4706 3084 4761; x_wconf 84' lang='lat' dir='ltr'><strong>adversus</strong></span> <span class='ocrx_word' id='word_1_666' title='bbox 3130 4699 3535 4757; x_wconf 88' lang='lat' dir='ltr'><strong>auctoritatem</strong></span> <span class='ocrx_word' id='word_1_667' title='bbox 3579 4688 3774 4747; x_wconf 86' lang='lat' dir='ltr'><strong>Domini</strong></span> 
     </span>
    </p>
   </div>
   <div class='ocr_carea' id='block_1_79' title="bbox 519 4783 3774 4885">
    <p class='ocr_par' dir='ltr' id='par_1_79' title="bbox 519 4783 3774 4885">
     <span class='ocr_line' id='line_1_79' title="bbox 519 4783 3774 4885; baseline -0.008 -20"><span class='ocrx_word' id='word_1_668' title='bbox 519 4816 589 4865; x_wconf 81' lang='lat' dir='ltr'><strong>At</strong></span> <span class='ocrx_word' id='word_1_669' title='bbox 626 4783 826 4866; x_wconf 86' lang='lat' dir='ltr'><strong>contra</strong></span> <span class='ocrx_word' id='word_1_670' title='bbox 859 4813 915 4863; x_wconf 87' lang='lat' dir='ltr'><strong>et</strong></span> <span class='ocrx_word' id='word_1_671' title='bbox 952 4809 1055 4879; x_wconf 88' lang='lat' dir='ltr'><strong>ipsi</strong></span> <span class='ocrx_word' id='word_1_672' title='bbox 1095 4808 1288 4863; x_wconf 92' lang='lat' dir='ltr'><strong>dicunt</strong></span> <span class='ocrx_word' id='word_1_673' title='bbox 1318 4826 1331 4862; x_wconf 85' lang='lat'>:</span> <span class='ocrx_word' id='word_1_674' title='bbox 1364 4808 1629 4864; x_wconf 79' lang='lat' dir='ltr'><strong>Nonnulli</strong></span> <span class='ocrx_word' id='word_1_675' title='bbox 1670 4808 1738 4861; x_wconf 88' lang='lat' dir='ltr'><strong>de</strong></span> <span class='ocrx_word' id='word_1_676' title='bbox 1776 4811 2073 4879; x_wconf 86' lang='lat' dir='ltr'><strong>cautemp-</strong></span> <span class='ocrx_word' id='word_1_677' title='bbox 2176 4816 2474 4885; x_wconf 80' lang='lat' dir='ltr'><strong>parentum</strong></span> <span class='ocrx_word' id='word_1_678' title='bbox 2502 4821 2773 4878; x_wconf 85' lang='lat' dir='ltr'><strong>personas</strong></span> <span class='ocrx_word' id='word_1_679' title='bbox 2818 4801 3084 4871; x_wconf 88' lang='lat' dir='ltr'><strong>objicere,</strong></span> <span class='ocrx_word' id='word_1_680' title='bbox 3116 4796 3323 4867; x_wconf 89' lang='lat' dir='ltr'><strong>quibus</strong></span> <span class='ocrx_word' id='word_1_681' title='bbox 3374 4792 3495 4863; x_wconf 89' lang='lat' dir='ltr'><strong>ipse</strong></span> <span class='ocrx_word' id='word_1_682' title='bbox 3535 4783 3774 4885; x_wconf 58' lang='lat' dir='ltr'><strong>Dominus</strong></span> 
     </span>
    </p>
   </div>
   <div class='ocr_carea' id='block_1_80' title="bbox 452 4874 3775 4965">
    <p class='ocr_par' dir='ltr' id='par_1_80' title="bbox 452 4874 3775 4965">
     <span class='ocr_line' id='line_1_80' title="bbox 452 4874 3775 4965; baseline -0.01 -4"><span class='ocrx_word' id='word_1_683' title='bbox 452 4906 671 4961; x_wconf 88' lang='lat' dir='ltr'><strong>toribus</strong></span> <span class='ocrx_word' id='word_1_684' title='bbox 719 4909 926 4959; x_wconf 74' lang='lat' dir='ltr'><strong>nostris</strong></span> <span class='ocrx_word' id='word_1_685' title='bbox 970 4903 1227 4957; x_wconf 79' lang='lat' dir='ltr'><strong>suuiliter</strong></span> <span class='ocrx_word' id='word_1_686' title='bbox 1271 4903 1511 4957; x_wconf 86' lang='lat' dir='ltr'><strong>feminas</strong></span> <span class='ocrx_word' id='word_1_687' title='bbox 1556 4903 1825 4957; x_wconf 88' lang='lat' dir='ltr'><strong>habentes</strong></span> <span class='ocrx_word' id='word_1_688' title='bbox 1876 4903 1935 4956; x_wconf 88' lang='lat' dir='ltr'><strong>in</strong></span> <span class='ocrx_word' id='word_1_689' title='bbox 1979 4904 2074 4957; x_wconf 89' lang='lat' dir='ltr'><strong>do-</strong></span> <span class='ocrx_word' id='word_1_690' title='bbox 2175 4900 2638 4963; x_wconf 86' lang='lat' dir='ltr'><strong>contradictionis</strong></span> <span class='ocrx_word' id='word_1_691' title='bbox 2681 4896 2849 4965; x_wconf 90' lang='lat' dir='ltr'><strong>hujus</strong></span> <span class='ocrx_word' id='word_1_692' title='bbox 2885 4892 3119 4947; x_wconf 88' lang='lat' dir='ltr'><strong>abstulit</strong></span> <span class='ocrx_word' id='word_1_693' title='bbox 3155 4905 3349 4942; x_wconf 90' lang='lat' dir='ltr'><strong>vacem</strong></span> <span class='ocrx_word' id='word_1_694' title='bbox 3391 4902 3463 4940; x_wconf 70' lang='grc' dir='ltr'><strong>ια</strong></span> <span class='ocrx_word' id='word_1_695' title='bbox 3504 4886 3563 4937; x_wconf 84' lang='grc' dir='ltr'><strong>Ιιι</strong></span> <span class='ocrx_word' id='word_1_696' title='bbox 3609 4874 3775 4948; x_wconf 66' lang='grc' dir='ltr'><strong>ἰεεαὶίο</strong></span> 
     </span>
    </p>
   </div>
   <div class='ocr_carea' id='block_1_81' title="bbox 454 4969 3773 5070">
    <p class='ocr_par' dir='ltr' id='par_1_81' title="bbox 454 4969 3773 5070">
     <span class='ocr_line' id='line_1_81' title="bbox 454 4969 3773 5070; baseline -0.009 -15"><span class='ocrx_word' id='word_1_697' title='bbox 454 5002 676 5069; x_wconf 87' lang='lat' dir='ltr'><strong>rnibus,</strong></span> <span class='ocrx_word' id='word_1_698' title='bbox 728 5000 1065 5070; x_wconf 79' lang='lat' dir='ltr'><strong>martyrium</strong></span> <span class='ocrx_word' id='word_1_699' title='bbox 1136 4998 1433 5052; x_wconf 78' lang='lat' dir='ltr'><strong>consecuti</strong></span> <span class='ocrx_word' id='word_1_700' title='bbox 1495 5003 1660 5063; x_wconf 87' lang='lat' dir='ltr'><strong>sunt,</strong></span> <span class='ocrx_word' id='word_1_701' title='bbox 1720 5003 1780 5050; x_wconf 92' lang='lat' dir='ltr'><strong>ut</strong></span> <span class='ocrx_word' id='word_1_702' title='bbox 1847 4997 2073 5050; x_wconf 81' lang='lat' dir='ltr'><strong>illorum</strong></span> <span class='ocrx_word' id='word_1_703' title='bbox 2173 5003 2298 5063; x_wconf 87' lang='lat' dir='ltr'><strong>bus,</strong></span> <span class='ocrx_word' id='word_1_704' title='bbox 2342 4995 2541 5067; x_wconf 87' lang='lat' dir='ltr'><strong>inquit,</strong></span> <span class='ocrx_word' id='word_1_705' title='bbox 2565 4998 2790 5065; x_wconf 90' lang='lat' dir='ltr'><strong>patrum</strong></span> <span class='ocrx_word' id='word_1_706' title='bbox 2819 4994 3134 5044; x_wconf 89' lang='lat' dir='ltr'><strong>vestrorum</strong></span> <span class='ocrx_word' id='word_1_707' title='bbox 3179 4982 3357 5038; x_wconf 88' lang='lat' dir='ltr'><strong>nolite</strong></span> <span class='ocrx_word' id='word_1_708' title='bbox 3402 4969 3773 5070; x_wconf 26' lang='lat' dir='ltr'><strong>ambularent-3t</strong></span> 
     </span>
    </p>
   </div>
   <div class='ocr_carea' id='block_1_82' title="bbox 449 5061 3771 5168">
    <p class='ocr_par' dir='ltr' id='par_1_82' title="bbox 449 5062 3771 5168">
     <span class='ocr_line' id='line_1_82' title="bbox 449 5062 3771 5168; baseline -0.008 -19"><span class='ocrx_word' id='word_1_709' title='bbox 449 5098 722 5150; x_wconf 87' lang='lat' dir='ltr'><strong>innocens</strong></span> <span class='ocrx_word' id='word_1_710' title='bbox 766 5092 1103 5148; x_wconf 86' lang='lat' dir='ltr'><strong>conscientia</strong></span> <span class='ocrx_word' id='word_1_711' title='bbox 1150 5092 1507 5163; x_wconf 86' lang='lat' dir='ltr'><strong>probaretur.</strong></span> <span class='ocrx_word' id='word_1_712' title='bbox 1557 5092 1696 5146; x_wconf 89' lang='lat' dir='ltr'><strong>Nolo</strong></span> <span class='ocrx_word' id='word_1_713' title='bbox 1745 5090 1885 5145; x_wconf 88' lang='lat' dir='ltr'><strong>mihi</strong></span> <span class='ocrx_word' id='word_1_714' title='bbox 1928 5107 2073 5145; x_wconf 89' lang='lat' dir='ltr'><strong>mar-</strong></span> <span class='ocrx_word' id='word_1_715' title='bbox 2166 5090 2601 5168; x_wconf 87' lang='lat' dir='ltr'><strong>justilicationes</strong></span> <span class='ocrx_word' id='word_1_716' title='bbox 2646 5099 2847 5140; x_wconf 89' lang='lat' dir='ltr'><strong>eorum</strong></span> <span class='ocrx_word' id='word_1_717' title='bbox 2900 5080 3072 5135; x_wconf 90' lang='lat' dir='ltr'><strong>nolite</strong></span> <span class='ocrx_word' id='word_1_718' title='bbox 3123 5074 3441 5140; x_wconf 89' lang='lat' dir='ltr'><strong>custodire;</strong></span> <span class='ocrx_word' id='word_1_719' title='bbox 3491 5073 3545 5125; x_wconf 89' lang='lat' dir='ltr'><strong>et</strong></span> <span class='ocrx_word' id='word_1_720' title='bbox 3598 5062 3771 5121; x_wconf 68' lang='lat' dir='ltr'><strong>stud&quot;!</strong></span> 
     </span>
    </p>
   </div>
   <div class='ocr_carea' id='block_1_83' title="bbox 453 5160 3767 5261">
    <p class='ocr_par' dir='ltr' id='par_1_83' title="bbox 453 5160 3767 5261">
     <span class='ocr_line' id='line_1_83' title="bbox 453 5160 3767 5261; baseline -0.011 -11"><span class='ocrx_word' id='word_1_721' title='bbox 453 5189 596 5259; x_wconf 80' lang='lat' dir='ltr'><strong>tyrio</strong></span> <span class='ocrx_word' id='word_1_722' title='bbox 640 5189 945 5261; x_wconf 81' lang='lat' dir='ltr'><strong>quisquam</strong></span> <span class='ocrx_word' id='word_1_723' title='bbox 990 5192 1210 5243; x_wconf 71' lang='lat' dir='ltr'><strong>muvoat</strong></span> <span class='ocrx_word' id='word_1_724' title='bbox 1252 5187 1568 5256; x_wconf 81' lang='lat' dir='ltr'><strong>actionem;</strong></span> <span class='ocrx_word' id='word_1_725' title='bbox 1599 5186 1727 5259; x_wconf 80' lang='lat' dir='ltr'><strong>quia</strong></span> <span class='ocrx_word' id='word_1_726' title='bbox 1770 5187 1974 5258; x_wconf 59' lang='lat' dir='ltr'><strong>sapius</strong></span> <span class='ocrx_word' id='word_1_727' title='bbox 2018 5191 2073 5242; x_wconf 89' lang='lat' dir='ltr'><strong>et</strong></span> <span class='ocrx_word' id='word_1_728' title='bbox 2173 5205 2373 5245; x_wconf 89' lang='lat' dir='ltr'><strong>eorum</strong></span> <span class='ocrx_word' id='word_1_729' title='bbox 2400 5184 2572 5239; x_wconf 89' lang='lat' dir='ltr'><strong>nolite</strong></span> <span class='ocrx_word' id='word_1_730' title='bbox 2614 5175 2998 5243; x_wconf 89' lang='lat' dir='ltr'><strong>commisceri,</strong></span> <span class='ocrx_word' id='word_1_731' title='bbox 3027 5178 3081 5229; x_wconf 88' lang='lat' dir='ltr'><strong>et</strong></span> <span class='ocrx_word' id='word_1_732' title='bbox 3122 5171 3297 5228; x_wconf 90' lang='lat' dir='ltr'><strong>nolite</strong></span> <span class='ocrx_word' id='word_1_733' title='bbox 3340 5161 3633 5241; x_wconf 86' lang='lat' dir='ltr'><strong>inquinari.</strong></span> <span class='ocrx_word' id='word_1_734' title='bbox 3668 5160 3767 5227; x_wconf 78' lang='lat' dir='ltr'><strong>Ego</strong></span> 
     </span>
    </p>
   </div>
   <div class='ocr_carea' id='block_1_84' title="bbox 453 5253 3764 5356">
    <p class='ocr_par' dir='ltr' id='par_1_84' title="bbox 453 5253 3764 5356">
     <span class='ocr_line' id='line_1_84' title="bbox 453 5253 3764 5356; baseline -0.011 -15"><span class='ocrx_word' id='word_1_735' title='bbox 453 5283 679 5353; x_wconf 62' lang='lat' dir='ltr'><strong>machi,</strong></span> <span class='ocrx_word' id='word_1_736' title='bbox 732 5288 792 5338; x_wconf 89' lang='lat' dir='ltr'><strong>et</strong></span> <span class='ocrx_word' id='word_1_737' title='bbox 856 5281 1244 5356; x_wconf 85' lang='lat' dir='ltr'><strong>sanguinarii,</strong></span> <span class='ocrx_word' id='word_1_738' title='bbox 1295 5286 1350 5337; x_wconf 91' lang='lat' dir='ltr'><strong>et</strong></span> <span class='ocrx_word' id='word_1_739' title='bbox 1407 5281 1646 5351; x_wconf 90' lang='lat' dir='ltr'><strong>ebriosi,</strong></span> <span class='ocrx_word' id='word_1_740' title='bbox 1702 5287 1759 5338; x_wconf 90' lang='lat' dir='ltr'><strong>et</strong></span> <span class='ocrx_word' id='word_1_741' title='bbox 1809 5284 2071 5341; x_wconf 90' lang='lat' dir='ltr'><strong>omnium</strong></span> <span class='ocrx_word' id='word_1_742' title='bbox 2174 5283 2446 5339; x_wconf 88' lang='lat' dir='ltr'><strong>Dominus</strong></span> <span class='ocrx_word' id='word_1_743' title='bbox 2473 5280 2617 5334; x_wconf 91' lang='lat' dir='ltr'><strong>Deus</strong></span> <span class='ocrx_word' id='word_1_744' title='bbox 2647 5276 2855 5341; x_wconf 87' lang='lat' dir='ltr'><strong>vester,</strong></span> <span class='ocrx_word' id='word_1_745' title='bbox 2884 5271 2941 5326; x_wconf 91' lang='lat' dir='ltr'><strong>in</strong></span> <span class='ocrx_word' id='word_1_746' title='bbox 2972 5266 3273 5343; x_wconf 66' lang='lat' dir='ltr'><strong>praeceptis</strong></span> <span class='ocrx_word' id='word_1_747' title='bbox 3313 5262 3453 5320; x_wconf 87' lang='lat' dir='ltr'><strong>meis</strong></span> <span class='ocrx_word' id='word_1_748' title='bbox 3486 5253 3764 5316; x_wconf 82' lang='lat' dir='ltr'><strong>ambulate,</strong></span> 
     </span>
    </p>
   </div>
   <div class='ocr_carea' id='block_1_85' title="bbox 1807 5516 2447 5583">
    <p class='ocr_par' dir='ltr' id='par_1_85' title="bbox 1807 5516 2447 5583">
     <span class='ocr_line' id='line_1_85' title="bbox 1807 5516 2447 5583; baseline -0.013 0"><span class='ocrx_word' id='word_1_749' title='bbox 1807 5517 1970 5583; x_wconf 88' lang='lat' dir='ltr'><strong>Edit.</strong></span> <span class='ocrx_word' id='word_1_750' title='bbox 2007 5516 2214 5583; x_wconf 85' lang='lat' dir='ltr'><strong>Oxon.</strong></span> <span class='ocrx_word' id='word_1_751' title='bbox 2249 5517 2447 5580; x_wconf 72' lang='lat' dir='ltr'><strong>notas.</strong></span> 
     </span>
    </p>
   </div>
   <div class='ocr_carea' id='block_1_86' title="bbox 506 5674 3757 5803">
    <p class='ocr_par' dir='ltr' id='par_1_86' title="bbox 506 5674 3757 5803">
     <span class='ocr_line' id='line_1_86' title="bbox 506 5674 3757 5803; baseline -0.007 -20"><span class='ocrx_word' id='word_1_752' title='bbox 506 5723 602 5803; x_wconf 62' lang='grc'><strong>(79)</strong></span> <span class='ocrx_word' id='word_1_753' title='bbox 644 5722 715 5774; x_wconf 81' lang='lat' dir='ltr'><strong>De</strong></span> <span class='ocrx_word' id='word_1_754' title='bbox 753 5720 923 5803; x_wconf 65' lang='lat' dir='ltr'><strong>Gallis</strong></span> <span class='ocrx_word' id='word_1_755' title='bbox 959 5722 1087 5803; x_wconf 67' lang='lat' dir='ltr'><strong>suis.</strong></span> <span class='ocrx_word' id='word_1_756' title='bbox 1115 5718 1283 5803; x_wconf 62' lang='lat' dir='ltr'><strong>Galli,</strong></span> <span class='ocrx_word' id='word_1_757' title='bbox 1318 5721 1402 5803; x_wconf 66' lang='lat' dir='ltr'><strong>uti</strong></span> <span class='ocrx_word' id='word_1_758' title='bbox 1424 5730 1556 5771; x_wconf 86' lang='lat' dir='ltr'><strong>vere</strong></span> <span class='ocrx_word' id='word_1_759' title='bbox 1595 5719 1881 5803; x_wconf 62' lang='lat' dir='ltr'><strong>annotavit</strong></span> <span class='ocrx_word' id='word_1_760' title='bbox 1905 5715 2071 5802; x_wconf 56' lang='lat' dir='ltr'><strong>Bem-</strong></span> <span class='ocrx_word' id='word_1_761' title='bbox 2173 5729 2299 5803; x_wconf 73' lang='lat' dir='ltr'><strong>mus</strong></span> <span class='ocrx_word' id='word_1_762' title='bbox 2320 5713 2577 5803; x_wconf 67' lang='lat' dir='ltr'><strong>patrnam,</strong></span> <span class='ocrx_word' id='word_1_763' title='bbox 2604 5706 2701 5761; x_wconf 88' lang='lat' dir='ltr'><strong>sed</strong></span> <span class='ocrx_word' id='word_1_764' title='bbox 2720 5674 3757 5803; x_wconf 38' lang='lat' dir='ltr'><strong>quiahdﬁgffffﬁrikgsd13213335012?</strong></span> 
     </span>
    </p>
   </div>
   <div class='ocr_carea' id='block_1_87' title="bbox 439 5763 3734 5925">
    <p class='ocr_par' dir='ltr' id='par_1_87' title="bbox 439 5763 3734 5925">
     <span class='ocr_line' id='line_1_87' title="bbox 439 5763 3734 5922; baseline -0.013 -74"><span class='ocrx_word' id='word_1_765' title='bbox 439 5763 1564 5922; x_wconf 31' lang='lat' dir='ltr'><strong>plagast“;&#39;gaégaa‘ég&#39;éyséiesj&#39;1.</strong></span> <span class='ocrx_word' id='word_1_766' title='bbox 1596 5763 2073 5845; x_wconf 42' lang='lat' dir='ltr'><strong>atramento</strong></span> <span class='ocrx_word' id='word_1_767' title='bbox 2172 5763 2584 5914; x_wconf 51' lang='grc' dir='ltr'><strong>ἦςξὸιξηει-ιγτίό</strong></span> <span class='ocrx_word' id='word_1_768' title='bbox 2611 5763 2826 5833; x_wconf 73' lang='lat' dir='ltr'><strong>veniam</strong></span> <span class='ocrx_word' id='word_1_769' title='bbox 2855 5763 3242 5843; x_wconf 65' lang='lat' dir='ltr'><strong>impetrabant,</strong></span> <span class='ocrx_word' id='word_1_770' title='bbox 3268 5764 3397 5820; x_wconf 81' lang='lat' dir='ltr'><strong>illud</strong></span> <span class='ocrx_word' id='word_1_771' title='bbox 3427 5763 3631 5816; x_wconf 80' lang='lat' dir='ltr'><strong>illorum</strong></span> <span class='ocrx_word' id='word_1_772' title='bbox 3660 5763 3734 5823; x_wconf 75' lang='lat' dir='ltr'><strong>pll</strong></span> 
     </span>
     <span class='ocr_line' id='line_1_88' title="bbox 481 5868 2523 5925; baseline -0.006 -5"><span class='ocrx_word' id='word_1_773' title='bbox 481 5871 550 5924; x_wconf 86' lang='lat' dir='ltr'><strong>ict</strong></span> <span class='ocrx_word' id='word_1_774' title='bbox 579 5906 590 5920; x_wconf 77' lang='grc' dir='ltr'>α</span> <span class='ocrx_word' id='word_1_775' title='bbox 669 5880 842 5925; x_wconf 69' lang='grc' dir='ltr'><strong>Αωει.</strong></span> <span class='ocrx_word' id='word_1_776' title='bbox 2171 5873 2235 5915; x_wconf 77' lang='grc' dir='ltr'><strong>οθ</strong></span> <span class='ocrx_word' id='word_1_777' title='bbox 2263 5896 2275 5909; x_wconf 78' lang='grc' dir='ltr'><strong>ο</strong></span> <span class='ocrx_word' id='word_1_778' title='bbox 2346 5868 2523 5915; x_wconf 70' lang='grc' dir='ltr'><strong>Ακειι.</strong></span> 
     </span>
    </p>
   </div>
  </div>
