4032 6180
271 262 370 330 941

1414 269 1500 333 DE
1539 268 2067 336 SlNGULARlTATE
2107 272 2557 339 CLERICORUM.

3536 289 3639 343 942

277 405 342 456 et
368 402 809 472 justiﬁcationes
839 418 999 457 meas
1034 404 1312 459 custodite
1357 404 1591 475 (Ezech.,
1622 425 1712 475 xx,
1748 407 1853 477 {8).
1886 430 1911 455 ››
1939 420 1997 490 Α
2021 406 2186 461 tium.
2234 407 2487 461 Solllcite
2519 424 2658 463 cura
2703 410 2951 481 teipsum
2992 409 3345 482 probabilem
3377 413 3651 469 exhibere

346 496 538 551 Sciant
568 514 718 551 nunc
744 497 1016 568 adempta
1044 498 1147 552 sibi
1195 516 1316 552 esse
1366 501 1676 570 parentalia
1725 507 1913 571 patro-

266 585 441 653 cinia,
488 586 583 656 qui
640 587 752 641 huc
796 591 966 657 atque
1022 588 1153 642 illuc
1199 598 1551 645 recurrentes
1597 591 1912 646 contradic-

270 679 499 734 tionum
545 679 786 733 latebras
826 688 1112 751 quierunt,
1144 699 1215 737 ne
1250 701 1500 754 unquam
1545 685 1774 739 feminis
1821 702 1911 740 ca-

268 778 448 827 reant
501 790 513 827 :
582 780 639 827 et
708 774 843 845 quia
908 775 1161 845 undique
1236 777 1577 832 defensionis
1638 779 1913 850 suffragio

273 868 644 936 deseruntur,
678 869 999 923 novissimis
1025 871 1238 925 cunctis
1291 873 1645 941 argumentis
1693 875 1906 927 exhau-

274 960 400 1027 stis,
431 961 768 1015 sententiam
804 962 961 1016 Pauli
989 964 1227 1033 apostoli
1257 965 1524 1035 Opitulari
1552 966 1656 1020 sibi
1678 966 1910 1035 opinan-

269 1058 386 1121 tur,
418 1060 473 1108 et
524 1055 752 1109 dicunt:
792 1076 819 1103 ‹‹
856 1057 937 1109 Tu
985 1057 1081 1127 qui
1127 1075 1203 1123 es,
1256 1058 1350 1127 qui
1394 1058 1465 1111 de
1511 1076 1673 1114 servo
1727 1059 1914 1137 alieno

271 1148 501 1216 judices
533 1152 728 1219 (Rom,
761 1166 869 1215 xxv,
901 1151 950 1220 4)
974 1153 1001 1199 ‘?
1028 1172 1053 1199 υ
1087 1152 1352 1221 Agnoscit
1398 1152 1662 1222 equidem
1706 1155 1915 1208 Paulus

264 1242 558 1312 apostolus
636 1244 1058 1298 constitutionis
1110 1262 1227 1299 suae
1285 1246 1449 1300 verba
1500 1248 1759 1316 prolata;
1816 1247 1918 1302 sed

271 1335 801 1391 constitutionarios
830 1341 888 1391 et
917 1340 1238 1409 prolatores
1272 1338 1420 1409 ipsos
1452 1339 1908 1413 ignorat.863

270 1429 392 1482 Illis
436 1429 593 1483 enim
641 1430 879 1484 contulit
926 1431 1338 1500 defensionem,
1368 1434 1463 1504 qui
1517 1434 1736 1489 nullam
1784 1452 1916 1505 par-

270 1526 390 1575 tem
422 1523 566 1592 legis
595 1523 972 1594 impugnant;
1008 1532 1065 1581 et
1091 1526 1224 1596 ipsis
1257 1527 1456 1581 tribuit
1498 1529 1882 1598 patrocinium
1903 1579 1915 1603 ,

277 1616 374 1686 qui
425 1632 491 1669 ex
545 1619 674 1670 voto
723 1634 823 1670 suo
874 1619 1089 1689 aliquid
1143 1619 1382 1687 faciunt,
1441 1638 1546 1676 nec
1601 1623 1919 1693 quidquam

275 1709 673 1764 ecclesiasticis
710 1711 860 1781 juris
906 1712 1247 1783 impediunt.
1274 1716 1371 1769 Jus
1417 1720 1620 1769 tractat
1666 1716 1907 1784 vivendi,

2018 501 2149 564 Deo,
2172 501 2498 570 operarium
2523 502 3103 573 irreprehensibilem,
3128 512 3277 561 recte
3308 510 3647 561 tractantem

2014 594 2249 647 verbum
2293 594 2560 648 veritatis.
2604 597 2787 650 Stulta
2832 604 3029 652 autem
3079 604 3135 653 et
3180 600 3375 653 inania
3420 601 3649 671 eloquia

2017 687 2201 741 devita
2237 708 2246 742 :
2282 688 2524 741 multum
2555 689 2708 743 enim
2744 692 3051 760 proﬁciunt
3086 692 3157 745 ad
3188 694 3563 763 impietatem,
3594 699 3650 748 et

2017 798 2208 834 sermo
2260 798 2456 835 eorum
2490 782 2633 836 sicut
2675 799 2877 837 cancer
2924 786 3103 854 serpit
3150 788 3213 856 (ll
3266 787 3427 849 Tim,
3457 804 3513 851 ιι,
3558 788 3645 841 14-

2021 876 2127 943 17).
2165 898 2190 922 ››
2222 879 2403 945 Atque
2436 880 2493 928 ut
2521 878 2850 931 ostenderet
2893 878 3112 931 clericis
3161 879 3530 948 disponendis
3575 882 3647 934 ad

2016 970 2360 1024 evacuandas
2386 969 2726 1039 quaestiones
2754 988 2879 1041 quae
2899 972 2967 1024 sit
2998 972 3259 1025 doctrina
3282 975 3646 1039 conveniens,

2018 1063 2192 1119 etiam
2220 1063 2342 1116 Tito
2368 1064 2443 1116 sic
2464 1063 2734 1132 insinuat,
2771 1064 2962 1118 dicens
2992 1081 3003 1117 :
3042 1085 3069 1113 «
3096 1066 3174 1118 Tu
3196 1069 3385 1119 autem
3409 1066 3645 1137 loquere

2020 1173 2146 1227 quae
2173 1157 2519 1211 conveniunt
2562 1174 2715 1211 sanae
2766 1158 3076 1227 doctrinae;
3124 1160 3371 1229 majores
3400 1167 3535 1213 natu
3567 1178 3652 1213 so-

2017 1251 2170 1305 brios
2215 1267 2353 1316 esse,
2386 1252 2713 1320 prudentes,
2743 1268 2909 1305 sanos
2958 1252 3013 1305 in
3062 1253 3192 1320 ﬁde,
3241 1253 3301 1305 in
3350 1254 3648 1322 cliarilate,

2019 1340 2076 1393 in
2106 1340 2372 1409 patientia
2405 1340 2629 1394 sincera
2665 1343 2818 1406 (Tit,
2853 1358 2911 1407 ιι,
2950 1345 2995 1408 l,
3025 1344 3099 1409 2).
3138 1364 3164 1390 n
3196 1343 3343 1411 Ergo
3395 1344 3641 1397 auditio-

2020 1445 2122 1483 nes
2150 1428 2443 1500 simplices
2485 1429 2805 1484 obedientia
2845 1429 3038 1502 864
3067 1435 3248 1485 vestra
3278 1433 3563 1502 suspiciet,
3597 1440 3653 1487 et

2019 1523 2377 1593 versipellem
2425 1524 2935 1577 contradictionum
2981 1525 3154 1578 vitate
3191 1526 3491 1580 fallaciam.
3540 1529 3646 1580 Pu-

2021 1633 2150 1670 rum
2189 1617 2299 1669 iter
2329 1616 2525 1669 vestris
2570 1617 2855 1685 gressibus
2902 1618 3196 1687 mundata,
3226 1622 3283 1671 et
3327 1635 3499 1688 super
3541 1620 3651 1690 spi-

2025 1723 2123 1759 nas
2176 1711 2233 1759 et
2283 1706 2517 1759 tribulos
2577 1706 2748 1759 nolite
2802 1707 3086 1759 seminare
3132 1708 3217 1761 vel
3270 1709 3521 1775 calcare,
3576 1725 3646 1762 ne

277 1809 334 1855 ct
362 1820 482 1857 non
512 1803 723 1858 edendi
754 1807 898 1875 (72);
933 1806 1231 1861 arbitrium
1284 1808 1727 1880 uniuscujusque
1773 1787 2227 1865 con-Bbonum
2295 1811 2486 1847 sema”
2550 1811 2665 1847 non
2738 1794 2915 1864 P053“
2962 1795 3119 1847 “bis
3173 1801 3404 1865 Propter
3467 1797 3645 1867 δρίοω

277 1898 535 1951 ﬁrmans.
572 1898 652 1951 De
679 1898 960 1953 similibus
987 1902 1277 1956 neminem
1303 1902 1751 1973 jussitjudicari,
1783 1921 1909 1974 qua:

275 1991 557 2045 voluntati
584 1990 940 2062 singulorum
977 1995 1281 2049 auctoritas
1327 1996 1520 2049 divina
1567 1998 1906 2066 concedens,

275 2084 331 2138 in
362 2091 599 2155 utraque
633 2090 794 2156 parte
823 2086 1067 2141 faciendi
1097 2094 1152 2141 et
1180 2105 1295 2143 non
1324 2089 1572 2144 faciendi
1598 2091 1911 2145 clementer

274 2178 533 2232 indulsit.
600 2179 727 2233 Illos
791 2185 985 2233 autem
1066 2182 1452 2237 ecclesiasticis
1531 2183 1907 2237 tribunalibus

275 2271 552 2339 subdidit,
583 2289 721 2343 quos
766 2277 1212 2344 transgressores
1259 2276 1559 2331 ordinarias
1590 2283 1907 2347 transgres-

279 2365 456 2420 sionis
528 2365 639 2437 (73)
703 2366 856 2420 nulla
916 2367 1229 2438 impunitas
1295 2371 1615 2436 excusavit;
1684 2372 1746 2422 ut
1810 2370 1905 2440 qui

276 2459 489 2529 passim
525 2460 620 2527 (Tu
662 2459 789 2531 quis
825 2477 901 2527 es,
933 2462 1030 2531 qui
1074 2462 1142 2516 de
1187 2479 1346 2517 servo
1388 2463 1576 2517 alieno
1622 2463 1909 2533 judices?)

279 2552 550 2606 adversus
594 2570 695 2608 nos
725 2554 895 2608 veluti
940 2554 1194 2610 libellum
1241 2556 1743 2611 contradictorium
1777 2574 1908 2627 pro-

275 2646 485 2710 ferant,
530 2645 866 2701 rationabile
900 2648 1006 2719 (74)
1046 2649 1215 2703 simul
1261 2656 1317 2704 et
1362 2653 1587 2704 certum
1636 2667 1912 2721 recogno-

275 2744 438 2793 scant
491 2740 642 2809 quod
695 2740 1003 2811 accipimus
1053 2742 1121 2796 ab
1180 2744 1379 2798 eodem
1426 2744 1599 2799 Paulo
1650 2745 1911 2815 apostolo

278 2833 660 2903 repulsorium
694 2851 705 2887 :
744 2855 770 2883 κ
815 2834 1200 2905 Praecipimus,
1248 2837 1449 2907 inquit,
1480 2837 1660 2893 .vobis
1706 2838 1914 2892 fratres

277 2926 335 2980 in
370 2926 599 2981 nomine
629 2927 852 2981 Domini
885 2929 1065 2982 nostri
1091 2932 1221 2983 Jesu
1266 2930 1495 2995 Christi,
1530 2934 1591 2983 ut
1639 2931 1914 3000 separetis

275 3036 377 3074 vos
428 3037 459 3073 a
506 3021 782 3075 fratribus
829 3023 1256 3078 ambulantibus
1308 3023 1647 3089 inordinate,
1692 3029 1749 3077 et
1798 3041 1912 3079 non

2010 1890 2246 1943 frutices
2293 1888 2606 1941 sanctitatis
2640 1888 2859 1941 fructus
2904 1887 3127 1942 afferre.
3174 1889 3334 1941 Unde
3364 1890 3647 1959 propheta

2010 1982 2285 2037 Jeremias
2326 1982 2403 2035 sic
2449 1982 2710 2035 hortatur
2759 1988 2815 2035 et
2864 1982 3047 2049 docet,
3093 1982 3286 2035 dicens
3317 1999 3329 2036 :
3364 2004 3391 2031 ‹‹
3442 1984 3642 2051 Nolite,

2011 2076 2216 2146 inquit,
2250 2090 2442 2129 serere
2466 2075 2527 2127 in
2559 2074 2755 2144 spinis.
2797 2074 3194 2130 Circumcidite
3223 2092 3323 2129 vos
3366 2077 3479 2129 Deo
3528 2093 3650 2129 ves-

2012 2172 2121 2236 tro,
2153 2168 2541 2222 circumcidite
2580 2168 2923 2238 praeputium
2973 2168 3153 2223 cordis
3194 2168 3366 2223 vestri
3410 2170 3644 2239 (Jerem.,

2012 2278 2085 2328 Iv,
2132 2262 2206 2330 3).
2264 2281 2292 2309 »
2350 2260 2746 2315 Abscindenda
2796 2267 2929 2315 sunt
2967 2278 3103 2332 ergo
3144 2263 3213 2317 de
3260 2278 3400 2333 agro
3451 2269 3645 2318 uostro

2011 2360 2213 2410 cuncta
2240 2371 2366 2425 quae
2412 2370 2671 2425 pungere
2698 2360 2757 2408 et
2791 2354 3047 2409 lacerare
3078 2361 3527 2426 consueverunt;
3571 2375 3644 2413 ne

2014 2448 2242 2502 animus
2296 2446 2657 2518 agricultoris
2702 2448 2760 2500 in
2807 2449 3160 2518 possessione
3229 2466 3328 2504 sua
3372 2450 3645 2521 malignis

2012 2543 2270 2595 sentibus
2308 2543 2608 2596 inseratur.
2637 2544 2704 2596 Et
2734 2543 3088 2612 amputanda
3116 2548 3248 2598 sunt
3295 2545 3489 2598 omnia
3539 2562 3643 2599 no-

2012 2635 2118 2702 bis,
2182 2652 2538 2705 qumcunque
2614 2635 2843 2706 igniferi
2913 2636 3125 2690 fomitis
3176 2638 3646 2707 sulphurantibus

2012 2728 2261 2784 ﬂammis
2294 2735 2514 2783 scatens
2541 2729 2748 2783 fornax
2778 2729 3100 2784 ebullientis
3125 2730 3313 2784 carnis
3339 2733 3639 2800 exaestuat;

2014 2840 2085 2876 ne
2113 2823 2196 2876 vel
2227 2823 2413 2875 tenuis
2443 2822 2675 2892 quidem
2720 2822 2961 2877 scintilla
2988 2829 3214 2877 servata
3254 2824 3476 2894 majora
3505 2840 3641 2878 con-

2013 2916 2116 2970 tlet
2162 2917 2443 2970 incendia.
2491 2916 2655 2979 Quod
2696 2916 2964 2970 Salomon
3013 2917 3363 2985 manifestat,
3400 2918 3635 2972 dicens:

2018 3031 2045 3058 ‹‹
2083 3010 2163 3063 Ab
2206 3010 2451 3064 scintilla
2491 3026 2603 3064 una
2641 3014 2888 3080 augetur
2917 3010 3066 3080 ignis
3106 3010 3321 3082 (Ecclt'.,
3352 3028 3427 3078 ιιι,
3460 3013 3569 3083 34).
3605 3032 3633 3061 ››

277 3114 592 3169 secundum
657 3115 1021 3171 traditionem
1075 3134 1247 3188 quam
1302 3116 1591 3187 accepistis
1659 3134 1691 3171 a
1753 3118 1911 3173 nobis

2018 3104 2265 3159 Avertite
2299 3103 2623 3158 occasiones
2664 3103 2939 3173 impuras,
2969 3104 3175 3174 quibus
3202 3104 3480 3160 interiora
3512 3122 3643 3176 pec-

2018 3199 2151 3218 l___3_
2185 3202 2565 3218 ___._1_--_.a___
2621 3203 2682 3218 A_L
2731 3198 2936 3218 IZ.___:J-
2976 3198 3028 3218 Σ..
3070 3198 3219 3218 ---ὶῖμ
3272 3216 3297 3218 ς
3322 3215 3416 3218 -ms.
3446 3200 3640 3218 9.__fl_-

275 3208 347 3279 (ll
380 3210 587 3276 Thess,
620 3225 697 3274 ιιι,
727 3210 802 3279 6).
839 3231 865 3259 »

352 3302 661 3369 Evasimus,
708 3304 927 3375 opinor,
979 3307 1139 3359 tanta
1185 3304 1459 3375 ligamina
1507 3305 1912 3375 quaestionum,

277 3396 485 3467 quibus
518 3399 799 3451 amatores
846 3398 1137 3454 eunuchos
1168 3400 1465 3469 amplexus
1500 3398 1729 3454 feminei
1766 3400 1911 3470 liga-

274 3495 520 3545 verunt:
577 3488 674 3561 qui
724 3492 1009 3563 perversis
1068 3492 1635 3564 interpretationibus
1683 3494 1915 3548 decreta

273 3584 479 3654 legalia
504 3583 798 3639 demutare
828 3589 1151 3656 coguntur;
1197 3594 1253 3640 et
1292 3588 1517 3641 malunt
1563 3588 1753 3642 audiri
1802 3604 1909 3657 pro

275 3681 561 3749 ponentes
608 3696 749 3732 vana
791 3685 847 3734 et
894 3680 1144 3735 fabulosa
1189 3686 1530 3749 commenta,
1583 3697 1757 3752 quam
1806 3680 1912 3751 ipsi

273 3788 404 3842 quae
459 3789 592 3827 vera
646 3775 775 3826 sunt
828 3773 1108 3827 audiant:
1170 3792 1314 3846 quos
1369 3776 1571 3829 Paulus
1623 3776 1912 3845 apostolus

273 3865 602 3933 annuntiat,
652 3866 886 3921 dicens:
934 3888 960 3914 ‹‹
1011 3870 1050 3921 Α
1090 3866 1321 3922 veritate
1373 3868 1601 3939 quidem
1654 3868 1911 3921 auditum

270 3963 551 4026 averterit,
584 3961 657 4014 ad
704 3961 922 4015 fabulas
981 3964 1171 4015 autem
1220 3964 1628 4016 convertentur
1656 3964 1716 4032 (ll
1750 3964 1905 4026 Tim.,

273 4069 349 4119 1v,
383 4054 458 4121 4).
491 4076 517 4103 ››
546 4054 828 4125 Quidquid
859 4054 1057 4109 volunt
1084 4055 1272 4109 adhuc
1314 4055 1638 4126 exquirant,
1671 4061 1730 4110 ut
1759 4055 1907 4110 obsi-

274 4150 431 4200 stant
457 4162 557 4218 pro
584 4148 922 4202 mulieribus
946 4149 1191 4204 veritati.
1210 4149 1515 4203 Victoriam
1540 4167 1652 4203 non
1676 4150 1907 4219 habent,

2018 3199 2154 3253 toris
2185 3202 2585 3268 penetrantur,
2620 3203 2685 3252 ut
2730 3198 2947 3269 liquida
2975 3198 3037 3251 in
3070 3198 3223 3253 vobis
3271 3200 3646 3270 perspicuitas

2013 3292 2351 3345 honoretur.
2386 3291 2652 3346 Contenti
2686 3296 2865 3346 estote
2904 3291 3365 3363 singularitatem
3398 3293 3642 3347 laborio-

2015 3402 2134 3439 sam
2176 3402 2279 3455 pro
2318 3385 2539 3456 pudore
2584 3386 2856 3440 servando
2904 3387 3093 3456 potius
3134 3387 3434 3455 sustinere,
3464 3404 3643 3458 quam

2015 3479 2138 3533 sine
2166 3479 2359 3533 labore
2383 3480 2453 3533 ad
2480 3479 2731 3533 dedecus
2756 3481 3078 3551 pervenire.

2083 3573 2559 3643 Contemplamini
2610 3573 2749 3644 quid
2792 3574 2863 3629 sit
2901 3575 3110 3645 populo
3156 3580 3349 3629 sancto
3393 3592 3643 3645 praeesse

2013 3670 2069 3723 et
2095 3667 2446 3723 considerate
2484 3668 2654 3738 quale
2698 3668 2769 3722 sit
2804 3668 3010 3723 divinis
3056 3670 3427 3724 sacramentis
3475 3669 3639 3724 insis-

2014 3763 2157 3815 tere.
2189 3762 2392 3815 Alteris
2415 3762 2637 3831 placere
2668 3761 2895 3828 debent,
2924 3762 3021 3832 qui
3046 3762 3237 3817 alteris
3266 3763 3464 3817 vivunt
3495 3766 3632 3834 (75),

2013 3860 2069 3909 et
2114 3855 2236 3908 talis
2268 3856 2534 3910 convenit
2578 3871 2714 3909 cura
2761 3855 3104 3910 sinceritatis
3163 3855 3418 3924 sacratis,
3456 3858 3645 3927 qualia

2011 3954 2144 4003 sunt
2170 3965 2331 4002 sacra
2378 3948 2499 4019 ipsa
2531 3948 2735 4019 quibus
2773 3949 3051 4003 exhibent
3086 3948 3272 4003 officia
3317 3952 3635 4019 servitutis;

2011 4060 2083 4097 ne
2128 4044 2280 4096 circa
2328 4042 2635 4096 Dominum
2675 4042 2971 4097 offendant
3016 4042 3125 4113 ipsi
3174 4044 3329 4115 quod
3375 4048 3639 4114 tractant,

2010 4140 2107 4190 aut
2137 4137 2283 4191 circa
2310 4136 2588 4207 populum
2633 4136 2913 4207 incipiant
2940 4136 3223 4208 impedire
3253 4140 3407 4209 quod
3438 4141 3640 4210 praedi-

269 4240 427 4312 apud
480 4258 624 4313 quos
676 4247 869 4297 ροηιιχι
924 4242 1160 4296 Εεάιιδηι
1215 4243 1425 4299 mulier
1482 4246 1674 4314 potius
1729 4261 1906 4315 quam
2008 4234 2158 4286 cant.
2192 4230 2603 4301 Pr0pterquod
2625 4232 3136 4301 Paulusapostolus
3164 4232 3243 4286 sic
3270 4233 3634 4289 testiﬁcatur:

271 4334 483 4389 veritas
512 4335 660 4389 vicit.
693 4337 799 4391 Vos
840 4340 1055 4404 autem,
1084 4336 1185 4390 filii
1230 4336 1570 4405 charissimi,
1614 4354 1730 4391 non
1781 4341 1905 4391 tan-

270 4436 398 4484 tum
465 4430 849 4499 persuasione,
918 4430 1017 4485 sed
1086 4434 1363 4501 potestate
1421 4430 1721 4485 convenio.
1780 4432 1907 4485 Tale

2013 4348 2039 4375 ‹‹
2090 4326 2157 4379 Et
2204 4326 2419 4391 omnia,
2452 4325 2661 4395 inquit,
2694 4326 3057 4388 sustinemus,
3091 4343 3161 4381 ne
3200 4327 3351 4398 quod
3396 4328 3637 4399 impedi-

2011 4423 2271 4473 mentum
2304 4419 2506 4473 demus
2540 4420 2849 4489 Evangelia
2878 4420 3088 4474 Christi
3119 4423 3162 4491 (Ι
3195 4420 3338 4485 Cor.,
3368 4438 3440 4488 ιχ,
3470 4422 3576 4490 l2).
3606 4444 3633 4471 n

272 4523 717 4578 deliramentum
746 4523 1658 4596 dcspicite;quorumquzestiones
1676 4525 1909 4579 Paulum
1928 4514 1989 4587 D
2014 4516 2078 4570 Et
2109 4515 2320 4568 iterum
2356 4532 2364 4567 :
2400 4533 2426 4563 «
2454 4514 2685 4567 Nemini
2712 4513 2912 4567 dantes
2946 4514 3119 4568 ullam
3152 4514 3545 4581 offensionem,
3576 4518 3640 4568 ut

272 4616 593 4687 apostolum
615 4618 768 4671 scitis
786 4618 999 4688 ubique
1024 4618 1346 4687 damnasse,
1370 4622 1513 4673 sicut
1538 4620 1604 4674 ad
1625 4621 1911 4674 Romanos

274 4710 522 4780 seripsit,
554 4710 777 4766 dicens:
800 4712 998 4782 «Rogo
1030 4727 1147 4778 vos,
1170 4712 1393 4780 fratres,
1413 4713 1913 4784 diligenterobser-

277 4820 409 4858 vare
437 4820 529 4859 eos
552 4805 648 4876 qui
679 4805 1055 4860 dissensiones
1091 4809 1149 4859 et
1182 4806 1519 4861 offendicula
1546 4813 1754 4879 praster
1785 4810 1911 4864 doc-

278 4899 487 4953 trinam
521 4916 693 4970 quam
723 4916 818 4953 vos
851 4898 1147 4967 didicistis,
1180 4903 1279 4954 aut
1309 4901 1642 4968 dicunt,aut
1670 4903 1909 4972 faciunt,

277 4995 337 5047 et
360 4989 639 5047 declinate
683 4991 751 5046 ab
784 4992 921 5063 ipsis
949 4993 1140 5062 (Rom,
1174 5009 1285 5062 xvr,
1318 4998 1425 5063 17).
1461 5018 1487 5044 ››
1520 4996 1606 5051 Sic
1648 5002 1706 5051 et
1729 5000 1912 5053 Timo-

279 5087 415 5141 theo
463 5086 737 5158 delegat:
782 5108 810 5136 ‹‹
854 5087 1000 5153 Noli,
1050 5086 1262 5159 inquit,
1289 5088 1476 5144 verbis
1518 5094 1910 5147 contendere:

278 5180 427 5237 nihil
456 5180 609 5236 enim
657 5180 798 5236 utile
825 5184 932 5252 est,
963 5180 1071 5236 nisi
1114 5181 1173 5236 in
1214 5182 1643 5240 subversionem
1674 5187 1911 5242 audien-

2013 4637 2125 4674 non
2159 4617 2512 4683 vituperetur
2540 4608 2918 4663 ministerium
2962 4612 3215 4662 nostrum
3246 4608 3354 4679 (76)
3392 4610 3459 4678 (ll
3492 4609 3637 4673 Cor.,

2015 4731 2085 4783 vi,
2118 4715 2191 4780 3).
2224 4732 2251 4759 ››
2284 4710 2394 4763 Hac
2424 4706 2599 4775 igitur
2639 4703 2995 4756 institutione
3042 4702 3195 4755 vobis
3236 4719 3414 4773 quam
3458 4704 3637 4773 pluri-

2014 4823 2172 4862 mum
2198 4800 2572 4859 laborandum
2600 4803 2702 4865 est,
2735 4797 2806 4849 de
2838 4796 2905 4850 iis
2932 4795 3141 4867 quibus
3171 4796 3245 4851 ad
3270 4797 3639 4851 manifestan-

2013 4902 2141 4956 dam
2176 4898 2507 4970 gravitatem
2532 4891 2891 4963 singularitas
2921 4890 3097 4961 magis
3128 4907 3303 4961 quam
3332 4891 3638 4962 pluralitas

2011 4994 2171 5049 testis
2201 5007 2331 5045 vera
2372 4995 2474 5044 est.
2511 4984 2787 5058 Respicite
2822 4992 3033 5057 quanta
3088 4984 3241 5039 mala
3281 4985 3639 5041 conversatio

2014 5088 2185 5158 hujus
2210 5084 2505 5156 acquirat;
2535 5098 2663 5153 quae
2704 5096 2818 5134 non
2860 5080 2967 5134 nisi
3002 5079 3435 5151 corruptionem
3466 5080 3638 5135 semi-

2012 5187 2129 5251 nat,
2167 5179 2411 5253 pullulat
2453 5176 2609 5245 vitia,
2656 5174 3027 5249 cupiditatem
3073 5174 3344 5246 concipit,
3392 5175 3638 5246 ignomi-

1641 5326 1804 5394 Edit.
1842 5331 2051 5397 Oxon.
2086 5336 2279 5395 notae.

344 5453 446 5517 (72)
480 5450 576 5506 Jus
605 5458 801 5507 tractat
851 5453 1070 5508 vivendi
1116 5462 1162 5507 et
1214 5469 1325 5507 non
1370 5458 1574 5511 edendi.
1626 5463 1913 5516 Obscurus

272 5526 461 5577 locus.
494 5527 711 5577 PAMRL.

346 5599 447 5658 (73)
541 5599 972 5671 Transgressores
1072 5598 1366 5651 ordinaria
1466 5608 1915 5671 transgressionis.

279 5668 457 5719 Recte
519 5669 602 5719 sic
665 5669 930 5720 Erasmus
996 5682 1095 5733 pro
1160 5683 1227 5722 eo
1291 5675 1442 5737 quod
1506 5678 1589 5728 illi
1621 5668 1914 5729 'ordz'nari.

280 5740 505 5790 pAMBL.

346 5812 445 5869 (74)
469 5810 815 5862 Βαιὸοηαὺίιε.
840 5812 913 5863 Et
935 5810 1028 5861 hic
1056 5813 1113 5862 et
1141 5825 1307 5877 supra
1332 5816 1538 5870 alicubi
1569 5825 1728 5873 vetus
1755 5835 1923 5875 excu—

283 5894 399 5947 aus,
427 5880 479 5933 et
506 5881 846 5936 Remboldus
871 5880 1151 5937 rationali.
1188 5887 1408 5949 PAMEL.

2083 5463 2177 5526 (75)
2212 5463 2406 5515 Alteris
2442 5459 2650 5524 placere
2690 5457 2869 5509 debent
2905 5458 3000 5522 qui
3046 5455 3225 5505 alteris
3271 5455 3471 5526 uiuunt.
3511 5452 3647 5526 Hinc

2018 5525 2244 5601 quoque
2291 5535 2531 5599 genuina
2571 5534 2655 5603 est
2696 5531 2878 5603 lectio,
2922 5541 3021 5603 pro
3056 5539 3121 5603 eo
3165 5525 3469 5603 quodnon
3502 5525 3647 5603 male

2018 5595 2330 5657 Erae-mus?
2360 5622 2386 5651 «
2416 5602 2699 5654 Altaribus
2742 5602 2960 5663 placere
2988 5597 3211 5656 debent,
3240 5597 3335 5661 qui
3370 5596 3439 5644 de
3468 5595 3647 5643 altari-

2019 5679 2127 5729 bus
2154 5678 2367 5727 vivunt.
2394 5692 2421 5723 »
2448 5674 2666 5724 PAMEL.

2083 5749 2184 5813 (76)
2224 5748 2575 5798 Ministerium
2630 5747 2886 5793 nostrum.
2941 5742 3171 5792 Prorsus
3224 5740 3304 5813 sic
3351 5735 3651 5813 legendum

2024 5806 2152 5872 cum
2168 5806 2429 5872 'Morellio
2460 5831 2558 5887 pro
2586 5822 2836 5874 vestrum,
2868 5814 2998 5881 quia
3034 5812 3311 5865 consentit
3338 5806 3652 5874 Apostolus.

2024 5893 2245 5947 PAMEL.
