4032 6180
404 279 506 352 943

983 274 1074 344 Al)
1113 276 1334 345 OPERA
1363 289 1417 343 s.
1458 275 1771 343 cvpaum
1808 270 2104 340 GENUINA
2141 275 2427 338 APPEND.
2471 269 2537 336 ll.
2579 309 2648 320 -
2685 265 3162 336 SUPPOSITIT‘IA.

3641 267 3745 333 944

397 417 552 474 uiam
580 416 744 488 parit,
774 413 991 468 rabiem
1021 411 1285 477 concitat,
1321 409 1570 481 porrigit
1596 407 1830 472 furiam,
1859 403 2028 460 lasci-
2056 416 2112 488 Α
2205 405 2288 460 Ab
2319 405 2406 459 his
2433 405 2697 459 omnibus
2734 421 2849 459 non
2891 403 2998 458 nisi
3034 400 3329 474 splendido
3356 399 3747 470 singularitatis

402 513 548 565 viam
587 508 775 580 pascit,
811 506 1184 576 petulantiam
1229 505 1427 570 nutrit,
1462 519 1621 558 casus
1661 502 1871 556 exaltat
1904 501 2030 568 (77),

403 605 594 658 ruinas
644 600 908 662 aedificat,
967 599 1118 668 ripas
1167 598 1365 669 eripit,
1418 595 1734 668 przecipitia
1784 593 2033 658 instruit,

405 695 671 768 periculis
723 693 984 763 navigat,
1036 691 1354 762 naufragiis
1405 690 1666 754 veliticat,
1720 686 2036 759 perditione

407 789 638 859 gaudet,
697 787 993 841 interitum
1051 787 1220 851 fovet,
1274 783 1668 838 confusionem
1731 785 2035 845 mercatur,

406 881 745 938 tbesaurizat
785 879 1184 950 cpprohrium,
1229 877 1655 932 criminationes
1702 877 2034 946 exaggerat,

405 975 785 1031 accusationes
839 973 1193 1037 inflammat,
1250 978 1306 1025 et
1360 969 1689 1025 catervatim
1747 967 1921 1022 semel
1978 966 2036 1021 in

405 1071 612 1125 fascem
645 1069 972 1139 glomerans
999 1081 1331 1119 numerosas
1358 1063 1656 1134 indagines
1689 1061 2035 1132 captionum,

405 1180 513 1235 per
561 1161 781 1215 infinita
835 1159 1212 1226 dedecorum,
1281 1157 1618 1227 multiplices
1685 1162 1894 1210 mortes
1947 1155 2036 1208 in-

411 1255 566 1311 vehit
597 1254 704 1325 (78)
737 1255 793 1308 in
824 1253 1137 1324 perniciem
1166 1251 1541 1322 perditorum.

477 1355 583 1408 Tot
621 1352 808 1423 itaque
850 1355 907 1403 et
938 1355 1125 1403 tantas
1156 1356 1371 1419 strages
1399 1347 1736 1403 calamitatis
1775 1352 1832 1401 et
1870 1345 2042 1418 pessi-

408 1464 517 1503 mae
569 1443 760 1517 865
824 1442 1271 1498 conversationis
1331 1445 1442 1513 (79)
1495 1458 1663 1496 nemo
1707 1440 2038 1512 prosternit,

407 1556 578 1595 nemo
606 1538 801 1600 caleat,
831 1553 1002 1590 nemo
1040 1536 1309 1601 funestat,
1348 1536 1455 1589 nisi
1484 1534 1788 1606 singularis
1815 1533 2042 1587 castitas

407 1634 530 1688 sola
558 1650 570 1686 :
600 1647 728 1703 qua:
769 1630 1065 1684 munimen
1104 1629 1377 1683 invictum
1413 1633 1501 1682 est
1535 1627 1954 1691 sanctimoniae,
1986 1629 2044 1680 et

410 1723 754 1797 expugnatio
793 1722 954 1777 fortis
988 1721 1276 1786 infamiae;
1310 1721 1663 1776 fortitudinis
1700 1721 1960 1786 firmitas,
1987 1723 2045 1773 et

410 1781 651 1874 lascivire
720 1815 1024 1888 petulantis
1084 1781 1415 1883 inﬁrmitas;
1482 1814 1778 1886 probitatis
1844 1781 2122 1885 praesi-B

411 1913 588 1978 dium,
632 1915 688 1966 et
729 1908 1113 1981 improbitatis
1152 1909 1475 1978 excidium;
1525 1907 1735 1963 animae
1787 1906 2039 1974 victoria,

411 2012 469 2062 et
505 2003 757 2076 corporis
795 2003 1020 2074 praeda;
1054 2003 1278 2057 ubertas
1309 2003 1647 2072 gloriarum,
1691 2008 1746 2056 et
1778 2001 2044 2057 sterilitas

412 2101 716 2156 criminum
765 2095 898 2166 (80');
950 2096 1207 2166 pronuba
1263 2096 1596 2162 sanctitatis,
1641 2098 1696 2148 et
1739 2094 2043 2165 repudium

412 2191 826 2264 turpitudinis;
891 2190 1232 2244 sinceritatis
1304 2189 1618 2255 indicium,
1688 2194 1746 2243 et
1811 2188 2046 2242 abolitio

413 2286 808 2341 scundalorum
833 2301 848 2353 ;
880 2283 1215 2337 exercitium
1243 2282 1634 2349 continentiae,
1666 2289 1722 2337 et
1752 2282 2042 2337 evacuatio

419 2385 538 2435 tota
585 2378 862 2446 luxurias;
909 2393 1017 2448 pax
1064 2393 1263 2430 secura
1308 2376 1602 2442 virtutum,
1652 2379 1708 2430 et
1749 2375 2047 2430 debellatio

420 2473 608 2546 quieta
670 2471 987 2538 bellorum;
1049 2469 1312 2542 puritatis
1376 2471 1624 2538 culmen,
1689 2475 1746 2523 et
1800 2469 2049 2523 libidinis

422 2587 635 2638 carcer;
664 2568 978 2624 honestatis
1003 2574 1218 2638 portus,
1253 2574 1308 2622 et
1338 2567 1668 2639 ignominias
1703 2567 2049 2637 naufragalis

423 2666 608 2732 locus;
654 2661 1004 2733 virginitatis
1047 2667 1248 2729 mater,
1303 2665 1359 2715 et
1403 2661 1578 2714 hostis
1626 2660 2046 2728 immunditim;

421 2758 591 2812 lorica
633 2754 890 2826 pudoris,
939 2758 996 2809 et
1038 2754 1282 2825 spolium
1333 2753 1765 2824 probrositatis;
1808 2769 2048 2824 corrup-

421 2851 591 2905 tionis
618 2849 873 2912 exitium,
907 2864 1106 2902 murus
1139 2847 1347 2918 rigoris
1379 2851 1436 2901 et
1469 2847 1780 2902 destructio
1807 2846 2053 2917 vulgari-

424 2945 583 3012 tatis;
635 2942 955 2997 severitatis
1001 2941 1248 3012 gladius,
1300 2940 1684 3011 triumphator
1734 2944 1792 2994 et
1836 2939 2054 2995 occisor

422 3037 840 3104 dissolutionis;
862 3041 1153 3089 armatura
1177 3034 1401 3102 virium,
1423 3040 1480 3088 et
1502 3037 1862 3088 cxarmatura
1880 3034 2054 3088 ﬂuxo-

2134 502 2314 554 cultro
2357 502 2637 555 castratur
2681 499 2934 554 humana
2987 503 3207 563 natura,
3254 501 3312 550 ut
3360 495 3598 549 illibatos
3638 513 3748 567 spa-

2135 595 2314 650 dones
2340 595 2412 650 ad
2437 594 2752 649 convivium
2787 593 3099 647 sanctitatis
3127 590 3493 662 dispensante
3519 589 3746 643 circum-

2137 689 2348 745 cisione
2395 689 2742 744 introducat.
2791 687 2890 745 Cui
2941 686 3210 740 sanctitas
3255 685 3335 740 ita
3375 683 3632 757 promisit
3664 700 3750 738 an-

2135 784 2257 838 nuli
2284 784 2372 838 sui
2395 783 2648 854 nuptiale
2675 781 3057 852 signaculum,
3089 789 3150 834 ut
3175 781 3296 834 sine
3324 779 3450 850 ipsa
3473 777 3752 848 virginitas

2137 878 2476 948 resignetur,
2527 893 2655 946 quas
2700 892 2760 930 se
2799 877 2918 929 sola
2959 880 3228 929 contenta
3277 871 3604 944 cupidinem
3657 871 3747 926 do-

2139 977 2279 1039 mat,
2329 974 2697 1041 mentemque
2744 969 3030 1034 rectiﬁcat,
3078 966 3597 1038 concupiscentiam
3637 964 3752 1018 sub-

2139 1070 2264 1141 igit,
2314 1069 2596 1124 desideria
2646 1069 2861 1123 ardoris
2907 1067 3240 1136 exstinguit,
3287 1067 3446 1118 artus
3494 1061 3750 1131 debilitat,

2140 1181 2342 1235 corpus
2383 1164 2656 1220 ancillat:
2698 1168 2753 1217 et
2799 1162 2872 1215 ita
2918 1162 3162 1216 carnalia
3210 1156 3510 1228 crueifigit,
3553 1161 3609 1210 ut
3648 1163 3752 1210 tam

2141 1258 2420 1312 masculus
2463 1274 2632 1328 quam
2683 1257 2899 1311 femina
2934 1254 3200 1310 videatur
3237 1253 3296 1307 in
3335 1249 3755 1307 conversatione

2141 1352 2395 1420 mentiri,
2438 1352 2575 1406 dum
2615 1352 2737 1405 illos
2780 1350 3072 1420 utriusque
3117 1364 3279 1402 sexus
3319 1343 3650 1417 operatione
3676 1343 3758 1398 ab-

2141 1446 2307 1501 scidit
2361 1467 2371 1499 :
2421 1449 2520 1500 aut
2570 1450 2837 1499 neutrum
2883 1443 3097 1498 faciens
3141 1441 3212 1496 de
3257 1440 3503 1505 duobus,
3549 1437 3759 1492 tertiam

2141 1541 2384 1596 formam
2411 1540 2671 1594 conferre
2698 1537 2980 1609 gloriatur
3004 1535 3306 1604 ambobus,
3333 1540 3401 1588 ut
3431 1536 3564 1586 ante
3596 1548 3760 1586 resur-

2143 1635 2452 1689 rectionem
2490 1632 2918 1687 resurrectionis
2960 1630 3300 1702 imaginem,
3347 1628 3420 1683 ad
3461 1627 3641 1680 instar
3676 1641 3762 1680 an-

2144 1729 2401 1800 gelorum
2447 1726 2715 1782 meditari
2753 1731 3037 1780 noscatur.
3077 1724 3235 1789 Quod
3282 1723 3625 1795 promittens
3666 1718 3760 1773 Do-

2143 1821 2333 1876 minus
2363 1820 2638 1886 futurum,
2669 1819 2776 1884 Qui
2808 1819 2989 1890 digni,
3030 1817 3236 1890 inquit,
3265 1816 3559 1871 habentur
3588 1811 3763 1868 saeculi

2143 1916 2293 1971 illius
2314 1921 2370 1969 et
2393 1913 2829 1970 resurrectionis
2849 1930 2880 1966 a
2902 1911 3162 1979 mortuis,
3183 1928 3296 1965 non
3321 1907 3520 1983 866
3540 1907 3768 1970 nubent,

2142 2025 2329 2080 neque
2356 2008 2663 2074 nubentur,
2691 2024 2880 2078 neque
2915 2004 3069 2061 enim
3103 2005 3447 2059 morientur.
3477 2003 3617 2056 Nam
3645 2001 3761 2054 sunt

2146 2103 2358 2158 similes
2396 2103 2616 2173 angelis
2658 2101 2755 2156 Dei
2787 2119 2800 2156 :
2847 2100 2982 2172 quia
3017 2097 3456 2154 resurrectionis
3494 2096 3593 2150 filii
3627 2097 3760 2149 sunt.

2148 2199 2257 2252 Hoc
2297 2196 2477 2268 exigit
2511 2201 2706 2250 sancta
2749 2195 3114 2266 singularitas
3143 2193 3504 2260 clericorum,
3536 2195 3596 2245 ut
3629 2191 3765 2243 ante-

2149 2311 2320 2366 quam
2375 2294 2827 2364 transtiguretur,
2873 2293 2994 2364 jam
3051 2290 3459 2362 transfigurata
3515 2291 3765 2344 cernatur

2148 2388 2204 2443 in
2252 2388 2524 2458 angelica:
2571 2387 2837 2441 claritatis
2881 2388 3196 2456 aspectum,
3249 2400 3383 2455 qua:
3430 2382 3623 2438 omnia
3671 2377 3764 2435 sibi

2148 2485 2452 2552 amputans
2492 2479 2966 2551 concupiscentiae
3013 2478 3327 2533 certamina
3370 2477 3764 2548 deprredatur:

2150 2575 2312 2646 cujus
2341 2574 2538 2628 laudes
2579 2575 2849 2629 Salomon
2884 2573 3236 2644 exsequitur,
3268 2571 3466 2627 dicens
3493 2587 3506 2625 :
3541 2591 3568 2619 «
3595 2568 3768 2624 Melius

2151 2675 2235 2724 est
2278 2685 2396 2722 esse
2439 2668 2561 2722 sine
2611 2665 2740 2722 ﬁliis
2789 2684 2920 2722 cum
2974 2667 3251 2722 claritate.
3307 2688 3334 2715 ››
3389 2663 3768 2721 Immortalitas

2153 2766 2239 2816 est
2267 2761 2421 2815 enim
2456 2761 2512 2815 in
2551 2761 2824 2815 memoria
2858 2760 3006 2815 illius
3036 2761 3165 2831 (8t);
3188 2758 3324 2831 quia
3355 2763 3414 2814 et
3443 2757 3592 2830 apud
3614 2757 3769 2811 Deum

2154 2860 2284 2910 nota
2322 2860 2427 2922 est,
2459 2861 2514 2910 et
2553 2854 2708 2926 apud
2749 2855 3029 2910 homines.
3063 2854 3202 2908 Cum
3238 2868 3492 2924 prasens
3522 2856 3620 2918 est,
3655 2849 3768 2905 imi-

2155 2951 2356 3003 tantur
2399 2947 2580 3013 illam,
2622 2953 2676 3000 ct
2719 2946 3048 3002 desiderant
3083 2963 3229 3009 eam,
3269 2961 3403 3000 cum
3451 2962 3510 3000 se
3558 2943 3773 2999 abduxe-

2160 3041 2266 3107 rit;
2311 3046 2367 3096 et
2411 3041 2464 3096 in
2507 3045 2846 3112 perpetuum
2891 3045 3163 3094 coronata
3203 3039 3543 3110 triumphat,
3577 3037 3768 3092 incoin-

422 3149 586 3199 rum;
620 3129 968 3201 integritatis
1002 3127 1284 3198 dignitas,
1329 3133 1386 3182 et
1423 3127 1814 3182 fornicationis
1857 3127 2052 3181 addic-
2075 3147 2134 3220 Ο
2155 3135 2519 3207 (Ιυίηθιοι-υῃι
2548 3133 2928 3189 certaminum
2960 3133 3222 3205 prmlium
3253 3133 3510 3188 vincens.

425 3226 531 3291 tio;
565 3223 838 3279 claritatis
881 3221 1194 3292 fastigium,
1224 3227 1280 3276 et
1316 3221 1605 3275 dedecoris
1632 3221 2052 3292 praecipitium;

425 3322 682 3373 voluntas
725 3317 1005 3370 honorum
1056 3330 1317 3386 Operam,
1362 3316 1419 3367 et
1464 3314 1694 3368 afflictio
1742 3315 2054 3380 vitiorum;

2227 3230 2345 3283 Non
2383 3231 2466 3282 est
2499 3227 2619 3282 sine
2651 3228 2782 3282 filiis
2813 3244 2945 3282 cum
2976 3227 3250 3294 claritate,
3285 3227 3399 3281 nisi
3437 3221 3772 3297 singularite:

2157 3323 2295 3386 sola,
2327 3339 2500 3395 quam
2543 3339 2658 3376 non
2698 3322 2880 3376 solum
2924 3320 3274 3376 conscientia
3314 3337 3423 3374 sua
3467 3320 3632 3374 nullis
3671 3333 3771 3371 sor-

427 3409 789 3483 ret‘rigerium
816 3406 1123 3480 pudicitiie,
1154 3424 1320 3479 pmua
1355 3407 1720 3478 petulantiae;
1751 3407 2054 3480 acquisitio

2161 3416 2320 3472 dibus
2353 3416 2614 3482 maculat,
2648 3415 2742 3470 sed
2777 3416 2951 3470 etiam
2981 3415 3152 3469 nullm
3194 3413 3497 3484 opiniones
3527 3416 3773 3484 suspecta:

426 3505 870 3576 triumphorum,
903 3506 957 3557 et
990 3500 1308 3556 facinorum
1345 3499 1798 3570 detrimentum;
1834 3501 2058 3573 requies
2161 3509 2498 3582 plur-alimus
2543 3511 2650 3581 (32)
2696 3509 3000 3563 infamant,
3053 3508 3189 3563 Nam
3243 3508 3288 3562 εί
3337 3507 3592 3572 castitas,
3640 3502 3772 3577 quod

426 3599 638 3664 δαιίιῑῖδν
695 3603 749 3651 et
801 3594 1138 3666 lml'dllli'ml3
1193 3594 1490 3662 “Silium;
1545 3593 1652 3648 τίω
1699 3595 1963 3665 spiritus,
2006 3600 2062 3651 et
2163 3609 2250 3658 est
2281 3603 2529 3670 difficile,
2573 3603 2884 3657 masculum
2928 3611 2982 3656 et
3027 3600 3301 3656 feminam
3331 3600 3554 3672 pariter
3589 3598 3641 3654 iu
3675 3597 3770 3651 vir-

433 3697 622 3751 carnis
665 3694 958 3762 interitus;
1004 3699 1184 3747 status
1231 3692 1516 3764 qualitatis
1554 3693 1848 3764 angelicae,
1890 3693 2063 3747 funus
2166 3697 2398 3769 ginitale
2428 3702 2746 3762 censervet,
2770 3713 2883 3751 non
2919 3696 3097 3750 habet
3126 3695 3446 3748 claritatem
3473 3691 3771 3765 (83),qnam

429 3792 693 3844 humanas
774 3787 1119 3842 substantiae.
1211 3787 1387 3857 Hujus
1471 3786 1794 3841 retinaculis
1877 3787 2064 3841 omnis
2165 3791 2546 3845 communitas
2588 3789 2710 3861 ipsa
2754 3807 2863 3844 non
2910 3794 3091 3860 potest
3134 3787 3241 3842 nisi
3286 3787 3626 3859 quibusdam
3662 3801 3771 3856 pro-

429 3882 761 3938 obscoenitas
816 3882 1108 3948 frmnatur,
1173 3886 1228 3934 et
1286 3880 1653 3951 compedibus
1715 3881 1835 3951 ejus
1887 3881 2067 3935 calces
2167 3885 2503 3940 brositatum
2558 3883 2811 3938 tenebris
2867 3883 3192 3938 obscurare.
3250 3880 3622 3952 Singularitas
3664 3893 3772 3932 vero

430 3977 668 4032 furentis
700 3974 950 4030 libidinis
981 3978 1325 4029 statuuntur.
1368 3976 1427 4030 In
1469 3973 1613 4028 hanc
1649 3974 1802 4029 velut
1844 3973 1900 4028 in
1937 3991 2065 4030 sco—

437 4072 600 4142 pulos
640 4069 982 4140 franguntur
1022 4067 1274 4138 impetus
1313 4068 1736 4138 qualescunque
1770 4069 2067 4139 sanguinis

438 4163 806 4229 inundautis;
857 4165 916 4216 et
961 4161 1018 4215 iu
1075 4162 1165 4215 illa
1215 4162 1445 4215 sedatur
1491 4177 1764 4232 spumans
1813 4162 2069 4217 humoris

437 4256 658 4311 insania
697 4256 1030 4327 corporalis.
1074 4255 1211 4318 Quae
1252 4254 1388 4309 dum
1420 4254 1523 4308 sibi
1564 4255 1846 4310 subtrahit
1886 4256 2067 4310 admi-

448 4351 631 4406 nicula
661 4349 1148 4419 concupiscentia),
1186 4351 1414 4403 Mortua
1449 4349 1705 4402 membra
1731 4367 1828 4403 sua
1865 4365 2075 4422 cogno-

438 4445 616 4499 scitur
661 4443 915 4512 bajulare
948 4459 960 4497 :
992 4443 1064 4497 de
1103 4441 1311 4513 quibus
1355 4443 1644 4513 apostolus
1685 4443 1892 4499 Paulus
1931 4461 2068 4515 prte—

2169 3979 2247 4033 ita
2273 3979 2430 4033 clara
2467 3983 2554 4032 est
2583 3975 2848 4031 omnibus
2880 3980 2941 4031 et
2979 3981 3218 4042 exserta,
3253 3978 3313 4030 ut
3353 3974 3570 4030 cunctis
3607 3973 3770 4044 splen-

2172 4071 2308 4127 dore
2337 4073 2418 4126 sui
2443 4070 2706 4125 candoris
2733 4088 2874 4142 pura
2902 4068 3299 4124 manifestetur
3325 4071 3385 4122 et
3411 4068 3617 4123 lucida.
3638 4063 3772 4120 Unde

2171 4166 2247 4221 sic
2285 4182 2387 4220 nos
2429 4164 2732 4235 Apostolus
2773 4164 2990 4226 edocet,
3021 4163 3214 4216 dicens
3241 4183 3252 4215 :
3281 4183 3310 4212 κ
3347 4161 3503 4216 Sicut
3530 4160 3622 4215 ﬂlii
3657 4156 3772 4213 lucis

2173 4258 2460 4314 ambulate
2494 4275 2507 4312 ε
2544 4259 2756 4312 fructus
2789 4256 2938 4310 enim
2983 4255 3216 4310 luminis
3246 4261 3332 4310 est
3363 4255 3419 4310 in
3453 4255 3604 4310 omni
3631 4247 3771 4307 boui-

2174 4358 2311 4408 tate.
2343 4359 2398 4405 et
2429 4352 2671 4422 justitia,
2711 4354 2766 4404 et
2797 4351 3054 4416 veritate,
3097 4348 3409 4422 probantes
3449 4347 3594 4419 quod
3631 4347 3774 4400 bene-

2178 4446 2443 4516 placitum
2488 4444 2558 4498 sit
2600 4444 2717 4498 Deo
2760 4445 3000 4513 (Ephes..
3045 4460 3095 4511 v,
3143 4445 3195 4511 8,
3243 4443 3319 4499 9i.
3365 4462 3393 4494 ι)
3449 4444 3515 4500 Et
3548 4442 3770 4495 iterum:

441 4541 652 4603 mouet,
701 4537 900 4591 dices
943 4554 956 4590 :
1001 4557 1029 4585 τι
1074 4536 1398 4591 Mortificate
1437 4552 1576 4606 ergo
1622 4537 1897 4606 membra,
1939 4511 2198 4609 quzeDu
2241 4539 2461 4601 Omnia,
2494 4537 2700 4609 inquit,
2735 4537 2901 4592 facile
2948 4538 3066 4591 sine
3109 4535 3560 4591 murmuratione
3596 4539 3650 4588 et
3676 4532 3771 4586 bir-

439 4639 572 4688 sunt
614 4648 786 4703 super
824 4636 1080 4696 terram;
1119 4629 1572 4697 fornicationem,
1619 4629 2067 4697 immunditiam,

441 4726 756 4788 libidinem,
808 4723 1318 4795 concupiscentiam
1379 4724 1614 4792 malam,
1650 4726 1708 4778 et
1752 4725 2067 4792 avaritiam,

438 4837 564 4892 qua-
601 4825 690 4874 est
729 4818 1014 4873 idolomm
1058 4817 1316 4883 servitus,
1351 4824 1591 4890 prOpter
1626 4834 1754 4889 qum
1797 4821 1952 4874 venit
1987 4821 2072 4875 ira

441 4916 534 4971 Dei
568 4915 812 4984 (601035.,
845 4928 927 4980 tu,
960 4913 1033 4984 δι).
1067 4934 1094 4962 ››

2171 4632 2458 4698 sitatione,
2523 4637 2579 4686 et
2641 4630 2762 4685 sitis
2827 4629 3358 4702 irreprohcnsibiles
3405 4636 3460 4685 et
3523 4625 3772 4699 simplices

2171 4727 2315 4780 sicut
2353 4726 2451 4780 lilii
2493 4724 2588 4780 Dei
2628 4725 2980 4780 immaculati
3013 4725 3068 4779 in
3103 4723 3296 4780 medio
3330 4722 3574 4780 nationis
3611 4731 3773 4794 prava!

2173 4828 2226 4876 et
2258 4836 2557 4892 perversze.
2600 4817 2748 4872 inter
2793 4835 2932 4890 quos
2977 4818 3175 4873 lucetis
3217 4818 3362 4872 sicut
3403 4813 3691 4872 luminaria
3724 4809 3770 4864 in

2172 4915 2388 4969 mundo
2420 4914 2704 4985 (Philipp,
2746 4927 2807 4980 ιι,
2850 4913 2936 4978 14,
2982 4911 3088 4981 {5).
3121 4934 3147 4960 »ι
3187 4912 3276 4968 Sic
3309 4908 3517 4984 ubique
3553 4903 3770 4979 singula-

1805 5001 1968 5065 Edit.
2003 5004 2211 5069 Oxon.
2245 5009 2442 5067 nota).

502 5097 597 5159 (77)
647 5097 813 5147 Casus
872 5095 1094 5145 exultat.
1146 5093 1286 5144 Male
1337 5093 1593 5144 Erasmus
1647 5109 1817 5154 casas,
1882 5109 2068 5160 neque

443 5182 572 5219 vero
621 5169 789 5218 etiam
845 5167 1059 5231 placet.
1109 5165 1259 5230 quod
1311 5167 1554 5229 reposuit
1609 5167 1726 5231 ipse
1781 5183 1792 5215 :
1854 5171 2077 5230 rapinas

442 5241 635 5302 exigit,
685 5253 780 5303 pro
834 5252 900 5289 eo
948 5237 1097 5304 quod
1155 5238 1233 5286 illi
1289 5238 1640 5300 μεταφορικῶς,
1697 5241 1848 5304 ripas
1901 5241 2073 5306 eripit.

470 5316 484 5341 )

470 5316 484 5341 )

446 5313 664 5446 1????“
693 5378 1002 5442 Multiplices
1076 5383 1263 5428 mortes
1340 5377 1550 5427 invehit.
1628 5379 1802 5429 Vetus
1885 5394 2075 5432 excus.

443 5452 699 5518 simplices
740 5455 950 5499 mentes.
984 5450 1327 5501 Remboldus
1368 5453 1422 5499 et
1459 5450 1552 5499 alii
1596 5451 1846 5515 plerique
1876 5452 2082 5516 simpli-

443 5537 522 5575 ces
548 5529 754 5580 mortes,
783 5536 880 5585 pro
911 5536 1022 5586 quo
1061 5523 1297 5572 Gravius
1331 5525 1383 5572 et
1408 5521 1618 5572 Manut.
1650 5537 1852 5585 morer;
1883 5524 2080 5574 Morel-

445 5599 552 5646 lius
581 5601 768 5646 autem
812 5593 1124 5660 multiplices
1153 5600 1366 5652 mortes,
1411 5595 1558 5659 quod
1596 5595 1777 5659 placet
1818 5597 2078 5646 maxime.

473 5674 612 5698 ιιυυ

473 5674 485 5698 ,
599 5681 612 5690 .

447 5671 466 5720 ι
723 5739 952 5802 pestium:
976 5738 1400 5788 conversationis.
1434 5737 1784 5802 lnterjecerat
1815 5737 2080 5790 Rembol-

445 5811 550 5860 dus
578 5810 766 5860 denuo
785 5815 1004 5872 strages,
1037 5809 1134 5859 sed
1163 5823 1275 5860 non
1307 5813 1391 5860 est
1416 5823 1574 5874 opus.
1605 5810 1828 5861 PAMRL.

512 5880 616 5955 (80)
650 5881 714 5936 Et
742 5879 996 5941 sterilitas
1030 5880 1328 5948 criminum.
1369 5878 1508 5937 Haec
1550 5879 1718 5936 lectio
1751 5883 1859 5939 vet.
1888 5891 2081 5940 exeas.

2179 5099 2428 5162 genuina
2472 5099 2570 5156 est,
2609 5096 2739 5161 quia
2781 5094 3044 5160 precedit
3087 5093 3319 5156 ubertas,
3370 5105 3468 5158 pro
3508 5098 3626 5156 qua,
3667 5095 3771 5138 eum

2178 5168 2521 5221 Remboldus
2551 5168 2762 5234 legeret
2799 5167 3087 5232 cupiditas,
3115 5167 3357 5232 reposuit
3384 5163 3634 5214 Erasmus
3665 5168 3770 5219 cap-

2179 5242 2376 5292 tivitas.
2406 5240 2623 5289 PAMEL.

2243 5313 2338 5372 (8|)
2383 5308 2765 5360 lmmortolitas
2807 5308 2942 5359 enim
2982 5314 3055 5358 est
3098 5309 3354 5358 memoria
3395 5303 3554 5355 illius.
3597 5299 3767 5374 Contra

2177 5382 2270 5433 hic
2309 5387 2458 5432 recte
2492 5395 2602 5431 non
2647 5384 2832 5445 posuit
2862 5380 3129 5430 Erasmus
3167 5375 3534 5428 immortalitas
3565 5377 3632 5422 est
3656 5379 3768 5445 enim

2179 5455 2436 5504 memoria
2489 5439 2664 5513 illius;
2723 5452 2852 5516 quia
2909 5451 3046 5500 illud
3110 5451 3382 5514 reperitur
3445 5445 3510 5494 ad
3570 5439 3765 5516 verbum

2179 5525 2388 5577 Graece.
2425 5524 2595 5574 Recte
2629 5509 2814 5573 tamen
2855 5522 2969 5586 ipse
2999 5524 3124 5586 quia
3154 5509 3252 5585 pro
3279 5532 3422 5585 quer;
3443 5517 3623 5568 Graece
3646 5509 3767 5562 enim

2179 5601 2264 5646 est.
2289 5594 2376 5642 ὅτι.
2415 5594 2634 5643 ιἈΜει..

2247 5667 2340 5728 t82)
2393 5665 2652 5728 Suspecta
2697 5663 3053 5729 pluruliiaiis.
3099 5663 3337 5716 Rursum
3382 5659 3474 5709 hic
3518 5651 3760 5722 legebatur

2186 5751 2252 5789 ex
2299 5736 2509 5786 mendo
2544 5736 2972 5787 cod.Remboldi
3004 5735 3322 5801 parilitatis.
3347 5732 3552 5785 Parant.

2245 5808 2343 5871 (83)
2379 5809 2495 5860 Non
2528 5807 2681 5859 habet
2717 5805 3030 5863 claritatem.
3063 5807 3181 5878 Ego
3219 5806 3557 5876 negationem
3595 5803 3760 5870 super

2183 5879 2352 5938 ﬂuam
2389 5891 2608 5936 censeo.
2639 5879 2860 5940 Pun.
