4012 6194
247 200 350 268 943

1357 205 1442 266 DE
1483 203 2018 268 StNGUi.ABIT.\l'E
2037 233 2039 236 ⁴
2055 197 2507 266 CLEltKDRUX.

3493 199 3598 262 θη

235 332 378 390 ritas
430 328 709 406 splendet,
758 337 821 389 ut
873 347 1073 389 omnes
1120 349 1222 406 pro
1276 329 1370 389 illa
1416 331 1719 406 splendere
1767 348 1880 388 non
1905 327 2284 418 Aesquirere
2348 326 2667 403 triumphos
2720 324 3050 400 agnoverit;
3117 321 3262 383 sicut
3321 316 3440 398 ipse
3486 326 3607 398 jam

238 427 509 484 dubitent
545 427 684 502 (84);
727 433 786 484 et
827 429 903 486 ita
944 429 1307 486 sanctitatem
1347 428 1405 486 in
1435 426 1740 500 semetipsa
1770 429 1873 481 cla.

233 522 459 590 rificat,
511 530 572 578 ut
618 525 846 582 laudem
896 522 1003 578 sibi
1047 521 1118 577 ab
1167 523 1306 594 ipsis
1356 538 1580 594 quoque
1629 521 1875 576 inimicis

236 620 603 690 extorqueat.
631 617 796 684 Quod
829 618 1074 676 maxime
1102 617 1172 672 de
1203 617 1506 688 praeposito
1534 631 1875 688 quocunque

234 711 452 767 Paulus
481 712 768 784 apostolus
811 712 1062 779 mandat,
1102 709 1327 767 dicens:
1364 733 1389 761 ‹‹
1420 711 1656 783 Oportet
1683 715 1876 765 autem

238 823 378 861 enm
413 812 470 861 et
501 806 889 864 testimonium
919 805 1127 862 habere
1153 806 1368 863 bonum
1397 805 1467 860 ab
1499 805 1588 858 his
1612 804 1706 876 qui
1742 804 1878 859 foris

237 904 401 968 sinit,
456 907 514 955 ut
565 917 681 955 non
727 901 784 956 in
827 900 1199 972 opprobrium
1244 899 1455 954 incidat
1508 902 1566 953 et
1607 899 1877 970 laqueum

237 993 460 1048 diaboli
489 994 532 1065 (Ι
577 997 738 1061 Tim.,
771 1011 851 1062 ιιι,
890 997 963 1065 7).
1002 1016 1029 1044 ››
1076 995 1228 1048 [lane
1263 993 1440 1065 igitur
1473 996 1686 1060 amate,
1734 992 1880 1046 hanc

238 1093 465 1155 tenete,
511 1105 638 1159 qua:
685 1088 804 1143 sola
847 1091 1031 1160 potest
1075 1087 1316 1143 feminas
1363 1085 1646 1141 debellare
1689 1101 1702 1141 :
1752 1102 1876 1139 cuin

240 1181 445 1237 adhuc
468 1181 928 1254 concupiscentia
957 1181 1111 1236 nulla
1133 1188 1330 1253 pectus
1358 1180 1643 1252 impnlsat,
1666 1186 1720 1234 et
1744 1180 1880 1233 dum

239 1275 438 1331 adhuc
488 1275 819 1348 simplicitas
863 1275 1186 1346 incorrupta
1229 1281 1526 1347 permanet
1559 1273 1644 1328 vel
1672 1273 1879 1344 tlttit'la,

237 1368 310 1423 ad
361 1376 597 1424 secretae
643 1369 1053 1440 singularitatis
1100 1368 1339 1423 tutelam
1381 1369 1490 1424 cito
1539 1368 1880 1436 concurrite,

239 1479 316 1519 ne
351 1463 714 1535 postmodum
747 1479 860 1517 non
895 1462 1122 1518 valeatis
1152 1462 1424 1534 effugere.

314 1556 816 1628 Prteoccupandus
869 1561 953 1614 est
1009 1556 1196 1611 aditus
1239 1556 1456 1610 cunctis
1513 1554 1751 1621 insidiis,
1814 1570 1884 1612 ne

236 1651 533 1705 ho=tilitas
613 1650 770 1722 prior
848 1650 1133 1722 obrepens
1204 1656 1461 1706 occurrat
1530 1649 1880 1720 improvidis.

1975 434 2111 486 tunc
2155 445 2264 500 per
2291 428 2658 485 Salomonem
2689 429 2910 486 locutus
2938 436 3041 496 est,
3070 428 3262 484 dicens
3295 448 3305 482 :
3341 448 3368 478 ι
3401 432 3608 484 Amans

1976 528 2315 600 periculum,
2345 528 2400 582 in
2424 529 2548 599 ipso
2577 526 2784 598 peribit
2812 528 3016 594 (Eucti,
3047 542 3125 594 ιιι,
3156 527 3264 595 27).
3291 547 3317 574 »ι

2049 621 2257 677 Ordine
2320 638 2422 677 suo
2475 621 2673 692 igitur,
2726 637 2840 678 non
2891 625 3084 674 nostro
3138 619 3370 674 arbitrio
3427 619 3608 673 virtus

1977 715 2154 770 sancti
2181 715 2422 786 Spiritus
2446 715 2825 781 ministra-tur,
2855 720 2914 767 et
2943 712 3253 767 secundum
3284 713 3607 768 institutum

1979 809 2101 879 ejus
2142 808 2338 880 prmlia
2384 811 2814 880 prosperantur.
2862 807 3164 878 Nunquam
3205 806 3311 860 uisi
3352 806 3609 877 praecipi-

1981 907 2131 956 tatus
2177 902 2462 956 exercitus
2502 900 2728 966 cecidit,
2779 899 2874 972 qui
2921 900 3118 953 avidus
3163 899 3384 953 fortiter
3428 901 3611 954 facere

1981 994 2139 1050 ducis
2167 994 2280 1067 (86)
2306 996 2392 1050 vel
2417 994 2786 1066 imperatoris
2819 993 2911 1047 sui
2941 992 3340 1064 dispositiones
3372 992 3606 1063 irrupit;

1982 1088 2162 1144 multo
2209 1087 2394 1160 magis
2442 1102 2745 1158 perperam
2795 1085 2902 1156 (R7)
2951 1087 3152 1154 erogat
3195 1083 3609 1150 fo-rtihidinem,

1982 1183 2077 1254 qui
2129 1181 2250 1237 sine
2308 1181 2483 1236 armis
2531 1179 2810 1234 doctrinae
2863 1178 3118 1249 niagistri
3173 1176 3414 1248 Spiritus
3463 1193 3611 1248 pra:-

1983 1275 2289 1346 sumj‘iserit
2323 1272 2700 1345 triumphare,
2749 1290 2877 1326 cum
2926 1272 3124 1327 dicat:
3168 1292 3195 1321 α
3241 1272 3328 1324 ναι
3371 1271 3467 1342 qui
3514 1285 3616 1342 per

1985 1367 2487 1440 praesumptionem
2503 1384 2665 1421 suam
2687 1365 2900 1438 aliquid
2925 1364 3160 1432 faciunt,
3184 1382 3295 1419 non
3318 1381 3419 1436 per
3437 1365 3616 1420 Deum

1985 1464 2194 1533 (Eccie.,
2232 1478 2304 1529 vi,
2339 1462 2414 1531 9).
2447 1481 2472 1511 ι

2060 1562 2117 1617 Si
2167 1577 2277 1633 qua
2315 1561 2496 1631 igitur
2523 1559 2581 1614 in
2611 1559 2766 1613 vobis
2797 1564 2882 1613 est
2920 1556 3121 1612 fiducia
3153 1556 3356 1610 virium
3388 1555 3618 1626 spirita-

1984 1655 2149 1720 lium,
2173 1655 2316 1726 quid
2348 1653 2630 1725 spiritales
2657 1652 2854 1707 deceat
2886 1650 3263 1706 recordamini
3291 1649 3400 1721 (88)
3437 1665 3449 1702 :
3491 1651 3547 1701 et
3574 1647 3622 1702 si

235 1745 508 1800 Salutare
574 1743 891 1799 remedium
956 1748 1039 1798 est
1100 1743 1416 1815 praevenire
1471 1742 1659 1814 potius
1713 1759 1881 1813 quam
1904 1713 1961 1786 Β
1985 1713 2215 1804 creditis
2245 1764 2340 1801 vos
2367 1713 2702 1819 spiritaliter
2727 1745 2990 1809 militare,
3023 1713 3310 1814 agnoscite
3345 1741 3499 1813 quod
3527 1741 3620 1793 do-

236 1837 556 1910 prmveniri
604 1854 617 1892 :
667 1841 725 1892 et
769 1837 1079 1908 anticipare
1121 1836 1306 1909 potius
1351 1853 1521 1908 quam
1562 1835 1883 1906 anticipari,

235 1931 465 1986 viribus
506 1931 748 1986 fortibus
789 1931 1073 2001 congruit.
1115 1929 1451 2002 Ubicunque
1489 1929 1664 1983 fuerit
1693 1928 1883 1998 provi-

239 2025 472 2092 dentia,
503 2026 850 2079 frustrantur
887 2024 1145 2078 universa
1187 2023 1506 2090 contraria;
1547 2023 1645 2077 ubi
1689 2029 1885 2076 autem

237 2118 610 2189 providentia
649 2118 983 2189 negligitur,
1025 2118 1218 2172 omnia
1259 2117 1546 2172 contraria
1581 2116 1887 2170 dominan-

238 2216 366 2266 tur.
399 2217 541 2265 Ante
566 2212 773 2266 famem
805 2219 1108 2278 certamus,
1133 2217 1266 2266 ante
1295 2210 1546 2282 inopiam
1577 2209 1886 2264 laborando

238 2305 586 2376 fatigamus.
610 2305 700 2359 Sic
724 2322 828 2376 per
853 2305 1045 2360 omnia
1075 2304 1485 2358 calamitatibus
1509 2301 1696 2376 867
1725 2319 1890 2356 cunc-

247 2400 322 2452 tis
358 2398 615 2452 tollimus
637 2399 846 2466 locum,
870 2399 1006 2453 dum
1036 2397 1287 2469 gerimus
1306 2397 1718 2468 providentiam
1744 2399 1887 2449 tem-

1985 1858 2178 1895 cemus
2216 1857 2330 1896 non
2371 1856 2492 1895 esse
2521 1839 2774 1905 carnale,
2806 1837 2953 1891 sicut
2979 1837 3182 1890 Paulus
3211 1836 3498 1906 apostolus
3528 1834 3618 1888 lo-

1985 1935 2200 2006 quitur,
2230 1933 2421 1988 dicens
2454 1950 2468 1987 :
2499 1955 2528 1982 u
2567 1932 2622 1988 Si
2663 1931 2788 2004 quis
2823 1934 2986 2001 putat
3016 1947 3075 1983 se
3105 1929 3442 1999 prophetam
3473 1943 3619 1996 esse,

1984 2031 2083 2082 aut
2121 2027 2453 2098 spiritalem,
2481 2030 2792 2096 cognoscat
2818 2040 2945 2095 quae
2990 2022 3172 2076 scribo
3203 2021 3362 2075 vobis
3401 2023 3438 2090 tl
3472 2019 3618 2083 Con,

1987 2139 2095 2188 xxv,
2125 2121 2235 2190 37).
2276 2143 2303 2171 ι)
2345 2123 2470 2176 Νοιι
2509 2124 2594 2173 est
2633 2119 2787 2190 quod
2831 2116 2986 2171 vobis
3027 2117 3082 2170 in
3124 2116 3226 2169 hac
3259 2114 3620 2184 persuasione

1987 2215 2312 2286 deceptoria
2367 2212 2774 2279 blandiamini,
2831 2214 2896 2265 ut
2947 2211 3080 2281 quia
3133 2208 3415 2280 spiritales
3465 2206 3618 2273 estis,

1989 2309 2171 2364 velitis
2201 2308 2349 2362 inter
2391 2307 2811 2376 tlagitiosorum
2843 2307 3208 2358 armamenta
3245 2306 3356 2371 (89)
3389 2301 3619 2367 versari,

1988 2418 2094 2457 nec
2138 2419 2238 2457 vos
2293 2401 2574 2456 inhabiles
2616 2415 2735 2453 esse
2781 2414 2886 2469 pro
2935 2397 3232 2450 clericatus
3280 2395 3557 2466 dignitate
3605 2409 3618 2448 :

239 2509 463 2566 porum
498 2493 838 2547 futurorum.
865 2491 1089 2556 Quanto
1118 2491 1300 2562 magis
1328 2497 1457 2544 ante
1488 2489 1886 2562 praevenienda

1995 2502 2126 2572 quia
2156 2500 2401 2570 majores
2445 2497 2757 2569 majoribus
2791 2498 3208 2550 consueverunt
3235 2492 3623 2547 conflictiones

238 2593 332 2642 θεῖ
391 2585 547 2642 omni
596 2586 920 2657 Ρνονλδίοαθ
968 2585 1263 2640 calamitas
1304 2584 1685 2652 feminarum;
1727 2583 1890 2653 cuius
1989 2611 2307 2649 occurrere.
2353 2592 2547 2648 Acrius
2595 2590 2864 2646 divitibus
2907 2605 3085 2660 quam
3142 2587 3486 2658 pauperibus
3532 2585 3618 2638 in-

238 2680 462 2752 cupido
513 2680 561 2733 si
615 2679 934 2734 admittitur
988 2679 1259 2750 incipere,
1313 2693 1608 2748 nunquam
1661 2692 1886 2747 prorsus

1995 2689 2234 2754 videtur,
2284 2693 2340 2742 et
2394 2703 2505 2740 non
2561 2685 2782 2756 inopes,
2833 2683 2930 2737 sed
2984 2681 3292 2752 locnpletes
3341 2679 3622 2752 inquietat

240 2773 463 2844 accipit
542 2773 762 2828 tinem?
823 2773 994 2844 Cujus
1062 2770 1556 2843 comparationem
1619 2771 1886 2825 Salomon

1995 2781 2276 2837 infestatio
2301 2797 2447 2834 saava
2476 2777 2670 2852 868
2698 2779 3009 2831 latronum.
3035 2775 3166 2830 Plus
3193 2773 3364 2828 duces
3385 2780 3439 2827 et
3460 2773 3617 2842 prin-

240 2868 522 2939 explicat,
566 2866 759 2920 dicens
791 2882 805 2922 :
838 2891 865 2916 ιι
913 2866 1193 2932 Infernus,
1237 2869 1294 2919 et
1332 2880 1499 2918 amor
1537 2862 1809 2931 mulieris,
1839 2865 1895 2917 rt
1991 2876 2144 2946 cipes
2206 2891 2376 2946 quam
2442 2873 2649 2927 milites
2699 2869 2770 2924 ab
2822 2869 3082 2924 hostibus
3146 2872 3501 2939 appetuntur
3562 2866 3621 2921 in

242 2968 412 3016 terra
450 2978 577 3032 quas
625 2977 736 3014 nun
783 2960 1021 3014 satiatur
1067 2975 1234 3030 aqua,
1281 2961 1338 3011 el
1369 2957 1515 3028 ignis
1554 2973 1668 3011 non
1709 2956 1888 3011 δῖοίίῖ
1991 2985 2225 3040 pugna:
2259 2974 2314 3022 et
2349 2965 2689 3022 violentibus
2722 2963 3122 3035 propulsentur
3149 2961 3328 3015 ventis
3357 2963 3415 3015 et
3444 2959 3619 3013 turbi-

241 3054 476 3111 Sufticit
501 3054 706 3126 (Prom,
731 3071 856 3119 xxx,
885 3057 970 3120 15,
1003 3055 1137 3122 16).»
1157 3051 1553 3122 Unusquisque
1583 3050 1768 3121 itaque
1795 3047 1886 3121 qui

1995 3062 2161 3116 nibus
2186 3061 2456 3126 culmina,
2489 3074 2844 3130 quaecunque
2869 3065 3001 3109 sunt
3026 3054 3249 3109 altiora.
3282 3052 3408 3108 ldeo
3437 3051 3623 3123 magis

240 3165 495 3203 securus
538 3151 622 3201 est
668 3147 802 3219 quia
851 3146 1097 3201 necdum
1143 3148 1410 3208 tentatur,
1458 3145 1653 3197 timeat
1698 3160 1712 3198 :
1757 3145 1892 3214 quia

243 3242 405 3297 nihil
437 3241 510 3295 de
539 3259 604 3296 eo
637 3241 862 3307 dicitur,
898 3239 1201 3311 prospiciat
1229 3255 1299 3292 ne
1327 3237 1550 3292 dicatur
1580 3253 1593 3290 :
1627 3236 1894 3291 Homines

240 3352 482 3400 sumus,
531 3335 900 3405 fragilitatem
946 3340 1194 3387 nostram
1243 3348 1414 3386 carne
1454 3335 1764 3402 portamus.
1806 3330 1894 3384 Sic

1994 3155 2290 3226 magisque
2344 3171 2455 3225 quo
2520 3152 2648 3223 plus
2703 3149 2921 3204 caeteris
2980 3147 3369 3219 unusquisque
3415 3151 3622 3218 potest,

1994 3251 2131 3303 sciat
2172 3265 2295 3302 esse
2326 3247 2431 3300 sibi
2471 3244 2844 3300 metuendum
2878 3259 2949 3296 ne
2979 3242 3034 3296 iu
3071 3242 3258 3312 aliquo
3286 3241 3623 3307 minoretur,

1994 3349 2230 3414 propter
2259 3341 2408 3412 quod
2441 3340 2712 3394 Salomon
2751 3338 2830 3391 sic
2861 3335 3156 3401 admonet,
3187 3334 3383 3388 dicens
3415 3350 3428 3388 :
3465 3353 3492 3384 α
3519 3331 3626 3396 Qui

231 3431 366 3502 jam
422 3428 676 3500 undique
721 3445 822 3481 nos
865 3427 1268 3497 circumspecta
1311 3425 1605 3479 vivacitate
1651 3423 1890 3478 circum-

241 3524 392 3577 dare
424 3521 703 3575 debemus
732 3527 788 3576 et
808 3522 1060 3592 cingere,
1086 3523 1147 3574 ut
1171 3537 1280 3573 non
1304 3519 1376 3572 sit
1404 3535 1530 3588 pars
1551 3517 1744 3588 aliqua
1765 3533 1893 3587 quae

239 3619 510 3676 vacillet.
533 3619 851 3690 Accipimus
878 3619 1110 3690 quidem
1139 3617 1534 3672 fortitudinem
1556 3614 1892 3686 spiritalem,

239 3732 357 3788 per
405 3729 578 3784 quam
631 3713 961 3767 substantiae
1004 3715 1211 3766 nostris
1254 3710 1532 3782 fragilitas
1573 3708 1891 3762 roboratur.

242 3809 369 3866 Sed
432 3808 516 3861 ita
568 3807 730 3861 nobis
785 3805 1058 3877 spiritalis
1108 3805 1383 3860 fortitudo
1436 3803 1635 3858 collata
1683 3805 1787 3869 est,
1837 3804 1898 3855 ut

240 3901 554 3975 providos,
594 3917 706 3955 non
752 3907 811 3954 ut
855 3899 1177 3972 praseipites
1221 3903 1448 3953 tueatur
1485 3897 1596 3969 (85)
1632 3913 1645 3950 :
1677 3899 1742 3950 ut
1771 3895 1896 3949 illos

242 3994 489 4052 muniat
513 3994 610 4066 qui
638 3995 968 4048 renuntiant
997 3991 1516 4064 importunitatibus
1535 3991 1894 4055 delictorum,

253 4107 380 4144 non
431 4105 532 4142 eos
567 4089 753 4159 quise
790 4087 970 4158 magis
1010 4087 1349 4157 importunis
1390 4085 1611 4139 delictis
1654 4084 1893 4138 immer-

239 4185 430 4256 gunt.
477 4182 674 4236 Custos
715 4181 879 4236 nobis
921 4181 1086 4235 datus
1128 4185 1214 4234 est
1248 4178 1496 4250 spiritus,
1529 4179 1622 4232 sed
1668 4181 1731 4230 ut
1765 4193 1897 4230 con-

239 4276 442 4331 traria
484 4275 900 4329 declinantibus
943 4273 1260 4327 assistendo
1307 4271 1627 4338 subveniat,
1679 4286 1788 4324 non
1836 4273 1899 4324 ut
1996 4283 2254 4338 videatur
2294 4289 2487 4337 tenere
2531 4280 2814 4352 proximas
2857 4294 3002 4344 θυαε,
3045 4279 3109 4331 ιιι
3154 4276 3408 4347 ipsarum
3456 4291 3627 4328 causa,

237 4367 553 4425 contraria
587 4368 927 4438 eligentibus
966 4367 1177 4435 faveat;
1219 4384 1321 4420 nec
1353 4369 1417 4419 ut
1459 4361 1804 4420 voluntarios
1840 4367 1886 4418 ei

1996 4378 2168 4432 libere
2203 4375 2307 4429 sibi
2355 4375 2622 4429 adhibeat
2662 4374 2877 4426 alienas
2920 4389 2932 4426 :
2977 4369 3127 4441 quod
3168 4369 3215 4424 si
3247 4385 3361 4423 non
3406 4367 3624 4440 possint

240 4479 478 4536 pronos
533 4461 586 4516 in
634 4461 870 4516 adversa
921 4461 1218 4527 confortct,
1269 4459 1366 4514 sed
1419 4463 1484 4512 ut
1531 4457 1600 4513 ab
1649 4455 1886 4511 adVersis

1999 4470 2136 4542 ipsae
2175 4486 2302 4540 qua:
2341 4474 2475 4522 sunt
2515 4466 2790 4538 proximae
2825 4465 2951 4518 sine
2997 4463 3336 4518 famularum
3372 4461 3624 4514 ministe-

237 4563 518 4617 nitentes
545 4559 797 4630 separari
828 4559 1145 4614 conﬁrmet.
1176 4558 1317 4612 Nam
1351 4555 1678 4627 quicunque
1706 4554 1886 4625 perni-

2000 4565 2106 4631 rio,
2154 4565 2238 4617 vel
2297 4564 2420 4616 sine
2465 4561 2778 4616 amicarum
2836 4575 2954 4612 esse
3011 4556 3233 4623 solatio,
3288 4553 3523 4624 expedit
3566 4558 3630 4608 ut

236 4656 430 4711 ciusis
477 4654 776 4709 conatibus
813 4653 982 4707 audet
1021 4668 1283 4706 exercere
1319 4650 1605 4714 virtutem,
1631 4649 1886 4718 juvamer

2004 4658 2255 4728 migrent
2289 4657 2360 4710 ad
2404 4654 2558 4708 aliud
2608 4651 2986 4718 domicilium,
3018 4666 3193 4721 quam
3235 4651 3468 4720 prOpter
3508 4647 3630 4700 illas

239 4772 370 4810 non
418 4751 592 4807 habet
635 4751 876 4822 Spiritus
921 4749 1118 4815 sancti,
1166 4748 1265 4818 qui
1309 4746 1604 4802 neminem
1655 4745 1767 4799 vult
1815 4746 1900 4800 ul-
2004 4767 2264 4823 personae
2288 4747 2590 4803 contrariae
2622 4749 2946 4800 teneantur.
2984 4745 3307 4798 Humanum
3339 4745 3425 4795 est
3452 4740 3630 4805 enim,

235 4860 533 4908 truncum
590 4849 774 4903 virum
825 4848 1030 4902 fortem
1087 4845 1160 4901 ad
1211 4844 1598 4900 fraudulentas
1644 4841 1905 4897 victorias
2005 4853 2068 4901 ut
2121 4861 2222 4900 nec
2272 4842 2514 4896 clericus
2560 4840 2688 4894 illas
2739 4837 3072 4893 necessariis
3119 4834 3346 4890 feminis
3389 4834 3631 4900 fraudat,

236 4946 546 5006 coarctari
587 4963 601 5000 :
644 4963 747 5002 nec
786 4945 1039 5018 protegit
1082 4943 1264 5010 illum,
1299 4941 1558 5014 quinimo
1601 4940 1697 4995 sed
1738 4940 1903 4994 dese-
2007 4958 2108 4996 nec
2160 4939 2297 5009 ipsae.
2359 4935 2626 4990 clericum
2681 4951 2782 5004 per
2821 4932 3176 5003 importunas
3224 4929 3464 4984 feminas
3513 4945 3632 4982 sor-

234 5051 348 5118 rit,
388 5061 576 5119 quem
616 5044 877 5116 periculis
915 5043 1230 5100 irruentem
1268 5058 1372 5114 per
1410 5039 1633 5096 illicitos
1669 5043 1908 5094 eventus
2007 5034 2222 5090 dident.
2261 5027 2550 5101 Assignari
2581 5029 2818 5099 possunt
2861 5024 3070 5081 sanctis
3112 5022 3469 5090 mulieribus,
3500 5038 3632 5078 cum

1996 3437 2288 3508 gloriatur,
2333 3433 2534 3504 inquit,
2569 3437 2624 3485 in
2672 3429 2904 3499 divitiis,
2937 3431 3331 3500 panpertatcm
3363 3432 3625 3481 vereatur

1997 3533 2208 3603 (Eccli.,
2241 3548 2294 3599 x,
2335 3531 2442 3599 34).
2479 3551 2506 3579 ι)
2548 3532 2705 3598 ltogo
2749 3544 2842 3581 vos
2879 3532 3160 3598 quantum
3193 3526 3364 3592 valeo,
3398 3531 3453 3578 et
3483 3525 3627 3579 ultra

1993 3643 2164 3697 quam
2210 3625 2390 3689 valeo,
2423 3623 2544 3677 haec
2589 3622 2702 3675 sint
2742 3620 2926 3674 studia
2961 3619 3223 3674 omnium
3269 3619 3625 3684 clericorum,

1995 3727 2059 3773 ut
2107 3716 2515 3788 singularitatis
2579 3713 2972 3769 inaccusairilis
3024 3711 3342 3766 secessione
3385 3711 3628 3781 fungan-

1994 3819 2124 3881 tur;
2160 3829 2230 3866 ne
2257 3815 2356 3866 aut
2387 3809 2492 3881 ipsi
2531 3825 2634 3879 per
2669 3807 2938 3870 feminas,
2976 3811 3074 3858 aut
3103 3804 3334 3858 feminae
3364 3820 3467 3874 per
3502 3804 3627 3857 illos

1994 3911 2062 3966 ad
2095 3907 2473 3980 ignominiosa
2503 3905 2743 3960 ludibria
2777 3905 3172 3975 provocentur.
3202 3901 3259 3956 Si
3295 3900 3424 3972 quis
3454 3900 3627 3954 habet

1997 4010 2264 4064 matrem,
2310 4001 2395 4054 vel
2445 3999 2641 4065 filiam,
2690 3998 2771 4052 vel
2823 4013 3100 4062 sororem,
3153 3995 3239 4049 vel
3289 3995 3622 4064 conjugem,

1997 4098 2081 4151 vel
2119 4098 2442 4166 cognatam,
2479 4093 2558 4146 sic
2593 4091 2818 4158 habeat,
2858 4094 2918 4144 ut
2960 4089 3113 4144 nulla
3143 4088 3350 4143 ancilla
3383 4087 3625 4155 intersit,

1997 4207 2186 4260 neque
2248 4189 2436 4259 aliqua
2488 4186 2847 4257 ingrediatur
2906 4188 3211 4251 extranea;
3267 4199 3339 4237 ne
3394 4182 3463 4236 ad
3522 4181 3628 4235 hoc

1601 5173 1766 5238 Edit.
1796 5172 2006 5236 Oxon.
2037 5172 2233 5230 notae.

307 5311 426 5371 (84)
466 5309 532 5356 Ut
562 5318 736 5355 omnes
769 5318 867 5368 pro
915 5303 1012 5354 illa
1046 5302 1319 5367 splendere
1355 5315 1464 5351 non
1503 5299 1754 5351 dubitent.
1784 5299 1908 5371 Μο-
2073 5290 2572 5371 (87)νξυυιιοῃηιισ9ςξ
2589 5300 2885 5371 perperam:
2913 5286 3198 5371 Hactenus
3219 5282 3640 5371 corruptissime

234 5355 548 5449 tap'h—i-asis
605 5355 782 5428 efficit:
832 5355 894 5427 ut
949 5355 1216 5426 Erasmus
1281 5377 1572 5438 reponeret
1631 5370 1905 5436 spondere.
2008 5379 2075 5449 ex
2122 5366 2256 5414 vitio
2282 5363 2490 5418 codicis
2533 5359 2827 5414 Remboldi
2871 5357 3157 5422 legebatur
3196 5369 3290 5420 per
3323 5355 3639 5419 perituram.

235 5459 538 5586 Ρῖῗῖοξιὶπ
562 5518 832 5584 providos,
858 5530 964 5565 non
1004 5521 1058 5565 ut
1097 5515 1388 5578 prmcipites
1418 5517 1648 5586 tueatur.
1678 5511 1910 5586 Adjecif-
2009 5439 2343 5586 Ιῗῒὲὶῗιρυἰά
2370 5501 2640 5586 spiritales
2673 5501 2870 5586 deccat,

231 5563 391 5648 mils
419 5563 589 5640 ἐωιῖ
621 5563 868 5639 Morcllio
925 5601 992 5637 ex
1041 5563 1146 5638 vet.
1193 5563 1316 5636 eno.
1365 5563 1422 5635 et.
1475 5563 1783 5635 Remboldd
1832 5585 1907 5642 ut,
2010 5563 2196 5629 denuo
2219 5563 2482 5648 corrupte
2512 5571 2955 5648 recordetur-mm
2979 5582 3091 5633 quo
3120 5568 3384 5618 Erasmus
3409 5563 3645 5613 recorde-

239 5666 486 5719 omissa
517 5665 700 5710 tamen
731 5672 869 5710 voce
895 5671 990 5707 nos
1025 5671 1195 5708 :oum
1224 5655 1439 5705 iisdem.
1471 5655 1690 5704 PAMEL.

313 5737 434 5802 (86)
469 5729 896 5802 Formae/acere
935 5729 1105 5791 ducis,
1135 5731 1238 5781 etc.
1272 5726 1416 5778 Cum
1460 5726 1652 5778 iisdem
1698 5723 1911 5789 adjeci—

239 5801 402 5866 mus
429 5802 655 5870 fortiter.
685 5801 905 5855 Ρωωι..

2010 5664 2146 5698 mur.
2181 5651 2251 5698 At
2287 5645 2420 5696 illud
2452 5645 2758 5706 genuinum
2786 5646 2888 5692 est.
2921 5642 3140 5692 PAMEL.

2076 5721 2175 5778 :89)
2243 5719 2384 5767 Inter
2447 5705 2831 5780 ﬂagitiosorum
2887 5715 3235 5763 armamenta.
3307 5705 3645 5772 Reposuerat

2017 5790 2286 5845 Erasmus
2313 5791 2570 5840 armenta.
2602 5785 2821 5839 Pmn.
