4032 6180
420 256 519 317 047
1007 261 1098 319 ΑΒ
1137 262 1365 322 OPERA
1403 263 1456 320 S.
1499 261 1810 322 CYPRlANl
1838 261 2139 322 GENUINA
2169 264 2452 321 APPEND.
2484 264 2550 320 ll.
2591 294 2660 307 —-
2697 257 3173 322 SUPPOSITITIA.
3656 271 3748 332 948

417 393 627 466 quibus
654 393 864 462 vivant,
895 395 1214 452 dummodo
1245 413 1372 452 cum
1404 396 1605 452 clerico
1640 398 1850 453 femina
1894 400 2044 454 nulla
2069 392 2256 477 Αἰθιιὶ
2302 411 2530 466 semper
2571 393 2628 448 in
2672 394 2958 462 medium;
3011 401 3066 448 et
3105 394 3436 466 perditionis
3474 398 3741 458 meditatio

419 495 793 545 commaneat.
827 491 951 545 Non
986 492 1274 562 despecta,
1303 508 1421 546 non
1463 493 1671 559 vetula,
1701 493 1820 546 sine
1861 492 2048 547 afﬁni-

419 586 566 650 tate,
610 583 971 654 peculiariter
1016 585 1370 655 suscipienda
1413 585 1487 640 ad
1533 585 1908 641 domesticum
1953 588 2050 642 ob—

419 677 720 747 sequium;
751 678 887 748 quia
919 679 1104 748 magis
1139 679 1333 733 illicito
1373 679 1746 751 delinquitur,
1788 681 1886 734 ubi
1929 681 2050 737 sine

422 771 737 841 suspicione
776 788 1036 827 securum
1085 777 1271 843 potest
1311 788 1432 826 esse
1473 773 1772 842 delictum;
1799 775 2051 832 maxime

422 865 554 934 quia
577 865 834 936 cupidini
865 867 1021 920 nulla
1051 866 1407 934 deformitas,
1435 867 1595 921 nulla
1622 869 1907 938 despectio
1938 871 2048 926 fas-

419 958 566 1028 tidii,
597 961 684 1013 vel
713 959 836 1014 vilis
868 960 1105 1027 exsistit,
1129 961 1227 1014 sed
1253 960 1528 1026 diabolus,
1558 961 1800 1032 pingens
1828 964 2048 1034 specio-

419 1068 542 1107 sum
572 1053 746 1108 eﬂicit
764 1053 1040 1125 quidquid
1071 1055 1278 1110 foedum
1308 1055 1394 1108 vel
1417 1055 1716 1109 horridum
1749 1057 1941 1112 fuerit.

489 1147 544 1202 Si
589 1147 716 1218 quis
757 1151 947 1202 autem
988 1149 1158 1202 modo
1209 1148 1561 1218 profectione
1619 1156 1862 1221 cogente
1899 1152 2052 1221 apud

420 1238 650 1308 fratres,
679 1241 768 1294 vel
791 1241 938 1311 apud
960 1246 1255 1295 extraneos
1285 1241 1628 1312 hospitatur,
1659 1243 1756 1297 ubi
1787 1244 2053 1300 mulieres

420 1336 723 1401 intersunt,
758 1335 992 1389 omnino
1024 1351 1081 1388 se
1115 1337 1312 1402 arctet,
1348 1351 1420 1388 ne
1460 1335 1828 1405 passibilitate
1865 1337 2053 1410 aliqua

419 1425 665 1481 vitietur.
697 1427 957 1482 Semotus
989 1445 1052 1481 ac
1092 1431 1340 1481 secretus
1371 1430 1482 1482 Deo
1520 1435 1679 1484 vacet
1717 1434 1774 1484 et
1807 1431 1934 1497 sibi,
1976 1449 2049 1486 ne

419 1522 573 1576 intus
623 1521 878 1592 capiatur
923 1538 956 1574 a
1003 1522 1270 1587 diabolo;
1308 1526 1364 1576 et
1421 1523 1522 1592 qui
1568 1524 1703 1577 foris
1758 1526 1886 1595 capi
1937 1543 2049 1580 non

419 1613 631 1685 potuit,
690 1614 841 1684 apud
896 1631 1026 1668 suos
1080 1615 1261 1670 cadat.
1314 1615 1420 1679 Qui
1467 1616 1661 1670 hostes
1711 1617 1929 1688 eli‘ugit,
1975 1620 2049 1674 ad

422 1710 650 1778 tempus
677 1723 778 1778 pro
799 1708 1140 1762 salutaribus
1177 1709 1361 1762 causis
1397 1710 1676 1780 procedat
1710 1712 1780 1765 ad
1815 1712 2046 1778 faciem,

2155 493 2238 542 est
2261 489 2745 559 frequentativum
2774 489 2925 542 inter
2947 490 3217 543 mulieres
3242 489 3524 546 celebrare
3551 510 3751 565 proces-

2152 599 2298 638 sum.
2335 583 2414 636 De
2445 598 2554 654 qua
2594 599 2654 636 re
2683 582 2846 637 nobis
2884 584 3153 638 Salomon
3187 583 3548 641 moderamen
3579 604 3750 660 impo-

2152 676 2280 742 suit,
2328 675 2524 730 dicens
2565 692 2579 730 :
2627 696 2655 725 ‹‹
2691 679 2752 731 In
2789 675 2976 730 medio
3017 676 3324 732 mulierum
3370 679 3485 733 noli
3524 681 3757 738 assiduus

2152 785 2272 824 esse
2323 771 2534 840 (Eccli.,
2581 787 2706 837 xui,
2764 771 2870 842 l2).
2918 789 2945 822 ι)
2999 771 3086 825 Sic
3137 770 3316 842 igitur
3357 773 3652 842 ambulate,
3691 778 3756 832 sic

2151 865 2324 934 agite,
2361 869 2421 917 ut
2465 879 2687 935 semper
2728 863 2786 917 in
2836 864 3052 918 clericis
3097 865 3352 919 Ecclesiae
3392 873 3611 922 senatus
3643 886 3757 924 can-

2153 958 2322 1013 didus
2360 961 2596 1012 constet.
2637 957 2917 1012 Severitas
2962 958 3016 1012 in
3055 959 3216 1013 vobis
3257 959 3404 1014 circa
3443 960 3666 1017 feminas
3690 967 3756 1019 vi-

2157 1057 2307 1123 geat,
2367 1051 2672 1106 auctoritas
2723 1052 2952 1124 polleat,
3000 1053 3164 1124 vigor
3215 1056 3494 1124 teneatur,
3539 1058 3756 1127 gravitas

2153 1151 2474 1200 veneretur.

2225 1241 2295 1294 Ut
2339 1241 2513 1294 semel
2561 1240 2754 1295 omnia
2793 1241 3129 1312 colligamus
3173 1241 3242 1296 ad
3280 1241 3607 1310 clausulam,
3640 1243 3753 1299 bre-

2153 1333 2395 1388 viarium
2431 1332 2624 1407 869
2659 1334 2964 1405 relegimus
3004 1335 3181 1403 vobis,
3224 1335 3378 1406 quod
3418 1335 3488 1390 ad
3517 1353 3755 1408 compen-

2154 1427 2370 1482 diosam
2421 1428 2827 1497 plenitudinem
2895 1428 3163 1499 redigens
3228 1430 3431 1484 Paulus
3493 1432 3754 1500 apostolus

2151 1520 2394 1576 insinuat
2437 1539 2448 1576 :
2498 1543 2524 1569 «
2577 1523 2651 1575 De
2696 1525 2917 1586 cmiero,
2971 1523 3195 1590 fratres,
3245 1539 3595 1595 quaecunque
3641 1531 3756 1580 sunt

2152 1631 2307 1682 vera,
2340 1631 2696 1686 quaecunque
2727 1616 2950 1686 pudica,
2989 1633 3346 1688 quaecunque
3379 1623 3581 1684 sancta,
3615 1635 3756 1689 qua:-

2151 1725 2377 1779 cunque
2401 1708 2688 1777 amabilia,
2712 1725 3066 1781 quaecunque
3090 1709 3254 1765 bonae
3276 1710 3466 1778 famae,
3486 1710 3530 1764 si
3549 1728 3649 1782 qua
3669 1713 3760 1766 vir-

423 1806 481 1856 et
541 1772 750 1855 iteru-m
809 1801 920 1855 cito
973 1802 1262 1856 discedere
1309 1802 1378 1857 de
1398 1772 1414 1780 -
1433 1810 1739 1874 conspectu
1797 1772 2046 1860 festinet;
2071 1772 2128 1843 B
2152 1805 2260 1871 tus,
2283 1772 2328 1856 si
2351 1819 2464 1873 qua
2487 1803 2606 1856 laus
2631 1772 3106 1873 disciplina-haec
3127 1803 3375 1874 cogitate
3398 1772 3524 1875 qua:
3543 1772 3760 1875 accepis-

423 1894 640 1965 Ubique
690 1895 974 1963 gustanda
1018 1902 1103 1948 est
1143 1913 1272 1949 cum
1315 1896 1665 1964 mulieribus,
1711 1915 1822 1953 non
1863 1901 2048 1954 conti-

424 1987 653 2041 nuanda
697 1987 1024 2058 praesentia,
1067 1988 1169 2042 sed
1216 1989 1379 2058 quasi
1424 1994 1785 2046 transeunter
1818 1992 2052 2048 feminis

423 2081 739 2136 exhibenda
815 2083 902 2135 est
970 2081 1212 2136 accessio
1289 2083 1713 2152 quodammodo
1793 2086 2049 2157 fugitiva.

2150 1896 2240 1964 tis,
2274 1899 2330 1950 et
2367 1895 2660 1963 didicistis,
2689 1899 2749 1950 et
2783 1896 3042 1964 audistis,
3073 1901 3131 1951 et
3158 1897 3377 1951 vidistis
3415 1897 3471 1951 in
3511 1914 3620 1951 me.
3651 1900 3759 1953 Haec

2150 1989 2322 2060 agite,
2369 1993 2426 2042 et
2477 1990 2620 2044 Deus
2667 1990 2824 2060 pacis
2875 1995 2930 2044 et
2978 1990 3299 2046 dilectionis
3348 1991 3458 2046 erit
3503 1991 3760 2046 vobiscum

2154 2083 2440 2153 (Philipp.,
2474 2098 2550 2152 ιν,
2582 2086 2634 2153 8,
2663 2083 2740 2154 9.)
2773 2105 2800 2133 ››
2833 2088 3030 2141 Amen.

422 2168 810 2225 Protervitatis
846 2169 957 2240 (90)
994 2169 1150 2224 enim
1187 2171 1312 2241 jam
1353 2176 1532 2242 coepta
1575 2176 1710 2227 sunt
1746 2190 2055 2244 represen-

1747 2287 1912 2351 Edit.
1949 2290 2160 2355 Oxon.
2193 2295 2388 2354 notae.

483 2384 578 2446 (90)
606 2385 985 2461 Protei-uitatis.
1013 2384 1154 2461 Melo
1184 2385 1306 2461 hinc
1339 2385 1653 2461 conterent;
1685 2400 2042 2461 necpromp-
2143 2390 2309 2441 etiam
2342 2389 2397 2440 S.
2436 2390 2750 2461 Scripturas
2784 2402 2922 2454 quas
2960 2392 3166 2454 passim
3209 2393 3462 2456 adducit,
3487 2412 3580 2461 pro
3604 2399 3748 2451 libitu

420 2458 540 2506 tum
573 2461 657 2506 est
685 2457 959 2520 conjicere
1005 2456 1139 2521 quid
1175 2455 1282 2520 sibi
1318 2457 1453 2507 velit
1487 2458 1720 2522 scriptor
1759 2459 1853 2511 hic
1891 2473 1904 2510 :
1942 2461 2041 2525 qui
2143 2461 2452 2527 detorquet.
2487 2460 2724 2511 Videtur
2753 2475 2848 2525 per
2871 2466 3043 2526 empta
3073 2464 3382 2530 intelligere
3410 2455 3586 2519 ini-tia.

603 2803 800 2945 DE
896 2805 1722 2952 DUODECIM
1805 2809 2881 2958 ABUSIONIBUS
2973 2815 3590 2960 SECULI

1750 3063 2418 3157 TRACTATUS

1304 3247 1657 3334 Perperam
1686 3253 2008 3336 Cypriano
2042 3259 2106 3318 et
2133 3255 2510 3339 Augustino
2539 3256 2888 3342 ascriptus.

849 3663 1044 3737 870
1087 3665 1304 3721 CAPUT
1344 3667 1624 3722 PRIMUM.
2071 3690 2126 3764 Ο
2151 3672 2378 3728 videndi
2426 3674 2617 3730 oftieio
2669 3675 2919 3743 desierit,
2966 3676 3091 3748 quis
3119 3695 3152 3730 a
3189 3693 3388 3744 manu,
3422 3675 3506 3731 vel
3546 3693 3577 3730 a
3606 3674 3748 3746 pede,

2154 3768 2238 3820 vel
2289 3784 2322 3822 a
2372 3769 2589 3840 reliquo
2644 3786 2881 3840 corpore
2934 3770 3070 3824 illud
3129 3770 3510 3825 ministerium
3549 3768 3749 3840 exiget?

2156 3860 2516 3932 Quapropter
2543 3862 2805 3918 doctores
2831 3863 3099 3934 cogitent,
3124 3881 3195 3918 ne
3226 3864 3495 3935 ampliori
3523 3864 3749 3917 vindicta:

2153 3954 2514 4025 subjaceant,
2578 3956 2623 4010 si
2696 3956 2954 4027 plurimis
3017 3958 3357 4028 perditionis
3431 3957 3746 4012 occasionem

2152 4047 2527 4102 abundantius
2570 4056 2858 4119 praestent.
2904 4051 3042 4104 Nam
3093 4054 3148 4104 et
3180 4051 3298 4122 ipse
3347 4051 3604 4106 Salomon
3632 4049 3746 4102 dum

2153 4141 2348 4195 multae
2389 4142 2683 4212 sapientia:
2735 4145 3243 4214 transgressionem
3301 4145 3556 4212 incurrit,
3609 4141 3747 4196 totius

2154 4235 2466 4289 lsraeliticte
2531 4235 2707 4305 plebis
2774 4237 2936 4308 regni
3001 4238 3417 4308 dispersioncm
3475 4239 3636 4292 solius
3675 4233 3744 4288 sui

493 3771 715 3826 Primus
753 3771 1040 3826 abusionis
1084 3773 1294 3842 gradus
1336 3780 1441 3842 est,
1487 3774 1531 3828 si
1561 3774 1681 3830 sine
1719 3775 1882 3830 bonis
1923 3793 2055 3848 ope-

421 3866 578 3919 ribus
621 3865 844 3937 sapiens
891 3868 949 3920 et
999 3867 1337 3935 praedicator
1374 3869 1566 3936 fuerit,
1602 3870 1699 3939 qui
1743 3870 1895 3940 quod
1930 3887 2051 3924 ser-

421 3977 594 4015 mone
647 3961 830 4028 docet,
885 3959 1101 4014 actibus
1155 3962 1382 4031 explere
1445 3963 1707 4034 negligit.
1753 3965 2054 4020 Auditores

421 4055 576 4110 enim
642 4055 934 4120 doctrinae,
1000 4054 1148 4108 dicta
1206 4055 1394 4109 facere
1460 4062 1857 4124 contemnunt,
1921 4075 2052 4112 cum

425 4153 809 4226 praedicatoris
836 4168 1007 4223 opera
1029 4169 1060 4205 a
1086 4153 1506 4222 praedicationis
1525 4155 1712 4210 verbis
1734 4156 2052 4228 discrepare

424 4247 800 4318 conspiciunt.
839 4248 1138 4318 Nunquam
1171 4247 1326 4302 enim
1364 4247 1427 4302 ﬁt
1461 4249 1656 4303 efﬁcax
1699 4251 2050 4305 constituen-

420 4343 493 4395 tis
546 4341 621 4410 (1)
671 4340 1000 4408 auctoritas,
1053 4340 1160 4394 nisi
1212 4358 1340 4395 eam
1398 4342 1598 4396 effectu
1654 4344 1842 4413 operis
1899 4345 2051 4399 cordi

420 4435 662 4489 afﬁxerit
708 4433 1013 4500 audientis,
1061 4435 1381 4505 praesertim
1411 4453 1538 4490 cum
1583 4442 1638 4491 et
1673 4436 1791 4507 ipse
1829 4437 2048 4505 doctor,

423 4529 519 4599 qui
559 4529 617 4581 in
668 4527 930 4581 vitiorum
987 4545 1245 4583 amorem
1286 4530 1547 4600 delapsus
1585 4530 1778 4598 fuerit,
1820 4531 2052 4584 alterius

419 4621 662 4676 doctoris
712 4622 1195 4676 medicamentum
1241 4624 1356 4677 suis
1406 4623 1736 4677 vulneribus
1779 4623 2051 4679 adhibere

419 4715 800 4786 parvipendit.
831 4716 988 4770 Unde
1019 4720 1076 4770 et
1105 4716 1226 4786 ipse
1257 4717 1534 4773 Dominus
1560 4717 1618 4770 in
1648 4717 1954 4788 Evangelio
1981 4719 2050 4772 de

418 4810 670 4864 doctrina
722 4809 937 4880 pariter
985 4817 1041 4864 et
1098 4811 1245 4865 bono
1294 4827 1468 4882 opere
1518 4813 1801 4866 instruere
1847 4812 2051 4866 volens

417 4903 740 4974 discipulos,
792 4903 1021 4974 qualem
1070 4903 1128 4957 in
1175 4904 1262 4958 his
1311 4905 1584 4959 cautelam
1631 4904 1912 4959 haberent
1958 4905 2053 4959 ad-

415 4998 704 5066 monebat,
763 4997 954 5052 dicens
1009 5018 1020 5051 :
1079 4999 1233 5064 Quod
1279 5001 1328 5052 si
1373 5001 1460 5053 sal
1506 5003 1807 5060 evanuerit,
1849 5002 1909 5052 in
1946 5015 2090 5069 quoi
2797 4992 3017 5048 CAPUT
3054 4992 3120 5046 ll.

414 5093 644 5144 satietur
689 5091 928 5157 (Matth.,
983 5107 1033 5156 ν,
1090 5093 1207 5161 13)ἳ
1253 5093 1364 5146 Hoc
1407 5097 1511 5156 est,
1564 5092 1608 5146 si
1654 5093 1847 5146 doctor
1891 5068 2126 5147 erra-D
2221 5089 2509 5145 Secundus
2535 5087 2823 5143 abusionis
2867 5090 3075 5159 gradus
3112 5093 3216 5156 est,
3262 5090 3306 5144 si
3345 5090 3463 5144 sine
3502 5086 3736 5157 religione

417 5184 582 5252 verit,
613 5201 644 5237 a
677 5201 790 5254 quo
819 5185 1026 5239 iterum
1056 5185 1285 5240 doctore
1314 5185 1751 5241 emendabitur?
1775 5189 1846 5240 Et
1883 5190 1930 5241 si
1961 5189 2044 5240 lu-
2149 5201 2318 5237 senex
2350 5198 2468 5237 esse
2508 5181 2847 5237 inveniatur.
2879 5184 2979 5238 Cui
3016 5200 3148 5237 cum
3180 5183 3439 5239 membra
3470 5177 3734 5236 exterioris

411 5293 555 5339 mon,
612 5279 758 5346 quod
808 5282 863 5333 in
915 5284 962 5333 te
1006 5285 1097 5344 est,
1157 5281 1386 5334 tenebrae
1429 5286 1594 5346 sunt;
1639 5283 1771 5350 ipsa
1821 5282 2049 5336 tenebras
2148 5277 2400 5332 hominis
2441 5279 2818 5345 veterascunt,
2852 5275 2995 5331 vires
3036 5277 3234 5344 animi,
3275 5277 3334 5332 id
3364 5279 3448 5333 est
3487 5269 3732 5329 interioris

411 5377 630 5441 quantm
665 5377 820 5427 erunt
852 5373 1095 5445 (Matth,
1136 5390 1211 5442 vi,
1249 5373 1378 5442 23)?
1415 5373 1472 5428 Si
1511 5391 1760 5446 namque
1793 5375 1988 5428 oculus
2016 5391 2049 5428 a
2148 5372 2395 5428 hominis
2424 5370 2706 5440 membra,
2739 5370 3094 5447 incrementa
3133 5371 3352 5427 roboris
3377 5387 3486 5425 non
3515 5367 3730 5439 capiunt.

1695 5509 1916 5592 Steph.
1979 5508 2229 5573 Baluzii
2284 5511 2482 5570 notae.

2139 5640 2378 5692 Colbert.
2408 5639 2584 5690 Aliter
2614 5641 2668 5689 in
2705 5641 2838 5690 edit.
2873 5659 2901 5686 ‹‹
2928 5639 3250 5691 Acrioribus
3288 5635 3510 5703 ﬂagellis
3530 5627 3710 5698 gravia.

2138 5712 2405 5776 ribusque
2431 5712 2691 5762 vindictis
2719 5712 3020 5780 vapulabit.
3043 5732 3070 5758 »
3093 5713 3266 5764 Paulo
3295 5715 3417 5762 ante
3441 5704 3572 5774 apud
3600 5703 3713 5764 Aug.

2137 5784 2246 5838 solo
2269 5797 2365 5835 suo
2388 5784 2598 5837 merito.

2154 4327 2359 4382 merito
2389 4329 2671 4400 praestitit.
2705 4329 2922 4394 Quibus
2949 4349 3085 4402 ergo
3115 4333 3548 4387 committuntur
3576 4329 3743 4392 multa,

2153 4422 2370 4492 majora
2400 4423 2666 4493 perdunt,
2701 4424 2746 4477 si
2785 4441 2901 4478 non
2932 4431 3081 4479 recte
3113 4425 3568 4496 dispensaverint
3593 4428 3742 4477 recto-

2151 4514 2229 4568 ris
2267 4515 2341 4586 (2)
2382 4517 2466 4570 sui
2517 4533 2786 4576 munera.
2841 4534 2967 4588 quae
3018 4525 3420 4590 perceperunt.
3475 4518 3571 4574 Cui
3615 4515 3740 4570 enim

2153 4609 2277 4680 plus
2307 4611 2688 4665 committitur
2713 4611 2784 4664 ab
2814 4629 2880 4666 eo
2914 4612 3039 4680 plus
3069 4613 3336 4683 exigitur.
3372 4617 3441 4669 Et
3471 4627 3640 4668 servus
3668 4608 3746 4677 qui

2151 4704 2357 4758 domini
2395 4707 2481 4758 sui
2513 4705 2846 4759 voluntatem
2883 4707 3187 4774 intelligens
3222 4722 3329 4760 non
3364 4709 3516 4774 facit,
3558 4703 3743 4758 acriori-

2155 4798 2250 4852 bus
2313 4805 2363 4852 et
2408 4801 2748 4866 gravioribus
2801 4799 2876 4869 (3)
2919 4800 3150 4869 ﬂagellis
3195 4801 3452 4855 vindictae
3494 4795 3738 4869 vapulabit

2154 4892 2324 4962 (Luc.,
2351 4908 2442 4960 xii,
2471 4893 2582 4964 47).

469 5641 538 5702 (1)
595 5639 979 5691 Οοηεείευσηιιέ.
1041 5641 1380 5692 Praedzcantis
1433 5643 1579 5706 apud
1635 5643 2034 5708 Augustinum,

404 5714 536 5761 tom.
574 5710 662 5761 VI.
693 5712 865 5761 Paulo
895 5717 1023 5762 ante
1050 5713 1195 5778 apud
1219 5714 1476 5764 eumdem
1504 5715 1777 5778 complere.

463 5783 528 5842 (Ξ)
561 5783 788 5834 Hectoris
820 5786 1129 5846 Largitoris.
1160 5786 1284 5835 cod.
1316 5786 1686 5838 Corbeiensis.

463 5855 524 5921 (3)
555 5856 622 5907 Et
664 5855 1022 5922 gravioribus.
1067 5855 1160 5912 Sic
1203 5855 1312 5908 duo
1355 5858 1578 5910 codices
1622 5869 1753 5909 mss.
1797 5855 1928 5924 Reg.
1982 5858 2036 5909 et
