4032 6180
284 330 393 396 949

1465 333 1553 398 DE
1582 337 1674 396 XII
1702 330 2145 396 ABUSIONIBUS
2182 337 2458 399 SECULI.

3540 344 3640 407 930

282 468 414 522 Plus
442 465 598 523 enim
629 466 896 524 omnibus
928 465 1188 539 religioni
1233 483 1465 539 operam
1496 466 1633 524 dare
1660 468 1920 522 sensibus
1942 472 2004 550 Α
2027 486 2156 526 nem
2192 472 2519 543 parentilms
2548 472 2662 528 suis
2710 471 2995 546 praestitit.
3029 472 3181 531 Sic-1t
3223 477 3359 547 ergo
3406 470 3465 530 iu
3499 474 3654 530 seni-

292 563 571 634 competit
617 563 713 635 (4),
756 579 899 633 quos
942 563 1236 634 priesentis
1277 563 1466 617 saculi
1526 562 1729 618 ﬂorida
1786 570 1923 617 tetas

286 662 572 710 transacta
604 657 850 711 deseruit
883 658 979 727 (5).
1010 656 1161 711 Sicut
1197 673 1444 727 namque
1491 657 1547 711 in
1595 657 1764 728 lignis
1808 657 1924 726 ipsa

288 750 527 820 reproba
570 749 739 805 arbor
779 757 1088 821 comparet,
1142 768 1271 821 qua).
1326 758 1454 822 post
1501 751 1667 805 ﬂores
1713 751 1925 805 fructus

294 843 542 914 optimos
568 844 771 898 cultori
804 861 905 899 suo
936 861 1047 898 non
1084 844 1314 898 exhibet
1345 862 1357 899 :
1408 846 1485 898 sic
1528 849 1584 899 et
1624 845 1677 898 in
1730 845 1913 898 homi-

290 938 460 991 nibus
491 938 610 1008 ipse
637 938 917 1009 reprobus
945 942 1049 1004 est,
1081 955 1253 1009 quem
1280 940 1382 993 ﬂos
1422 938 1737 1008 juventutis
1764 938 1919 992 dese-

295 1031 430 1097 ruit,
458 1038 516 1086 et
542 1038 737 1086 tamen
766 1032 825 1085 in
873 1034 958 1086 sui
1006 1032 1255 1104 corporis
1292 1038 1606 1098 senectute,
1638 1033 1922 1086 bonorum

292 1141 532 1195 operum
566 1130 820 1180 maturos
844 1126 1060 1180 fructus
1088 1128 1345 1198 proferre
1380 1124 1755 1197 parvipendit.
1777 1124 1921 1187 Quid

292 1218 449 1273 enim
496 1218 759 1274 stolidius
796 1219 918 1275 ﬁeri
959 1224 1165 1291 potest,
1206 1221 1247 1274 si
1299 1236 1461 1274 mens
1502 1220 1575 1274 ad
1625 1218 1921 1289 perfectio-

296 1329 427 1366 nem
471 1313 741 1368 festiuare
783 1330 895 1368 non
943 1314 1269 1381 contendat,
1300 1314 1527 1384 quando
1577 1315 1748 1366 totius
1796 1328 1920 1365 cor-

296 1406 446 1477 poris
480 1407 708 1461 habitus
734 1411 1022 1460 senectute
1047 1408 1338 1461 confectus
1368 1407 1440 1461 ad
1467 1407 1761 1461 interitum
1793 1422 1918 1474 pro-

296 1501 509 1572 perat?
538 1502 681 1555 Dum
713 1501 858 1555 oculi
888 1501 1157 1571 caligant,
1190 1518 1355 1555 aures
1386 1501 1632 1572 graviter
1660 1499 1918 1565 audiunt,

296 1595 480 1665 capilli
518 1596 721 1663 ﬂuunt,
752 1595 925 1649 facies
974 1595 1028 1648 in
1077 1596 1344 1665 pallorem
1393 1600 1669 1660 mutatur,
1723 1593 1922 1647 dentes

285 1688 429 1759 lapsi
484 1705 725 1744 numero
767 1690 1123 1755 minuuntur,
1154 1690 1297 1744 cutis
1346 1689 1572 1755 arescit,
1601 1688 1765 1742 ﬂatus
1804 1704 1917 1741 non

287 1784 535 1838 suaviter
578 1784 715 1852 olet;
764 1790 959 1853 pectus
1000 1783 1323 1847 suffocatur,
1374 1782 1545 1837 tussis
1592 1781 1909 1843 cachinnat,

2027 565 2131 619 bus
2176 567 2454 621 sobrietas
2502 571 2559 621 et
2598 584 2819 623 morum
2864 570 3137 640 perfectio
3201 570 3530 641 requiritur,
3578 569 3651 625 ita

2027 660 2194 714 etiam
2242 661 2295 714 in
2350 661 2809 715 adolescentibus
2848 663 3206 733 obsequium,
3249 670 3305 717 et
3348 664 3649 733 subiectio,

2024 759 2078 808 et
2108 755 2425 809 obedientia
2455 756 2561 810 rite
2606 756 2865 810 debetur.
2894 758 3247 828 Quapropter
3284 761 3339 811 et
3388 758 3444 812 in
3488 774 3648 813 mau-

2024 848 2168 901 datis
2214 849 2356 918 legis
2398 850 2642 919 priiuum
2678 850 2734 903 iu
2764 850 3000 920 hisque:
3046 851 3113 904 ad
3165 851 3423 906 homines
3472 851 3645 922 perti-

2025 948 2180 1008 nent,
2212 942 2383 1011 patris
2407 949 2464 997 et
2492 944 2686 997 matris
2708 943 2895 997 honor
2917 944 3246 1014 imperatur,
3275 944 3407 1015 quia
3437 960 3641 1014 quam-

2023 1036 2104 1088 vis
2148 1037 2390 1089 carnalis
2431 1044 2595 1106 pater
2632 1054 2745 1092 non
2794 1038 3189 1108 supervixerit,
3225 1043 3323 1092 aut
3370 1038 3641 1109 iudegnus

2020 1128 2210 1196 fuerit,
2241 1130 2404 1183 alicui
2448 1134 2636 1185 tamen
2684 1132 2828 1201 patri
2872 1132 3044 1201 digno
3096 1135 3153 1185 et
3202 1131 3426 1197 viventi,
3459 1135 3642 1203 pater-

2026 1239 2129 1275 nus
2155 1224 2340 1278 honor
2378 1242 2552 1294 usque
2591 1225 2661 1279 ad
2707 1226 2941 1295 dignam
2994 1227 3099 1294 (10)
3157 1230 3382 1281 aetatem
3430 1243 3461 1280 a
3511 1226 3641 1279 tiliis

2026 1316 2365 1386 praebendas
2397 1334 2516 1371 esse
2550 1319 2884 1373 ostenditur.
2913 1321 3168 1384 Quatuor
3209 1320 3417 1374 etenim
3468 1318 3650 1373 modis

2022 1427 2125 1481 per
2172 1413 2485 1481 Scripturas
2532 1412 2748 1465 divinas
2796 1417 2981 1483 patres
3024 1418 3333 1483 vocantur;
3387 1414 3489 1467 hoc
3541 1414 3645 1480 est,

2023 1509 2240 1569 natura,
2291 1505 2481 1571 gente,
2531 1501 2945 1566 admonitione,
2999 1508 3053 1557 et
3102 1507 3287 1557 aetate.
3347 1504 3423 1556 De
3479 1506 3643 1573 patre

2020 1612 2269 1666 namque
2321 1596 2557 1650 naturali
2610 1596 2774 1650 Iacob
2823 1597 2892 1651 ad
2945 1596 3131 1651 Laban
3181 1597 3471 1667 loquitur:
3528 1597 3649 1652 Nisi

2022 1692 2181 1743 timor
2208 1693 2386 1760 patris
2414 1693 2519 1744 mei
2559 1692 2711 1745 Isaac
2738 1691 3029 1759 adfuisset,
3075 1691 3286 1745 tulisses
3323 1692 3499 1744 omnia
3528 1706 3648 1760 qua

2018 1800 2135 1836 mea
2161 1789 2292 1836 sunt
2323 1783 2495 1851 (Gem.
2529 1799 2671 1850 xm,
2704 1782 2815 1853 42).
2849 1784 3025 1837 Gente
3068 1800 3198 1837 vero
3244 1788 3404 1852 pater
3442 1781 3645 1837 dicitur

287 1895 473 1948 genua
502 1842 804 1947 trepidant,
838 1877 981 1931 talos
1010 1884 1067 1931 et
1102 1878 1274 1948 pedes
1300 1842 1491 1930 tumor
1513 1877 1671 1930 inﬂat
1704 1876 1915 1941 ;etiani
1937 1842 1995 1915 B
2018 1877 2244 1947 quando
2287 1842 2555 1931 Dominus
2590 1842 2669 1931 de,
2703 1842 2843 1930 rubo
2873 1876 2944 1931 ad
2986 1877 3210 1946 Moysen
3244 1842 3597 1947 lloquebatur
3626 1891 3640 1930 :

284 1971 461 2025 homo
492 1970 732 2024 interior
760 1970 855 2041 qui
885 1988 996 2024 non
1030 1970 1292 2037 senescit,
1316 1970 1404 2024 bis
1422 1970 1689 2023 omnibus
1715 1985 1919 2039 aggra-

282 2070 472 2119 vatur.
504 2066 571 2118 Et
600 2064 723 2118 haec
752 2064 947 2118 omnia
975 2064 1254 2118 ruituram
1291 2064 1643 2135 jamjamque
1682 2063 1916 2117 domum

285 2158 541 2229 corporis
593 2158 703 2212 cito
756 2158 1163 2228 prienuntiant.
1218 2157 1367 2221 Quid
1428 2173 1565 2228 ergo
1616 2163 1913 2227 superest,

285 2252 397 2305 nisi
435 2257 499 2306 ut
549 2254 688 2305 dum
745 2251 917 2320 hujus
975 2251 1104 2304 vitae
1161 2250 1411 2305 defectus
1461 2250 1912 2322 apprOpinquat,

279 2345 428 2398 nihil
474 2344 628 2399 aliud
672 2345 922 2415 cogitare
961 2362 1131 2415 quam
1166 2344 1238 2414 (6)
1268 2344 1556 2415 quomodo
1602 2345 1787 2398 futura
1816 2344 1913 2397 ha-

280 2439 487 2493 bitatio
538 2455 811 2509 prospere
866 2438 1409 2509 comprehendatur,
1465 2440 1704 2508 quisque
1747 2454 1914 2491 senex

280 2534 559 2602 appetat?
599 2533 907 2587 Juvenibus
953 2532 1103 2585 enim
1136 2532 1386 2585 incertus
1417 2532 1588 2601 hujus
1627 2531 1753 2584 vitae
1801 2535 1912 2585 tero

283 2626 479 2679 minus
508 2626 694 2692 instat,
723 2624 952 2679 senibus
982 2641 1113 2679 vero
1152 2625 1368 2679 cunctis
1410 2624 1684 2678 maturior
1710 2641 1774 2678 ex
1809 2625 1916 2678 hac

281 2719 411 2772 luce
441 2720 624 2773 exitus
650 2719 899 2773 breviter
928 2718 1254 2772 concordat.
1298 2718 1575 2772 Cavenda».
1618 2721 1749 2772 sunt
1778 2734 1914 2787 ergo

280 2812 503 2865 homini
556 2813 684 2865 dum
735 2812 1045 2881 particulae,
1087 2829 1215 2882 quin
1263 2813 1316 2864 in
1370 2811 1521 2865 illius
1572 2828 1743 2865 carne
1796 2827 1914 2864 non

281 2909 659 2969 veterascunt,
695 2910 749 2959 et
774 2912 955 2959 totum
1000 2905 1296 2958 hominem
1326 2922 1515 2959 secum
1546 2904 1617 2973 ('7)
1663 2904 1734 2958 ad
1781 2920 1911 2974 pec-

279 3002 475 3052 catum
520 2998 901 3069 pertrahunt;
956 3014 1051 3052 cor
1095 2997 1358 3051 videlicet
1397 3001 1453 3051 et
1494 2997 1734 3067 lingua:
1778 2996 1914 3068 quia

278 3109 383 3147 cor
407 3108 582 3145 novas
628 3108 854 3162 semper
892 3091 1265 3162 cogitationes
1306 3090 1627 3144 machinari
1664 3107 1778 3145 non
1819 3090 1912 3144 de-

278 3186 457 3241 siuit:
488 3187 685 3255 lingua
711 3186 956 3256 impigre
988 3186 1257 3255 loquitur,
1286 3183 1669 3255 quodcunque
1699 3184 1985 3279 machi-C

279 3280 404 3334 nari
433 3297 527 3335 cor
552 3281 815 3333 senserit.
847 3279 1053 3334 Caveat
1098 3295 1241 3349 ergo
1275 3277 1467 3331 senilis
1504 3280 1657 3345 aetas,
1692 3294 1762 3331 ne
1788 3276 1911 3331 ista:

271 3375 710 3445 juvenesrentes
751 3373 1043 3442 particulae
1091 3375 1266 3425 totam
1309 3371 1393 3424 sui
1428 3370 1784 3424 harmoniam
1818 3370 1912 3425 de-

280 3467 516 3537 cipiant,
542 3474 599 3521 et
628 3483 728 3537 per
770 3483 859 3519 res
889 3466 1103 3535 ineptas
1134 3464 1337 3536 reliqui
1368 3464 1618 3534 corporis
1662 3465 1908 3533 gravita-

278 3564 401 3614 tem
435 3559 1012 3629 illudant.Unicuique
1041 3557 1223 3630 871
1263 3559 1421 3611 enim
1439 3558 1907 3611 considerandum

279 3657 386 3717 est,
416 3653 552 3724 quid
580 3660 749 3706 aetate
780 3652 1055 3706 eminenti
1082 3652 1319 3720 dignum
1349 3654 1454 3716 sit;
1488 3654 1548 3703 ut
1589 3653 1695 3705 hoc
1722 3657 1856 3722 agat
1889 3667 1903 3716 ;

280 3746 441 3817 quod
473 3762 576 3799 nec
602 3746 794 3811 vitam,
823 3761 926 3798 nec
959 3750 1211 3808 nitatem,
1246 3760 1349 3797 nec
1388 3743 1771 3798 ministerium
1802 3742 1909 3797 vile

279 3840 481 3894 reddat
507 3840 602 3909 (8).

905 3934 1126 3987 CAPUT
1170 3934 1260 3986 lll.

348 4028 570 4081 Tertius
626 4027 912 4081 abusionis
985 4027 1191 4098 gradus
1244 4032 1346 4092 est,
1396 4025 1720 4079 adolescens
1784 4026 1905 4080 sine

279 4122 637 4189 obedientia;
690 4137 803 4191 quo
865 4120 1113 4173 mundus
1158 4137 1188 4172 a
1242 4125 1393 4172 recto
1435 4118 1664 4172 rationis
1704 4119 1904 4173 ordine

278 4216 649 4285 depravatur.
702 4213 954 4277 Qualiter
1024 4230 1267 4283 namque
1319 4212 1375 4266 in
1442 4219 1729 4267 senectute
1782 4213 1906 4267 aliis

281 4307 664 4363 ministerium
711 4307 1017 4378 imperabit
1062 4306 1276 4377 (9),qui
1326 4307 1381 4360 in
1420 4306 1803 4361 adolescentia
1847 4323 1905 4361 se

275 4401 598 4456 senioribus
638 4401 993 4455 obedientem
1033 4401 1308 4455 exhibere
1349 4400 1713 4454 contemnit?
1744 4400 1902 4455 Unde

274 4500 334 4550 et
363 4497 420 4549 in
453 4494 750 4566 proverbio
797 4494 947 4565 apud
990 4502 1211 4549 veteres
1248 4493 1503 4557 habetur,
1540 4493 1687 4564 quod
1719 4493 1902 4546 domi-

2022 1975 2128 2038 Ego
2179 1987 2335 2032 sum,
2393 1969 2687 2041 inquiens,
2740 1973 2881 2024 Deus
2926 1978 3148 2040 patrum
3215 1976 3446 2033 tuorum,
3507 1973 3643 2025 Deus

2017 2064 2317 2129 Abraham,
2370 2066 2507 2119 Deus
2556 2066 2731 2129 Isaac,
2779 2068 2911 2119 Deus
2955 2064 3118 2117 Jacob
3170 2064 3389 2133 (Brod,
3444 2079 3521 2121 ιιι.
3569 2064 3640 2131 6).

2015 2159 2198 2211 Etate
2230 2160 2422 2211 autem
2452 2162 2508 2211 et
2547 2156 2929 2211 admonitione
2976 2157 3187 2227 pariter
3233 2162 3391 2226 pater
3415 2155 3641 2224 dicitur,

2015 2268 2143 2305 cum
2199 2252 2414 2321 Moyses
2465 2250 2520 2304 in
2577 2251 2797 2305 cantico
2852 2249 3271 2305 Deuteronomii
3329 2249 3631 2321 loquitur:

2014 2348 2298 2414 [uteri-ego
2324 2352 2535 2415 patrem
2567 2351 2737 2412 tamn,
2772 2350 2823 2399 et
2848 2346 3207 2399 annuntiabit
3233 2346 3371 2409 tibi;
3410 2344 3641 2412 majores

2017 2446 2134 2494 tuss
2176 2446 2225 2493 et
2262 2440 2437 2493 dicent
2482 2439 2583 2493 tibi
2625 2438 2827 2508 (Deut.,
2883 2455 3049 2503 xxxii,
3092 2442 3166 2507 7).
3198 2438 3355 2503 Quod
3416 2437 3460 2490 si
3503 2454 3641 2508 ergo

2018 2533 2290 2586 naturalis
2322 2538 2485 2603 pater
2529 2539 2809 2602 superstes
2847 2549 2959 2586 non
3002 2531 3193 2597 fuerit,
3222 2537 3319 2585 aut
3369 2530 3640 2602 indignus

2017 2626 2210 2693 fuerit,
2238 2625 2570 2680 admonenti
2603 2632 2799 2680 tamen
2830 2628 2926 2678 aut
2953 2625 3159 2678 seniori
3181 2624 3226 2695 (t
3250 2624 3292 2695 Ι)
3321 2624 3644 2679 adolescen-

2016 2720 2086 2773 tis
2108 2720 2435 2773 obedientia
2463 2719 2773 2789 praebenda
2801 2720 2930 2775 erit.
2958 2718 3252 2782 Quomodo
3283 2735 3420 2788 ergo
3457 2718 3641 2773 hono-

2014 2817 2170 2868 ratus
2210 2813 2264 2867 in
2311 2817 2601 2867 senectute
2651 2812 2967 2883 apparebit,
3000 2812 3096 2883 qui
3146 2812 3462 2882 disciplina:
3491 2811 3643 2864 labo-

2014 2923 2133 2960 rem
2156 2906 2212 2960 in
2259 2905 2641 2960 adolescentia
2685 2922 2799 2959 non
2839 2905 3218 2959 sustinuerit?
3244 2904 3635 2975 Quodcunque

2012 3000 2226 3054 etenim
2281 3000 2451 3053 homo
2512 2998 2885 3065 laboraverit,
2942 2999 3050 3053 hoc
3100 3001 3157 3052 et
3212 3001 3402 3053 metet.
3458 2999 3640 3055 Omnis

2010 3110 2238 3162 namque
2266 3094 2553 3160 disciplina
2580 3096 2639 3146 in
2686 3094 2944 3162 presenti
2969 3108 3075 3147 non
3112 3092 3328 3146 videtur
3356 3108 3466 3147 esse
3506 3108 3639 3161 guu-

2011 3187 2111 3249 dii,
2142 3187 2234 3241 sed
2263 3188 2503 3241 mereris
2524 3204 2540 3250 ;
2565 3192 2754 3255 postea
2798 3202 2919 3241 vero
2955 3188 3201 3253 fructum
3228 3187 3639 3255 pucntissimum

2011 3282 2328 3335 emercitatio
2376 3296 2471 3349 per
2517 3295 2635 3333 eam
2684 3279 2868 3333 reddet
2898 3280 3130 3348 justitiae
3163 3278 3367 3349 (Hebr.,
3400 3295 3492 3345 xu,
3530 3279 3634 3349 tl).

2010 3373 2164 3428 Sicut
2190 3390 2327 3444 ergo
2359 3374 2572 3426 fructus
2613 3390 2723 3425 non
2758 3372 3048 3427 invenitur
3094 3372 3149 3425 in
3178 3371 3405 3438 arbore,
3434 3372 3491 3426 in
3525 3388 3636 3442 qua

2010 3467 2317 3538 pampinus
2344 3473 2440 3519 aut
2488 3467 2587 3519 ﬂos
2636 3466 2793 3537 prius
2825 3482 2938 3519 non
2980 3466 3320 3536 apparuerit,
3359 3465 3437 3518 sic
3477 3468 3534 3518 et
3578 3464 3635 3519 in

2010 3563 2303 3615 senectute
2334 3560 2609 3614 honorem
2638 3558 2956 3629 legitimum
2996 3558 3220 3629 assequi
3255 3575 3367 3612 non
3400 3558 3630 3630 poterit,

2010 3654 2106 3724 qui
2158 3654 2214 3708 in
2264 3653 2640 3708 adolescentia
2691 3653 3002 3723 disciplima
3074 3652 3309 3722 alicujus
3362 3651 3634 3705 exercita-

2011 3747 2164 3802 tione
2233 3765 2341 3802 non
2410 3747 2769 3802 laboraverit.
2820 3746 3119 3817 Disciplina
3184 3745 3361 3817 igitur
3420 3745 3633 3816 absque

2011 3842 2358 3909 obedientia,
2411 3841 2652 3911 qualiter
2689 3839 2811 3893 fieri
2853 3840 3082 3911 potest?
3119 3839 3457 3893 Adolescens
3496 3855 3634 3909 ergo

2009 3937 2131 3990 sine
2168 3935 2464 4005 disciplina
2496 3936 2629 4003 (12),
2656 3933 2985 3986 adolescens
3014 3932 3138 3985 sine
3168 3931 3484 3985 obedientia
3518 3940 3627 3985 est:

2009 4027 2203 4102 872
2242 4027 2512 4099 quoniam
2564 4030 2621 4079 et
2669 4026 2790 4097 ipsa
2842 4024 3183 4091 obedientia,
3214 4041 3342 4095 qua:
3372 4024 3632 4078 omnium

2006 4123 2434 4192 disciplinarum
2478 4134 2656 4174 mater
2696 4124 2796 4184 est,
2851 4134 3051 4188 magna
3097 4116 3499 4171 exercitatione
3544 4116 3629 4170 in-

2006 4218 2193 4286 diget;
2224 4231 2350 4286 quas
2380 4215 2462 4267 sui
2508 4229 2771 4267 normam
2814 4210 2982 4265 studii
3026 4210 3081 4265 in
3124 4211 3345 4267 Christo
3388 4210 3625 4265 Domino

2006 4309 2262 4381 sumpsit,
2283 4308 2378 4379 qui
2405 4307 2672 4362 obediens
2692 4304 2833 4360 Patri
2864 4321 3037 4377 usque
3065 4304 3135 4359 ad
3162 4307 3426 4371 mortem,
3450 4304 3628 4358 crucis

2005 4404 2377 4475 ignominiam
2408 4401 2650 4455 libenter
2680 4400 2967 4454 sustinuit.

2649 4494 2867 4548 CAPUT
2904 4495 2988 4547 1V.

278 4589 405 4643 nari
452 4594 717 4659 nequeat,
769 4591 863 4658 qui
908 4587 1062 4658 prius
1089 4588 1254 4640 alicui
1284 4586 1614 4640 servitutem
1648 4587 1897 4658 prmberc
1919 4566 1981 4641 D
2076 4591 2316 4655 Quartus
2346 4586 2631 4642 abusionis
2659 4586 2868 4656 gradus
2898 4592 3000 4653 est,
3032 4586 3187 4641 dives
3225 4585 3343 4639 sine
3372 4585 3621 4639 eleemo-

273 4683 547 4752 denegat,
583 4684 819 4752 Propter
844 4680 999 4751 quod
1028 4680 1370 4735 etDominus
1398 4681 1555 4734 Jesus
1584 4680 1641 4734 in
1674 4684 1903 4751 tempo-

275 4778 432 4831 ribus
459 4793 572 4829 suaa
601 4775 809 4839 carnis,
840 4774 980 4827 dum
1016 4774 1200 4827 adhuc
1222 4774 1291 4827 ad
1320 4773 1639 4843 legitimum
1674 4778 1903 4829 (etatem

272 4869 517 4923 doctoris
570 4885 685 4923 non
741 4873 1094 4939 pervenerat,
1142 4866 1471 4921 obedienter
1531 4867 1901 4923 ministratio-

2004 4702 2166 4755 syua;
2201 4683 2297 4755 qui
2324 4681 2609 4753 superﬂua
2638 4696 2770 4732 usus
2795 4679 2879 4733 sui
2910 4681 3155 4750 ('13)qute
3185 4677 3627 4733 custodiendain

2005 4785 2288 4849 posterum
2325 4776 2599 4842 recondit,
2620 4772 3008 4841 indigentibus
3038 4778 3093 4825 et
3117 4772 3255 4825 nihil
3285 4770 3627 4825 habentibus

2006 4890 2117 4925 non
2149 4869 2469 4925 distribuit:
2505 4885 2605 4939 per
2637 4860 2784 4938 quod
2818 4865 3081 4930 efﬁcitur,
3115 4868 3174 4919 ut
3204 4864 3337 4918 dum
3379 4866 3435 4919 in
3479 4868 3626 4919 terra

1598 5002 1821 5084 Steph.
1872 5004 2117 5070 Baluzii
2160 5009 2355 5066 notae.

336 5131 406 5191 (4)
430 5130 695 5193 Competit.
729 5129 981 5178 Convenit
1011 5127 1157 5191 apud
1198 5130 1335 5192 Aug.

335 5204 407 5264 (ὅ)
445 5203 693 5251 Deseruit.
729 5201 923 5249 Deserit
963 5202 1016 5248 in
1058 5200 1279 5250 duobus
1314 5214 1447 5250 mss.
1492 5205 1548 5251 et
1593 5202 1796 5251 Morel].
1843 5205 1902 5254 In

267 5273 526 5336 sequenti
580 5272 803 5335 periodo
855 5271 1107 5320 similiter
1160 5272 1501 5334 legimusut
1561 5273 1705 5335 apud
1759 5276 1901 5338 Aug.

266 5345 515 5403 deseruit,
544 5344 797 5407 quamvis
823 5344 1033 5407 legatur
1064 5345 1251 5392 deserit
1282 5346 1336 5393 iu
1372 5345 1659 5394 codicibus
1684 5360 1813 5396 mss.
1847 5352 1902 5398 et

272 5417 438 5466 editis
473 5428 699 5477 operum
729 5414 1009 5477 Cypriani.

336 5488 400 5550 (6)
450 5489 634 5547 Quam.
681 5486 840 5535 Hanc
882 5498 1074 5535 vocem
1119 5484 1303 5534 addidi
1352 5498 1419 5535 ex
1464 5485 1593 5534 edit.
1633 5488 1771 5550 Aug.
1804 5488 1899 5539 ubi

269 5558 354 5606 sic
385 5556 587 5619 legitur
615 5571 625 5603 :
653 5573 681 5599 «
710 5556 889 5617 Quam
922 5556 1200 5619 quomodo
1224 5557 1423 5607 futuras
1455 5558 1637 5606 aditus
1672 5572 1901 5622 propere

267 5627 789 5691 comprehendatur.
839 5642 867 5672 ›>
916 5627 975 5675 1n
1028 5627 1147 5676 cod.
1194 5627 1354 5676 Corb.
1401 5646 1427 5671 «
1471 5628 1672 5677 futura:
1718 5628 1899 5678 aditus

267 5701 678 5763 prosperitatis;
718 5715 747 5745 »
772 5697 1020 5748 eamdem
1050 5698 1347 5747 editionem
1375 5700 1664 5761 sequimur
1690 5699 1744 5747 in
1780 5700 1900 5748 aliis

268 5769 564 5820 nunnullis
586 5771 738 5829 locis,
760 5769 826 5818 de
850 5768 1055 5831 quibus
1082 5781 1308 5818 necesse
1335 5782 1443 5817 non
1471 5773 1555 5818 est
1583 5769 1896 5821 admonere.

338 5842 401 5902 (ι)
440 5842 635 5890 Secum.
675 5842 841 5891 Deest
871 5854 933 5890 ea
963 5852 1062 5889 vox
1097 5840 1152 5888 iu
1182 5840 1404 5889 duobus
1427 5854 1554 5888 mss.

336 5914 405 5978 (8)
444 5911 550 5965 Vile
580 5912 782 5964 reddat.
814 5912 939 5966 Duo
965 5910 1189 5967 codices
1213 5924 1344 5964 mss.
1368 5910 1598 5965 vilescat.

2063 5133 2132 5192 (9)
2166 5129 2511 5180 Ministerium
2547 5125 2673 5174 aliis
2714 5125 3012 5188 imperabit.
3050 5123 3211 5188 Apud
3257 5126 3398 5190 Aug.
3435 5126 3625 5175 minis-

2003 5205 2145 5251 truri
2173 5202 2270 5251 sibi
2297 5199 2543 5262 sperabit.

2064 5274 2158 5333 (10)
2208 5274 2369 5335 Usque
2414 5269 2486 5319 ad
2538 5269 2770 5332 dignam.
2819 5286 2844 5312 α
2886 5267 3070 5331 Usque
3120 5267 3185 5317 ad
3230 5269 3526 5331 perfectam
3570 5272 3631 5321 et

2001 5345 2242 5407 dignam.
2276 5361 2303 5387 »
2340 5344 2478 5404 Aug.

2064 5416 2162 5477 (ll)
2205 5417 2303 5463 Aut
2345 5412 2559 5462 seniori.
2605 5410 2698 5459 Sic
2742 5409 2863 5459 cod.
2910 5409 3041 5471 Reg.
3088 5410 3397 5458 admonenti
3432 5410 3630 5458 seniori

2000 5486 2129 5536 edit.
2179 5484 2349 5535 Paulo
2398 5488 2516 5547 post
2560 5482 2869 5532 delevimus
2917 5486 3043 5530 ante
3081 5482 3251 5530 crucis
3280 5481 3632 5543 ignominiam

2000 5558 2122 5607 hinc
2177 5557 2340 5606 verba
2393 5560 2607 5604 mortem
2658 5557 2834 5602 autem
2886 5566 3012 5617 quas
3055 5550 3256 5602 desunt
3308 5554 3363 5600 in
3407 5550 3628 5600 duobus

2004 5642 2133 5677 mss.
2167 5632 2222 5677 et
2249 5626 2394 5690 apud
2426 5628 2568 5688 Aug.

2064 5698 2166 5759 (1‘2)
2220 5696 2520 5746 Adolescens
2558 5708 2679 5758 ergo
2720 5694 2833 5744 sine
2874 5693 3175 5757 disciplina.
3228 5693 3431 5744 Contra
3482 5690 3627 5753 apud

2004 5769 2374 5829 Augustinum
2423 5783 2432 5814 :
2484 5782 2514 5813 α
2558 5765 2898 5815 Adolescens
2941 5779 3071 5829 ergo
3126 5766 3246 5814 sine
3297 5761 3627 5819 obedientia,

2003 5839 2329 5889 adolescens
2358 5840 2476 5887 sine
2505 5836 2795 5901 disciplina
2819 5841 2916 5885 est.
2954 5853 2984 5882 »

2066 5911 2165 5980 (t3)
2214 5911 2344 5964 Usus
2375 5910 2473 5961 sui.
2514 5925 2542 5958 α
2583 5907 3031 5961 Conservationis
3073 5919 3193 5959 sum
3220 5920 3251 5956 ι
3289 5904 3411 5960 cod.
3465 5903 3625 5957 Colb.
