4032 6180
467 261 560 325 951

1085 267 1173 325 AD
1201 268 1425 326 OPERA
1453 266 1508 323 S.
1540 262 1857 324 CYPRIANI
1885 263 2180 324 GENUINA
2215 263 2505 323 APPEND.
2535 263 2603 319 ll.
2635 292 2704 307 --
2733 261 3211 322 SUPPOSITlTlA.
3667 269 3756 330 951

461 393 698 466 quaesita
750 391 1016 463 diligenti
1078 409 1214 447 cura
1272 392 1540 458 custodit,
1597 393 1838 448 caelestis
1890 392 2088 463 patriae
2111 391 2299 476 Arias
2348 389 2404 445 in
2458 394 2734 444 aeternam
2786 390 3216 444 damnationem
3269 387 3603 459 dilabuntur;
3644 398 3694 450 et
3733 414 3760 452 e

458 504 775 560 perennem
804 487 1138 542 thesaurum
1167 487 1412 541 amittat.
1441 487 1525 541 Ad
1552 503 1726 558 quem
1753 488 2086 542 thesaurum

462 583 738 655 Dominus
761 585 923 636 Jesus
959 581 1385 636 adolescentem
1422 581 1676 649 divitem,
1704 582 1804 653 qui
1843 599 1974 636 eum
2014 583 2084 636 de

458 676 808 747 perfectione
848 676 1312 744 interrogaverat,
1359 674 1437 730 ita
1484 675 1832 745 respondens
1878 674 2084 730 invita-

456 770 580 824 vit:
611 772 674 826 Si
698 773 780 824 vis
807 771 1074 839 perfectus
1098 784 1230 835 esse,
1268 769 1408 823 vade
1448 773 1498 824 et
1536 769 1703 823 vende
1749 771 1928 824 omnia
1968 786 2088 839 qua:

462 864 641 924 habes,
671 869 722 918 et
759 864 832 918 da
867 863 1225 932 pauperibus,
1257 868 1308 917 et
1352 864 1495 928 veni,
1530 878 1746 932 sequere
1769 879 1868 924 me,
1899 868 1948 918 et
1993 864 2087 917 ha-

460 959 602 1012 bebis
652 959 963 1011 thesaurum
1013 959 1072 1010 in
1123 958 1246 1011 ccelo
1303 957 1545 1026 (Mutila,
1576 973 1684 1016 nx,
1739 956 1850 1024 21).
1900 957 2084 1021 Quem

458 1052 796 1106 thesaurum
863 1051 1068 1112 nullus
1157 1066 1406 1120 unquam
1485 1050 1785 1104 hominum
1879 1050 2084 1105 habere

458 1151 666 1216 potest,
720 1144 826 1198 nisi
878 1145 975 1214 qui
1027 1145 1366 1215 pauperibus
1415 1144 1618 1197 solatia
1673 1149 1926 1214 prtestat,
1985 1148 2085 1198 aut

459 1256 566 1311 per
591 1239 841 1308 seipsum
873 1254 1092 1308 pauper
1121 1241 1224 1290 est.
1260 1239 1378 1292 Non
1409 1253 1545 1306 ergo
1578 1238 1821 1291 dormiat
1863 1239 1921 1292 in
1954 1239 2078 1293 the-

460 1333 642 1387 sauris
676 1333 786 1386 tuis
815 1333 942 1401 (14),
975 1331 1124 1400 quod
1177 1348 1458 1402 pauperes
1499 1332 1749 1386 dormire
1778 1348 1890 1385 non
1923 1333 2078 1388 sinit.

460 1426 616 1480 Dives
662 1441 910 1496 namque
955 1425 1060 1478 etsi
1103 1425 1279 1478 multa
1333 1426 1784 1496 congregaverit,
1830 1426 1916 1480 his
1971 1426 2080 1480 frui

456 1520 609 1572 solus
671 1534 1031 1588 nequaquam
1097 1518 1341 1588 poterit;
1406 1519 1542 1588 quia
1600 1520 1774 1573 unius
1835 1519 2080 1574 hominis

454 1617 657 1666 natura
688 1612 881 1665 multis
906 1611 1078 1666 rebus
1108 1629 1221 1665 non
1249 1613 1541 1666 succurrit.
1572 1613 1726 1676 Quid
1770 1629 1906 1684 ergo
1940 1615 2077 1670 stul-

2188 483 2500 545 contrario,
2555 486 2704 538 Beati
2750 489 2878 537 sunt
2924 483 3308 552 misericordes,
3350 486 3473 552 quia
3501 489 3756 543 misericor-

2187 578 2336 632 diam
2386 583 2772 648 consequentur
2821 578 3060 645 (Matth.,
3112 593 3164 644 v,
3209 577 3282 646 7).
3333 577 3478 631 Felix
3519 585 3596 634 est
3645 597 3760 653 ergo

2187 670 2531 738 misericors,
2559 670 2699 724 dum
2743 670 2803 724 in
2850 670 2954 725 hac
2999 669 3208 726 virtute
3252 686 3369 726 non
3414 671 3759 744 substantiam,

2187 765 2282 818 sed
2307 763 2573 820 atfectum
2601 765 2745 819 Deus
2772 763 3037 835 requirit.

2833 859 3053 914 CAPUT
3090 859 3154 913 V.

2255 951 2496 1015 Quintus
2523 952 2814 1007 abusiouis
2840 952 3051 1024 gradus
3087 957 3190 1019 est,
3223 952 3438 1007 femina
3475 954 3584 1008 sine
3622 955 3762 1026 pudi-

2184 1044 2335 1099 citia.
2368 1045 2522 1100 Sicut
2547 1047 2702 1100 enim
2743 1062 2944 1101 omnes
2989 1046 3170 1102 bonos
3213 1061 3398 1100 mores
3443 1053 3679 1118 procurat
3714 1053 3762 1104 et

2183 1142 2513 1197 custoditin
2545 1143 2678 1198 viris
2716 1145 3037 1214 prudentia,
3077 1145 3156 1199 sic
3181 1148 3237 1198 et
3278 1144 3338 1198 in
3382 1143 3595 1199 feminis
3618 1161 3762 1201 cunc-

2183 1239 2271 1291 tos
2300 1237 2530 1291 honoris
2581 1241 2740 1292 actus
2769 1238 2950 1293 nutrit
2974 1243 3032 1293 et
3056 1238 3208 1293 fovet
3253 1241 3310 1292 et
3349 1239 3581 1293 custodit
3622 1239 3763 1308 pudi-

2182 1329 2329 1383 citia.
2363 1329 2642 1385 Pudicitia
2673 1347 2924 1401 namque
2965 1331 3283 1386 castitatem
3329 1331 3584 1398 custodit,
3615 1333 3765 1386 avari-

2181 1423 2320 1476 tiam
2350 1424 2622 1488 refrenat,
2646 1424 2769 1478 lites
2797 1425 3025 1492 devitat,
3055 1426 3203 1479 iram
3231 1425 3480 1494 mitigat,
3507 1425 3765 1479 libidinem

2182 1523 2448 1587 occupat,
2479 1518 2852 1588 cupiditatem
2891 1522 3190 1588 temperat,
3232 1518 3515 1572 lasciviam
3547 1519 3768 1589 castigat.

2181 1609 2523 1665 ebrietatem
2551 1615 2732 1678 cavet,
2763 1612 2934 1666 verba
2965 1629 3079 1666 non
3109 1612 3475 1683 multiplicat,
3509 1613 3645 1682 gula:
3665 1629 3773 1666 con-

456 1706 566 1758 tius
618 1708 703 1758 est
742 1721 914 1776 quam
964 1708 1204 1775 propter
1251 1706 1420 1758 unius
1471 1707 1720 1760 hominis
1762 1707 1972 1761 victum
2022 1711 2147 1776 et_
2184 1704 2564 1773 cupiscentias
2606 1711 2815 1775 purgat
2842 1707 2970 1776 (l8),
3003 1707 3220 1760 furtum
3272 1706 3509 1760 omnino
3547 1704 3770 1760 damnat.

456 1771 778 1864 vestitum,-
800 1771 983 1853 totam
1045 1771 1209 1869 regni
1273 1799 1516 1854 caelestis
1580 1801 1817 1870 perdere
1877 1817 2084 1871 peren-
2102 1771 2160 1843 B
2185 1771 2330 1859 Quid
2358 1797 2543 1867 pluria
2562 1799 2589 1852 ?
2608 1771 2824 1853 Dmhia
2850 1771 2999 1853 vitia
3028 1800 3323 1870 restringit
3347 1816 3362 1866 ;
3395 1804 3451 1854 et
3478 1815 3660 1854 omnes
3685 1800 3771 1853 vir-

458 1908 592 1945 nem
643 1893 750 1962 (15)
794 1892 1232 1962 jucunditatem,
1287 1899 1343 1946 et
1399 1899 1640 1947 aeternos
1691 1894 1901 1947 inferni
1953 1911 2079 1948 cru-

457 1986 652 2050 ciatus,
680 1987 895 2056 absque
933 1986 1334 2040 consolationis
1377 1987 1799 2057 praestolatione
1845 1988 2083 2041 subire?

455 2079 617 2143 Quod
635 2079 812 2149 igitur
829 2079 1132 2152 aliquando
1160 2097 1263 2151 per
1289 2081 1674 2136 necessitatem
1696 2080 2080 2135 amittendum

458 2176 562 2239 est,
590 2189 693 2243 pro
730 2176 946 2226 aeterna
983 2175 1444 2228 remuneratione
1483 2179 1685 2244 sponte
1732 2174 2079 2228 distribuen-

454 2267 592 2320 dum
657 2271 759 2321 cst.
814 2268 1004 2324 Omnia
1059 2270 1200 2322 enim
1249 2283 1366 2337 qua:
1433 2269 1688 2323 videntur
1764 2269 2082 2338 temporalia

451 2367 596 2422 sunt,
625 2375 746 2430 qua:
768 2377 876 2414 non
902 2361 1158 2415 videntur
1194 2369 1400 2416 aeterna
1433 2369 1563 2416 sunt
1601 2362 1666 2431 (ll
1709 2365 1851 2425 Cor.,
1882 2379 1934 2430 v,
1972 2365 2075 2429 t8).

454 2455 729 2518 Quamdiu
760 2471 1010 2526 namque
1041 2455 1385 2526 temporales
1413 2472 1629 2524 sumus,
1661 2457 2079 2526 temporalibus

453 2549 793 2618 temporalia
825 2548 1172 2616 deserviunt,
1207 2554 1265 2603 et
1309 2565 1440 2602 cum
1478 2549 1609 2604 hinc
1654 2550 2074 2617 transierimus,

453 2642 681 2696 aeternis
734 2645 948 2696 aeterna
989 2642 1182 2696 solatia
1227 2643 1665 2713 praestabuntur.
1709 2643 1916 2698 Idcirco
1961 2659 2075 2697 non

453 2734 728 2788 debemus
761 2733 1000 2805 diligere
1026 2751 1090 2789 ea
1121 2751 1250 2806 qua:
1281 2753 1397 2789 non
1439 2751 1668 2805 semper
1704 2736 2074 2804 habebimus;

449 2828 769 2898 praesertim
799 2844 926 2881 cum
968 2835 1258 2899 expertem
1295 2829 1530 2883 rationis
1557 2846 1788 2884 avarum
1821 2830 2074 2899 divitem,

448 2921 700 2975 thesauri
745 2923 830 2976 sui
875 2924 932 2975 et
975 2922 1118 2991 agri,
1163 2929 1220 2977 et
1259 2922 1455 2977 omnia
1495 2939 1624 2994 quas
1668 2923 1858 2992 habet,
1888 2928 2074 2978 osten-

448 3015 620 3080 dant;
656 3015 794 3085 quia
821 3018 939 3069 toto
981 3015 1164 3069 cordis
1193 3016 1403 3070 intuitu
1447 3015 1570 3069 illas
1612 3033 1703 3070 res
1748 3020 1905 3071 amat
1945 3034 2076 3088 quae

444 3125 743 3179 nunquam
776 3125 836 3162 se
864 3109 1129 3179 diligunt.
1158 3109 1211 3162 Si
1243 3109 1395 3162 enim
1431 3125 1634 3162 aurum
1667 3114 1724 3163 et
1743 3115 2068 3181 argentum,

445 3208 504 3257 et
549 3219 734 3273 agros,
778 3206 835 3255 et
887 3203 1241 3267 vestimenta,
1293 3208 1348 3256 et
1402 3203 1571 3270 cibos,
1613 3209 1672 3256 et
1712 3205 1966 3271 metalla,
2015 3210 2072 3259 et

445 3297 613 3350 bruta
662 3295 931 3349 animalia
981 3297 1105 3366 quis
1154 3295 1433 3358 dilexerit,
1482 3297 1600 3350 haec
1653 3298 1841 3351 omnia
1891 3298 2070 3353 vicem

444 3390 550 3442 sibi
598 3389 806 3442 amoris
834 3390 1146 3459 rependere
1195 3406 1310 3443 non
1354 3406 1538 3460 posse,
1571 3391 1690 3460 ipsa
1737 3407 1929 3445 rerum
1971 3409 2071 3446 na-

445 3486 570 3536 tura
621 3483 886 3536 ostendit.
946 3483 1090 3546 Quid
1143 3499 1282 3553 ergo
1331 3500 1363 3535 a
1411 3483 1633 3536 ratione
1695 3484 1927 3555 longius
1987 3492 2071 3540 est

441 3591 615 3645 quam
653 3576 917 3645 diligere,
951 3575 1104 3646 quod
1149 3581 1203 3629 te
1254 3592 1449 3630 amare
1493 3592 1611 3630 non
1638 3578 1824 3642 valet;
1874 3584 1928 3632 et
1975 3596 2070 3632 ne-

442 3669 661 3739 gligere
702 3669 886 3735 illum,
929 3669 1028 3740 qui
1069 3674 1184 3722 tuae
1225 3669 1515 3723 dilectioni
1565 3669 1674 3740 (16)
1718 3687 1848 3724 cum
1903 3672 2069 3726 dilec-

441 3763 593 3815 tione
622 3762 814 3816 omnia
841 3763 1098 3832 praebet?
1129 3765 1364 3833 Propter
1389 3763 1496 3817 hoc
1535 3763 1711 3834 igitur
1749 3781 1864 3818 non
1905 3765 2067 3837 diligi

440 3855 709 3922 mundus,
755 3855 855 3909 sed
895 3855 1054 3925 diligi
1107 3857 1393 3926 proximus
1439 3873 1473 3910 a
1523 3859 1639 3911 Deo
1696 3857 2063 3928 prmcipitur;

440 3950 574 4019 quia
605 3949 901 4019 proximus
927 3949 1112 4003 vicem
1142 3949 1226 4003 sui
1259 3950 1471 4004 amoris
1507 3955 1695 4021 potest
1728 3952 2063 4021 rependere,

439 4043 596 4113 quod
623 4042 872 4096 mundus
899 4042 1139 4096 minime
1168 4060 1330 4114 posse
1361 4044 1471 4114 (17)
1501 4060 1612 4098 non
1637 4044 1944 4100 dubitatur.
1976 4046 2066 4100 Sic

440 4136 594 4190 enim
627 4135 924 4189 inimicum
968 4153 1090 4190 esse
1135 4137 1492 4206 diligendum
1535 4139 1808 4193 Dominus
1855 4156 2067 4210 praece-

437 4231 540 4297 pit,
572 4227 764 4302 8'73
797 4233 858 4282 ut
897 4230 991 4283 illa
1021 4229 1245 4284 dilectio
1271 4231 1521 4285 amicum
1547 4232 1711 4286 illum
1740 4250 1805 4286 ex
1830 4233 2063 4288 inimico

437 4324 668 4377 efficiat.
696 4322 958 4394 Quisquis
1000 4340 1136 4394 ergo
1185 4323 1342 4378 dives
1381 4324 1618 4395 cupidus
1663 4327 1782 4378 vult
1825 4332 2065 4381 aeternas

435 4416 646 4470 habere
690 4417 928 4483 divitias,
962 4417 1356 4472 distribuendo
1397 4418 1592 4489 egenis
1642 4422 1874 4488 praestet
1917 4420 2062 4474 inte-

2184 1893 2352 1953 tutes,
2382 1897 2437 1945 et
2480 1891 2752 1962 quidquid
2803 1908 2996 1947 coram
3042 1895 3157 1948 Deo
3186 1898 3244 1946 et
3280 1894 3444 1947 bonis
3484 1892 3773 1947 hominibus

2183 1983 2472 2039 laudabile
2505 1991 2592 2040 est
2617 1985 2818 2040 nutrit.
2851 1986 3146 2056 Impudica
3169 2003 3418 2058 namque
3439 1986 3548 2040 vita
3568 2003 3660 2040 nec
3677 1987 3772 2040 lau-

2185 2077 2317 2132 dem
2346 2078 2417 2132 ab
2450 2079 2782 2133 hominibus
2808 2079 2867 2133 in
2910 2081 3177 2150 praesenti
3209 2081 3438 2147 saeculo,
3465 2096 3568 2134 nec
3608 2096 3771 2133 remu

2182 2171 2537 2226 nerationem
2577 2189 2610 2226 a
2639 2175 2752 2228 Deo
2782 2179 3070 2244 exspectat
3097 2174 3158 2227 in
3191 2174 3408 2228 futuro.
3445 2173 3640 2228 Pudice
3664 2190 3774 2226 vero

2181 2265 2295 2319 vita
2323 2266 2531 2320 famam
2559 2266 2770 2321 bonam
2816 2267 2969 2321 inter
2997 2267 3263 2322 homines
3290 2267 3486 2332 habet,
3512 2273 3566 2322 et
3606 2266 3669 2320 de
3693 2283 3773 2337 spe

2180 2359 2237 2414 fu
2247 2363 2388 2414 turre
2404 2360 2776 2415 beatitudinis
2788 2361 3022 2432 gaudet.
3043 2362 3428 2416 Prmseniibus
3441 2361 3773 2431 semetipsum

2181 2453 2524 2508 imitabilem
2568 2454 2724 2523 facit,
2752 2455 2988 2525 posteris
3015 2455 3360 2510 memoriam
3395 2454 3683 2510 amabilem
3703 2470 3775 2508 re-

2179 2547 2404 2617 linquit.
2437 2548 2604 2602 Bonis
2647 2565 2877 2619 semper
2917 2548 3172 2603 moribus
3217 2549 3535 2604 delectatur
3575 2552 3628 2602 et
3659 2564 3774 2602 con-

2179 2642 2373 2709 sentit,
2407 2646 2463 2695 et
2489 2641 2728 2696 assiduis
2771 2642 3190 2713 Scripturarum
3237 2641 3696 2697 meditationibus
3723 2645 3769 2696 et

2179 2734 2419 2804 eloquiis
2451 2735 2703 2789 animam
2739 2739 2970 2806 vegetat
2993 2739 3124 2807 (19).
3152 2737 3438 2790 Bonorum
3471 2735 3764 2806 praeceden-

2176 2828 2320 2882 tium
2374 2830 2634 2899 exempla
2689 2830 2952 2896 custodit,
2999 2833 3056 2884 et
3096 2829 3508 2900 inseparabilia
3548 2827 3776 2900 perfectis

2175 2921 2550 2976 contubernia
2615 2922 2809 2977 nectit.
2867 2923 3096 2978 Duobus
3147 2940 3286 2994 ergo
3349 2923 3536 2978 modis
3585 2925 3775 2977 constat

2177 3030 2322 3068 verae
2368 3014 2656 3085 pudicitia:
2701 3015 3050 3079 exercitatio,
3083 3016 3138 3070 id
3185 3020 3271 3070 est
3311 3017 3566 3087 corporis
3611 3015 3774 3069 habitu

2175 3112 2230 3162 et
2259 3109 2558 3178 supercie
2598 3111 2656 3161 et
2684 3109 2868 3164 animi
2892 3109 3094 3164 affectu
3129 3110 3379 3164 interno.
3415 3111 3522 3164 Per
3561 3107 3772 3163 exterio-

2172 3218 2292 3256 rem
2322 3203 2559 3256 modum
2605 3219 2798 3257 coram
2837 3204 2972 3265 Deo,
3003 3203 3376 3274 providemus
3422 3219 3590 3274 opera
3624 3202 3772 3256 bona.

2172 3295 2454 3350 Pudicitia
2485 3313 2739 3367 namque
2773 3297 3033 3366 corporis
3071 3303 3172 3364 est,
3203 3297 3422 3351 alienas
3454 3313 3541 3351 res
3567 3312 3676 3350 non
3698 3311 3773 3363 ap-

2171 3394 2384 3459 petere,
2441 3392 2498 3443 et
2561 3407 2790 3444 omnem
2853 3389 3282 3444 immunditiam
3339 3391 3609 3456 devitarc,
3661 3391 3771 3442 ante

2170 3483 2372 3537 horam
2428 3499 2743 3554 congruam
2791 3500 2909 3538 non
2969 3490 3194 3553 gustare
3248 3484 3416 3551 velle,
3459 3484 3631 3538 risum
3682 3496 3774 3535 non

2171 3577 2436 3644 excitare,
2470 3577 2648 3630 verba
2681 3593 2826 3631 vana
2866 3581 2923 3630 et
2961 3577 3096 3631 falsa
3133 3594 3248 3632 non
3297 3579 3499 3648 loqui;
3543 3575 3772 3631 habitum

2170 3686 2272 3740 per
2317 3671 2514 3724 omnia
2567 3671 2912 3737 ordinatum,
2953 3670 3549 3742 compositionemque
3595 3685 3773 3724 conve-

2169 3763 2416 3817 nientem
2446 3767 2563 3816 tam
2595 3764 2934 3834 capillorum
2967 3780 3140 3834 quam
3167 3764 3442 3832 vestium,
3461 3765 3602 3818 sicut
3621 3763 3771 3826 decet,

2168 3856 2413 3924 habere;
2437 3873 2568 3910 cum
2595 3857 2848 3927 indignis
2869 3858 3242 3912 contubernia
3267 3874 3386 3912 non
3415 3859 3590 3922 inire;
3613 3871 3774 3926 super-

2167 3950 2362 4004 cilioso
2394 3950 2604 4005 intuitu
2637 3951 2931 4005 neminem
2959 3951 3229 4022 aspicere,
3253 3953 3451 4022 vagari
3477 3950 3660 4006 oculos
3677 3964 3770 4002 non

2165 4044 2541 4114 permittere;
2595 4045 2918 4113 pompatico
2957 4048 3015 4099 et
3058 4044 3392 4098 illecebroso
3431 4061 3629 4115 gressu
3671 4058 3769 4096 non

2166 4138 2464 4204 incedere;
2495 4137 2636 4191 nulli
2667 4137 2907 4191 inferior
2935 4140 3039 4208 (20)
3074 4138 3132 4191 in
3162 4138 3393 4208 incepto
3434 4140 3585 4193 bono
3616 4149 3770 4208 opere

2164 4247 2462 4302 apparere,
2493 4230 2636 4284 nulli
2675 4231 3084 4286 contumeliam
3130 4229 3328 4303 874
3377 4240 3481 4287 aut
3527 4232 3768 4286 ruborem

2165 4325 2442 4393 incutere,
2473 4324 2769 4378 neminem
2806 4324 3226 4394 blasphemare,
3259 4342 3432 4380 senes
3460 4341 3572 4380 non
3599 4322 3769 4377 irride-

2166 4433 2248 4484 re,
2279 4417 2442 4470 bonis
2472 4434 2590 4472 nou
2629 4418 2907 4484 invidere,
2932 4419 3161 4472 meliori
3193 4434 3308 4472 non
3340 4417 3766 4480 controversari;

440 4512 546 4564 rim
577 4527 696 4566 non
723 4527 1036 4565 mansuras.
1058 4511 1116 4566 Si
1141 4512 1294 4566 enim
1317 4511 1469 4583 quod
1489 4512 1675 4583 diligit
1701 4529 1813 4566 non
1843 4513 2059 4582 vendit,
2165 4511 2234 4565 de
2275 4510 2362 4564 his
2407 4527 2535 4581 qua:
2579 4512 2828 4581 ignoras,
2862 4527 2979 4565 non
3027 4515 3295 4579 tractare,
3326 4517 3386 4566 et
3432 4529 3500 4567 ea
3526 4527 3643 4582 quin
3682 4508 3767 4562 scis

433 4621 603 4659 nemo
635 4610 820 4675 potest
845 4621 1039 4659 emere
1071 4606 1223 4676 quod
1253 4607 1425 4676 cupit.
1457 4607 1628 4660 Avari
1657 4623 1906 4678 namque
1932 4607 2060 4662 ideo

433 4699 490 4752 in
533 4698 750 4770 judicio
791 4716 823 4754 a
861 4700 1178 4754 rectissimo
1198 4699 1391 4770 judice
1437 4704 1844 4771 nuncupantur
1891 4702 2062 4756 male-

431 4792 586 4860 dicti,
615 4793 749 4863 quia
795 4794 893 4864 qui
946 4793 1314 4864 praateribant
1351 4810 1547 4847 eorum
1579 4794 1904 4848 habitacula
1943 4812 2060 4850 non

431 4885 696 4940 dicebant
729 4903 740 4940 :
773 4889 1078 4942 Benedictio
1105 4889 1322 4942 Domini
1347 4903 1508 4957 super
1546 4903 1660 4950 vos,
1694 4889 2059 4943 benediwimus

429 4980 580 5034 vobis
607 4982 665 5032 in
709 4982 922 5034 nomine
962 4982 1180 5034 Domini
1218 4982 1385 5050 (Psal.
1438 4996 1658 5050 cxxvm,
1700 4982 1771 5049 8).
1805 4980 2058 5035 Infelices

430 5089 568 5144 ergo
611 5079 740 5127 sunt
777 5072 926 5126 avari
978 5072 1197 5140 divites,
1245 5074 1344 5143 qui
1393 5078 1628 5144 propter
1665 5089 1753 5128 res
1795 5073 2059 5128 transito-

2164 4620 2281 4658 non
2314 4604 2507 4658 omnia
2531 4605 2791 4675 proferre
2823 4623 2835 4658 :
2863 4605 2986 4660 haec
2999 4605 3152 4660 enim
3185 4606 3467 4676 proximis
3493 4604 3766 4660 amabilem

2164 4701 2456 4755 hominem
2497 4701 2772 4768 reddunt,
2817 4704 2875 4756 et
2927 4703 3035 4756 Deo
3091 4703 3510 4772 acceptabilem
3558 4703 3762 4757 faciunt.

2162 4795 2440 4849 Pudicitia
2468 4796 2628 4849 enim
2652 4796 2864 4850 animae
2896 4800 2998 4863 est,
3029 4797 3156 4865 plus
3191 4803 3429 4867 propter
3461 4798 3560 4851 Dei
3603 4795 3766 4850 oculos

2158 4904 2331 4959 quam
2365 4889 2668 4943 hominum
2710 4890 2902 4943 omnia
2946 4890 3092 4943 bona
3136 4889 3359 4957 facere;
3411 4888 3764 4962 appetitiones

2161 4981 2416 5052 turpium
2446 4983 2861 5054 cogitationum
2883 4999 3284 5053 compescere;
3305 5000 3510 5038 omnes
3528 4983 3764 5037 meliores

2159 5091 2218 5130 se
2267 5091 2388 5131 esse
2432 5076 2733 5144 aestimare,
2761 5076 2977 5132 nemini
3014 5075 3310 5145 invidere;
3361 5079 3434 5133 de
3479 5074 3760 5145 semetipso

1883 5196 2106 5279 Steph.
2153 5198 2398 5264 Baluzii
2442 5206 2648 5268 notae.

493 5325 586 5387 (11)
613 5327 673 5374 In
708 5325 967 5375 thesauris
995 5324 1118 5384 tuis,
1149 5321 1306 5387 quod.
1351 5321 1443 5373 Sic
1471 5320 1593 5372 cod.
1626 5323 1757 5386 Reg.
1844 5324 1906 5374 In
1935 5324 2058 5374 theo-

424 5397 605 5445 sauris
625 5397 741 5445 suis
765 5397 882 5459 qui,
962 5394 1091 5445 edit.
1181 5395 1244 5444 In
1275 5393 1548 5444 thesauris
1580 5396 1688 5444 tuis
1728 5394 1876 5460 quod
1917 5411 2055 5460 pau-

425 5467 542 5529 peri
563 5465 823 5530 prodesse
852 5469 1046 5529 potest.
1135 5466 1280 5528 Aug.

487 5541 590 5600 (15)
621 5537 923 5587 Perennem'.
955 5539 1125 5587 Deest
1153 5537 1299 5601 apud
1330 5537 1470 5601 Aug.

483 5609 580 5670 (l6)
615 5610 730 5658 Tuae
763 5608 1048 5659 dilectioni.
1092 5607 1185 5660 Sic
1223 5608 1346 5660 cod.
1377 5607 1512 5672 Reg.
1553 5622 1659 5659 sua
1699 5608 1890 5660 ditioni
1919 5609 2047 5660 edit.

427 5686 527 5730 tuae
553 5681 747 5731 ditioni
770 5681 909 5743 Aug.

491 5752 588 5813 (17)
619 5751 768 5814 Quod
803 5752 1028 5802 mundus
1066 5752 1277 5802 minime
1311 5765 1475 5816 posse.
1521 5752 1616 5803 Sic
1653 5752 1797 5815 Aug.
1833 5755 1887 5801 et
1923 5751 2046 5802 cod.

414 5819 656 5874 Colbert.
743 5821 908 5887 Quod
932 5823 1177 5876 mundus
1201 5837 1314 5874 non
1338 5826 1537 5889 potest,
1566 5823 1654 5876 vel
1679 5823 1909 5875 minime
1935 5837 2045 5876 non

2157 5339 2320 5388 posse
2350 5327 2658 5391 dubitatur,
2759 5327 2887 5378 edit.
2921 5327 3094 5377 Paulo
3136 5330 3260 5392 post
3293 5327 3534 5390 legimus
3561 5338 3626 5377 ex
3655 5318 3758 5374 cod.

2158 5396 2401 5450 Colbert.
2431 5401 2651 5464 cupidus
2674 5399 2808 5457 vult,
2833 5413 2932 5463 pro
2957 5398 3178 5462 cupidus
3205 5399 3298 5462 qui
3316 5398 3452 5447 vult.

2216 5471 2318 5534 (18)
2350 5472 2563 5534 Purgat.
2603 5472 2880 5534 Oppugnat
2910 5471 3052 5533 Aug.

2217 5532 2312 5602 (I9)
2341 5532 2586 5591 Animam
2630 5532 2850 5604 uegetat.
2879 5532 3126 5591 Animum
3169 5539 3281 5604 git
3326 5536 3538 5589 Morell.
3577 5537 3628 5586 et
3663 5532 3756 5583 duo

2154 5611 2377 5662 codices
2406 5625 2538 5660 mss.

2211 5682 2309 5747 (20)
2339 5681 2487 5733 Nulli
2519 5681 2762 5745 inferior.
2797 5682 2922 5734 Duo
2965 5680 3186 5734 codices
3221 5694 3342 5732 mss.
3447 5677 3607 5730 Nullo
3633 5673 3750 5726 inte-

2150 5755 2260 5805 rior
2283 5755 2525 5821 incepto.
