4032 6180
214 234 315 296 953

1392 232 1475 292 DE
1518 232 1611 292 XII
1656 227 2098 291 ABUSIONIBUS
2137 226 2418 287 SECULI.

3479 218 3580 285 934

212 366 358 423 nihil
406 356 716 435 conﬁdere,
775 364 872 420 Dei
937 379 1164 435 semper
1227 363 1433 419 auxilio
1495 379 1586 417 res
1639 377 1839 416 omnes
1861 376 1916 449 Α
1943 356 2117 413 David
2146 357 2335 411 sedem
2367 356 2630 425 obtinuit,
2662 356 2805 413 Deus
2833 356 2993 412 illum
3025 352 3168 411 ultra
3200 371 3398 412 omnes
3427 374 3575 413 mor-

209 464 604 533 committere,
647 471 779 521 ante
824 464 921 521 Dei
970 466 1163 521 oculos
1212 464 1583 534 semetipsum
1639 463 1848 517 constiv

206 572 407 633 tuere;
460 565 726 620 hmretica
773 564 1045 636 pravitate
1091 580 1321 619 sensum
1371 580 1485 618 non
1532 564 1843 628 maculare,

206 666 505 719 catholicis
532 682 637 736 per
663 664 853 719 omnia
880 664 1231 732 consentire;
1260 663 1374 717 Deo
1402 662 1504 716 soli
1529 661 1841 725 adhrerere,

207 760 529 814 castitatem
561 763 793 813 aeternae
827 757 1035 813 mentis
1063 759 1177 813 Deo
1206 757 1426 812 Christo
1454 756 1694 823 offerre;
1727 772 1845 809 om-

206 854 303 909 nia
328 857 512 923 erepta
541 870 712 923 opera
733 853 883 907 bona
910 853 1108 906 mortis
1136 855 1358 906 tantum
1381 850 1627 904 termino
1655 850 1841 919 linire;

200 953 515 1019 prazsentes
545 946 931 1001 tribulationes
959 945 1137 1000 animi
1165 944 1490 999 fortitudine
1519 944 1839 1014 negligere,

204 1042 657 1114 parvipendere;
679 1041 736 1094 in
754 1044 907 1095 terra
925 1044 1135 1110 praeter
1156 1040 1440 1110 proximos
1464 1039 1603 1093 nihil
1625 1054 1842 1105 amare,

1948 457 2089 510 tales
2135 456 2287 510 velut
2335 455 2407 507 ad
2460 455 2813 509 innumerosi
2858 454 3053 528 pepuli
3099 455 3575 525 gubernationem

1947 549 2237 620 sapientiae
2278 564 2517 602 munere
2563 548 2779 603 ditavit.
2816 550 2854 602 Ε
2896 550 3177 603 contrario
3216 566 3345 604 vero
3387 550 3579 605 Hiero-

1944 642 2134 709 boam,
2180 657 2375 696 servus
2420 641 2763 707 Salomonis,
2808 645 3111 713 postquam
3159 644 3323 713 regni
3370 643 3574 698 domus

1944 737 2119 790 David
2148 735 2441 807 occupavit
2468 738 2707 806 partem,
2735 735 2803 788 ad
2832 735 3108 790 idolorum
3134 738 3346 791 cultum
3374 738 3575 795 decem

1943 829 2124 885 tribus
2162 830 2353 897 Israel,
2399 845 2527 900 quin
2565 832 2730 885 erant
2767 829 2821 882 in
2857 834 3013 899 parte
3055 830 3341 895 Samariai,
3384 831 3576 885 dever-

1945 927 2111 978 terat.
2144 925 2248 977 Per
2272 939 2400 994 qum
2431 923 2692 993 exempla
2719 922 3014 976 evidenter
3041 922 3380 989 ostenditur,
3410 940 3576 995 quos-

1943 1017 2075 1071 dam
2121 1018 2180 1072 in
2215 1016 2533 1071 sublimiori
2565 1022 2711 1070 statu
2744 1016 2817 1070 ad
2857 1016 3125 1086 majorem
3169 1017 3573 1087 perfectionem

205 1136 401 1190 cuncti
453 1134 664 1188 amoris
712 1135 1043 1188 thesaurum
1091 1134 1149 1187 in
1201 1134 1339 1188 caele
1388 1133 1747 1199 constituere,
1788 1135 1834 1185 et

1943 1127 2218 1178 crescere,
2253 1110 2529 1181 quosdam
2558 1126 2690 1164 vero
2726 1126 2826 1181 per
2852 1109 3218 1180 supercilium
3248 1108 3577 1164 dominatio-

203 1246 313 1300 pro
346 1229 507 1283 omni
534 1228 682 1283 bono
712 1230 838 1281 actu
870 1227 1191 1282 mercedem
1222 1244 1255 1281 a
1285 1228 1396 1280 Deo
1428 1227 1486 1280 in
1522 1226 1834 1281 ccrlestibus

1943 1205 2030 1258 nis
2060 1204 2135 1258 ad
2178 1206 2462 1258 deteriora
2495 1203 2764 1258 defluere.
2814 1206 2917 1257 Per
2953 1202 3105 1275 quod
3153 1209 3457 1275 utrumque
3490 1204 3572 1257 in-

203 1340 458 1395 sperare.
531 1322 800 1379 Pudicitia
876 1324 1287 1376 ornamentum
1370 1319 1644 1374 nobilium
1719 1325 1839 1387 est,

205 1424 478 1478 exaltatie
517 1423 846 1487 humilium,
878 1421 1139 1476 nobilitas
1182 1421 1546 1491 ignobilium,
1590 1421 1841 1492 pulchri-

202 1519 344 1575 tudo
386 1517 659 1572 debilium
705 1516 838 1587 (2l),
874 1515 1217 1587 prosperitas
1261 1515 1660 1581 laborantium,
1697 1516 1842 1570 sela-

203 1628 345 1667 men
367 1611 750 1676 mosrentium,
770 1612 1143 1679 augmentum
1167 1609 1354 1662 omnis
1377 1609 1837 1679 pulchritudinis,

203 1704 380 1759 decus
415 1704 724 1775 religionis,
770 1703 1020 1758 defensio
1065 1702 1396 1770 criminum,
1439 1702 1837 1774 multiplicatio

208 1799 579 1865 meritorum,
610 1798 881 1853 creatoris
906 1797 1165 1852 omnium
1195 1797 1293 1852 Dei
1319 1796 1569 1851 amicitia
1597 1797 1729 1869 (22).

859 1916 1077 1971 CAPUT
1116 1917 1200 1970 Vl.

275 2014 481 2069 Sextus
532 2013 823 2069 abusionis
874 2014 1081 2085 gradus
1122 2020 1203 2069 est
1250 1998 1519 2069 dominus
1564 2014 1684 2068 sine
1730 2013 1843 2068 vir"

201 2111 343 2171 tute,
382 2108 513 2179 quia
542 2108 684 2162 nihil
722 2108 945 2178 proﬁcit
974 2108 1311 2162 dominandi
1344 2108 1553 2162 habere
1588 2110 1838 2179 potesta-

200 2203 346 2267 tem,
380 2200 427 2253 si
465 2202 731 2255 dominus
770 2201 891 2272 ipse
929 2218 1040 2255 non
1080 2201 1286 2255 habeat
1311 2200 1534 2255 virtutis
1566 2201 1836 2272 rigorem.

198 2295 306 2349 Sed
332 2294 425 2348 hic
451 2296 670 2349 virtutis
698 2296 872 2366 rigor,
894 2312 1004 2349 non
1029 2300 1148 2349 tam
1177 2294 1440 2349 exteriori
1474 2294 1837 2360 fortitudine,

201 2405 335 2459 quaz
381 2394 438 2441 et
485 2388 605 2459 ipsa
652 2388 1014 2442 srecnlaribus
1063 2387 1311 2442 dominis
1364 2388 1678 2442 necessaria
1726 2393 1836 2455 est,

207 2498 382 2552 quam
415 2482 593 2534 animi
634 2481 744 2552 (23)
780 2481 1039 2535 interiori
1070 2482 1425 2548 fortitudine,
1464 2482 1710 2535 exerceri
1745 2482 1841 2537 de-

200 2575 324 2629 bet.
351 2577 509 2643 Szepe
543 2574 696 2627 enim
725 2574 1060 2627 dominandi
1094 2591 1196 2644 per
1226 2574 1396 2627 animi
1428 2575 1838 2643 negligentiam

198 2667 463 2739 perditur
517 2667 786 2720 fortitudo
851 2668 981 2737 (24),
1048 2668 1190 2721 sicut
1250 2668 1306 2721 in
1370 2668 1486 2720 Heli
1548 2668 1838 2723 sacerdote

199 2761 417 2814 factum
487 2761 656 2814 fuisse
713 2760 1135 2832 comprobatur;
1188 2760 1284 2831 qui
1349 2761 1483 2813 dum
1540 2762 1837 2815 severitate

188 2854 408 2925 judicis
443 2856 553 2921 (25)
578 2856 873 2923 peccantes
903 2854 1046 2907 ﬁlios
1085 2871 1200 2907 non
1242 2856 1510 2918 coercuit,
1546 2856 1601 2908 in
1637 2871 1835 2909 eorum

198 2948 534 3011 vindictam,
565 2948 832 3001 Dominus
859 2948 1011 3000 velut
1037 2948 1413 3001 consentienti
1441 2948 1705 3001 ferociter
1726 2948 1831 3018 (26)

197 3059 318 3095 non
361 3040 631 3111 pepercit.
678 3040 801 3094 Tria
841 3057 976 3111 ergo
1016 3040 1330 3094 necessaria
1367 3041 1473 3095 hos
1514 3041 1611 3112 qui
1651 3041 1833 3095 domi-

197 3139 413 3189 nantur
442 3134 653 3189 habere
694 3138 921 3204 oportet
960 3151 973 3187 :
1008 3140 1290 3188 terrorem
1332 3135 1563 3201 scilicet,
1597 3140 1651 3189 et
1685 3135 1835 3189 ordi-
1861 3122 1915 3195 C

197 3230 520 3293 nationem,
555 3232 611 3281 et
648 3244 929 3281 amorem.
961 3227 1074 3281 Nisi
1121 3227 1274 3281 enim
1316 3233 1544 3281 ametur
1571 3228 1837 3282 dominus

196 3324 424 3394 pariter
465 3326 520 3376 et
560 3323 863 3386 metuatur,
910 3320 1195 3374 ordinatio
1238 3320 1388 3373 illius
1430 3326 1691 3376 constare
1728 3322 1833 3375 mi-

196 3417 354 3469 nime
409 3420 611 3485 potest.
678 3412 781 3468 Per
837 3413 1112 3467 beneﬁcia
1164 3430 1299 3483 ergo
1343 3417 1399 3467 et
1444 3414 1838 3469 affabilitatem

192 3514 465 3580 procuret
503 3515 560 3561 ut
603 3508 890 3578 diligatur,
928 3512 981 3561 et
1029 3524 1135 3579 per
1165 3508 1346 3577 justas
1386 3507 1683 3573 vindictas,
1718 3525 1833 3561 non

194 3602 448 3675 proprim
494 3602 741 3672 injuriae,
790 3602 884 3655 sed
930 3601 1070 3670 legis
1114 3600 1229 3665 Dei,
1264 3601 1481 3654 studeat
1514 3604 1577 3653 ut
1611 3606 1835 3654 metua-

196 3701 315 3750 tur.
361 3698 660 3765 Propterea
703 3711 948 3766 quoque,
995 3694 1129 3746 dum
1173 3694 1335 3747 multi
1375 3694 1630 3765 pendent
1661 3694 1715 3747 in
1748 3711 1834 3761 eo,

194 3791 320 3861 ipse
375 3792 487 3844 Deo
533 3789 827 3843 adhaerere
879 3787 1067 3854 debet,
1110 3788 1206 3858 qui
1256 3788 1413 3841 illum
1464 3788 1521 3841 in
1569 3789 1835 3841 ducatum

196 3883 529 3947 constituit;
565 3882 663 3953 qui
691 3882 760 3936 ad
790 3880 1071 3953 portanda
1092 3882 1401 3935 multorum
1425 3898 1617 3945 onera,
1644 3881 1834 3951 ipsum

195 3977 381 4031 veluti
421 3977 720 4030 fortiorem
752 3975 1027 4029 solidavit.
1070 3975 1318 4028 Paxillus
1352 3975 1502 4029 enim
1543 3974 1644 4028 nisi
1684 3960 1836 4029 bene

196 4071 429 4125 fortiter
458 4070 738 4135 ﬁrmetur,
778 4072 835 4122 et
873 4068 1035 4121 alicui
1069 4068 1289 4122 fortiori
1322 4069 1633 4136 adhazreat,
1668 4086 1836 4123 omne

195 4165 353 4237 quod
405 4164 465 4217 in
512 4181 577 4217 eo
622 4164 829 4234 pendet
881 4162 991 4216 cito
1046 4162 1283 4230 labitur;
1335 4168 1389 4217 et
1440 4163 1580 4232 ipse,
1628 4163 1837 4215 solutus

196 4256 395 4331 875
450 4274 482 4310 a
532 4256 720 4327 rigore
768 4272 882 4309 sum
931 4253 1234 4319 ﬁrmitatis,
1289 4271 1419 4308 cum
1463 4255 1730 4308 oneribus
1766 4254 1834 4307 ad

200 4356 417 4405 terram
451 4349 755 4404 delabitur.
782 4349 867 4402 Sic
902 4352 960 4401 et
988 4347 1255 4418 princeps
1284 4348 1387 4401 nisi
1416 4365 1516 4401 suo
1545 4347 1836 4403 Conditori

198 4447 574 4519 pertinaciter
609 4445 932 4510 adhmserit,
972 4450 1027 4500 et
1057 4445 1197 4516 ipse,
1230 4449 1287 4498 et
1317 4460 1483 4497 omne
1519 4443 1669 4514 quod
1698 4460 1831 4495 con-

202 4545 372 4605 tinet,
407 4542 516 4594 cito
548 4540 786 4610 deperit.
821 4538 1061 4603 Quidam
1094 4554 1339 4607 namque
1371 4553 1470 4607 per
1498 4536 1830 4590 dominandi

193 4636 450 4689 ofﬁcium
483 4634 609 4705 plus
641 4635 751 4686 Deo
779 4633 1263 4702 appropinquant,
1299 4631 1533 4702 quidam
1566 4631 1832 4700 imposito

191 4729 305 4783 sibi
338 4728 627 4797 dignitatis
657 4727 875 4780 honore
906 4726 1215 4779 deteriores
1236 4724 1401 4777 ﬁunt.
1426 4726 1640 4794 Moyses
1671 4741 1829 4776 nam-

189 4838 329 4893 que,
372 4824 603 4891 accepto
644 4819 837 4891 populi
886 4820 1112 4885 ducatu,
1156 4818 1494 4871 familiarius
1541 4818 1631 4871 Dei
1672 4818 1829 4871 locu-

185 4914 447 4969 tionibus
478 4914 779 4969 utebatur:
811 4913 947 4967 Saiil
989 4928 1143 4979 vero,
1183 4911 1329 4965 ﬁlius
1369 4911 1477 4979 Cis,
1526 4914 1833 4981 postquam

184 5015 417 5080 sceptra
449 5009 607 5080 regni
641 5006 905 5078 suscepit,
942 5022 1045 5076 per
1074 5003 1479 5059 inobedientiae
1509 5003 1834 5074 superbiam

187 5104 381 5158 Deum
422 5102 674 5158 offendit.
720 5101 833 5155 Rex
873 5099 1141 5154 Salomon
1184 5102 1480 5169 postquam
1528 5097 1703 5169 patris
1742 5095 1829 5151 sui

1944 1298 2221 1368 telligitur
2257 1315 2350 1352 eos
2378 1298 2475 1368 qui
2503 1298 2570 1351 ad
2604 1298 2835 1351 meliora
2871 1297 3285 1352 transcendunt
3309 1296 3444 1370 (27),
3474 1313 3578 1368 per

1940 1392 2208 1446 virtutem
2243 1392 2425 1446 animi
2464 1398 2519 1445 et
2560 1391 2656 1445 Dei
2692 1391 2965 1445 auxilium
2998 1407 3159 1461 posse
3195 1391 3255 1445 id
3284 1392 3486 1460 facere,
3520 1394 3579 1447 et

1940 1502 2037 1539 eos
2079 1487 2177 1556 qui
2219 1486 2292 1539 ad
2336 1485 2626 1539 deteriora
2666 1485 3055 1551 devertuntur,
3093 1501 3197 1555 per
3235 1485 3442 1539 mentis
3472 1484 3573 1539 im-

1940 1578 2309 1633 becillitatem
2356 1579 2568 1649 pariter
2609 1581 2665 1632 et
2706 1578 3114 1649 negligentiam
3160 1595 3368 1633 errare.
3416 1578 3573 1633 Unde

1940 1676 1998 1725 et
2044 1673 2342 1727 dominum
2389 1672 2601 1744 absque
2658 1672 2865 1725 virtute
2912 1672 3033 1726 ﬁeri
3084 1689 3197 1725 non
3248 1671 3428 1738 decet,
3474 1672 3573 1742 qui

1862 1752 2205 1825 Bvirtutem
2254 1772 2380 1824 sine
2443 1771 2540 1825 Dei
2595 1770 2799 1823 auxilio
2855 1770 3177 1823 nullatenus
3226 1770 3415 1824 habet.
3466 1769 3573 1833 Qui

1942 1866 2155 1919 etenim
2206 1865 2385 1919 multa
2438 1867 2648 1931 tuetur,
2707 1863 2753 1916 si
2811 1879 2925 1917 non
2971 1863 3144 1917 habet
3182 1862 3573 1917 fortitudinem

1942 1962 2138 2032 animi,
2171 1978 2287 2017 non
2317 1963 2460 2015 valet
2488 1962 2544 2015 id
2578 1976 2771 2031 agere,
2803 1960 3074 2030 quoniam
3111 1976 3317 2031 magna
3345 1960 3574 2031 magnis

1939 2055 2419 2123 infestationibus,
2454 2056 2541 2109 vel
2591 2054 3027 2109 adversitatibus
3067 2055 3251 2109 solent
3289 2053 3571 2109 laborare.

1943 2149 2139 2204 Omnis
2166 2166 2305 2220 ergo
2332 2149 2428 2220 qui
2460 2151 2684 2219 prmest,
2716 2147 2818 2202 hoc
2846 2148 3114 2220 primitus
3141 2148 3322 2203 animi
3351 2152 3468 2202 tota
3491 2148 3575 2202 in-

1939 2244 2197 2301 tentione
2235 2246 2522 2315 procuret,
2570 2248 2629 2297 ut
2661 2258 2765 2312 per
2812 2242 3009 2297 omnia
3050 2243 3121 2297 de
3156 2242 3257 2297 Dei
3294 2242 3573 2312 adjutorio

1941 2338 2176 2393 omnino
2209 2354 2321 2391 non
2353 2335 2597 2391 dubitet.
2631 2335 2687 2390 Si
2720 2352 2969 2407 namque
3002 2336 3235 2407 coeperit
3274 2336 3329 2390 in
3362 2337 3576 2391 actibus

1939 2433 2055 2486 suis
2114 2430 2514 2485 auxiliatorem
2562 2429 2773 2484 habere
2826 2429 3129 2484 Dominum
3181 2430 3568 2498 dominorum,

1940 2526 2125 2580 nullus
2176 2523 2473 2578 hominum
2526 2524 2883 2594 contemptui
2931 2523 3142 2595 poterit
3188 2523 3403 2578 habere
3449 2524 3572 2594 ejus

1938 2620 2340 2674 dominatum:
2376 2620 2495 2673 Non
2541 2620 2679 2672 enim
2725 2622 2962 2686 potestas
3004 2619 3112 2671 nisi
3153 2634 3187 2671 a
3233 2621 3335 2672 Dco
3378 2618 3569 2687 (Rem,

1937 2713 2071 2781 xui).
2103 2714 2223 2783 Ipse
2266 2710 2419 2766 enim
2458 2711 2634 2764 BlLVJl.
2674 2710 2742 2764 de
2788 2714 3039 2764 stercore
3079 2727 3349 2781 egenum,
3394 2715 3451 2765 et
3489 2728 3547 2764 se

1945 2808 2080 2861 dere
2132 2806 2264 2859 facit
2305 2821 2435 2859 cum
2476 2803 2829 2875 principibus
2868 2804 3065 2875 pepuli
3106 2804 3213 2873 sui,
3254 2810 3307 2859 et
3339 2804 3574 2875 deponit

1937 2910 2201 2976 potentes
2243 2904 2313 2957 de
2359 2904 2511 2968 sede,
2553 2910 2608 2957 et
2648 2902 2863 2957 exaltat
2903 2902 3174 2969 humiles;
3205 2908 3269 2956 ut
3310 2901 3571 2957 subditus

1936 2999 2033 3052 ﬁat
2060 2998 2245 3052 omnis
2278 2996 2526 3051 mundus
2556 2997 2667 3051 Deo
2700 3002 2755 3051 et
2780 2999 2945 3067 egeat
2974 2996 3153 3067 gloria
3184 2996 3294 3068 (28)
3329 2996 3443 3050 Dei.

2568 3115 2786 3169 CAPUT
2826 3117 2933 3169 VII.

2013 3228 2299 3299 Septimus
2334 3230 2624 3284 abusionis
2670 3231 2877 3301 gradus
2919 3235 3002 3283 est
3041 3230 3393 3287 Christianus
3433 3246 3569 3283 cou-

1942 3324 2233 3391 tentiosus,
2264 3324 2382 3395 qui,
2412 3340 2542 3379 cum
2576 3323 3068 3395 participationem
3098 3323 3345 3378 nominis
3364 3322 3568 3377 Christi

1941 3434 2040 3487 per
2068 3418 2237 3471 ﬁdem
2281 3421 2338 3471 et
2376 3418 2727 3489 baptismum
2771 3419 3099 3488 susceperit,
3140 3424 3335 3471 contra
3367 3417 3570 3471 (Ihristi

1940 3511 2086 3564 dicta
2126 3516 2181 3565 et
2224 3512 2611 3583 propositum,
2659 3512 2860 3565 mundi
2909 3513 3118 3566 caduca
3159 3512 3570 3564 delectamenta

1939 3604 2143 3675 diligit.
2174 3605 2353 3659 Omne
2384 3606 2535 3659 enim
2561 3606 2631 3660 de
2662 3623 2774 3678 quo
2795 3605 3183 3672 contenditur,
3205 3610 3306 3658 aut
3332 3608 3569 3675 propter

1939 3698 2224 3770 propriam
2257 3700 2379 3768 ejus
2419 3699 2499 3752 rei
2543 3700 2906 3753 dilectionem
2952 3699 3021 3753 de
3065 3716 3179 3770 qua
3221 3698 3429 3769 agitur,
3473 3702 3571 3751 aut

1940 3794 2176 3863 prepter
2215 3792 2449 3845 alterius
2496 3809 2773 3859 amorem,
2820 3810 2947 3863 qua:
2991 3792 3095 3845 sub
3141 3792 3332 3846 odiosa
3381 3790 3568 3861 specie

1938 3886 2096 3953 latet,
2128 3885 2435 3957 appetitur.
2468 3886 2982 3953 Quemadmodum,
3018 3884 3171 3937 verbi
3205 3883 3410 3955 gratia,
3443 3884 3565 3937 bel-

1940 3980 2057 4032 lum
2088 3978 2340 4032 animose
2371 3978 2882 4049 compugnantium
2914 3978 3178 4032 conﬂictu
3209 3994 3339 4031 cum
3370 3976 3566 4031 odiosa

1940 4089 2032 4125 res
2060 4072 2150 4141 sit,
2184 4076 2417 4142 propter
2448 4088 2701 4125 amorem
2734 4072 2983 4126 victoriae
3015 4076 3071 4125 et
3098 4071 3368 4125 libertatis
3393 4086 3565 4141 pera-

1940 4166 2111 4236 gitur;
2150 4172 2206 4219 et
2236 4165 2427 4219 multa:
2462 4165 2585 4219 alia;
2619 4165 2837 4220 dilecta:
2869 4166 3105 4237 species,
3136 4165 3239 4220 sub
3264 4165 3455 4219 odioso
3483 4165 3566 4218 la-

1936 4258 2075 4312 bore
2120 4260 2199 4312 vel
2242 4258 2567 4325 formidine,
2615 4260 2751 4313 satis
2801 4260 3156 4315 contentiosa
3202 4262 3562 4331 expetuntur.

1938 4351 2097 4405 Unde
2125 4355 2384 4421 patenter
2414 4352 2753 4423 intelligitur
2786 4354 2925 4406 nihil
2955 4354 3216 4407 contendi
3248 4369 3429 4423 posse,
3458 4351 3565 4406 nisi

1938 4450 2170 4515 propter
2214 4445 2608 4512 dilectionem,
2657 4450 2940 4515 speratam
2996 4447 3209 4500 scilicet
3262 4450 3317 4499 et
3369 4446 3563 4498 subse-

1941 4540 2214 4608 quentem
2244 4538 2546 4591 amabilem
2584 4540 3124 4593 remunerationem.
3158 4539 3261 4602 Qui
3293 4539 3467 4609 igitur
3498 4538 3567 4590 de

1934 4632 2148 4686 mundo
2191 4638 2469 4702 praesente
2748 4650 2811 4685 ex
2852 4648 3195 4703 quacunque
3236 4648 3397 4684 causa
3427 4648 3567 4685 con-

1934 4722 2133 4788 tendit,
2165 4722 2463 4792 perspicue
2503 4722 2749 4776 ostendit
2790 4721 2943 4792 quod
2984 4722 3142 4775 illum
3182 4721 3388 4790 diligit.
3418 4721 3566 4784 Quo-

1936 4816 2103 4869 modo
2147 4832 2286 4886 ergo
2334 4816 2611 4869 mundum
2663 4815 2821 4884 diligi
2864 4831 2966 4885 per
3006 4818 3285 4870 Joannem
3326 4814 3568 4884 Spiritus

1934 4908 2114 4962 sancti
2160 4925 2451 4962 sermones
2501 4908 2868 4974 interdicunt,
2912 4909 3008 4978 qui
3049 4909 3127 4961 ait
3171 4924 3184 4961 :
3222 4909 3401 4963 Nolite
3435 4908 3565 4961 dili-

1934 5019 2054 5072 gere
2091 5003 2379 5063 mundum,
2414 5017 2584 5071 neque
2611 5018 2673 5055 ea
2702 5018 2822 5070 quae
2850 5004 2907 5056 in
2932 5002 3135 5056 mundo
3165 5007 3292 5056 sunt
3325 5002 3362 5069 (l
3384 5003 3561 5064 Ιοιιιι..

1936 5114 1991 5167 ιι,
2042 5099 2144 5169 l5).
2195 5098 2385 5153 Mundi
2427 5098 2584 5153 enim
2631 5115 2798 5153 amor
2844 5102 2902 5155 et
2947 5098 3044 5153 Dei
3087 5098 3302 5169 pariter
3342 5097 3401 5153 in
3451 5114 3563 5153 uno

1503 5247 1728 5333 Steph.
1775 5247 2020 5312 Baluzii
2064 5252 2263 5312 notae.

256 5378 358 5441 (2t)
394 5377 665 5427 Debilium.
700 5380 840 5441 Aug.
867 5374 1072 5425 vitium.

256 5450 355 5512 (22)
387 5450 656 5499 Amicitia.
684 5448 812 5498 Duo
840 5445 1062 5497 codices
1086 5456 1217 5494 mss.
1250 5444 1441 5493 amica.

251 5520 355 5581 (23)
405 5520 567 5579 Quam
614 5518 805 5569 animi.
852 5514 1081 5566 Addunt
1126 5514 1261 5565 editi
1312 5514 1509 5577 indiget
1557 5517 1683 5564 ante
1730 5514 1830 5563 has

1932 5377 2051 5424 erat
2077 5374 2131 5423 in
2162 5374 2341 5425 editis.

1995 5444 2097 5505 (26)
2123 5446 2408 5495 Ferociter.
2439 5447 2608 5497 Deest
2633 5447 2778 5511 apud
2810 5448 2953 5509 Aug.
3430 5506 3431 5509 η

1993 5517 2090 5577 (27)
2143 5516 2553 5567 Transcendunt.
2604 5516 2698 5569 Sic
2753 5519 2874 5569 cod.
2925 5516 3085 5569 Colb.
3132 5516 3564 5567 Condcscendunt

184 5605 385 5651 voces,
418 5594 471 5640 et
509 5590 658 5640 bonis
692 5588 926 5640 moribus
960 5592 1088 5639 ante
1127 5588 1375 5637 exerceri.
1423 5585 1664 5638 Secutus
1705 5600 1831 5637 sum
1931 5587 2064 5638 edit.

186 5662 344 5712 duos
372 5661 591 5711 codices
617 5674 745 5711 mss.

259 5733 361 5795 (24)
385 5732 679 5782 Fortitudo.
704 5734 849 5796 Aug.
881 5728 1209 5781 Domimmdi
1236 5729 1427 5779 virtus.

256 5804 359 5865 (25)
383 5802 607 5855 Iudicis.
638 5801 733 5856 Sic
762 5801 874 5854 duo
902 5800 1124 5855 codices
1152 5813 1285 5852 mss.
1315 5812 1415 5866 pro
1434 5798 1658 5865 iudicii,
1682 5799 1831 5866 quod

1997 5659 2090 5723 (28)
2138 5660 2295 5723 Egeat
2338 5658 2527 5722 gloria.
2579 5661 2674 5711 Sic
2724 5662 2909 5712 Morel.
2957 5666 3013 5713 et
3064 5660 3176 5710 duo
3222 5674 3353 5711 mss.
3398 5660 3563 5722 Egeat

1930 5730 2101 5781 omnis
2128 5729 2315 5794 gloria
2348 5730 2403 5780 in
2429 5730 2572 5782 aliis.
