  <div class='ocr_page' id='page_1' title='image "/cluster/home/n/w/nwhite01/storage/ocr_20150623/4/hvd.32044073549446/483.png"; bbox 0 0 4012 6194; ppageno 0'>
   <div class='ocr_carea' id='block_1_1' title="bbox 489 251 592 319">
    <p class='ocr_par' dir='ltr' id='par_1_1' title="bbox 489 251 592 319">
     <span class='ocr_line' id='line_1_1' title="bbox 489 251 592 319; baseline 0.01 -1"><span class='ocrx_word' id='word_1_1' title='bbox 489 251 592 319; x_wconf 76' lang='lat'><strong>953</strong></span> 
     </span>
    </p>
   </div>
   <div class='ocr_carea' id='block_1_2' title="bbox 1056 256 3233 320">
    <p class='ocr_par' dir='ltr' id='par_1_2' title="bbox 1056 256 3233 320">
     <span class='ocr_line' id='line_1_2' title="bbox 1056 256 3233 320; baseline -0.001 0"><span class='ocrx_word' id='word_1_2' title='bbox 1056 256 1144 320; x_wconf 74' lang='lat' dir='ltr'><strong>AD</strong></span> <span class='ocrx_word' id='word_1_3' title='bbox 1181 259 1402 320; x_wconf 77' lang='lat' dir='ltr'><strong>OPERA</strong></span> <span class='ocrx_word' id='word_1_4' title='bbox 1443 260 1498 320; x_wconf 92' lang='lat' dir='ltr'><strong>S.</strong></span> <span class='ocrx_word' id='word_1_5' title='bbox 1538 259 1853 320; x_wconf 80' lang='lat' dir='ltr'><strong>CYPRIANI</strong></span> <span class='ocrx_word' id='word_1_6' title='bbox 1889 257 2191 319; x_wconf 79' lang='lat' dir='ltr'><strong>GENUINA</strong></span> <span class='ocrx_word' id='word_1_7' title='bbox 2219 257 2510 320; x_wconf 80' lang='lat' dir='ltr'><strong>APPEND.</strong></span> <span class='ocrx_word' id='word_1_8' title='bbox 2549 259 2618 319; x_wconf 92' lang='lat' dir='ltr'><strong>Il.</strong></span> <span class='ocrx_word' id='word_1_9' title='bbox 2653 291 2720 302; x_wconf 90' lang='lat'>—</span> <span class='ocrx_word' id='word_1_10' title='bbox 2747 257 3233 320; x_wconf 71' lang='grc' dir='ltr'>ευρροδιτιτιιι.</span> 
     </span>
    </p>
   </div>
   <div class='ocr_carea' id='block_1_3' title="bbox 3699 264 3789 322">
    <p class='ocr_par' dir='ltr' id='par_1_3' title="bbox 3699 264 3789 322">
     <span class='ocr_line' id='line_1_3' title="bbox 3699 264 3789 322; baseline 0 0"><span class='ocrx_word' id='word_1_11' title='bbox 3699 264 3789 322; x_wconf 73' lang='lat'><strong>950</strong></span> 
     </span>
    </p>
   </div>
   <div class='ocr_carea' id='block_1_4' title="bbox 491 385 3795 474">
    <p class='ocr_par' dir='ltr' id='par_1_4' title="bbox 491 385 3795 474">
     <span class='ocr_line' id='line_1_4' title="bbox 491 385 3795 474; baseline 0 -29"><span class='ocrx_word' id='word_1_12' title='bbox 491 388 664 446; x_wconf 89' lang='lat' dir='ltr'><strong>corde</strong></span> <span class='ocrx_word' id='word_1_13' title='bbox 732 385 1062 447; x_wconf 79' lang='lat' dir='ltr'><strong>cohabitare</strong></span> <span class='ocrx_word' id='word_1_14' title='bbox 1121 407 1231 447; x_wconf 90' lang='lat' dir='ltr'><strong>non</strong></span> <span class='ocrx_word' id='word_1_15' title='bbox 1300 398 1570 464; x_wconf 87' lang='lat' dir='ltr'><strong>possunt,</strong></span> <span class='ocrx_word' id='word_1_16' title='bbox 1631 388 2117 464; x_wconf 80' lang='lat' dir='ltr'><strong>quemadmodum</strong></span> <span class='ocrx_word' id='word_1_17' title='bbox 2144 401 2199 474; x_wconf 76' lang='grc' dir='ltr'><strong>Α</strong></span> <span class='ocrx_word' id='word_1_18' title='bbox 2221 404 2444 446; x_wconf 86' lang='lat' dir='ltr'><strong>summo</strong></span> <span class='ocrx_word' id='word_1_19' title='bbox 2466 389 2587 446; x_wconf 62' lang='lat' dir='ltr'><strong>caeli</strong></span> <span class='ocrx_word' id='word_1_20' title='bbox 2617 389 2836 446; x_wconf 89' lang='lat' dir='ltr'><strong>conditi</strong></span> <span class='ocrx_word' id='word_1_21' title='bbox 2867 396 3030 446; x_wconf 87' lang='lat' dir='ltr'><strong>erant</strong></span> <span class='ocrx_word' id='word_1_22' title='bbox 3060 389 3331 446; x_wconf 83' lang='lat' dir='ltr'><strong>culmine.</strong></span> <span class='ocrx_word' id='word_1_23' title='bbox 3362 387 3501 455; x_wconf 89' lang='lat' dir='ltr'><strong>Quid</strong></span> <span class='ocrx_word' id='word_1_24' title='bbox 3539 407 3660 464; x_wconf 80' lang='lat' dir='ltr'><strong>ergo</strong></span> <span class='ocrx_word' id='word_1_25' title='bbox 3693 395 3795 450; x_wconf 85' lang='lat' dir='ltr'><strong>vult</strong></span> 
     </span>
    </p>
   </div>
   <div class='ocr_carea' id='block_1_5' title="bbox 491 482 2119 558">
    <p class='ocr_par' dir='ltr' id='par_1_5' title="bbox 491 482 2119 558">
     <span class='ocr_line' id='line_1_5' title="bbox 491 482 2119 558; baseline -0.001 -20"><span class='ocrx_word' id='word_1_26' title='bbox 491 482 661 538; x_wconf 90' lang='lat' dir='ltr'><strong>iidem</strong></span> <span class='ocrx_word' id='word_1_27' title='bbox 713 484 857 539; x_wconf 91' lang='lat' dir='ltr'><strong>oculi</strong></span> <span class='ocrx_word' id='word_1_28' title='bbox 896 485 1099 540; x_wconf 86' lang='lat' dir='ltr'><strong>ccelum</strong></span> <span class='ocrx_word' id='word_1_29' title='bbox 1145 487 1358 558; x_wconf 90' lang='lat' dir='ltr'><strong>pariter</strong></span> <span class='ocrx_word' id='word_1_30' title='bbox 1401 492 1458 540; x_wconf 91' lang='lat' dir='ltr'><strong>et</strong></span> <span class='ocrx_word' id='word_1_31' title='bbox 1497 489 1712 540; x_wconf 84' lang='lat' dir='ltr'><strong>terram</strong></span> <span class='ocrx_word' id='word_1_32' title='bbox 1756 499 2119 556; x_wconf 78' lang='lat' dir='ltr'><strong>nequaquam</strong></span> 
     </span>
    </p>
   </div>
   <div class='ocr_carea' id='block_1_6' title="bbox 496 577 2136 652">
    <p class='ocr_par' dir='ltr' id='par_1_6' title="bbox 496 577 2136 652">
     <span class='ocr_line' id='line_1_6' title="bbox 496 577 2136 652; baseline -0.001 -20"><span class='ocrx_word' id='word_1_33' title='bbox 496 578 876 648; x_wconf 90' lang='lat' dir='ltr'><strong>conspiciunt.</strong></span> <span class='ocrx_word' id='word_1_34' title='bbox 910 580 1012 635; x_wconf 87' lang='lat' dir='ltr'><strong>Sed</strong></span> <span class='ocrx_word' id='word_1_35' title='bbox 1047 581 1456 652; x_wconf 80' lang='lat' dir='ltr'><strong>requirendum</strong></span> <span class='ocrx_word' id='word_1_36' title='bbox 1488 583 1572 634; x_wconf 89' lang='lat' dir='ltr'><strong>est</strong></span> <span class='ocrx_word' id='word_1_37' title='bbox 1599 579 1643 634; x_wconf 93' lang='lat' dir='ltr'><strong>si</strong></span> <span class='ocrx_word' id='word_1_38' title='bbox 1671 595 1800 633; x_wconf 84' lang='lat' dir='ltr'><strong>vere</strong></span> <span class='ocrx_word' id='word_1_39' title='bbox 1831 579 1886 632; x_wconf 89' lang='lat' dir='ltr'><strong>in</strong></span> <span class='ocrx_word' id='word_1_40' title='bbox 1918 577 2136 632; x_wconf 89' lang='lat' dir='ltr'><strong>mundo</strong></span> 
     </span>
    </p>
   </div>
   <div class='ocr_carea' id='block_1_7' title="bbox 492 669 2128 745">
    <p class='ocr_par' dir='ltr' id='par_1_7' title="bbox 492 669 2128 745">
     <span class='ocr_line' id='line_1_7' title="bbox 492 669 2128 745; baseline 0 -21"><span class='ocrx_word' id='word_1_41' title='bbox 492 669 705 742; x_wconf 89' lang='lat' dir='ltr'><strong>aliquid</strong></span> <span class='ocrx_word' id='word_1_42' title='bbox 733 671 804 726; x_wconf 88' lang='lat' dir='ltr'><strong>sit</strong></span> <span class='ocrx_word' id='word_1_43' title='bbox 833 674 985 745; x_wconf 89' lang='lat' dir='ltr'><strong>quod</strong></span> <span class='ocrx_word' id='word_1_44' title='bbox 1015 675 1198 729; x_wconf 88' lang='lat' dir='ltr'><strong>amari</strong></span> <span class='ocrx_word' id='word_1_45' title='bbox 1233 673 1458 741; x_wconf 80' lang='lat' dir='ltr'><strong>debeat,</strong></span> <span class='ocrx_word' id='word_1_46' title='bbox 1487 679 1542 732; x_wconf 89' lang='lat' dir='ltr'><strong>et</strong></span> <span class='ocrx_word' id='word_1_47' title='bbox 1575 674 1704 745; x_wconf 82' lang='lat' dir='ltr'><strong>quis</strong></span> <span class='ocrx_word' id='word_1_48' title='bbox 1733 673 1805 726; x_wconf 91' lang='lat' dir='ltr'><strong>sit</strong></span> <span class='ocrx_word' id='word_1_49' title='bbox 1835 671 1929 726; x_wconf 90' lang='lat' dir='ltr'><strong>ille</strong></span> <span class='ocrx_word' id='word_1_50' title='bbox 1964 687 2128 725; x_wconf 90' lang='lat' dir='ltr'><strong>mun-</strong></span> 
     </span>
    </p>
   </div>
   <div class='ocr_carea' id='block_1_8' title="bbox 493 762 2133 839">
    <p class='ocr_par' dir='ltr' id='par_1_8' title="bbox 493 762 2133 839">
     <span class='ocr_line' id='line_1_8' title="bbox 493 762 2133 839; baseline 0 -21"><span class='ocrx_word' id='word_1_51' title='bbox 493 762 615 830; x_wconf 86' lang='lat' dir='ltr'><strong>dus,</strong></span> <span class='ocrx_word' id='word_1_52' title='bbox 645 782 816 838; x_wconf 78' lang='lat' dir='ltr'><strong>quem</strong></span> <span class='ocrx_word' id='word_1_53' title='bbox 845 767 1006 838; x_wconf 83' lang='lat' dir='ltr'><strong>diligi</strong></span> <span class='ocrx_word' id='word_1_54' title='bbox 1038 768 1227 822; x_wconf 87' lang='lat' dir='ltr'><strong>divina</strong></span> <span class='ocrx_word' id='word_1_55' title='bbox 1271 768 1503 839; x_wconf 85' lang='lat' dir='ltr'><strong>eloquia</strong></span> <span class='ocrx_word' id='word_1_56' title='bbox 1539 771 1753 822; x_wconf 89' lang='lat' dir='ltr'><strong>vetant.</strong></span> <span class='ocrx_word' id='word_1_57' title='bbox 1792 768 1961 822; x_wconf 83' lang='lat' dir='ltr'><strong>Terra</strong></span> <span class='ocrx_word' id='word_1_58' title='bbox 1992 780 2133 836; x_wconf 89' lang='lat' dir='ltr'><strong>ergo</strong></span> 
     </span>
    </p>
   </div>
   <div class='ocr_carea' id='block_1_9' title="bbox 494 858 2135 930">
    <p class='ocr_par' dir='ltr' id='par_1_9' title="bbox 494 858 2135 930">
     <span class='ocr_line' id='line_1_9' title="bbox 494 858 2135 930; baseline 0.001 -21"><span class='ocrx_word' id='word_1_59' title='bbox 494 873 626 912; x_wconf 89' lang='lat' dir='ltr'><strong>cum</strong></span> <span class='ocrx_word' id='word_1_60' title='bbox 661 862 1020 916; x_wconf 84' lang='lat' dir='ltr'><strong>nascentibus</strong></span> <span class='ocrx_word' id='word_1_61' title='bbox 1046 879 1115 916; x_wconf 80' lang='lat' dir='ltr'><strong>ex</strong></span> <span class='ocrx_word' id='word_1_62' title='bbox 1143 878 1227 930; x_wconf 80' lang='lat' dir='ltr'><strong>ea,</strong></span> <span class='ocrx_word' id='word_1_63' title='bbox 1252 865 1308 916; x_wconf 91' lang='lat' dir='ltr'><strong>et</strong></span> <span class='ocrx_word' id='word_1_64' title='bbox 1335 862 1604 926; x_wconf 77' lang='lat' dir='ltr'><strong>metallis,</strong></span> <span class='ocrx_word' id='word_1_65' title='bbox 1635 865 1689 915; x_wconf 85' lang='lat' dir='ltr'><strong>et</strong></span> <span class='ocrx_word' id='word_1_66' title='bbox 1721 858 2135 923; x_wconf 73' lang='lat' dir='ltr'><strong>animantibus,</strong></span> 
     </span>
    </p>
   </div>
   <div class='ocr_carea' id='block_1_10' title="bbox 498 952 2138 1027">
    <p class='ocr_par' dir='ltr' id='par_1_10' title="bbox 498 952 2138 1027">
     <span class='ocr_line' id='line_1_10' title="bbox 498 952 2138 1027; baseline -0.001 -17"><span class='ocrx_word' id='word_1_67' title='bbox 498 962 556 1010; x_wconf 87' lang='lat' dir='ltr'><strong>et</strong></span> <span class='ocrx_word' id='word_1_68' title='bbox 593 956 1018 1027; x_wconf 79' lang='lat' dir='ltr'><strong>pulchritudine</strong></span> <span class='ocrx_word' id='word_1_69' title='bbox 1061 957 1326 1023; x_wconf 81' lang='lat' dir='ltr'><strong>vestium,</strong></span> <span class='ocrx_word' id='word_1_70' title='bbox 1369 960 1427 1010; x_wconf 88' lang='lat' dir='ltr'><strong>et</strong></span> <span class='ocrx_word' id='word_1_71' title='bbox 1470 953 1945 1010; x_wconf 88' lang='lat' dir='ltr'><strong>oblectationibus</strong></span> <span class='ocrx_word' id='word_1_72' title='bbox 1988 952 2138 1008; x_wconf 52' lang='lat' dir='ltr'><strong>cibo:</strong></span> 
     </span>
    </p>
   </div>
   <div class='ocr_carea' id='block_1_11' title="bbox 502 1047 2132 1122">
    <p class='ocr_par' dir='ltr' id='par_1_11' title="bbox 502 1047 2132 1122">
     <span class='ocr_line' id='line_1_11' title="bbox 502 1047 2132 1122; baseline -0.002 -18"><span class='ocrx_word' id='word_1_73' title='bbox 502 1066 654 1118; x_wconf 89' lang='lat' dir='ltr'><strong>rum,</strong></span> <span class='ocrx_word' id='word_1_74' title='bbox 683 1055 741 1105; x_wconf 88' lang='lat' dir='ltr'><strong>et</strong></span> <span class='ocrx_word' id='word_1_75' title='bbox 772 1050 838 1104; x_wconf 92' lang='lat' dir='ltr'><strong>iis</strong></span> <span class='ocrx_word' id='word_1_76' title='bbox 869 1067 998 1122; x_wconf 75' lang='lat' dir='ltr'><strong>quae</strong></span> <span class='ocrx_word' id='word_1_77' title='bbox 1027 1052 1096 1106; x_wconf 87' lang='lat' dir='ltr'><strong>ad</strong></span> <span class='ocrx_word' id='word_1_78' title='bbox 1128 1051 1249 1105; x_wconf 70' lang='lat' dir='ltr'><strong>haec</strong></span> <span class='ocrx_word' id='word_1_79' title='bbox 1296 1050 1604 1121; x_wconf 77' lang='lat' dir='ltr'><strong>pertinent,</strong></span> <span class='ocrx_word' id='word_1_80' title='bbox 1635 1063 1751 1102; x_wconf 88' lang='lat' dir='ltr'><strong>non</strong></span> <span class='ocrx_word' id='word_1_81' title='bbox 1786 1047 1946 1118; x_wconf 82' lang='lat' dir='ltr'><strong>diligi</strong></span> <span class='ocrx_word' id='word_1_82' title='bbox 1988 1061 2132 1118; x_wconf 74' lang='lat' dir='ltr'><strong>pra:-</strong></span> 
     </span>
    </p>
   </div>
   <div class='ocr_carea' id='block_1_12' title="bbox 500 1139 2136 1216">
    <p class='ocr_par' dir='ltr' id='par_1_12' title="bbox 500 1139 2136 1216">
     <span class='ocr_line' id='line_1_12' title="bbox 500 1139 2136 1216; baseline -0.003 -17"><span class='ocrx_word' id='word_1_83' title='bbox 500 1144 749 1216; x_wconf 82' lang='lat' dir='ltr'><strong>cipitur;</strong></span> <span class='ocrx_word' id='word_1_84' title='bbox 803 1145 903 1199; x_wconf 90' lang='lat' dir='ltr'><strong>sed</strong></span> <span class='ocrx_word' id='word_1_85' title='bbox 950 1144 1264 1215; x_wconf 84' lang='lat' dir='ltr'><strong>proximus,</strong></span> <span class='ocrx_word' id='word_1_86' title='bbox 1295 1149 1528 1216; x_wconf 82' lang='lat' dir='ltr'><strong>propter</strong></span> <span class='ocrx_word' id='word_1_87' title='bbox 1568 1158 1740 1214; x_wconf 89' lang='lat' dir='ltr'><strong>quem</strong></span> <span class='ocrx_word' id='word_1_88' title='bbox 1790 1141 1912 1196; x_wconf 66' lang='lat' dir='ltr'><strong>hinc</strong></span> <span class='ocrx_word' id='word_1_89' title='bbox 1945 1139 2136 1195; x_wconf 88' lang='lat' dir='ltr'><strong>omnia</strong></span> 
     </span>
    </p>
   </div>
   <div class='ocr_carea' id='block_1_13' title="bbox 500 1235 2132 1308">
    <p class='ocr_par' dir='ltr' id='par_1_13' title="bbox 500 1235 2132 1308">
     <span class='ocr_line' id='line_1_13' title="bbox 500 1235 2132 1308; baseline -0.003 -15"><span class='ocrx_word' id='word_1_90' title='bbox 500 1240 644 1293; x_wconf 82' lang='lat' dir='ltr'><strong>facta</strong></span> <span class='ocrx_word' id='word_1_91' title='bbox 687 1245 841 1306; x_wconf 90' lang='lat' dir='ltr'><strong>sunt,</strong></span> <span class='ocrx_word' id='word_1_92' title='bbox 869 1239 1048 1293; x_wconf 88' lang='lat' dir='ltr'><strong>amari</strong></span> <span class='ocrx_word' id='word_1_93' title='bbox 1084 1238 1340 1308; x_wconf 89' lang='lat' dir='ltr'><strong>jubetur.</strong></span> <span class='ocrx_word' id='word_1_94' title='bbox 1379 1239 1505 1292; x_wconf 59' lang='lat' dir='ltr'><strong>Haec</strong></span> <span class='ocrx_word' id='word_1_95' title='bbox 1550 1237 1708 1291; x_wconf 91' lang='lat' dir='ltr'><strong>enim</strong></span> <span class='ocrx_word' id='word_1_96' title='bbox 1753 1235 1946 1290; x_wconf 82' lang='lat' dir='ltr'><strong>omnia</strong></span> <span class='ocrx_word' id='word_1_97' title='bbox 1985 1252 2132 1305; x_wconf 68' lang='lat' dir='ltr'><strong>pra:-</strong></span> 
     </span>
    </p>
   </div>
   <div class='ocr_carea' id='block_1_14' title="bbox 501 1329 2136 1400">
    <p class='ocr_par' dir='ltr' id='par_1_14' title="bbox 501 1329 2136 1400">
     <span class='ocr_line' id='line_1_14' title="bbox 501 1329 2136 1400; baseline -0.002 -13"><span class='ocrx_word' id='word_1_98' title='bbox 501 1333 676 1400; x_wconf 91' lang='lat' dir='ltr'><strong>dicta,</strong></span> <span class='ocrx_word' id='word_1_99' title='bbox 727 1333 880 1387; x_wconf 89' lang='lat' dir='ltr'><strong>velut</strong></span> <span class='ocrx_word' id='word_1_100' title='bbox 934 1350 1042 1387; x_wconf 93' lang='lat' dir='ltr'><strong>nou</strong></span> <span class='ocrx_word' id='word_1_101' title='bbox 1101 1348 1392 1397; x_wconf 87' lang='lat' dir='ltr'><strong>mansura,</strong></span> <span class='ocrx_word' id='word_1_102' title='bbox 1446 1331 1516 1385; x_wconf 90' lang='lat' dir='ltr'><strong>ad</strong></span> <span class='ocrx_word' id='word_1_103' title='bbox 1558 1331 1844 1385; x_wconf 68' lang='lat' dir='ltr'><strong>caelestem</strong></span> <span class='ocrx_word' id='word_1_104' title='bbox 1897 1329 2136 1394; x_wconf 81' lang='lat' dir='ltr'><strong>patriam</strong></span> 
     </span>
    </p>
   </div>
   <div class='ocr_carea' id='block_1_15' title="bbox 503 1423 2130 1498">
    <p class='ocr_par' dir='ltr' id='par_1_15' title="bbox 503 1423 2130 1498">
     <span class='ocr_line' id='line_1_15' title="bbox 503 1423 2130 1498; baseline -0.002 -16"><span class='ocrx_word' id='word_1_105' title='bbox 503 1431 813 1498; x_wconf 83' lang='lat' dir='ltr'><strong>pergentes</strong></span> <span class='ocrx_word' id='word_1_106' title='bbox 853 1427 1220 1481; x_wconf 79' lang='lat' dir='ltr'><strong>concmuitari</strong></span> <span class='ocrx_word' id='word_1_107' title='bbox 1259 1432 1570 1498; x_wconf 88' lang='lat' dir='ltr'><strong>nequeunt.</strong></span> <span class='ocrx_word' id='word_1_108' title='bbox 1606 1423 1853 1480; x_wconf 82' lang='lat' dir='ltr'><strong>Proximi</strong></span> <span class='ocrx_word' id='word_1_109' title='bbox 1881 1440 2010 1478; x_wconf 87' lang='lat' dir='ltr'><strong>vero</strong></span> <span class='ocrx_word' id='word_1_110' title='bbox 2039 1441 2130 1478; x_wconf 80' lang='lat' dir='ltr'><strong>ve-</strong></span> 
     </span>
    </p>
   </div>
   <div class='ocr_carea' id='block_1_16' title="bbox 499 1517 2136 1591">
    <p class='ocr_par' dir='ltr' id='par_1_16' title="bbox 499 1517 2136 1591">
     <span class='ocr_line' id='line_1_16' title="bbox 499 1517 2136 1591; baseline -0.002 -16"><span class='ocrx_word' id='word_1_111' title='bbox 499 1521 583 1576; x_wconf 91' lang='lat' dir='ltr'><strong>lut</strong></span> <span class='ocrx_word' id='word_1_112' title='bbox 629 1519 882 1575; x_wconf 84' lang='lat' dir='ltr'><strong>mansuri</strong></span> <span class='ocrx_word' id='word_1_113' title='bbox 922 1521 1073 1591; x_wconf 88' lang='lat' dir='ltr'><strong>regis</strong></span> <span class='ocrx_word' id='word_1_114' title='bbox 1118 1520 1468 1587; x_wconf 60' lang='lat' dir='ltr'><strong>coheredes,</strong></span> <span class='ocrx_word' id='word_1_115' title='bbox 1513 1519 1853 1590; x_wconf 88' lang='lat' dir='ltr'><strong>semetipsos</strong></span> <span class='ocrx_word' id='word_1_116' title='bbox 1897 1517 2136 1572; x_wconf 78' lang='lat' dir='ltr'><strong>licenter</strong></span> 
     </span>
    </p>
   </div>
   <div class='ocr_carea' id='block_1_17' title="bbox 502 1610 2134 1684">
    <p class='ocr_par' dir='ltr' id='par_1_17' title="bbox 502 1610 2134 1684">
     <span class='ocr_line' id='line_1_17' title="bbox 502 1610 2134 1684; baseline -0.002 -17"><span class='ocrx_word' id='word_1_117' title='bbox 502 1613 747 1667; x_wconf 77' lang='lat' dir='ltr'><strong>invicem</strong></span> <span class='ocrx_word' id='word_1_118' title='bbox 777 1612 888 1683; x_wconf 81' lang='lat'><strong>(29)</strong></span> <span class='ocrx_word' id='word_1_119' title='bbox 920 1613 1187 1684; x_wconf 85' lang='lat' dir='ltr'><strong>diligunt.</strong></span> <span class='ocrx_word' id='word_1_120' title='bbox 1221 1613 1382 1678; x_wconf 86' lang='lat' dir='ltr'><strong>Quod</strong></span> <span class='ocrx_word' id='word_1_121' title='bbox 1412 1630 1550 1684; x_wconf 87' lang='lat' dir='ltr'><strong>ergo</strong></span> <span class='ocrx_word' id='word_1_122' title='bbox 1583 1627 1813 1682; x_wconf 86' lang='lat' dir='ltr'><strong>semper</strong></span> <span class='ocrx_word' id='word_1_123' title='bbox 1833 1611 1891 1665; x_wconf 92' lang='lat' dir='ltr'><strong>in</strong></span> <span class='ocrx_word' id='word_1_124' title='bbox 1918 1610 2134 1666; x_wconf 88' lang='lat' dir='ltr'><strong>mundo</strong></span> 
     </span>
    </p>
   </div>
   <div class='ocr_carea' id='block_1_18' title="bbox 503 1704 2136 1776">
    <p class='ocr_par' dir='ltr' id='par_1_18' title="bbox 503 1704 2136 1776">
     <span class='ocr_line' id='line_1_18' title="bbox 503 1704 2136 1776; baseline 0 -18"><span class='ocrx_word' id='word_1_125' title='bbox 503 1722 620 1760; x_wconf 89' lang='lat' dir='ltr'><strong>non</strong></span> <span class='ocrx_word' id='word_1_126' title='bbox 657 1712 868 1774; x_wconf 88' lang='lat' dir='ltr'><strong>manet,</strong></span> <span class='ocrx_word' id='word_1_127' title='bbox 903 1711 1113 1762; x_wconf 91' lang='lat' dir='ltr'><strong>etcum</strong></span> <span class='ocrx_word' id='word_1_128' title='bbox 1146 1707 1360 1760; x_wconf 89' lang='lat' dir='ltr'><strong>mundo</strong></span> <span class='ocrx_word' id='word_1_129' title='bbox 1403 1706 1620 1776; x_wconf 88' lang='lat' dir='ltr'><strong>pariter</strong></span> <span class='ocrx_word' id='word_1_130' title='bbox 1651 1704 1894 1773; x_wconf 81' lang='lat' dir='ltr'><strong>deﬁciet,</strong></span> <span class='ocrx_word' id='word_1_131' title='bbox 1927 1708 1984 1758; x_wconf 89' lang='lat' dir='ltr'><strong>et</strong></span> <span class='ocrx_word' id='word_1_132' title='bbox 2013 1704 2136 1775; x_wconf 89' lang='lat' dir='ltr'><strong>ipse</strong></span> 
     </span>
    </p>
   </div>
   <div class='ocr_carea' id='block_1_19' title="bbox 2239 483 3799 556">
    <p class='ocr_par' dir='ltr' id='par_1_19' title="bbox 2239 483 3799 556">
     <span class='ocr_line' id='line_1_19' title="bbox 2239 483 3799 556; baseline 0.003 -18"><span class='ocrx_word' id='word_1_133' title='bbox 2239 483 2398 554; x_wconf 88' lang='lat' dir='ltr'><strong>quasi</strong></span> <span class='ocrx_word' id='word_1_134' title='bbox 2428 488 2634 555; x_wconf 89' lang='lat' dir='ltr'><strong>potens</strong></span> <span class='ocrx_word' id='word_1_135' title='bbox 2661 485 2720 540; x_wconf 93' lang='lat' dir='ltr'><strong>in</strong></span> <span class='ocrx_word' id='word_1_136' title='bbox 2763 492 2917 540; x_wconf 85' lang='lat' dir='ltr'><strong>terra</strong></span> <span class='ocrx_word' id='word_1_137' title='bbox 2947 484 3264 555; x_wconf 82' lang='lat' dir='ltr'><strong>superbire,</strong></span> <span class='ocrx_word' id='word_1_138' title='bbox 3294 483 3385 556; x_wconf 92' lang='lat' dir='ltr'><strong>qui</strong></span> <span class='ocrx_word' id='word_1_139' title='bbox 3423 502 3533 556; x_wconf 64' lang='lat' dir='ltr'><strong>pre.</strong></span> <span class='ocrx_word' id='word_1_140' title='bbox 3573 487 3799 542; x_wconf 82' lang='lat' dir='ltr'><strong>omnibus</strong></span> 
     </span>
    </p>
   </div>
   <div class='ocr_carea' id='block_1_20' title="bbox 2239 577 3803 649">
    <p class='ocr_par' dir='ltr' id='par_1_20' title="bbox 2239 577 3803 649">
     <span class='ocr_line' id='line_1_20' title="bbox 2239 577 3803 649; baseline 0.004 -18"><span class='ocrx_word' id='word_1_141' title='bbox 2239 577 2568 632; x_wconf 88' lang='lat' dir='ltr'><strong>hominibus</strong></span> <span class='ocrx_word' id='word_1_142' title='bbox 2597 580 2869 634; x_wconf 80' lang='lat' dir='ltr'><strong>debuerat</strong></span> <span class='ocrx_word' id='word_1_143' title='bbox 2900 579 3138 633; x_wconf 77' lang='lat' dir='ltr'><strong>humilis</strong></span> <span class='ocrx_word' id='word_1_144' title='bbox 3171 581 3488 649; x_wconf 79' lang='lat' dir='ltr'><strong>apparere?</strong></span> <span class='ocrx_word' id='word_1_145' title='bbox 3515 579 3635 649; x_wconf 81' lang='lat' dir='ltr'><strong>Sed,</strong></span> <span class='ocrx_word' id='word_1_146' title='bbox 3665 597 3726 636; x_wconf 87' lang='lat' dir='ltr'><strong>ne</strong></span> <span class='ocrx_word' id='word_1_147' title='bbox 3747 583 3803 637; x_wconf 89' lang='lat' dir='ltr'><strong>de</strong></span> 
     </span>
    </p>
   </div>
   <div class='ocr_carea' id='block_1_21' title="bbox 2240 673 3804 747">
    <p class='ocr_par' dir='ltr' id='par_1_21' title="bbox 2240 673 3804 747">
     <span class='ocr_line' id='line_1_21' title="bbox 2240 673 3804 747; baseline 0.004 -24"><span class='ocrx_word' id='word_1_148' title='bbox 2240 677 2570 744; x_wconf 74' lang='lat' dir='ltr'><strong>paupertate</strong></span> <span class='ocrx_word' id='word_1_149' title='bbox 2603 691 2704 728; x_wconf 84' lang='lat' dir='ltr'><strong>sua</strong></span> <span class='ocrx_word' id='word_1_150' title='bbox 2719 673 3006 728; x_wconf 75' lang='lat' dir='ltr'><strong>tristitiam</strong></span> <span class='ocrx_word' id='word_1_151' title='bbox 3027 674 3298 739; x_wconf 82' lang='lat' dir='ltr'><strong>habeant,</strong></span> <span class='ocrx_word' id='word_1_152' title='bbox 3321 673 3450 744; x_wconf 86' lang='lat' dir='ltr'><strong>quid</strong></span> <span class='ocrx_word' id='word_1_153' title='bbox 3477 690 3509 726; x_wconf 92' lang='lat' dir='ltr'><strong>a</strong></span> <span class='ocrx_word' id='word_1_154' title='bbox 3534 674 3635 728; x_wconf 86' lang='lat' dir='ltr'><strong>Deo</strong></span> <span class='ocrx_word' id='word_1_155' title='bbox 3652 691 3804 747; x_wconf 83' lang='lat' dir='ltr'><strong>recep-</strong></span> 
     </span>
    </p>
   </div>
   <div class='ocr_carea' id='block_1_22' title="bbox 2236 765 3804 841">
    <p class='ocr_par' dir='ltr' id='par_1_22' title="bbox 2236 765 3804 841">
     <span class='ocr_line' id='line_1_22' title="bbox 2236 765 3804 841; baseline 0.003 -21"><span class='ocrx_word' id='word_1_156' title='bbox 2236 765 2350 820; x_wconf 87' lang='lat' dir='ltr'><strong>turi</strong></span> <span class='ocrx_word' id='word_1_157' title='bbox 2399 767 2516 820; x_wconf 90' lang='lat' dir='ltr'><strong>sint</strong></span> <span class='ocrx_word' id='word_1_158' title='bbox 2558 784 2838 840; x_wconf 81' lang='lat' dir='ltr'><strong>pauperes</strong></span> <span class='ocrx_word' id='word_1_159' title='bbox 2884 767 3226 837; x_wconf 82' lang='lat' dir='ltr'><strong>attendant;</strong></span> <span class='ocrx_word' id='word_1_160' title='bbox 3278 767 3397 838; x_wconf 89' lang='lat' dir='ltr'><strong>ipse</strong></span> <span class='ocrx_word' id='word_1_161' title='bbox 3431 768 3570 822; x_wconf 89' lang='lat' dir='ltr'><strong>enim</strong></span> <span class='ocrx_word' id='word_1_162' title='bbox 3617 769 3804 841; x_wconf 88' lang='lat' dir='ltr'><strong>inquit:</strong></span> 
     </span>
    </p>
   </div>
   <div class='ocr_carea' id='block_1_23' title="bbox 2239 863 3808 932">
    <p class='ocr_par' dir='ltr' id='par_1_23' title="bbox 2239 863 3808 932">
     <span class='ocr_line' id='line_1_23' title="bbox 2239 863 3808 932; baseline 0.002 -16"><span class='ocrx_word' id='word_1_163' title='bbox 2239 863 2393 917; x_wconf 88' lang='lat' dir='ltr'><strong>Beati</strong></span> <span class='ocrx_word' id='word_1_164' title='bbox 2422 876 2688 931; x_wconf 80' lang='lat' dir='ltr'><strong>pauperes</strong></span> <span class='ocrx_word' id='word_1_165' title='bbox 2723 864 2946 932; x_wconf 84' lang='lat' dir='ltr'><strong>spiritu,</strong></span> <span class='ocrx_word' id='word_1_166' title='bbox 2978 865 3234 931; x_wconf 86' lang='lat' dir='ltr'><strong>quoniam</strong></span> <span class='ocrx_word' id='word_1_167' title='bbox 3267 863 3498 932; x_wconf 81' lang='lat' dir='ltr'><strong>ipsorum</strong></span> <span class='ocrx_word' id='word_1_168' title='bbox 3527 868 3593 917; x_wconf 82' lang='lat' dir='ltr'><strong>est</strong></span> <span class='ocrx_word' id='word_1_169' title='bbox 3629 879 3808 929; x_wconf 77' lang='lat' dir='ltr'><strong>regnum</strong></span> 
     </span>
    </p>
   </div>
   <div class='ocr_carea' id='block_1_24' title="bbox 2237 955 3808 1027">
    <p class='ocr_par' dir='ltr' id='par_1_24' title="bbox 2237 955 3808 1027">
     <span class='ocr_line' id='line_1_24' title="bbox 2237 955 3808 1027; baseline 0.002 -20"><span class='ocrx_word' id='word_1_170' title='bbox 2237 955 2738 1027; x_wconf 70' lang='lat' dir='ltr'><strong>cwlcrmn(.t1utth.,</strong></span> <span class='ocrx_word' id='word_1_171' title='bbox 2772 972 2820 1020; x_wconf 82' lang='grc' dir='ltr'>γ,</span> <span class='ocrx_word' id='word_1_172' title='bbox 2855 959 2926 1023; x_wconf 88' lang='grc'><strong>3).</strong></span> <span class='ocrx_word' id='word_1_173' title='bbox 2966 957 3140 1010; x_wconf 77' lang='lat' dir='ltr'><strong>Recta</strong></span> <span class='ocrx_word' id='word_1_174' title='bbox 3167 971 3416 1026; x_wconf 82' lang='lat' dir='ltr'><strong>namque</strong></span> <span class='ocrx_word' id='word_1_175' title='bbox 3448 956 3808 1026; x_wconf 67' lang='lat' dir='ltr'><strong>dispensatione</strong></span> 
     </span>
    </p>
   </div>
   <div class='ocr_carea' id='block_1_25' title="bbox 2239 1047 3812 1121">
    <p class='ocr_par' dir='ltr' id='par_1_25' title="bbox 2239 1047 3812 1121">
     <span class='ocr_line' id='line_1_25' title="bbox 2239 1047 3812 1121; baseline 0.001 -19"><span class='ocrx_word' id='word_1_176' title='bbox 2239 1047 2563 1104; x_wconf 84' lang='lat' dir='ltr'><strong>misericors</strong></span> <span class='ocrx_word' id='word_1_177' title='bbox 2584 1050 2756 1120; x_wconf 81' lang='lat' dir='ltr'><strong>judex</strong></span> <span class='ocrx_word' id='word_1_178' title='bbox 2781 1049 2902 1105; x_wconf 69' lang='lat' dir='ltr'><strong>casti</strong></span> <span class='ocrx_word' id='word_1_179' title='bbox 2927 1066 3170 1121; x_wconf 81' lang='lat' dir='ltr'><strong>regnum</strong></span> <span class='ocrx_word' id='word_1_180' title='bbox 3197 1049 3309 1104; x_wconf 87' lang='lat' dir='ltr'><strong>illis</strong></span> <span class='ocrx_word' id='word_1_181' title='bbox 3329 1050 3628 1104; x_wconf 91' lang='lat' dir='ltr'><strong>committit</strong></span> <span class='ocrx_word' id='word_1_182' title='bbox 3646 1051 3812 1121; x_wconf 79' lang='lat' dir='ltr'><strong>quibus</strong></span> 
     </span>
    </p>
   </div>
   <div class='ocr_carea' id='block_1_26' title="bbox 2237 1143 3816 1215">
    <p class='ocr_par' dir='ltr' id='par_1_26' title="bbox 2237 1143 3816 1215">
     <span class='ocr_line' id='line_1_26' title="bbox 2237 1143 3816 1215; baseline 0.001 -20"><span class='ocrx_word' id='word_1_183' title='bbox 2237 1143 2400 1214; x_wconf 87' lang='lat' dir='ltr'><strong>regni</strong></span> <span class='ocrx_word' id='word_1_184' title='bbox 2435 1149 2714 1198; x_wconf 81' lang='lat' dir='ltr'><strong>terrarum</strong></span> <span class='ocrx_word' id='word_1_185' title='bbox 2747 1143 3239 1215; x_wconf 77' lang='lat' dir='ltr'><strong>participationem</strong></span> <span class='ocrx_word' id='word_1_186' title='bbox 3275 1143 3428 1198; x_wconf 89' lang='lat' dir='ltr'><strong>inter</strong></span> <span class='ocrx_word' id='word_1_187' title='bbox 3456 1146 3702 1199; x_wconf 87' lang='lat' dir='ltr'><strong>mortales</strong></span> <span class='ocrx_word' id='word_1_188' title='bbox 3723 1145 3816 1198; x_wconf 84' lang='lat' dir='ltr'><strong>abs-</strong></span> 
     </span>
    </p>
   </div>
   <div class='ocr_carea' id='block_1_27' title="bbox 2238 1236 3812 1310">
    <p class='ocr_par' dir='ltr' id='par_1_27' title="bbox 2238 1236 3812 1310">
     <span class='ocr_line' id='line_1_27' title="bbox 2238 1236 3812 1310; baseline 0.003 -21"><span class='ocrx_word' id='word_1_189' title='bbox 2238 1236 2388 1303; x_wconf 91' lang='lat' dir='ltr'><strong>tulit,</strong></span> <span class='ocrx_word' id='word_1_190' title='bbox 2439 1244 2497 1291; x_wconf 91' lang='lat' dir='ltr'><strong>ut</strong></span> <span class='ocrx_word' id='word_1_191' title='bbox 2540 1238 2660 1309; x_wconf 90' lang='lat' dir='ltr'><strong>ipse</strong></span> <span class='ocrx_word' id='word_1_192' title='bbox 2707 1237 2864 1292; x_wconf 89' lang='lat' dir='ltr'><strong>dives</strong></span> <span class='ocrx_word' id='word_1_193' title='bbox 2905 1237 2963 1292; x_wconf 92' lang='lat' dir='ltr'><strong>in</strong></span> <span class='ocrx_word' id='word_1_194' title='bbox 3011 1237 3137 1292; x_wconf 75' lang='lat' dir='ltr'><strong>cceli</strong></span> <span class='ocrx_word' id='word_1_195' title='bbox 3177 1237 3310 1292; x_wconf 88' lang='lat' dir='ltr'><strong>sede</strong></span> <span class='ocrx_word' id='word_1_196' title='bbox 3349 1242 3612 1308; x_wconf 83' lang='lat' dir='ltr'><strong>appareat</strong></span> <span class='ocrx_word' id='word_1_197' title='bbox 3652 1237 3732 1310; x_wconf 89' lang='lat' dir='ltr'><strong>qui</strong></span> <span class='ocrx_word' id='word_1_198' title='bbox 3768 1240 3812 1293; x_wconf 89' lang='lat' dir='ltr'><strong>in</strong></span> 
     </span>
    </p>
   </div>
   <div class='ocr_carea' id='block_1_28' title="bbox 2237 1331 3818 1403">
    <p class='ocr_par' dir='ltr' id='par_1_28' title="bbox 2237 1331 3818 1403">
     <span class='ocr_line' id='line_1_28' title="bbox 2237 1331 3818 1403; baseline 0.001 -19"><span class='ocrx_word' id='word_1_199' title='bbox 2237 1345 2386 1393; x_wconf 73' lang='lat' dir='ltr'><strong>terra</strong></span> <span class='ocrx_word' id='word_1_200' title='bbox 2417 1333 2645 1402; x_wconf 83' lang='lat' dir='ltr'><strong>penitus</strong></span> <span class='ocrx_word' id='word_1_201' title='bbox 2677 1331 2816 1386; x_wconf 89' lang='lat' dir='ltr'><strong>nihil</strong></span> <span class='ocrx_word' id='word_1_202' title='bbox 2862 1338 3148 1403; x_wconf 86' lang='lat' dir='ltr'><strong>procurat.</strong></span> <span class='ocrx_word' id='word_1_203' title='bbox 3190 1332 3515 1386; x_wconf 83' lang='lat' dir='ltr'><strong>Cavendum</strong></span> <span class='ocrx_word' id='word_1_204' title='bbox 3546 1348 3670 1402; x_wconf 91' lang='lat' dir='ltr'><strong>ergo</strong></span> <span class='ocrx_word' id='word_1_205' title='bbox 3715 1349 3818 1403; x_wconf 79' lang='lat' dir='ltr'><strong>pau-</strong></span> 
     </span>
    </p>
   </div>
   <div class='ocr_carea' id='block_1_29' title="bbox 2238 1426 3817 1497">
    <p class='ocr_par' dir='ltr' id='par_1_29' title="bbox 2238 1426 3817 1497">
     <span class='ocr_line' id='line_1_29' title="bbox 2238 1426 3817 1497; baseline 0 -17"><span class='ocrx_word' id='word_1_206' title='bbox 2238 1426 2469 1497; x_wconf 87' lang='lat' dir='ltr'><strong>peribus</strong></span> <span class='ocrx_word' id='word_1_207' title='bbox 2504 1434 2588 1480; x_wconf 86' lang='lat' dir='ltr'><strong>est</strong></span> <span class='ocrx_word' id='word_1_208' title='bbox 2621 1445 2711 1492; x_wconf 80' lang='lat' dir='ltr'><strong>ne,</strong></span> <span class='ocrx_word' id='word_1_209' title='bbox 2741 1426 2878 1480; x_wconf 87' lang='lat' dir='ltr'><strong>dum</strong></span> <span class='ocrx_word' id='word_1_210' title='bbox 2915 1443 3016 1497; x_wconf 87' lang='lat' dir='ltr'><strong>per</strong></span> <span class='ocrx_word' id='word_1_211' title='bbox 3041 1431 3358 1496; x_wconf 74' lang='lat' dir='ltr'><strong>egestatem</strong></span> <span class='ocrx_word' id='word_1_212' title='bbox 3391 1429 3449 1480; x_wconf 93' lang='lat' dir='ltr'><strong>et</strong></span> <span class='ocrx_word' id='word_1_213' title='bbox 3477 1426 3817 1480; x_wconf 84' lang='lat' dir='ltr'><strong>necessitatem</strong></span> 
     </span>
    </p>
   </div>
   <div class='ocr_carea' id='block_1_30' title="bbox 2235 1505 3820 1591">
    <p class='ocr_par' dir='ltr' id='par_1_30' title="bbox 2235 1505 3820 1591">
     <span class='ocr_line' id='line_1_30' title="bbox 2235 1505 3820 1591; baseline -0.001 -16"><span class='ocrx_word' id='word_1_214' title='bbox 2235 1505 2531 1576; x_wconf 67' lang='lat' dir='ltr'><strong>terrennm</strong></span> <span class='ocrx_word' id='word_1_215' title='bbox 2567 1537 2812 1577; x_wconf 67' lang='lat' dir='ltr'><strong>reuuqu</strong></span> <span class='ocrx_word' id='word_1_216' title='bbox 2837 1523 3191 1591; x_wconf 62' lang='lat' dir='ltr'><strong>pra&#39;tereuut</strong></span> <span class='ocrx_word' id='word_1_217' title='bbox 3212 1520 3466 1590; x_wconf 87' lang='lat' dir='ltr'><strong>(30),per</strong></span> <span class='ocrx_word' id='word_1_218' title='bbox 3484 1519 3820 1574; x_wconf 86' lang='lat' dir='ltr'><strong>mentisetiam</strong></span> 
     </span>
    </p>
   </div>
   <div class='ocr_carea' id='block_1_31' title="bbox 2237 1613 3815 1686">
    <p class='ocr_par' dir='ltr' id='par_1_31' title="bbox 2237 1613 3815 1686">
     <span class='ocr_line' id='line_1_31' title="bbox 2237 1613 3815 1686; baseline -0.003 -16"><span class='ocrx_word' id='word_1_219' title='bbox 2237 1615 2652 1686; x_wconf 87' lang='lat' dir='ltr'><strong>impudentiam</strong></span> <span class='ocrx_word' id='word_1_220' title='bbox 2683 1615 2954 1669; x_wconf 69' lang='lat' dir='ltr'><strong>caelorum</strong></span> <span class='ocrx_word' id='word_1_221' title='bbox 2988 1631 3167 1685; x_wconf 87' lang='lat' dir='ltr'><strong>regna</strong></span> <span class='ocrx_word' id='word_1_222' title='bbox 3206 1613 3494 1667; x_wconf 82' lang='lat' dir='ltr'><strong>amittant.</strong></span> <span class='ocrx_word' id='word_1_223' title='bbox 3525 1616 3652 1669; x_wconf 89' lang='lat' dir='ltr'><strong>Cum</strong></span> <span class='ocrx_word' id='word_1_224' title='bbox 3695 1613 3815 1666; x_wconf 88' lang='lat' dir='ltr'><strong>enim</strong></span> 
     </span>
    </p>
   </div>
   <div class='ocr_carea' id='block_1_32' title="bbox 2239 1708 3814 1781">
    <p class='ocr_par' dir='ltr' id='par_1_32' title="bbox 2239 1708 3814 1781">
     <span class='ocr_line' id='line_1_32' title="bbox 2239 1708 3814 1781; baseline -0.001 -19"><span class='ocrx_word' id='word_1_225' title='bbox 2239 1709 2337 1762; x_wconf 86' lang='lat' dir='ltr'><strong>Dei</strong></span> <span class='ocrx_word' id='word_1_226' title='bbox 2365 1708 2791 1781; x_wconf 77' lang='lat' dir='ltr'><strong>diSpensatione</strong></span> <span class='ocrx_word' id='word_1_227' title='bbox 2840 1712 3238 1779; x_wconf 83' lang='lat' dir='ltr'><strong>paupertatem</strong></span> <span class='ocrx_word' id='word_1_228' title='bbox 3279 1709 3649 1762; x_wconf 83' lang='lat' dir='ltr'><strong>necessariam</strong></span> <span class='ocrx_word' id='word_1_229' title='bbox 3692 1723 3814 1761; x_wconf 83' lang='lat' dir='ltr'><strong>accc-</strong></span> 
     </span>
    </p>
   </div>
   <div class='ocr_carea' id='block_1_33' title="bbox 505 1785 3820 1874">
    <p class='ocr_par' dir='ltr' id='par_1_33' title="bbox 505 1785 3820 1874">
     <span class='ocr_line' id='line_1_33' title="bbox 505 1785 3820 1874; baseline 0 -20"><span class='ocrx_word' id='word_1_230' title='bbox 505 1799 755 1854; x_wconf 90' lang='lat' dir='ltr'><strong>mundus</strong></span> <span class='ocrx_word' id='word_1_231' title='bbox 794 1817 911 1854; x_wconf 87' lang='lat' dir='ltr'><strong>non</strong></span> <span class='ocrx_word' id='word_1_232' title='bbox 951 1800 1136 1855; x_wconf 90' lang='lat' dir='ltr'><strong>amari</strong></span> <span class='ocrx_word' id='word_1_233' title='bbox 1176 1799 1536 1872; x_wconf 67' lang='lat' dir='ltr'><strong>praecipitur;</strong></span> <span class='ocrx_word' id='word_1_234' title='bbox 1580 1799 1874 1870; x_wconf 82' lang='lat' dir='ltr'><strong>proximus</strong></span> <span class='ocrx_word' id='word_1_235' title='bbox 1919 1803 2132 1865; x_wconf 72' lang='lat' dir='ltr'><strong>autem,</strong></span> <span class='ocrx_word' id='word_1_236' title='bbox 2162 1785 2213 1858; x_wconf 84' lang='grc' dir='ltr'><strong>Β</strong></span> <span class='ocrx_word' id='word_1_237' title='bbox 2243 1806 2469 1874; x_wconf 87' lang='lat' dir='ltr'><strong>perunt,</strong></span> <span class='ocrx_word' id='word_1_238' title='bbox 2501 1803 2558 1856; x_wconf 90' lang='lat' dir='ltr'><strong>in</strong></span> <span class='ocrx_word' id='word_1_239' title='bbox 2590 1803 2842 1873; x_wconf 86' lang='lat' dir='ltr'><strong>ipsorum</strong></span> <span class='ocrx_word' id='word_1_240' title='bbox 2867 1801 3104 1856; x_wconf 84' lang='lat' dir='ltr'><strong>arbitrio</strong></span> <span class='ocrx_word' id='word_1_241' title='bbox 3139 1800 3351 1872; x_wconf 89' lang='lat' dir='ltr'><strong>pendet</strong></span> <span class='ocrx_word' id='word_1_242' title='bbox 3375 1807 3563 1855; x_wconf 87' lang='lat' dir='ltr'><strong>utrum</strong></span> <span class='ocrx_word' id='word_1_243' title='bbox 3593 1817 3820 1870; x_wconf 83' lang='lat' dir='ltr'><strong>pauperes</strong></span> 
     </span>
    </p>
   </div>
   <div class='ocr_carea' id='block_1_34' title="bbox 505 1892 2140 1966">
    <p class='ocr_par' dir='ltr' id='par_1_34' title="bbox 505 1892 2140 1966">
     <span class='ocr_line' id='line_1_34' title="bbox 505 1892 2140 1966; baseline -0.002 -18"><span class='ocrx_word' id='word_1_244' title='bbox 505 1893 606 1966; x_wconf 89' lang='lat' dir='ltr'><strong>qui</strong></span> <span class='ocrx_word' id='word_1_245' title='bbox 637 1897 720 1948; x_wconf 87' lang='lat' dir='ltr'><strong>est</strong></span> <span class='ocrx_word' id='word_1_246' title='bbox 763 1910 894 1964; x_wconf 88' lang='lat' dir='ltr'><strong>pars</strong></span> <span class='ocrx_word' id='word_1_247' title='bbox 922 1893 1087 1964; x_wconf 85' lang='lat' dir='ltr'><strong>regni</strong></span> <span class='ocrx_word' id='word_1_248' title='bbox 1133 1892 1396 1959; x_wconf 63' lang='lat' dir='ltr'><strong>celestis,</strong></span> <span class='ocrx_word' id='word_1_249' title='bbox 1426 1892 1484 1947; x_wconf 91' lang='lat' dir='ltr'><strong>in</strong></span> <span class='ocrx_word' id='word_1_250' title='bbox 1531 1897 1683 1946; x_wconf 89' lang='lat' dir='ltr'><strong>terra</strong></span> <span class='ocrx_word' id='word_1_251' title='bbox 1727 1898 1785 1946; x_wconf 88' lang='lat' dir='ltr'><strong>et</strong></span> <span class='ocrx_word' id='word_1_252' title='bbox 1828 1892 1978 1946; x_wconf 90' lang='lat' dir='ltr'><strong>inter</strong></span> <span class='ocrx_word' id='word_1_253' title='bbox 2021 1892 2140 1946; x_wconf 89' lang='lat' dir='ltr'><strong>ima</strong></span> 
     </span>
    </p>
   </div>
   <div class='ocr_carea' id='block_1_35' title="bbox 505 1983 2138 2058">
    <p class='ocr_par' dir='ltr' id='par_1_35' title="bbox 505 1983 2138 2058">
     <span class='ocr_line' id='line_1_35' title="bbox 505 1983 2138 2058; baseline -0.002 -17"><span class='ocrx_word' id='word_1_254' title='bbox 505 1987 809 2055; x_wconf 83' lang='lat' dir='ltr'><strong>elementa,</strong></span> <span class='ocrx_word' id='word_1_255' title='bbox 853 2003 886 2042; x_wconf 91' lang='lat' dir='ltr'><strong>a</strong></span> <span class='ocrx_word' id='word_1_256' title='bbox 923 1987 1088 2058; x_wconf 82' lang='lat' dir='ltr'><strong>regni</strong></span> <span class='ocrx_word' id='word_1_257' title='bbox 1131 1987 1402 2042; x_wconf 69' lang='lat' dir='ltr'><strong>caelorum</strong></span> <span class='ocrx_word' id='word_1_258' title='bbox 1436 1985 1851 2058; x_wconf 84' lang='lat' dir='ltr'><strong>appetitoribus</strong></span> <span class='ocrx_word' id='word_1_259' title='bbox 1894 2001 2008 2039; x_wconf 89' lang='lat' dir='ltr'><strong>non</strong></span> <span class='ocrx_word' id='word_1_260' title='bbox 2049 1983 2138 2039; x_wconf 90' lang='lat' dir='ltr'><strong>in-</strong></span> 
     </span>
    </p>
   </div>
   <div class='ocr_carea' id='block_1_36' title="bbox 498 2078 2142 2160">
    <p class='ocr_par' dir='ltr' id='par_1_36' title="bbox 498 2078 2142 2160">
     <span class='ocr_line' id='line_1_36' title="bbox 498 2078 2142 2160; baseline -0.002 -25"><span class='ocrx_word' id='word_1_261' title='bbox 498 2096 757 2160; x_wconf 82' lang='lat' dir='ltr'><strong>congrue</strong></span> <span class='ocrx_word' id='word_1_262' title='bbox 801 2085 1046 2148; x_wconf 87' lang='lat' dir='ltr'><strong>amatur,</strong></span> <span class='ocrx_word' id='word_1_263' title='bbox 1094 2082 1232 2136; x_wconf 90' lang='lat' dir='ltr'><strong>dum</strong></span> <span class='ocrx_word' id='word_1_264' title='bbox 1281 2081 1339 2136; x_wconf 89' lang='lat' dir='ltr'><strong>in</strong></span> <span class='ocrx_word' id='word_1_265' title='bbox 1393 2097 1666 2152; x_wconf 89' lang='lat' dir='ltr'><strong>suprema</strong></span> <span class='ocrx_word' id='word_1_266' title='bbox 1713 2080 1811 2135; x_wconf 89' lang='lat' dir='ltr'><strong>illa</strong></span> <span class='ocrx_word' id='word_1_267' title='bbox 1854 2078 2035 2151; x_wconf 86' lang='lat' dir='ltr'><strong>patria</strong></span> <span class='ocrx_word' id='word_1_268' title='bbox 2081 2079 2142 2133; x_wconf 89' lang='lat' dir='ltr'><strong>in</strong></span> 
     </span>
    </p>
   </div>
   <div class='ocr_carea' id='block_1_37' title="bbox 505 2175 2136 2246">
    <p class='ocr_par' dir='ltr' id='par_1_37' title="bbox 505 2175 2136 2246">
     <span class='ocr_line' id='line_1_37' title="bbox 505 2175 2136 2246; baseline -0.002 -16"><span class='ocrx_word' id='word_1_269' title='bbox 505 2180 785 2230; x_wconf 73' lang='lat' dir='ltr'><strong>aeternum</strong></span> <span class='ocrx_word' id='word_1_270' title='bbox 815 2175 1069 2230; x_wconf 71' lang='lat' dir='ltr'><strong>cohieres</strong></span> <span class='ocrx_word' id='word_1_271' title='bbox 1105 2175 1426 2230; x_wconf 90' lang='lat' dir='ltr'><strong>habebitur.</strong></span> <span class='ocrx_word' id='word_1_272' title='bbox 1459 2177 1771 2246; x_wconf 88' lang='lat' dir='ltr'><strong>Propterea</strong></span> <span class='ocrx_word' id='word_1_273' title='bbox 1800 2189 1933 2227; x_wconf 90' lang='lat' dir='ltr'><strong>vero</strong></span> <span class='ocrx_word' id='word_1_274' title='bbox 1968 2189 2136 2226; x_wconf 88' lang='lat' dir='ltr'><strong>mun-</strong></span> 
     </span>
    </p>
   </div>
   <div class='ocr_carea' id='block_1_38' title="bbox 507 2266 2142 2341">
    <p class='ocr_par' dir='ltr' id='par_1_38' title="bbox 507 2266 2142 2341">
     <span class='ocr_line' id='line_1_38' title="bbox 507 2266 2142 2341; baseline -0.001 -19"><span class='ocrx_word' id='word_1_275' title='bbox 507 2269 613 2323; x_wconf 89' lang='lat' dir='ltr'><strong>dus</strong></span> <span class='ocrx_word' id='word_1_276' title='bbox 645 2286 897 2340; x_wconf 66' lang='lat' dir='ltr'><strong>prazsens</strong></span> <span class='ocrx_word' id='word_1_277' title='bbox 924 2287 1036 2324; x_wconf 91' lang='lat' dir='ltr'><strong>non</strong></span> <span class='ocrx_word' id='word_1_278' title='bbox 1071 2269 1230 2341; x_wconf 90' lang='lat' dir='ltr'><strong>diligi</strong></span> <span class='ocrx_word' id='word_1_279' title='bbox 1276 2270 1617 2341; x_wconf 88' lang='lat' dir='ltr'><strong>imperatur,</strong></span> <span class='ocrx_word' id='word_1_280' title='bbox 1653 2285 1724 2322; x_wconf 89' lang='lat' dir='ltr'><strong>ne</strong></span> <span class='ocrx_word' id='word_1_281' title='bbox 1766 2284 1800 2322; x_wconf 88' lang='lat' dir='ltr'><strong>a</strong></span> <span class='ocrx_word' id='word_1_282' title='bbox 1833 2266 1930 2321; x_wconf 90' lang='lat' dir='ltr'><strong>Dei</strong></span> <span class='ocrx_word' id='word_1_283' title='bbox 1971 2266 2142 2320; x_wconf 88' lang='lat' dir='ltr'><strong>dilec-</strong></span> 
     </span>
    </p>
   </div>
   <div class='ocr_carea' id='block_1_39' title="bbox 510 2360 2143 2434">
    <p class='ocr_par' dir='ltr' id='par_1_39' title="bbox 510 2360 2143 2434">
     <span class='ocr_line' id='line_1_39' title="bbox 510 2360 2143 2434; baseline -0.001 -18"><span class='ocrx_word' id='word_1_284' title='bbox 510 2363 664 2417; x_wconf 90' lang='lat' dir='ltr'><strong>tione</strong></span> <span class='ocrx_word' id='word_1_285' title='bbox 711 2362 952 2432; x_wconf 85' lang='lat' dir='ltr'><strong>alienus,</strong></span> <span class='ocrx_word' id='word_1_286' title='bbox 1009 2364 1201 2418; x_wconf 74' lang='lat' dir='ltr'><strong>saeculi</strong></span> <span class='ocrx_word' id='word_1_287' title='bbox 1257 2363 1495 2417; x_wconf 83' lang='lat' dir='ltr'><strong>dilector</strong></span> <span class='ocrx_word' id='word_1_288' title='bbox 1546 2363 1788 2434; x_wconf 90' lang='lat' dir='ltr'><strong>quisque</strong></span> <span class='ocrx_word' id='word_1_289' title='bbox 1841 2360 2143 2415; x_wconf 80' lang='lat' dir='ltr'><strong>efﬁciatur.</strong></span> 
     </span>
    </p>
   </div>
   <div class='ocr_carea' id='block_1_40' title="bbox 505 2452 2148 2528">
    <p class='ocr_par' dir='ltr' id='par_1_40' title="bbox 505 2452 2148 2528">
     <span class='ocr_line' id='line_1_40' title="bbox 505 2452 2148 2528; baseline -0.002 -18"><span class='ocrx_word' id='word_1_290' title='bbox 505 2457 626 2510; x_wconf 85' lang='lat' dir='ltr'><strong>Non</strong></span> <span class='ocrx_word' id='word_1_291' title='bbox 681 2473 818 2526; x_wconf 89' lang='lat' dir='ltr'><strong>ergo</strong></span> <span class='ocrx_word' id='word_1_292' title='bbox 859 2457 1026 2511; x_wconf 87' lang='lat' dir='ltr'><strong>debet</strong></span> <span class='ocrx_word' id='word_1_293' title='bbox 1076 2456 1364 2523; x_wconf 90' lang='lat' dir='ltr'><strong>contendi,</strong></span> <span class='ocrx_word' id='word_1_294' title='bbox 1404 2457 1554 2528; x_wconf 90' lang='lat' dir='ltr'><strong>quod</strong></span> <span class='ocrx_word' id='word_1_295' title='bbox 1613 2472 1725 2510; x_wconf 92' lang='lat' dir='ltr'><strong>non</strong></span> <span class='ocrx_word' id='word_1_296' title='bbox 1781 2455 1913 2509; x_wconf 89' lang='lat' dir='ltr'><strong>licet</strong></span> <span class='ocrx_word' id='word_1_297' title='bbox 1967 2452 2148 2508; x_wconf 90' lang='lat' dir='ltr'><strong>amari</strong></span> 
     </span>
    </p>
   </div>
   <div class='ocr_carea' id='block_1_41' title="bbox 508 2546 2152 2622">
    <p class='ocr_par' dir='ltr' id='par_1_41' title="bbox 508 2546 2152 2622">
     <span class='ocr_line' id='line_1_41' title="bbox 508 2546 2152 2622; baseline -0.002 -16"><span class='ocrx_word' id='word_1_298' title='bbox 508 2551 686 2621; x_wconf 86' lang='lat' dir='ltr'><strong>Igitur</strong></span> <span class='ocrx_word' id='word_1_299' title='bbox 717 2550 1092 2619; x_wconf 88' lang='lat' dir='ltr'><strong>Christianus,</strong></span> <span class='ocrx_word' id='word_1_300' title='bbox 1127 2551 1222 2622; x_wconf 90' lang='lat' dir='ltr'><strong>qui</strong></span> <span class='ocrx_word' id='word_1_301' title='bbox 1265 2550 1516 2605; x_wconf 90' lang='lat' dir='ltr'><strong>nominis</strong></span> <span class='ocrx_word' id='word_1_302' title='bbox 1563 2548 1769 2605; x_wconf 87' lang='lat' dir='ltr'><strong>Christi</strong></span> <span class='ocrx_word' id='word_1_303' title='bbox 1823 2546 2152 2602; x_wconf 85' lang='lat' dir='ltr'><strong>similitudi-</strong></span> 
     </span>
    </p>
   </div>
   <div class='ocr_carea' id='block_1_42' title="bbox 506 2641 2146 2717">
    <p class='ocr_par' dir='ltr' id='par_1_42' title="bbox 506 2641 2146 2717">
     <span class='ocr_line' id='line_1_42' title="bbox 506 2641 2146 2717; baseline -0.002 -19"><span class='ocrx_word' id='word_1_304' title='bbox 506 2661 640 2699; x_wconf 88' lang='lat' dir='ltr'><strong>nem</strong></span> <span class='ocrx_word' id='word_1_305' title='bbox 668 2648 844 2712; x_wconf 90' lang='lat' dir='ltr'><strong>tenet,</strong></span> <span class='ocrx_word' id='word_1_306' title='bbox 874 2661 1102 2699; x_wconf 91' lang='lat' dir='ltr'><strong>morum</strong></span> <span class='ocrx_word' id='word_1_307' title='bbox 1129 2661 1356 2717; x_wconf 88' lang='lat' dir='ltr'><strong>quoque</strong></span> <span class='ocrx_word' id='word_1_308' title='bbox 1399 2644 1522 2715; x_wconf 85' lang='lat' dir='ltr'><strong>ejus</strong></span> <span class='ocrx_word' id='word_1_309' title='bbox 1566 2642 2006 2697; x_wconf 89' lang='lat' dir='ltr'><strong>similitudinem</strong></span> <span class='ocrx_word' id='word_1_310' title='bbox 2044 2641 2146 2694; x_wconf 87' lang='lat' dir='ltr'><strong>ha-</strong></span> 
     </span>
    </p>
   </div>
   <div class='ocr_carea' id='block_1_43' title="bbox 510 2734 2146 2802">
    <p class='ocr_par' dir='ltr' id='par_1_43' title="bbox 510 2734 2146 2802">
     <span class='ocr_line' id='line_1_43' title="bbox 510 2734 2146 2802; baseline -0.003 -10"><span class='ocrx_word' id='word_1_311' title='bbox 510 2738 647 2793; x_wconf 90' lang='lat' dir='ltr'><strong>bere</strong></span> <span class='ocrx_word' id='word_1_312' title='bbox 681 2737 870 2793; x_wconf 85' lang='lat' dir='ltr'><strong>debet.</strong></span> <span class='ocrx_word' id='word_1_313' title='bbox 904 2738 1260 2795; x_wconf 89' lang='lat' dir='ltr'><strong>Christianus</strong></span> <span class='ocrx_word' id='word_1_314' title='bbox 1302 2737 1455 2792; x_wconf 89' lang='lat' dir='ltr'><strong>enim</strong></span> <span class='ocrx_word' id='word_1_315' title='bbox 1498 2753 1672 2793; x_wconf 87' lang='lat' dir='ltr'><strong>nemo</strong></span> <span class='ocrx_word' id='word_1_316' title='bbox 1718 2741 1868 2791; x_wconf 87' lang='lat' dir='ltr'><strong>recte</strong></span> <span class='ocrx_word' id='word_1_317' title='bbox 1910 2734 2146 2802; x_wconf 86' lang='lat' dir='ltr'><strong>dicitur,</strong></span> 
     </span>
    </p>
   </div>
   <div class='ocr_carea' id='block_1_44' title="bbox 513 2828 2150 2904">
    <p class='ocr_par' dir='ltr' id='par_1_44' title="bbox 513 2828 2150 2904">
     <span class='ocr_line' id='line_1_44' title="bbox 513 2828 2150 2904; baseline -0.002 -19"><span class='ocrx_word' id='word_1_318' title='bbox 513 2831 623 2886; x_wconf 90' lang='lat' dir='ltr'><strong>nisi</strong></span> <span class='ocrx_word' id='word_1_319' title='bbox 670 2832 786 2904; x_wconf 42' lang='lat' dir='ltr'><strong>qui.</strong></span> <span class='ocrx_word' id='word_1_320' title='bbox 823 2832 1045 2888; x_wconf 90' lang='lat' dir='ltr'><strong>Christo</strong></span> <span class='ocrx_word' id='word_1_321' title='bbox 1097 2831 1349 2886; x_wconf 91' lang='lat' dir='ltr'><strong>moribus</strong></span> <span class='ocrx_word' id='word_1_322' title='bbox 1396 2836 1745 2903; x_wconf 67' lang='lat' dir='ltr'><strong>coasquatur.</strong></span> <span class='ocrx_word' id='word_1_323' title='bbox 1797 2830 1874 2883; x_wconf 89' lang='lat' dir='ltr'><strong>De</strong></span> <span class='ocrx_word' id='word_1_324' title='bbox 1923 2828 2150 2884; x_wconf 88' lang='lat' dir='ltr'><strong>Christo</strong></span> 
     </span>
    </p>
   </div>
   <div class='ocr_carea' id='block_1_45' title="bbox 509 2925 2154 2998">
    <p class='ocr_par' dir='ltr' id='par_1_45' title="bbox 509 2925 2154 2998">
     <span class='ocr_line' id='line_1_45' title="bbox 509 2925 2154 2998; baseline -0.001 -20"><span class='ocrx_word' id='word_1_325' title='bbox 509 2942 646 2981; x_wconf 88' lang='lat' dir='ltr'><strong>vero</strong></span> <span class='ocrx_word' id='word_1_326' title='bbox 677 2943 778 2997; x_wconf 91' lang='lat' dir='ltr'><strong>per</strong></span> <span class='ocrx_word' id='word_1_327' title='bbox 809 2926 1144 2998; x_wconf 85' lang='lat' dir='ltr'><strong>prophetam</strong></span> <span class='ocrx_word' id='word_1_328' title='bbox 1175 2926 1254 2980; x_wconf 87' lang='lat' dir='ltr'><strong>ita</strong></span> <span class='ocrx_word' id='word_1_329' title='bbox 1293 2925 1564 2980; x_wconf 87' lang='lat' dir='ltr'><strong>scribitur</strong></span> <span class='ocrx_word' id='word_1_330' title='bbox 1593 2942 1606 2980; x_wconf 89' lang='lat'><strong>:</strong></span> <span class='ocrx_word' id='word_1_331' title='bbox 1637 2927 1770 2979; x_wconf 84' lang='lat' dir='ltr'><strong>Ecce</strong></span> <span class='ocrx_word' id='word_1_332' title='bbox 1819 2925 1967 2995; x_wconf 78' lang='lat' dir='ltr'><strong>ﬁlius</strong></span> <span class='ocrx_word' id='word_1_333' title='bbox 2005 2937 2154 2977; x_wconf 80' lang='lat' dir='ltr'><strong>meus</strong></span> 
     </span>
    </p>
   </div>
   <div class='ocr_carea' id='block_1_46' title="bbox 516 3017 2156 3091">
    <p class='ocr_par' dir='ltr' id='par_1_46' title="bbox 516 3017 2156 3091">
     <span class='ocr_line' id='line_1_46' title="bbox 516 3017 2156 3091; baseline -0.003 -17"><span class='ocrx_word' id='word_1_334' title='bbox 516 3037 673 3090; x_wconf 85' lang='lat' dir='ltr'><strong>quem</strong></span> <span class='ocrx_word' id='word_1_335' title='bbox 701 3021 856 3091; x_wconf 80' lang='lat' dir='ltr'><strong>elegi,</strong></span> <span class='ocrx_word' id='word_1_336' title='bbox 899 3022 1093 3076; x_wconf 83' lang='lat' dir='ltr'><strong>electus</strong></span> <span class='ocrx_word' id='word_1_337' title='bbox 1132 3036 1298 3088; x_wconf 88' lang='lat' dir='ltr'><strong>meus,</strong></span> <span class='ocrx_word' id='word_1_338' title='bbox 1329 3021 1652 3090; x_wconf 77' lang='lat' dir='ltr'><strong>complacuit</strong></span> <span class='ocrx_word' id='word_1_339' title='bbox 1681 3021 1739 3072; x_wconf 90' lang='lat' dir='ltr'><strong>in</strong></span> <span class='ocrx_word' id='word_1_340' title='bbox 1765 3018 1861 3072; x_wconf 85' lang='lat' dir='ltr'><strong>illo</strong></span> <span class='ocrx_word' id='word_1_341' title='bbox 1905 3018 2012 3071; x_wconf 82' lang='lat' dir='ltr'><strong>sibi</strong></span> <span class='ocrx_word' id='word_1_342' title='bbox 2038 3017 2156 3069; x_wconf 86' lang='lat' dir='ltr'><strong>ani-</strong></span> 
     </span>
    </p>
   </div>
   <div class='ocr_carea' id='block_1_47' title="bbox 513 3113 2232 3225">
    <p class='ocr_par' dir='ltr' id='par_1_47' title="bbox 513 3113 2232 3225">
     <span class='ocr_line' id='line_1_47' title="bbox 513 3113 2232 3225; baseline -0.005 -56"><span class='ocrx_word' id='word_1_343' title='bbox 513 3131 603 3169; x_wconf 71' lang='lat' dir='ltr'><strong>ma</strong></span> <span class='ocrx_word' id='word_1_344' title='bbox 654 3131 770 3170; x_wconf 86' lang='lat' dir='ltr'><strong>mea</strong></span> <span class='ocrx_word' id='word_1_345' title='bbox 813 3131 826 3169; x_wconf 90' lang='lat'><strong>:</strong></span> <span class='ocrx_word' id='word_1_346' title='bbox 879 3131 1077 3186; x_wconf 84' lang='lat' dir='ltr'><strong>ponam</strong></span> <span class='ocrx_word' id='word_1_347' title='bbox 1130 3115 1399 3186; x_wconf 79' lang='lat' dir='ltr'><strong>Spiritum</strong></span> <span class='ocrx_word' id='word_1_348' title='bbox 1437 3129 1610 3167; x_wconf 85' lang='lat' dir='ltr'><strong>meum</strong></span> <span class='ocrx_word' id='word_1_349' title='bbox 1651 3129 1817 3182; x_wconf 82' lang='lat' dir='ltr'><strong>super</strong></span> <span class='ocrx_word' id='word_1_350' title='bbox 1860 3127 1998 3166; x_wconf 90' lang='lat' dir='ltr'><strong>eum.</strong></span> <span class='ocrx_word' id='word_1_351' title='bbox 2037 3113 2155 3167; x_wconf 88' lang='lat' dir='ltr'><strong>Non</strong></span> <span class='ocrx_word' id='word_1_352' title='bbox 2177 3151 2232 3225; x_wconf 68' lang='grc' dir='ltr'>Ο</span> 
     </span>
    </p>
   </div>
   <div class='ocr_carea' id='block_1_48' title="bbox 513 3205 2157 3279">
    <p class='ocr_par' dir='ltr' id='par_1_48' title="bbox 513 3205 2157 3279">
     <span class='ocr_line' id='line_1_48' title="bbox 513 3205 2157 3279; baseline -0.004 -17"><span class='ocrx_word' id='word_1_353' title='bbox 513 3209 812 3275; x_wconf 79' lang='lat' dir='ltr'><strong>contendet,</strong></span> <span class='ocrx_word' id='word_1_354' title='bbox 843 3225 1011 3279; x_wconf 87' lang='lat' dir='ltr'><strong>neque</strong></span> <span class='ocrx_word' id='word_1_355' title='bbox 1063 3209 1341 3271; x_wconf 76' lang='lat' dir='ltr'><strong>clamabit,</strong></span> <span class='ocrx_word' id='word_1_356' title='bbox 1395 3223 1565 3278; x_wconf 85' lang='lat' dir='ltr'><strong>neque</strong></span> <span class='ocrx_word' id='word_1_357' title='bbox 1611 3207 1800 3260; x_wconf 84' lang='lat' dir='ltr'><strong>audiet</strong></span> <span class='ocrx_word' id='word_1_358' title='bbox 1845 3205 2048 3274; x_wconf 84' lang='lat' dir='ltr'><strong>aliquis</strong></span> <span class='ocrx_word' id='word_1_359' title='bbox 2100 3205 2157 3256; x_wconf 92' lang='lat' dir='ltr'><strong>in</strong></span> 
     </span>
    </p>
   </div>
   <div class='ocr_carea' id='block_1_49' title="bbox 510 3296 2160 3373">
    <p class='ocr_par' dir='ltr' id='par_1_49' title="bbox 510 3296 2160 3373">
     <span class='ocr_line' id='line_1_49' title="bbox 510 3296 2160 3373; baseline -0.005 -16"><span class='ocrx_word' id='word_1_360' title='bbox 510 3304 701 3373; x_wconf 84' lang='lat' dir='ltr'><strong>platea</strong></span> <span class='ocrx_word' id='word_1_361' title='bbox 752 3318 929 3358; x_wconf 77' lang='lat' dir='ltr'><strong>vocem</strong></span> <span class='ocrx_word' id='word_1_362' title='bbox 983 3303 1098 3372; x_wconf 80' lang='lat' dir='ltr'><strong>ejus</strong></span> <span class='ocrx_word' id='word_1_363' title='bbox 1148 3303 1304 3372; x_wconf 85' lang='lat' dir='ltr'><strong>(Isa.,</strong></span> <span class='ocrx_word' id='word_1_364' title='bbox 1351 3318 1451 3362; x_wconf 82' lang='lat' dir='ltr'><strong>xu.</strong></span> <span class='ocrx_word' id='word_1_365' title='bbox 1501 3304 1568 3369; x_wconf 87' lang='lat' dir='ltr'><strong>t;</strong></span> <span class='ocrx_word' id='word_1_366' title='bbox 1629 3301 1852 3362; x_wconf 82' lang='lat' dir='ltr'><strong>Matth.,</strong></span> <span class='ocrx_word' id='word_1_367' title='bbox 1908 3315 2002 3364; x_wconf 87' lang='lat' dir='ltr'><strong>xu,</strong></span> <span class='ocrx_word' id='word_1_368' title='bbox 2055 3296 2160 3368; x_wconf 91' lang='lat' dir='ltr'><strong>t8).</strong></span> 
     </span>
    </p>
   </div>
   <div class='ocr_carea' id='block_1_50' title="bbox 516 3391 2156 3465">
    <p class='ocr_par' dir='ltr' id='par_1_50' title="bbox 516 3391 2156 3465">
     <span class='ocr_line' id='line_1_50' title="bbox 516 3391 2156 3465; baseline -0.004 -14"><span class='ocrx_word' id='word_1_369' title='bbox 516 3399 658 3452; x_wconf 90' lang='lat' dir='ltr'><strong>Ecce</strong></span> <span class='ocrx_word' id='word_1_370' title='bbox 699 3397 955 3451; x_wconf 89' lang='lat' dir='ltr'><strong>Christus</strong></span> <span class='ocrx_word' id='word_1_371' title='bbox 998 3413 1115 3451; x_wconf 89' lang='lat' dir='ltr'><strong>non</strong></span> <span class='ocrx_word' id='word_1_372' title='bbox 1155 3395 1470 3461; x_wconf 90' lang='lat' dir='ltr'><strong>contendit,</strong></span> <span class='ocrx_word' id='word_1_373' title='bbox 1514 3409 1702 3465; x_wconf 90' lang='lat' dir='ltr'><strong>neque</strong></span> <span class='ocrx_word' id='word_1_374' title='bbox 1741 3391 2046 3446; x_wconf 86' lang='lat' dir='ltr'><strong>clamavit:</strong></span> <span class='ocrx_word' id='word_1_375' title='bbox 2100 3393 2156 3444; x_wconf 90' lang='lat' dir='ltr'><strong>et</strong></span> 
     </span>
    </p>
   </div>
   <div class='ocr_carea' id='block_1_51' title="bbox 516 3484 2162 3556">
    <p class='ocr_par' dir='ltr' id='par_1_51' title="bbox 516 3484 2162 3556">
     <span class='ocr_line' id='line_1_51' title="bbox 516 3484 2162 3556; baseline -0.004 -10"><span class='ocrx_word' id='word_1_376' title='bbox 516 3497 579 3546; x_wconf 89' lang='lat' dir='ltr'><strong>tu</strong></span> <span class='ocrx_word' id='word_1_377' title='bbox 610 3491 656 3545; x_wconf 89' lang='lat' dir='ltr'><strong>si</strong></span> <span class='ocrx_word' id='word_1_378' title='bbox 689 3507 916 3546; x_wconf 90' lang='lat' dir='ltr'><strong>morum</strong></span> <span class='ocrx_word' id='word_1_379' title='bbox 941 3490 1143 3547; x_wconf 90' lang='lat' dir='ltr'><strong>Christi</strong></span> <span class='ocrx_word' id='word_1_380' title='bbox 1173 3488 1613 3543; x_wconf 89' lang='lat' dir='ltr'><strong>similitudinem</strong></span> <span class='ocrx_word' id='word_1_381' title='bbox 1644 3493 1836 3541; x_wconf 89' lang='lat' dir='ltr'><strong>tenere</strong></span> <span class='ocrx_word' id='word_1_382' title='bbox 1877 3484 2063 3556; x_wconf 90' lang='lat' dir='ltr'><strong>cupis,</strong></span> <span class='ocrx_word' id='word_1_383' title='bbox 2089 3500 2162 3539; x_wconf 86' lang='lat' dir='ltr'><strong>ne</strong></span> 
     </span>
    </p>
   </div>
   <div class='ocr_carea' id='block_1_52' title="bbox 518 3579 2158 3650">
    <p class='ocr_par' dir='ltr' id='par_1_52' title="bbox 518 3579 2158 3650">
     <span class='ocr_line' id='line_1_52' title="bbox 518 3579 2158 3650; baseline -0.004 -11"><span class='ocrx_word' id='word_1_384' title='bbox 518 3584 849 3650; x_wconf 88' lang='lat' dir='ltr'><strong>contendas,</strong></span> <span class='ocrx_word' id='word_1_385' title='bbox 882 3602 953 3640; x_wconf 91' lang='lat' dir='ltr'><strong>ne</strong></span> <span class='ocrx_word' id='word_1_386' title='bbox 977 3585 1247 3639; x_wconf 89' lang='lat' dir='ltr'><strong>abusivus</strong></span> <span class='ocrx_word' id='word_1_387' title='bbox 1274 3585 1330 3637; x_wconf 91' lang='lat' dir='ltr'><strong>in</strong></span> <span class='ocrx_word' id='word_1_388' title='bbox 1383 3582 1627 3636; x_wconf 77' lang='lat' dir='ltr'><strong>Ecclesia</strong></span> <span class='ocrx_word' id='word_1_389' title='bbox 1657 3579 2020 3637; x_wconf 87' lang='lat' dir='ltr'><strong>Christianus</strong></span> <span class='ocrx_word' id='word_1_390' title='bbox 2061 3595 2158 3632; x_wconf 82' lang='lat' dir='ltr'><strong>ex-</strong></span> 
     </span>
    </p>
   </div>
   <div class='ocr_carea' id='block_1_53' title="bbox 519 3671 2154 3745">
    <p class='ocr_par' dir='ltr' id='par_1_53' title="bbox 519 3671 2154 3745">
     <span class='ocr_line' id='line_1_53' title="bbox 519 3671 2154 3745; baseline -0.004 -11"><span class='ocrx_word' id='word_1_391' title='bbox 519 3680 698 3734; x_wconf 87' lang='lat' dir='ltr'><strong>sistas.</strong></span> <span class='ocrx_word' id='word_1_392' title='bbox 744 3679 871 3734; x_wconf 89' lang='lat' dir='ltr'><strong>Suis</strong></span> <span class='ocrx_word' id='word_1_393' title='bbox 915 3679 1069 3733; x_wconf 88' lang='lat' dir='ltr'><strong>enim</strong></span> <span class='ocrx_word' id='word_1_394' title='bbox 1119 3675 1493 3731; x_wconf 85' lang='lat' dir='ltr'><strong>sectatoribus</strong></span> <span class='ocrx_word' id='word_1_395' title='bbox 1529 3674 1784 3732; x_wconf 88' lang='lat' dir='ltr'><strong>Christus</strong></span> <span class='ocrx_word' id='word_1_396' title='bbox 1834 3671 2154 3745; x_wconf 65' lang='lat' dir='ltr'><strong>praecepit:</strong></span> 
     </span>
    </p>
   </div>
   <div class='ocr_carea' id='block_1_54' title="bbox 519 3769 2160 3836">
    <p class='ocr_par' dir='ltr' id='par_1_54' title="bbox 519 3769 2160 3836">
     <span class='ocr_line' id='line_1_54' title="bbox 519 3769 2160 3836; baseline -0.006 -6"><span class='ocrx_word' id='word_1_397' title='bbox 519 3774 700 3830; x_wconf 80' lang='lat' dir='ltr'><strong>Nolite</strong></span> <span class='ocrx_word' id='word_1_398' title='bbox 724 3774 909 3828; x_wconf 84' lang='lat' dir='ltr'><strong>vocari</strong></span> <span class='ocrx_word' id='word_1_399' title='bbox 934 3773 1098 3827; x_wconf 88' lang='lat' dir='ltr'><strong>rabbi</strong></span> <span class='ocrx_word' id='word_1_400' title='bbox 1112 3791 1128 3835; x_wconf 88' lang='lat'><strong><em>;</em></strong></span> <span class='ocrx_word' id='word_1_401' title='bbox 1149 3786 1292 3826; x_wconf 87' lang='lat' dir='ltr'><strong>unus</strong></span> <span class='ocrx_word' id='word_1_402' title='bbox 1319 3777 1395 3826; x_wconf 87' lang='lat' dir='ltr'><strong>est</strong></span> <span class='ocrx_word' id='word_1_403' title='bbox 1423 3773 1559 3825; x_wconf 88' lang='lat' dir='ltr'><strong>enim</strong></span> <span class='ocrx_word' id='word_1_404' title='bbox 1586 3772 1752 3824; x_wconf 83' lang='lat' dir='ltr'><strong>Pater</strong></span> <span class='ocrx_word' id='word_1_405' title='bbox 1774 3773 1966 3833; x_wconf 79' lang='lat' dir='ltr'><strong>uester,</strong></span> <span class='ocrx_word' id='word_1_406' title='bbox 1985 3769 2160 3836; x_wconf 84' lang='lat' dir='ltr'><strong>quiin</strong></span> 
     </span>
    </p>
   </div>
   <div class='ocr_carea' id='block_1_55' title="bbox 521 3862 2154 3933">
    <p class='ocr_par' dir='ltr' id='par_1_55' title="bbox 521 3862 2154 3933">
     <span class='ocr_line' id='line_1_55' title="bbox 521 3862 2154 3933; baseline -0.006 -11"><span class='ocrx_word' id='word_1_407' title='bbox 521 3869 664 3922; x_wconf 67' lang='lat' dir='ltr'><strong>caelis</strong></span> <span class='ocrx_word' id='word_1_408' title='bbox 694 3872 786 3922; x_wconf 86' lang='lat' dir='ltr'><strong>est.</strong></span> <span class='ocrx_word' id='word_1_409' title='bbox 816 3868 1006 3924; x_wconf 86' lang='lat' dir='ltr'><strong>Omnes</strong></span> <span class='ocrx_word' id='word_1_410' title='bbox 1047 3869 1186 3921; x_wconf 85' lang='lat' dir='ltr'><strong>enim</strong></span> <span class='ocrx_word' id='word_1_411' title='bbox 1209 3881 1300 3920; x_wconf 80' lang='lat' dir='ltr'><strong>vos</strong></span> <span class='ocrx_word' id='word_1_412' title='bbox 1341 3867 1546 3932; x_wconf 80' lang='lat' dir='ltr'><strong>fratres</strong></span> <span class='ocrx_word' id='word_1_413' title='bbox 1575 3865 1701 3918; x_wconf 81' lang='lat' dir='ltr'><strong>estis</strong></span> <span class='ocrx_word' id='word_1_414' title='bbox 1731 3862 1974 3933; x_wconf 54' lang='lat' dir='ltr'><strong>(Matth,</strong></span> <span class='ocrx_word' id='word_1_415' title='bbox 2001 3875 2154 3927; x_wconf 71' lang='grc' dir='ltr'>χχιιι,</span> 
     </span>
    </p>
   </div>
   <div class='ocr_carea' id='block_1_56' title="bbox 521 3953 2155 4033">
    <p class='ocr_par' dir='ltr' id='par_1_56' title="bbox 521 3953 2155 4033">
     <span class='ocr_line' id='line_1_56' title="bbox 521 3953 2155 4033; baseline -0.006 -18"><span class='ocrx_word' id='word_1_416' title='bbox 521 3960 596 4031; x_wconf 91' lang='lat'><strong>8),</strong></span> <span class='ocrx_word' id='word_1_417' title='bbox 629 3960 836 4033; x_wconf 89' lang='lat' dir='ltr'><strong>quibus</strong></span> <span class='ocrx_word' id='word_1_418' title='bbox 861 3961 935 4016; x_wconf 86' lang='lat' dir='ltr'><strong>ad</strong></span> <span class='ocrx_word' id='word_1_419' title='bbox 963 3959 1399 4032; x_wconf 86' lang='lat' dir='ltr'><strong>supplicandum</strong></span> <span class='ocrx_word' id='word_1_420' title='bbox 1433 3957 1755 4029; x_wconf 83' lang='lat' dir='ltr'><strong>imperavit.</strong></span> <span class='ocrx_word' id='word_1_421' title='bbox 1796 3970 1924 4008; x_wconf 90' lang='lat' dir='ltr'><strong>cum</strong></span> <span class='ocrx_word' id='word_1_422' title='bbox 1974 3953 2112 4008; x_wconf 91' lang='lat' dir='ltr'><strong>dicit</strong></span> <span class='ocrx_word' id='word_1_423' title='bbox 2141 3969 2155 4007; x_wconf 92' lang='lat'><strong>:</strong></span> 
     </span>
    </p>
   </div>
   <div class='ocr_carea' id='block_1_57' title="bbox 520 4049 2158 4122">
    <p class='ocr_par' dir='ltr' id='par_1_57' title="bbox 520 4049 2158 4122">
     <span class='ocr_line' id='line_1_57' title="bbox 520 4049 2158 4122; baseline -0.007 -10"><span class='ocrx_word' id='word_1_424' title='bbox 520 4057 608 4112; x_wconf 87' lang='lat' dir='ltr'><strong>Sic</strong></span> <span class='ocrx_word' id='word_1_425' title='bbox 634 4060 814 4109; x_wconf 86' lang='lat' dir='ltr'><strong>autem</strong></span> <span class='ocrx_word' id='word_1_426' title='bbox 851 4055 1078 4109; x_wconf 79' lang='lat' dir='ltr'><strong>orabitis</strong></span> <span class='ocrx_word' id='word_1_427' title='bbox 1111 4071 1127 4106; x_wconf 90' lang='lat'><strong>:</strong></span> <span class='ocrx_word' id='word_1_428' title='bbox 1166 4056 1322 4108; x_wconf 84' lang='lat' dir='ltr'><strong>Pater</strong></span> <span class='ocrx_word' id='word_1_429' title='bbox 1348 4058 1528 4106; x_wconf 80' lang='lat' dir='ltr'><strong>noster</strong></span> <span class='ocrx_word' id='word_1_430' title='bbox 1581 4053 1678 4122; x_wconf 86' lang='lat' dir='ltr'><strong>qui</strong></span> <span class='ocrx_word' id='word_1_431' title='bbox 1704 4052 1764 4104; x_wconf 88' lang='lat' dir='ltr'><strong>in</strong></span> <span class='ocrx_word' id='word_1_432' title='bbox 1810 4049 1972 4109; x_wconf 71' lang='lat' dir='ltr'><strong>carlis,</strong></span> <span class='ocrx_word' id='word_1_433' title='bbox 2005 4063 2158 4102; x_wconf 88' lang='lat' dir='ltr'><strong>sanc-</strong></span> 
     </span>
    </p>
   </div>
   <div class='ocr_carea' id='block_1_58' title="bbox 525 4144 2156 4218">
    <p class='ocr_par' dir='ltr' id='par_1_58' title="bbox 525 4144 2156 4218">
     <span class='ocr_line' id='line_1_58' title="bbox 525 4144 2156 4218; baseline -0.005 -16"><span class='ocrx_word' id='word_1_434' title='bbox 525 4151 760 4217; x_wconf 76' lang='lat' dir='ltr'><strong>tiﬁectur</strong></span> <span class='ocrx_word' id='word_1_435' title='bbox 795 4163 982 4201; x_wconf 87' lang='lat' dir='ltr'><strong>nomen</strong></span> <span class='ocrx_word' id='word_1_436' title='bbox 1029 4154 1181 4202; x_wconf 85' lang='lat' dir='ltr'><strong>tuum</strong></span> <span class='ocrx_word' id='word_1_437' title='bbox 1226 4147 1474 4218; x_wconf 82' lang='lat' dir='ltr'><strong>(Matth.,</strong></span> <span class='ocrx_word' id='word_1_438' title='bbox 1503 4163 1576 4214; x_wconf 75' lang='grc' dir='ltr'>γι,</span> <span class='ocrx_word' id='word_1_439' title='bbox 1625 4144 1702 4213; x_wconf 88' lang='lat'><strong>9).</strong></span> <span class='ocrx_word' id='word_1_440' title='bbox 1747 4146 1974 4199; x_wconf 85' lang='lat' dir='ltr'><strong>Frustra</strong></span> <span class='ocrx_word' id='word_1_441' title='bbox 2015 4157 2156 4213; x_wconf 90' lang='lat' dir='ltr'><strong>ergo</strong></span> 
     </span>
    </p>
   </div>
   <div class='ocr_carea' id='block_1_59' title="bbox 526 4237 2159 4311">
    <p class='ocr_par' dir='ltr' id='par_1_59' title="bbox 526 4237 2159 4311">
     <span class='ocr_line' id='line_1_59' title="bbox 526 4237 2159 4311; baseline -0.003 -17"><span class='ocrx_word' id='word_1_442' title='bbox 526 4240 822 4295; x_wconf 88' lang='lat' dir='ltr'><strong>contendit</strong></span> <span class='ocrx_word' id='word_1_443' title='bbox 856 4243 1076 4311; x_wconf 85' lang='lat' dir='ltr'><strong>patrem</strong></span> <span class='ocrx_word' id='word_1_444' title='bbox 1105 4257 1164 4294; x_wconf 90' lang='lat' dir='ltr'><strong>se</strong></span> <span class='ocrx_word' id='word_1_445' title='bbox 1193 4240 1403 4294; x_wconf 87' lang='lat' dir='ltr'><strong>habere</strong></span> <span class='ocrx_word' id='word_1_446' title='bbox 1438 4239 1692 4306; x_wconf 88' lang='lat' dir='ltr'><strong>interra,</strong></span> <span class='ocrx_word' id='word_1_447' title='bbox 1725 4237 1820 4308; x_wconf 88' lang='lat' dir='ltr'><strong>qui</strong></span> <span class='ocrx_word' id='word_1_448' title='bbox 1853 4243 2068 4308; x_wconf 86' lang='lat' dir='ltr'><strong>patrem</strong></span> <span class='ocrx_word' id='word_1_449' title='bbox 2101 4237 2159 4289; x_wconf 87' lang='lat' dir='ltr'><strong>et</strong></span> 
     </span>
    </p>
   </div>
   <div class='ocr_carea' id='block_1_60' title="bbox 524 4329 2157 4405">
    <p class='ocr_par' dir='ltr' id='par_1_60' title="bbox 524 4329 2157 4405">
     <span class='ocr_line' id='line_1_60' title="bbox 524 4329 2157 4405; baseline -0.002 -19"><span class='ocrx_word' id='word_1_450' title='bbox 524 4331 769 4405; x_wconf 84' lang='lat' dir='ltr'><strong>patriam</strong></span> <span class='ocrx_word' id='word_1_451' title='bbox 801 4333 1101 4404; x_wconf 82' lang='lat' dir='ltr'><strong>proﬁtetur</strong></span> <span class='ocrx_word' id='word_1_452' title='bbox 1126 4349 1184 4387; x_wconf 92' lang='lat' dir='ltr'><strong>se</strong></span> <span class='ocrx_word' id='word_1_453' title='bbox 1212 4332 1427 4387; x_wconf 89' lang='lat' dir='ltr'><strong>habere</strong></span> <span class='ocrx_word' id='word_1_454' title='bbox 1474 4332 1532 4384; x_wconf 92' lang='lat' dir='ltr'><strong>in</strong></span> <span class='ocrx_word' id='word_1_455' title='bbox 1564 4331 1719 4386; x_wconf 67' lang='lat' dir='ltr'><strong>caelo.</strong></span> <span class='ocrx_word' id='word_1_456' title='bbox 1761 4331 1934 4401; x_wconf 87' lang='lat' dir='ltr'><strong>Cujus</strong></span> <span class='ocrx_word' id='word_1_457' title='bbox 1960 4329 2157 4400; x_wconf 77' lang='lat' dir='ltr'><strong>patriae</strong></span> 
     </span>
    </p>
   </div>
   <div class='ocr_carea' id='block_1_61' title="bbox 525 4422 2156 4498">
    <p class='ocr_par' dir='ltr' id='par_1_61' title="bbox 525 4422 2156 4498">
     <span class='ocr_line' id='line_1_61' title="bbox 525 4422 2156 4498; baseline -0.004 -16"><span class='ocrx_word' id='word_1_458' title='bbox 525 4442 697 4482; x_wconf 91' lang='lat' dir='ltr'><strong>nemo</strong></span> <span class='ocrx_word' id='word_1_459' title='bbox 725 4442 1016 4498; x_wconf 88' lang='lat' dir='ltr'><strong>possessor</strong></span> <span class='ocrx_word' id='word_1_460' title='bbox 1041 4427 1302 4493; x_wconf 79' lang='lat' dir='ltr'><strong>efficitur,</strong></span> <span class='ocrx_word' id='word_1_461' title='bbox 1326 4425 1432 4480; x_wconf 88' lang='lat' dir='ltr'><strong>nisi</strong></span> <span class='ocrx_word' id='word_1_462' title='bbox 1456 4425 1552 4497; x_wconf 91' lang='lat' dir='ltr'><strong>qui</strong></span> <span class='ocrx_word' id='word_1_463' title='bbox 1583 4426 1652 4480; x_wconf 93' lang='lat' dir='ltr'><strong>de</strong></span> <span class='ocrx_word' id='word_1_464' title='bbox 1683 4431 1926 4479; x_wconf 66' lang='lat' dir='ltr'><strong>terrenae</strong></span> <span class='ocrx_word' id='word_1_465' title='bbox 1955 4422 2156 4495; x_wconf 72' lang='lat' dir='ltr'><strong>patrias</strong></span> 
     </span>
    </p>
   </div>
   <div class='ocr_carea' id='block_1_62' title="bbox 525 4520 1444 4578">
    <p class='ocr_par' dir='ltr' id='par_1_62' title="bbox 525 4520 1444 4578">
     <span class='ocr_line' id='line_1_62' title="bbox 525 4520 1444 4578; baseline -0.003 -1"><span class='ocrx_word' id='word_1_466' title='bbox 525 4521 894 4578; x_wconf 86' lang='lat' dir='ltr'><strong>contentione</strong></span> <span class='ocrx_word' id='word_1_467' title='bbox 924 4537 1155 4576; x_wconf 90' lang='lat' dir='ltr'><strong>securus</strong></span> <span class='ocrx_word' id='word_1_468' title='bbox 1184 4520 1444 4574; x_wconf 84' lang='lat' dir='ltr'><strong>habetur.</strong></span> 
     </span>
    </p>
   </div>
   <div class='ocr_carea' id='block_1_63' title="bbox 1140 4615 1536 4669">
    <p class='ocr_par' dir='ltr' id='par_1_63' title="bbox 1140 4615 1536 4669">
     <span class='ocr_line' id='line_1_63' title="bbox 1140 4615 1536 4669; baseline -0.005 0"><span class='ocrx_word' id='word_1_469' title='bbox 1140 4615 1360 4669; x_wconf 82' lang='lat' dir='ltr'><strong>CAPUT</strong></span> <span class='ocrx_word' id='word_1_470' title='bbox 1399 4615 1536 4668; x_wconf 89' lang='lat' dir='ltr'><strong>Vlll.</strong></span> 
     </span>
    </p>
   </div>
   <div class='ocr_carea' id='block_1_64' title="bbox 601 4703 2159 4780">
    <p class='ocr_par' dir='ltr' id='par_1_64' title="bbox 601 4703 2159 4780">
     <span class='ocr_line' id='line_1_64' title="bbox 601 4703 2159 4780; baseline -0.006 -13"><span class='ocrx_word' id='word_1_471' title='bbox 601 4713 842 4768; x_wconf 83' lang='lat' dir='ltr'><strong>Octavus</strong></span> <span class='ocrx_word' id='word_1_472' title='bbox 880 4709 1167 4765; x_wconf 88' lang='lat' dir='ltr'><strong>abnsionis</strong></span> <span class='ocrx_word' id='word_1_473' title='bbox 1204 4709 1412 4780; x_wconf 87' lang='lat' dir='ltr'><strong>gradus</strong></span> <span class='ocrx_word' id='word_1_474' title='bbox 1455 4714 1560 4772; x_wconf 83' lang='lat' dir='ltr'><strong>est,</strong></span> <span class='ocrx_word' id='word_1_475' title='bbox 1602 4721 1822 4777; x_wconf 88' lang='lat' dir='ltr'><strong>pauper</strong></span> <span class='ocrx_word' id='word_1_476' title='bbox 1857 4703 2159 4775; x_wconf 88' lang='lat' dir='ltr'><strong>superbus,</strong></span> 
     </span>
    </p>
   </div>
   <div class='ocr_carea' id='block_1_65' title="bbox 528 4799 2177 4880">
    <p class='ocr_par' dir='ltr' id='par_1_65' title="bbox 528 4799 2177 4880">
     <span class='ocr_line' id='line_1_65' title="bbox 528 4799 2177 4880; baseline -0.007 -18"><span class='ocrx_word' id='word_1_477' title='bbox 528 4807 644 4880; x_wconf 90' lang='lat' dir='ltr'><strong>qui,</strong></span> <span class='ocrx_word' id='word_1_478' title='bbox 678 4805 821 4860; x_wconf 88' lang='lat' dir='ltr'><strong>nihil</strong></span> <span class='ocrx_word' id='word_1_479' title='bbox 865 4804 1098 4872; x_wconf 71' lang='lat' dir='ltr'><strong>huLens,</strong></span> <span class='ocrx_word' id='word_1_480' title='bbox 1144 4804 1199 4859; x_wconf 93' lang='lat' dir='ltr'><strong>in</strong></span> <span class='ocrx_word' id='word_1_481' title='bbox 1251 4801 1573 4875; x_wconf 83' lang='lat' dir='ltr'><strong>superbiam</strong></span> <span class='ocrx_word' id='word_1_482' title='bbox 1619 4799 1949 4854; x_wconf 82' lang='lat' dir='ltr'><strong>extollitur:</strong></span> <span class='ocrx_word' id='word_1_483' title='bbox 1983 4814 2112 4852; x_wconf 92' lang='lat' dir='ltr'><strong>cum</strong></span> <span class='ocrx_word' id='word_1_484' title='bbox 2145 4814 2177 4852; x_wconf 93' lang='lat' dir='ltr'><strong>e</strong></span> 
     </span>
    </p>
   </div>
   <div class='ocr_carea' id='block_1_66' title="bbox 530 4893 2165 4966">
    <p class='ocr_par' dir='ltr' id='par_1_66' title="bbox 530 4893 2165 4966">
     <span class='ocr_line' id='line_1_66' title="bbox 530 4893 2165 4966; baseline -0.007 -10"><span class='ocrx_word' id='word_1_485' title='bbox 530 4900 816 4956; x_wconf 87' lang='lat' dir='ltr'><strong>contrario</strong></span> <span class='ocrx_word' id='word_1_486' title='bbox 845 4899 1114 4954; x_wconf 74' lang='lat' dir='ltr'><strong>divitibus</strong></span> <span class='ocrx_word' id='word_1_487' title='bbox 1147 4897 1336 4952; x_wconf 65' lang='lat' dir='ltr'><strong>saeculi</strong></span> <span class='ocrx_word' id='word_1_488' title='bbox 1369 4913 1481 4951; x_wconf 91' lang='lat' dir='ltr'><strong>non</strong></span> <span class='ocrx_word' id='word_1_489' title='bbox 1521 4893 1766 4966; x_wconf 90' lang='lat' dir='ltr'><strong>superbe</strong></span> <span class='ocrx_word' id='word_1_490' title='bbox 1811 4909 2011 4966; x_wconf 87' lang='lat' dir='ltr'><strong>sapere</strong></span> <span class='ocrx_word' id='word_1_491' title='bbox 2057 4907 2165 4962; x_wconf 91' lang='lat' dir='ltr'><strong>per</strong></span> 
     </span>
    </p>
   </div>
   <div class='ocr_carea' id='block_1_67' title="bbox 540 4984 2176 5065">
    <p class='ocr_par' dir='ltr' id='par_1_67' title="bbox 540 4984 2176 5065">
     <span class='ocr_line' id='line_1_67' title="bbox 540 4984 2176 5065; baseline -0.006 -17"><span class='ocrx_word' id='word_1_492' title='bbox 540 4993 1111 5065; x_wconf 83' lang='lat' dir='ltr'><strong>apostolumPauluui</strong></span> <span class='ocrx_word' id='word_1_493' title='bbox 1163 4991 1496 5062; x_wconf 85' lang='lat' dir='ltr'><strong>imperetur.</strong></span> <span class='ocrx_word' id='word_1_494' title='bbox 1535 4986 1684 5052; x_wconf 87' lang='lat' dir='ltr'><strong>Quid</strong></span> <span class='ocrx_word' id='word_1_495' title='bbox 1737 5003 1875 5058; x_wconf 87' lang='lat' dir='ltr'><strong>ergo</strong></span> <span class='ocrx_word' id='word_1_496' title='bbox 1919 4984 2176 5040; x_wconf 85' lang='lat' dir='ltr'><strong>stolidius</strong></span> 
     </span>
    </p>
   </div>
   <div class='ocr_carea' id='block_1_68' title="bbox 553 5076 2171 5158">
    <p class='ocr_par' dir='ltr' id='par_1_68' title="bbox 553 5076 2171 5158">
     <span class='ocr_line' id='line_1_68' title="bbox 553 5076 2171 5158; baseline -0.002 -19"><span class='ocrx_word' id='word_1_497' title='bbox 553 5093 740 5158; x_wconf 85' lang='lat' dir='ltr'><strong>potest</strong></span> <span class='ocrx_word' id='word_1_498' title='bbox 787 5086 908 5140; x_wconf 86' lang='lat' dir='ltr'><strong>fieri</strong></span> <span class='ocrx_word' id='word_1_499' title='bbox 950 5103 1120 5156; x_wconf 86' lang='lat' dir='ltr'><strong>quam</strong></span> <span class='ocrx_word' id='word_1_500' title='bbox 1162 5083 1323 5138; x_wconf 91' lang='lat' dir='ltr'><strong>illum</strong></span> <span class='ocrx_word' id='word_1_501' title='bbox 1364 5083 1460 5154; x_wconf 91' lang='lat' dir='ltr'><strong>qui</strong></span> <span class='ocrx_word' id='word_1_502' title='bbox 1504 5099 1607 5153; x_wconf 92' lang='lat' dir='ltr'><strong>per</strong></span> <span class='ocrx_word' id='word_1_503' title='bbox 1647 5081 1937 5135; x_wconf 84' lang='lat' dir='ltr'><strong>infirmam</strong></span> <span class='ocrx_word' id='word_1_504' title='bbox 1982 5076 2171 5151; x_wconf 84' lang='lat'><strong>877</strong></span> 
     </span>
    </p>
   </div>
   <div class='ocr_carea' id='block_1_69' title="bbox 537 5177 2174 5252">
    <p class='ocr_par' dir='ltr' id='par_1_69' title="bbox 537 5177 2174 5252">
     <span class='ocr_line' id='line_1_69' title="bbox 537 5177 2174 5252; baseline -0.006 -13"><span class='ocrx_word' id='word_1_505' title='bbox 537 5186 820 5239; x_wconf 87' lang='lat' dir='ltr'><strong>miseriam</strong></span> <span class='ocrx_word' id='word_1_506' title='bbox 854 5183 1006 5238; x_wconf 90' lang='lat' dir='ltr'><strong>velut</strong></span> <span class='ocrx_word' id='word_1_507' title='bbox 1032 5183 1090 5236; x_wconf 91' lang='lat' dir='ltr'><strong>in</strong></span> <span class='ocrx_word' id='word_1_508' title='bbox 1127 5185 1339 5236; x_wconf 87' lang='lat' dir='ltr'><strong>terram</strong></span> <span class='ocrx_word' id='word_1_509' title='bbox 1367 5181 1640 5252; x_wconf 86' lang='lat' dir='ltr'><strong>abjectus,</strong></span> <span class='ocrx_word' id='word_1_510' title='bbox 1675 5186 1964 5233; x_wconf 83' lang='lat' dir='ltr'><strong>extremus</strong></span> <span class='ocrx_word' id='word_1_511' title='bbox 1985 5185 2039 5232; x_wconf 91' lang='lat' dir='ltr'><strong>et</strong></span> <span class='ocrx_word' id='word_1_512' title='bbox 2069 5177 2174 5230; x_wconf 88' lang='lat' dir='ltr'><strong>hu-</strong></span> 
     </span>
    </p>
   </div>
   <div class='ocr_carea' id='block_1_70' title="bbox 538 5270 2172 5342">
    <p class='ocr_par' dir='ltr' id='par_1_70' title="bbox 538 5270 2172 5342">
     <span class='ocr_line' id='line_1_70' title="bbox 538 5270 2172 5342; baseline -0.006 -10"><span class='ocrx_word' id='word_1_513' title='bbox 538 5277 686 5332; x_wconf 91' lang='lat' dir='ltr'><strong>milis</strong></span> <span class='ocrx_word' id='word_1_514' title='bbox 713 5276 976 5332; x_wconf 91' lang='lat' dir='ltr'><strong>incedere</strong></span> <span class='ocrx_word' id='word_1_515' title='bbox 1021 5282 1078 5331; x_wconf 91' lang='lat' dir='ltr'><strong>et</strong></span> <span class='ocrx_word' id='word_1_516' title='bbox 1108 5275 1434 5331; x_wconf 88' lang='lat' dir='ltr'><strong>contristari</strong></span> <span class='ocrx_word' id='word_1_517' title='bbox 1473 5273 1766 5341; x_wconf 86' lang='lat' dir='ltr'><strong>debuerat,</strong></span> <span class='ocrx_word' id='word_1_518' title='bbox 1801 5270 2172 5342; x_wconf 82' lang='lat' dir='ltr'><strong>supercilioso</strong></span> 
     </span>
    </p>
   </div>
   <div class='ocr_carea' id='block_1_71' title="bbox 533 5366 2175 5443">
    <p class='ocr_par' dir='ltr' id='par_1_71' title="bbox 533 5366 2175 5443">
     <span class='ocr_line' id='line_1_71' title="bbox 533 5366 2175 5443; baseline -0.005 -16"><span class='ocrx_word' id='word_1_519' title='bbox 533 5371 814 5443; x_wconf 67' lang='lat' dir='ltr'><strong>superbiae</strong></span> <span class='ocrx_word' id='word_1_520' title='bbox 865 5378 1092 5426; x_wconf 89' lang='lat' dir='ltr'><strong>tumore</strong></span> <span class='ocrx_word' id='word_1_521' title='bbox 1133 5370 1388 5424; x_wconf 82' lang='lat' dir='ltr'><strong>intlataui</strong></span> <span class='ocrx_word' id='word_1_522' title='bbox 1446 5373 1700 5420; x_wconf 86' lang='lat' dir='ltr'><strong>mentem</strong></span> <span class='ocrx_word' id='word_1_523' title='bbox 1747 5371 1943 5420; x_wconf 90' lang='lat' dir='ltr'><strong>contra</strong></span> <span class='ocrx_word' id='word_1_524' title='bbox 1997 5366 2175 5418; x_wconf 90' lang='lat' dir='ltr'><strong>Deum</strong></span> 
     </span>
    </p>
   </div>
   <div class='ocr_carea' id='block_1_72' title="bbox 535 5459 2164 5538">
    <p class='ocr_par' dir='ltr' id='par_1_72' title="bbox 535 5459 2164 5538">
     <span class='ocr_line' id='line_1_72' title="bbox 535 5459 2164 5538; baseline -0.006 -17"><span class='ocrx_word' id='word_1_525' title='bbox 535 5465 803 5538; x_wconf 82' lang='lat' dir='ltr'><strong>erigere?</strong></span> <span class='ocrx_word' id='word_1_526' title='bbox 834 5466 940 5520; x_wconf 87' lang='lat' dir='ltr'><strong>Per</strong></span> <span class='ocrx_word' id='word_1_527' title='bbox 965 5464 1115 5536; x_wconf 88' lang='lat' dir='ltr'><strong>quod</strong></span> <span class='ocrx_word' id='word_1_528' title='bbox 1152 5463 1351 5518; x_wconf 89' lang='lat' dir='ltr'><strong>vitium</strong></span> <span class='ocrx_word' id='word_1_529' title='bbox 1387 5461 1528 5532; x_wconf 89' lang='lat' dir='ltr'><strong>lapsi</strong></span> <span class='ocrx_word' id='word_1_530' title='bbox 1575 5463 1932 5526; x_wconf 88' lang='lat' dir='ltr'><strong>corruerunt,</strong></span> <span class='ocrx_word' id='word_1_531' title='bbox 1965 5459 2064 5530; x_wconf 88' lang='lat' dir='ltr'><strong>qui</strong></span> <span class='ocrx_word' id='word_1_532' title='bbox 2106 5459 2164 5512; x_wconf 91' lang='lat' dir='ltr'><strong>in</strong></span> 
     </span>
    </p>
   </div>
   <div class='ocr_carea' id='block_1_73' title="bbox 2243 1893 3822 1968">
    <p class='ocr_par' dir='ltr' id='par_1_73' title="bbox 2243 1893 3822 1968">
     <span class='ocr_line' id='line_1_73' title="bbox 2243 1893 3822 1968; baseline -0.001 -20"><span class='ocrx_word' id='word_1_533' title='bbox 2243 1895 2442 1968; x_wconf 88' lang='lat' dir='ltr'><strong>spiritu</strong></span> <span class='ocrx_word' id='word_1_534' title='bbox 2474 1895 2606 1950; x_wconf 91' lang='lat' dir='ltr'><strong>sint.</strong></span> <span class='ocrx_word' id='word_1_535' title='bbox 2646 1896 2769 1950; x_wconf 88' lang='lat' dir='ltr'><strong>Non</strong></span> <span class='ocrx_word' id='word_1_536' title='bbox 2801 1894 3234 1967; x_wconf 87' lang='lat' dir='ltr'><strong>quibuscuuque</strong></span> <span class='ocrx_word' id='word_1_537' title='bbox 3257 1912 3507 1966; x_wconf 72' lang='lat' dir='ltr'><strong>namque</strong></span> <span class='ocrx_word' id='word_1_538' title='bbox 3534 1893 3822 1965; x_wconf 86' lang='lat' dir='ltr'><strong>pauperibus</strong></span> 
     </span>
    </p>
   </div>
   <div class='ocr_carea' id='block_1_74' title="bbox 2242 1988 3822 2060">
    <p class='ocr_par' dir='ltr' id='par_1_74' title="bbox 2242 1988 3822 2060">
     <span class='ocr_line' id='line_1_74' title="bbox 2242 1988 3822 2060; baseline -0.002 -16"><span class='ocrx_word' id='word_1_539' title='bbox 2242 1990 2368 2045; x_wconf 70' lang='lat' dir='ltr'><strong>caeli</strong></span> <span class='ocrx_word' id='word_1_540' title='bbox 2419 2007 2602 2060; x_wconf 88' lang='lat' dir='ltr'><strong>regna</strong></span> <span class='ocrx_word' id='word_1_541' title='bbox 2660 1991 3080 2060; x_wconf 85' lang='lat' dir='ltr'><strong>promittuntur</strong></span> <span class='ocrx_word' id='word_1_542' title='bbox 3115 2031 3128 2050; x_wconf 91' lang='lat'><strong>,</strong></span> <span class='ocrx_word' id='word_1_543' title='bbox 3179 1988 3281 2044; x_wconf 89' lang='lat' dir='ltr'><strong>sed</strong></span> <span class='ocrx_word' id='word_1_544' title='bbox 3340 1989 3429 2042; x_wconf 89' lang='lat' dir='ltr'><strong>his</strong></span> <span class='ocrx_word' id='word_1_545' title='bbox 3479 1988 3822 2042; x_wconf 86' lang='lat' dir='ltr'><strong>tantummodo</strong></span> 
     </span>
    </p>
   </div>
   <div class='ocr_carea' id='block_1_75' title="bbox 2243 2081 3821 2155">
    <p class='ocr_par' dir='ltr' id='par_1_75' title="bbox 2243 2081 3821 2155">
     <span class='ocr_line' id='line_1_75' title="bbox 2243 2081 3821 2155; baseline -0.003 -17"><span class='ocrx_word' id='word_1_546' title='bbox 2243 2101 2278 2138; x_wconf 93' lang='lat' dir='ltr'><strong>n</strong></span> <span class='ocrx_word' id='word_1_547' title='bbox 2308 2083 2519 2155; x_wconf 89' lang='lat' dir='ltr'><strong>quibus</strong></span> <span class='ocrx_word' id='word_1_548' title='bbox 2571 2082 2898 2138; x_wconf 87' lang='lat' dir='ltr'><strong>divitiarum</strong></span> <span class='ocrx_word' id='word_1_549' title='bbox 2933 2083 3186 2155; x_wconf 81' lang='lat' dir='ltr'><strong>inepium</strong></span> <span class='ocrx_word' id='word_1_550' title='bbox 3221 2082 3550 2137; x_wconf 88' lang='lat' dir='ltr'><strong>animorum</strong></span> <span class='ocrx_word' id='word_1_551' title='bbox 3583 2081 3821 2136; x_wconf 76' lang='lat' dir='ltr'><strong>humilitas</strong></span> 
     </span>
    </p>
   </div>
   <div class='ocr_carea' id='block_1_76' title="bbox 2244 2174 3828 2248">
    <p class='ocr_par' dir='ltr' id='par_1_76' title="bbox 2244 2174 3828 2248">
     <span class='ocr_line' id='line_1_76' title="bbox 2244 2174 3828 2248; baseline -0.003 -18"><span class='ocrx_word' id='word_1_552' title='bbox 2244 2176 2570 2232; x_wconf 83' lang='lat' dir='ltr'><strong>comitatur.</strong></span> <span class='ocrx_word' id='word_1_553' title='bbox 2631 2179 2852 2248; x_wconf 88' lang='lat' dir='ltr'><strong>Pauper</strong></span> <span class='ocrx_word' id='word_1_554' title='bbox 2909 2177 3068 2231; x_wconf 90' lang='lat' dir='ltr'><strong>enim</strong></span> <span class='ocrx_word' id='word_1_555' title='bbox 3122 2177 3358 2230; x_wconf 86' lang='lat' dir='ltr'><strong>humilis</strong></span> <span class='ocrx_word' id='word_1_556' title='bbox 3412 2191 3624 2247; x_wconf 88' lang='lat' dir='ltr'><strong>pauper</strong></span> <span class='ocrx_word' id='word_1_557' title='bbox 3670 2174 3828 2244; x_wconf 78' lang='lat' dir='ltr'><strong>spiritu</strong></span> 
     </span>
    </p>
   </div>
   <div class='ocr_carea' id='block_1_77' title="bbox 2247 2268 3829 2342">
    <p class='ocr_par' dir='ltr' id='par_1_77' title="bbox 2247 2268 3829 2342">
     <span class='ocr_line' id='line_1_77' title="bbox 2247 2268 3829 2342; baseline -0.004 -17"><span class='ocrx_word' id='word_1_558' title='bbox 2247 2271 2617 2342; x_wconf 88' lang='lat' dir='ltr'><strong>appellatur,</strong></span> <span class='ocrx_word' id='word_1_559' title='bbox 2685 2271 2832 2342; x_wconf 91' lang='lat' dir='ltr'><strong>qui,</strong></span> <span class='ocrx_word' id='word_1_560' title='bbox 2897 2287 3026 2325; x_wconf 90' lang='lat' dir='ltr'><strong>cum</strong></span> <span class='ocrx_word' id='word_1_561' title='bbox 3092 2287 3312 2341; x_wconf 90' lang='lat' dir='ltr'><strong>egenus</strong></span> <span class='ocrx_word' id='word_1_562' title='bbox 3392 2269 3526 2324; x_wconf 83' lang='lat' dir='ltr'><strong>foris</strong></span> <span class='ocrx_word' id='word_1_563' title='bbox 3585 2268 3829 2334; x_wconf 86' lang='lat' dir='ltr'><strong>cernitur,</strong></span> 
     </span>
    </p>
   </div>
   <div class='ocr_carea' id='block_1_78' title="bbox 2247 2361 3829 2437">
    <p class='ocr_par' dir='ltr' id='par_1_78' title="bbox 2247 2361 3829 2437">
     <span class='ocr_line' id='line_1_78' title="bbox 2247 2361 3829 2437; baseline -0.004 -19"><span class='ocrx_word' id='word_1_564' title='bbox 2247 2381 2544 2437; x_wconf 89' lang='lat' dir='ltr'><strong>nunquam</strong></span> <span class='ocrx_word' id='word_1_565' title='bbox 2575 2365 2632 2418; x_wconf 91' lang='lat' dir='ltr'><strong>in</strong></span> <span class='ocrx_word' id='word_1_566' title='bbox 2661 2364 2993 2436; x_wconf 86' lang='lat' dir='ltr'><strong>superbiam</strong></span> <span class='ocrx_word' id='word_1_567' title='bbox 3024 2365 3274 2418; x_wconf 85' lang='lat' dir='ltr'><strong>elevatur</strong></span> <span class='ocrx_word' id='word_1_568' title='bbox 3303 2381 3316 2418; x_wconf 92' lang='lat'><strong>:</strong></span> <span class='ocrx_word' id='word_1_569' title='bbox 3351 2361 3615 2436; x_wconf 86' lang='lat' dir='ltr'><strong>quoniam</strong></span> <span class='ocrx_word' id='word_1_570' title='bbox 3660 2361 3722 2414; x_wconf 89' lang='lat' dir='ltr'><strong>ad</strong></span> <span class='ocrx_word' id='word_1_571' title='bbox 3755 2378 3829 2430; x_wconf 85' lang='lat' dir='ltr'><strong>ap-</strong></span> 
     </span>
    </p>
   </div>
   <div class='ocr_carea' id='block_1_79' title="bbox 2250 2453 3834 2530">
    <p class='ocr_par' dir='ltr' id='par_1_79' title="bbox 2250 2453 3834 2530">
     <span class='ocr_line' id='line_1_79' title="bbox 2250 2453 3834 2530; baseline -0.003 -20"><span class='ocrx_word' id='word_1_572' title='bbox 2250 2459 2497 2530; x_wconf 85' lang='lat' dir='ltr'><strong>petenda</strong></span> <span class='ocrx_word' id='word_1_573' title='bbox 2527 2474 2704 2529; x_wconf 88' lang='lat' dir='ltr'><strong>regna</strong></span> <span class='ocrx_word' id='word_1_574' title='bbox 2727 2458 2998 2513; x_wconf 59' lang='lat' dir='ltr'><strong>calorum</strong></span> <span class='ocrx_word' id='word_1_575' title='bbox 3023 2458 3146 2529; x_wconf 92' lang='lat' dir='ltr'><strong>plus</strong></span> <span class='ocrx_word' id='word_1_576' title='bbox 3169 2458 3318 2512; x_wconf 88' lang='lat' dir='ltr'><strong>valet</strong></span> <span class='ocrx_word' id='word_1_577' title='bbox 3341 2456 3546 2511; x_wconf 89' lang='lat' dir='ltr'><strong>mentis</strong></span> <span class='ocrx_word' id='word_1_578' title='bbox 3570 2453 3834 2518; x_wconf 83' lang='lat' dir='ltr'><strong>humilitas,</strong></span> 
     </span>
    </p>
   </div>
   <div class='ocr_carea' id='block_1_80' title="bbox 2251 2549 3830 2624">
    <p class='ocr_par' dir='ltr' id='par_1_80' title="bbox 2251 2549 3830 2624">
     <span class='ocr_line' id='line_1_80' title="bbox 2251 2549 3830 2624; baseline -0.005 -18"><span class='ocrx_word' id='word_1_579' title='bbox 2251 2569 2421 2624; x_wconf 90' lang='lat' dir='ltr'><strong>quam</strong></span> <span class='ocrx_word' id='word_1_580' title='bbox 2451 2552 2820 2624; x_wconf 66' lang='lat' dir='ltr'><strong>praesentium</strong></span> <span class='ocrx_word' id='word_1_581' title='bbox 2851 2551 3172 2606; x_wconf 88' lang='lat' dir='ltr'><strong>divitiarum</strong></span> <span class='ocrx_word' id='word_1_582' title='bbox 3199 2549 3535 2621; x_wconf 87' lang='lat' dir='ltr'><strong>temporalis</strong></span> <span class='ocrx_word' id='word_1_583' title='bbox 3561 2554 3830 2620; x_wconf 82' lang='lat' dir='ltr'><strong>paupertas.</strong></span> 
     </span>
    </p>
   </div>
   <div class='ocr_carea' id='block_1_81' title="bbox 2251 2642 3835 2718">
    <p class='ocr_par' dir='ltr' id='par_1_81' title="bbox 2251 2642 3835 2718">
     <span class='ocr_line' id='line_1_81' title="bbox 2251 2642 3835 2718; baseline -0.006 -17"><span class='ocrx_word' id='word_1_584' title='bbox 2251 2646 2476 2702; x_wconf 84' lang='lat' dir='ltr'><strong>Etenim</strong></span> <span class='ocrx_word' id='word_1_585' title='bbox 2508 2646 2756 2700; x_wconf 88' lang='lat' dir='ltr'><strong>humiles</strong></span> <span class='ocrx_word' id='word_1_586' title='bbox 2781 2645 2879 2718; x_wconf 87' lang='lat' dir='ltr'><strong>qui</strong></span> <span class='ocrx_word' id='word_1_587' title='bbox 2906 2645 3055 2700; x_wconf 90' lang='lat' dir='ltr'><strong>bene</strong></span> <span class='ocrx_word' id='word_1_588' title='bbox 3085 2645 3311 2701; x_wconf 87' lang='lat' dir='ltr'><strong>divitias</strong></span> <span class='ocrx_word' id='word_1_589' title='bbox 3339 2660 3614 2716; x_wconf 84' lang='lat' dir='ltr'><strong>possessas</strong></span> <span class='ocrx_word' id='word_1_590' title='bbox 3651 2642 3835 2699; x_wconf 85' lang='lat' dir='ltr'><strong>habent.</strong></span> 
     </span>
    </p>
   </div>
   <div class='ocr_carea' id='block_1_82' title="bbox 2252 2735 3836 2811">
    <p class='ocr_par' dir='ltr' id='par_1_82' title="bbox 2252 2735 3836 2811">
     <span class='ocr_line' id='line_1_82' title="bbox 2252 2735 3836 2811; baseline -0.004 -18"><span class='ocrx_word' id='word_1_591' title='bbox 2252 2744 2491 2811; x_wconf 87' lang='lat' dir='ltr'><strong>possunt</strong></span> <span class='ocrx_word' id='word_1_592' title='bbox 2532 2756 2808 2811; x_wconf 90' lang='lat' dir='ltr'><strong>pauperes</strong></span> <span class='ocrx_word' id='word_1_593' title='bbox 2849 2738 3053 2810; x_wconf 87' lang='lat' dir='ltr'><strong>spiritu</strong></span> <span class='ocrx_word' id='word_1_594' title='bbox 3093 2738 3380 2810; x_wconf 87' lang='lat' dir='ltr'><strong>appellari</strong></span> <span class='ocrx_word' id='word_1_595' title='bbox 3414 2756 3428 2791; x_wconf 90' lang='lat'><strong>:</strong></span> <span class='ocrx_word' id='word_1_596' title='bbox 3471 2735 3724 2807; x_wconf 82' lang='lat' dir='ltr'><strong>superbos</strong></span> <span class='ocrx_word' id='word_1_597' title='bbox 3757 2751 3836 2786; x_wconf 88' lang='lat' dir='ltr'><strong>an-</strong></span> 
     </span>
    </p>
   </div>
   <div class='ocr_carea' id='block_1_83' title="bbox 2253 2826 3837 2900">
    <p class='ocr_par' dir='ltr' id='par_1_83' title="bbox 2253 2826 3837 2900">
     <span class='ocr_line' id='line_1_83' title="bbox 2253 2826 3837 2900; baseline -0.005 -14"><span class='ocrx_word' id='word_1_598' title='bbox 2253 2836 2367 2886; x_wconf 89' lang='lat' dir='ltr'><strong>tem</strong></span> <span class='ocrx_word' id='word_1_599' title='bbox 2412 2832 2552 2886; x_wconf 87' lang='lat' dir='ltr'><strong>nihil</strong></span> <span class='ocrx_word' id='word_1_600' title='bbox 2601 2831 2901 2900; x_wconf 88' lang='lat' dir='ltr'><strong>habentes,</strong></span> <span class='ocrx_word' id='word_1_601' title='bbox 2932 2831 3079 2885; x_wconf 87' lang='lat' dir='ltr'><strong>haud</strong></span> <span class='ocrx_word' id='word_1_602' title='bbox 3123 2830 3366 2885; x_wconf 90' lang='lat' dir='ltr'><strong>dubium</strong></span> <span class='ocrx_word' id='word_1_603' title='bbox 3413 2834 3498 2884; x_wconf 90' lang='lat' dir='ltr'><strong>est</strong></span> <span class='ocrx_word' id='word_1_604' title='bbox 3539 2826 3837 2882; x_wconf 83' lang='lat' dir='ltr'><strong>beatitudine</strong></span> 
     </span>
    </p>
   </div>
   <div class='ocr_carea' id='block_1_84' title="bbox 2256 2923 3840 2998">
    <p class='ocr_par' dir='ltr' id='par_1_84' title="bbox 2256 2923 3840 2998">
     <span class='ocr_line' id='line_1_84' title="bbox 2256 2923 3840 2998; baseline -0.006 -18"><span class='ocrx_word' id='word_1_605' title='bbox 2256 2925 2610 2998; x_wconf 87' lang='lat' dir='ltr'><strong>paupertatis</strong></span> <span class='ocrx_word' id='word_1_606' title='bbox 2671 2925 2902 2997; x_wconf 87' lang='lat' dir='ltr'><strong>privari.</strong></span> <span class='ocrx_word' id='word_1_607' title='bbox 2970 2926 3045 2979; x_wconf 92' lang='lat' dir='ltr'><strong>De</strong></span> <span class='ocrx_word' id='word_1_608' title='bbox 3112 2924 3322 2996; x_wconf 85' lang='lat' dir='ltr'><strong>quibus</strong></span> <span class='ocrx_word' id='word_1_609' title='bbox 3391 2923 3636 2987; x_wconf 86' lang='lat' dir='ltr'><strong>utrisque</strong></span> <span class='ocrx_word' id='word_1_610' title='bbox 3694 2924 3840 2972; x_wconf 75' lang='lat' dir='ltr'><strong>sancta</strong></span> 
     </span>
    </p>
   </div>
   <div class='ocr_carea' id='block_1_85' title="bbox 2257 3015 3840 3092">
    <p class='ocr_par' dir='ltr' id='par_1_85' title="bbox 2257 3015 3840 3092">
     <span class='ocr_line' id='line_1_85' title="bbox 2257 3015 3840 3092; baseline -0.006 -18"><span class='ocrx_word' id='word_1_611' title='bbox 2257 3019 2546 3092; x_wconf 88' lang='lat' dir='ltr'><strong>Scriptura</strong></span> <span class='ocrx_word' id='word_1_612' title='bbox 2576 3019 2655 3073; x_wconf 89' lang='lat' dir='ltr'><strong>ita</strong></span> <span class='ocrx_word' id='word_1_613' title='bbox 2688 3018 2940 3090; x_wconf 90' lang='lat' dir='ltr'><strong>loquitur</strong></span> <span class='ocrx_word' id='word_1_614' title='bbox 2972 3035 2984 3072; x_wconf 93' lang='lat'><strong>:</strong></span> <span class='ocrx_word' id='word_1_615' title='bbox 3011 3022 3104 3074; x_wconf 87' lang='lat' dir='ltr'><strong>Est</strong></span> <span class='ocrx_word' id='word_1_616' title='bbox 3134 3020 3294 3088; x_wconf 81' lang='lat' dir='ltr'><strong>quasi</strong></span> <span class='ocrx_word' id='word_1_617' title='bbox 3318 3019 3470 3072; x_wconf 80' lang='lat' dir='ltr'><strong>dives</strong></span> <span class='ocrx_word' id='word_1_618' title='bbox 3499 3016 3638 3072; x_wconf 82' lang='lat' dir='ltr'><strong>nihil</strong></span> <span class='ocrx_word' id='word_1_619' title='bbox 3666 3015 3840 3072; x_wconf 77' lang='lat' dir='ltr'><strong>habens,</strong></span> 
     </span>
    </p>
   </div>
   <div class='ocr_carea' id='block_1_86' title="bbox 2258 3104 3838 3180">
    <p class='ocr_par' dir='ltr' id='par_1_86' title="bbox 2258 3104 3838 3180">
     <span class='ocr_line' id='line_1_86' title="bbox 2258 3104 3838 3180; baseline -0.003 -15"><span class='ocrx_word' id='word_1_620' title='bbox 2258 3116 2402 3165; x_wconf 82' lang='lat' dir='ltr'><strong>etest</strong></span> <span class='ocrx_word' id='word_1_621' title='bbox 2432 3112 2590 3180; x_wconf 86' lang='lat' dir='ltr'><strong>quasi</strong></span> <span class='ocrx_word' id='word_1_622' title='bbox 2626 3126 2855 3180; x_wconf 85' lang='lat' dir='ltr'><strong>pauper,</strong></span> <span class='ocrx_word' id='word_1_623' title='bbox 2881 3125 3000 3163; x_wconf 86' lang='lat' dir='ltr'><strong>cum</strong></span> <span class='ocrx_word' id='word_1_624' title='bbox 3047 3112 3104 3162; x_wconf 88' lang='lat' dir='ltr'><strong>in</strong></span> <span class='ocrx_word' id='word_1_625' title='bbox 3134 3109 3320 3162; x_wconf 85' lang='lat' dir='ltr'><strong>multis</strong></span> <span class='ocrx_word' id='word_1_626' title='bbox 3356 3107 3565 3161; x_wconf 64' lang='lat' dir='ltr'><strong>divitiis</strong></span> <span class='ocrx_word' id='word_1_627' title='bbox 3589 3109 3652 3160; x_wconf 80' lang='lat' dir='ltr'><strong>sit</strong></span> <span class='ocrx_word' id='word_1_628' title='bbox 3680 3104 3838 3174; x_wconf 58' lang='lat' dir='ltr'><strong>(Prom.</strong></span> 
     </span>
    </p>
   </div>
   <div class='ocr_carea' id='block_1_87' title="bbox 2267 3195 3842 3274">
    <p class='ocr_par' dir='ltr' id='par_1_87' title="bbox 2267 3195 3842 3274">
     <span class='ocr_line' id='line_1_87' title="bbox 2267 3195 3842 3274; baseline -0.006 -17"><span class='ocrx_word' id='word_1_629' title='bbox 2267 3220 2384 3270; x_wconf 86' lang='lat' dir='ltr'><strong>xm,</strong></span> <span class='ocrx_word' id='word_1_630' title='bbox 2409 3207 2482 3272; x_wconf 87' lang='lat'><strong>&#39;7).</strong></span> <span class='ocrx_word' id='word_1_631' title='bbox 2513 3202 2680 3268; x_wconf 87' lang='lat' dir='ltr'><strong>Quasi</strong></span> <span class='ocrx_word' id='word_1_632' title='bbox 2712 3202 3096 3274; x_wconf 83' lang='lat' dir='ltr'><strong>pauperergo</strong></span> <span class='ocrx_word' id='word_1_633' title='bbox 3126 3201 3181 3256; x_wconf 91' lang='lat' dir='ltr'><strong>in</strong></span> <span class='ocrx_word' id='word_1_634' title='bbox 3209 3199 3405 3254; x_wconf 91' lang='lat' dir='ltr'><strong>multis</strong></span> <span class='ocrx_word' id='word_1_635' title='bbox 3421 3199 3620 3254; x_wconf 89' lang='lat' dir='ltr'><strong>divitiis</strong></span> <span class='ocrx_word' id='word_1_636' title='bbox 3639 3195 3842 3252; x_wconf 83' lang='lat' dir='ltr'><strong>cstdivcs</strong></span> 
     </span>
    </p>
   </div>
   <div class='ocr_carea' id='block_1_88' title="bbox 2265 3292 3843 3368">
    <p class='ocr_par' dir='ltr' id='par_1_88' title="bbox 2265 3292 3843 3368">
     <span class='ocr_line' id='line_1_88' title="bbox 2265 3292 3843 3368; baseline -0.007 -17"><span class='ocrx_word' id='word_1_637' title='bbox 2265 3297 2498 3351; x_wconf 90' lang='lat' dir='ltr'><strong>humilis</strong></span> <span class='ocrx_word' id='word_1_638' title='bbox 2541 3295 2787 3368; x_wconf 86' lang='lat' dir='ltr'><strong>spiritu;</strong></span> <span class='ocrx_word' id='word_1_639' title='bbox 2839 3303 2888 3350; x_wconf 85' lang='lat' dir='ltr'><strong>et</strong></span> <span class='ocrx_word' id='word_1_640' title='bbox 2937 3296 3075 3350; x_wconf 90' lang='lat' dir='ltr'><strong>nihil</strong></span> <span class='ocrx_word' id='word_1_641' title='bbox 3125 3294 3345 3349; x_wconf 87' lang='lat' dir='ltr'><strong>habens</strong></span> <span class='ocrx_word' id='word_1_642' title='bbox 3393 3293 3553 3366; x_wconf 82' lang='lat' dir='ltr'><strong>quasi</strong></span> <span class='ocrx_word' id='word_1_643' title='bbox 3603 3292 3742 3346; x_wconf 82' lang='lat' dir='ltr'><strong>dives</strong></span> <span class='ocrx_word' id='word_1_644' title='bbox 3781 3293 3843 3341; x_wconf 86' lang='lat' dir='ltr'><strong>est</strong></span> 
     </span>
    </p>
   </div>
   <div class='ocr_carea' id='block_1_89' title="bbox 2266 3382 3844 3463">
    <p class='ocr_par' dir='ltr' id='par_1_89' title="bbox 2266 3382 3844 3463">
     <span class='ocr_line' id='line_1_89' title="bbox 2266 3382 3844 3463; baseline -0.008 -18"><span class='ocrx_word' id='word_1_645' title='bbox 2266 3408 2481 3463; x_wconf 88' lang='lat' dir='ltr'><strong>pauper</strong></span> <span class='ocrx_word' id='word_1_646' title='bbox 2509 3390 2788 3461; x_wconf 87' lang='lat' dir='ltr'><strong>superbus</strong></span> <span class='ocrx_word' id='word_1_647' title='bbox 2811 3389 3015 3444; x_wconf 87' lang='lat' dir='ltr'><strong>mentis</strong></span> <span class='ocrx_word' id='word_1_648' title='bbox 3035 3388 3262 3443; x_wconf 70' lang='lat' dir='ltr'><strong>atl‘ectu.</strong></span> <span class='ocrx_word' id='word_1_649' title='bbox 3292 3387 3512 3442; x_wconf 81' lang='lat' dir='ltr'><strong>Nobilis</strong></span> <span class='ocrx_word' id='word_1_650' title='bbox 3537 3403 3666 3456; x_wconf 87' lang='lat' dir='ltr'><strong>ergo</strong></span> <span class='ocrx_word' id='word_1_651' title='bbox 3689 3382 3844 3453; x_wconf 82' lang='lat' dir='ltr'><strong>inepia</strong></span> 
     </span>
    </p>
   </div>
   <div class='ocr_carea' id='block_1_90' title="bbox 2263 3477 3845 3553">
    <p class='ocr_par' dir='ltr' id='par_1_90' title="bbox 2263 3477 3845 3553">
     <span class='ocr_line' id='line_1_90' title="bbox 2263 3477 3845 3553; baseline -0.007 -15"><span class='ocrx_word' id='word_1_652' title='bbox 2263 3491 2348 3539; x_wconf 90' lang='lat' dir='ltr'><strong>est</strong></span> <span class='ocrx_word' id='word_1_653' title='bbox 2376 3483 2583 3538; x_wconf 91' lang='lat' dir='ltr'><strong>mentis</strong></span> <span class='ocrx_word' id='word_1_654' title='bbox 2605 3483 2914 3552; x_wconf 82' lang='lat' dir='ltr'><strong>humilitas,</strong></span> <span class='ocrx_word' id='word_1_655' title='bbox 2941 3489 2997 3536; x_wconf 93' lang='lat' dir='ltr'><strong>et</strong></span> <span class='ocrx_word' id='word_1_656' title='bbox 3023 3482 3236 3553; x_wconf 58' lang='lat' dir='ltr'><strong>ineptae</strong></span> <span class='ocrx_word' id='word_1_657' title='bbox 3266 3481 3484 3535; x_wconf 56' lang='lat' dir='ltr'><strong>divitia</strong></span> <span class='ocrx_word' id='word_1_658' title='bbox 3515 3484 3638 3534; x_wconf 92' lang='lat' dir='ltr'><strong>sunt</strong></span> <span class='ocrx_word' id='word_1_659' title='bbox 3668 3477 3845 3531; x_wconf 87' lang='lat' dir='ltr'><strong>animo-</strong></span> 
     </span>
    </p>
   </div>
   <div class='ocr_carea' id='block_1_91' title="bbox 2262 3569 3844 3646">
    <p class='ocr_par' dir='ltr' id='par_1_91' title="bbox 2262 3569 3844 3646">
     <span class='ocr_line' id='line_1_91' title="bbox 2262 3569 3844 3646; baseline -0.008 -14"><span class='ocrx_word' id='word_1_660' title='bbox 2262 3595 2388 3632; x_wconf 90' lang='lat' dir='ltr'><strong>rum</strong></span> <span class='ocrx_word' id='word_1_661' title='bbox 2417 3578 2746 3632; x_wconf 84' lang='lat' dir='ltr'><strong>enormitas.</strong></span> <span class='ocrx_word' id='word_1_662' title='bbox 2786 3575 3200 3632; x_wconf 89' lang='lat' dir='ltr'><strong>Providendum</strong></span> <span class='ocrx_word' id='word_1_663' title='bbox 3245 3581 3333 3630; x_wconf 90' lang='lat' dir='ltr'><strong>est</strong></span> <span class='ocrx_word' id='word_1_664' title='bbox 3357 3591 3500 3646; x_wconf 87' lang='lat' dir='ltr'><strong>ergo</strong></span> <span class='ocrx_word' id='word_1_665' title='bbox 3531 3569 3844 3645; x_wconf 84' lang='lat' dir='ltr'><strong>pauperibus,</strong></span> 
     </span>
    </p>
   </div>
   <div class='ocr_carea' id='block_1_92' title="bbox 2260 3663 3848 3743">
    <p class='ocr_par' dir='ltr' id='par_1_92' title="bbox 2260 3663 3848 3743">
     <span class='ocr_line' id='line_1_92' title="bbox 2260 3663 3848 3743; baseline -0.008 -19"><span class='ocrx_word' id='word_1_666' title='bbox 2260 3676 2323 3727; x_wconf 88' lang='lat' dir='ltr'><strong>ut</strong></span> <span class='ocrx_word' id='word_1_667' title='bbox 2349 3671 2704 3743; x_wconf 88' lang='lat' dir='ltr'><strong>semetipsos,</strong></span> <span class='ocrx_word' id='word_1_668' title='bbox 2739 3671 2934 3742; x_wconf 90' lang='lat' dir='ltr'><strong>quales</strong></span> <span class='ocrx_word' id='word_1_669' title='bbox 2960 3670 3092 3737; x_wconf 90' lang='lat' dir='ltr'><strong>sint,</strong></span> <span class='ocrx_word' id='word_1_670' title='bbox 3112 3669 3476 3739; x_wconf 81' lang='lat' dir='ltr'><strong>intelligant;</strong></span> <span class='ocrx_word' id='word_1_671' title='bbox 3502 3665 3698 3738; x_wconf 88' lang='lat' dir='ltr'><strong>etquia</strong></span> <span class='ocrx_word' id='word_1_672' title='bbox 3719 3663 3848 3716; x_wconf 80' lang='lat' dir='ltr'><strong>rebus</strong></span> 
     </span>
    </p>
   </div>
   <div class='ocr_carea' id='block_1_93' title="bbox 2258 3759 3848 3838">
    <p class='ocr_par' dir='ltr' id='par_1_93' title="bbox 2258 3759 3848 3838">
     <span class='ocr_line' id='line_1_93' title="bbox 2258 3759 3848 3838; baseline -0.009 -18"><span class='ocrx_word' id='word_1_673' title='bbox 2258 3766 2530 3838; x_wconf 88' lang='lat' dir='ltr'><strong>consequi</strong></span> <span class='ocrx_word' id='word_1_674' title='bbox 2564 3765 2712 3836; x_wconf 87' lang='lat' dir='ltr'><strong>quod</strong></span> <span class='ocrx_word' id='word_1_675' title='bbox 2742 3765 2982 3836; x_wconf 91' lang='lat' dir='ltr'><strong>cupiunt</strong></span> <span class='ocrx_word' id='word_1_676' title='bbox 3027 3779 3140 3817; x_wconf 91' lang='lat' dir='ltr'><strong>non</strong></span> <span class='ocrx_word' id='word_1_677' title='bbox 3177 3762 3397 3831; x_wconf 69' lang='lat' dir='ltr'><strong>valent,</strong></span> <span class='ocrx_word' id='word_1_678' title='bbox 3431 3759 3633 3816; x_wconf 86' lang='lat' dir='ltr'><strong>mentis</strong></span> <span class='ocrx_word' id='word_1_679' title='bbox 3667 3765 3848 3812; x_wconf 84' lang='lat' dir='ltr'><strong>tumore</strong></span> 
     </span>
    </p>
   </div>
   <div class='ocr_carea' id='block_1_94' title="bbox 2257 3859 2856 3930">
    <p class='ocr_par' dir='ltr' id='par_1_94' title="bbox 2257 3859 2856 3930">
     <span class='ocr_line' id='line_1_94' title="bbox 2257 3859 2856 3930; baseline 0.002 -18"><span class='ocrx_word' id='word_1_680' title='bbox 2257 3859 2551 3930; x_wconf 88' lang='lat' dir='ltr'><strong>superbire</strong></span> <span class='ocrx_word' id='word_1_681' title='bbox 2575 3859 2856 3914; x_wconf 87' lang='lat' dir='ltr'><strong>desinant.</strong></span> 
     </span>
    </p>
   </div>
   <div class='ocr_carea' id='block_1_95' title="bbox 2915 3950 3247 4007">
    <p class='ocr_par' dir='ltr' id='par_1_95' title="bbox 2915 3950 3247 4007">
     <span class='ocr_line' id='line_1_95' title="bbox 2915 3950 3247 4007; baseline -0.003 -1"><span class='ocrx_word' id='word_1_682' title='bbox 2915 3951 3129 4007; x_wconf 84' lang='lat' dir='ltr'><strong>CAPUT</strong></span> <span class='ocrx_word' id='word_1_683' title='bbox 3166 3950 3247 4006; x_wconf 85' lang='lat' dir='ltr'><strong>IX.</strong></span> 
     </span>
    </p>
   </div>
   <div class='ocr_carea' id='block_1_96' title="bbox 2323 4035 3849 4116">
    <p class='ocr_par' dir='ltr' id='par_1_96' title="bbox 2323 4035 3849 4116">
     <span class='ocr_line' id='line_1_96' title="bbox 2323 4035 3849 4116; baseline -0.01 -14"><span class='ocrx_word' id='word_1_684' title='bbox 2323 4049 2516 4102; x_wconf 83' lang='lat' dir='ltr'><strong>Nouus</strong></span> <span class='ocrx_word' id='word_1_685' title='bbox 2547 4045 2836 4100; x_wconf 75' lang='lat' dir='ltr'><strong>abusionis</strong></span> <span class='ocrx_word' id='word_1_686' title='bbox 2871 4045 3076 4116; x_wconf 88' lang='lat' dir='ltr'><strong>gradus</strong></span> <span class='ocrx_word' id='word_1_687' title='bbox 3104 4050 3207 4110; x_wconf 90' lang='lat' dir='ltr'><strong>est,</strong></span> <span class='ocrx_word' id='word_1_688' title='bbox 3242 4061 3336 4098; x_wconf 79' lang='lat' dir='ltr'><strong>rex</strong></span> <span class='ocrx_word' id='word_1_689' title='bbox 3379 4044 3640 4115; x_wconf 80' lang='lat' dir='ltr'><strong>iniquus.</strong></span> <span class='ocrx_word' id='word_1_690' title='bbox 3670 4035 3849 4094; x_wconf 80' lang='lat' dir='ltr'><strong>Etcuiin</strong></span> 
     </span>
    </p>
   </div>
   <div class='ocr_carea' id='block_1_97' title="bbox 2252 4135 3848 4212">
    <p class='ocr_par' dir='ltr' id='par_1_97' title="bbox 2252 4135 3848 4212">
     <span class='ocr_line' id='line_1_97' title="bbox 2252 4135 3848 4212; baseline -0.011 -16"><span class='ocrx_word' id='word_1_691' title='bbox 2252 4158 2449 4212; x_wconf 88' lang='lat' dir='ltr'><strong>regem</strong></span> <span class='ocrx_word' id='word_1_692' title='bbox 2495 4157 2607 4194; x_wconf 88' lang='lat' dir='ltr'><strong>non</strong></span> <span class='ocrx_word' id='word_1_693' title='bbox 2647 4141 2945 4211; x_wconf 88' lang='lat' dir='ltr'><strong>iniquum,</strong></span> <span class='ocrx_word' id='word_1_694' title='bbox 3000 4138 3098 4192; x_wconf 88' lang='lat' dir='ltr'><strong>sed</strong></span> <span class='ocrx_word' id='word_1_695' title='bbox 3151 4143 3532 4193; x_wconf 88' lang='lat' dir='ltr'><strong>correctorem</strong></span> <span class='ocrx_word' id='word_1_696' title='bbox 3573 4135 3848 4204; x_wconf 85' lang='lat' dir='ltr'><strong>iniquorum</strong></span> 
     </span>
    </p>
   </div>
   <div class='ocr_carea' id='block_1_98' title="bbox 2255 4223 3850 4306">
    <p class='ocr_par' dir='ltr' id='par_1_98' title="bbox 2255 4223 3850 4306">
     <span class='ocr_line' id='line_1_98' title="bbox 2255 4223 3850 4306; baseline -0.01 -16"><span class='ocrx_word' id='word_1_697' title='bbox 2255 4252 2378 4290; x_wconf 89' lang='lat' dir='ltr'><strong>esse</strong></span> <span class='ocrx_word' id='word_1_698' title='bbox 2411 4237 2656 4306; x_wconf 88' lang='lat' dir='ltr'><strong>oportet.</strong></span> <span class='ocrx_word' id='word_1_699' title='bbox 2691 4233 2832 4289; x_wconf 91' lang='lat' dir='ltr'><strong>Inde</strong></span> <span class='ocrx_word' id='word_1_700' title='bbox 2856 4232 2914 4287; x_wconf 92' lang='lat' dir='ltr'><strong>in</strong></span> <span class='ocrx_word' id='word_1_701' title='bbox 2943 4232 3256 4302; x_wconf 87' lang='lat' dir='ltr'><strong>semetipso</strong></span> <span class='ocrx_word' id='word_1_702' title='bbox 3280 4230 3537 4285; x_wconf 90' lang='lat' dir='ltr'><strong>nominis</strong></span> <span class='ocrx_word' id='word_1_703' title='bbox 3558 4223 3850 4294; x_wconf 83' lang='lat' dir='ltr'><strong>suidignita-</strong></span> 
     </span>
    </p>
   </div>
   <div class='ocr_carea' id='block_1_99' title="bbox 2265 4317 3849 4394">
    <p class='ocr_par' dir='ltr' id='par_1_99' title="bbox 2265 4317 3849 4394">
     <span class='ocr_line' id='line_1_99' title="bbox 2265 4317 3849 4394; baseline -0.009 -11"><span class='ocrx_word' id='word_1_704' title='bbox 2265 4336 2381 4384; x_wconf 89' lang='lat' dir='ltr'><strong>tem</strong></span> <span class='ocrx_word' id='word_1_705' title='bbox 2413 4327 2702 4383; x_wconf 83' lang='lat' dir='ltr'><strong>custodire</strong></span> <span class='ocrx_word' id='word_1_706' title='bbox 2750 4327 2918 4382; x_wconf 88' lang='lat' dir='ltr'><strong>debet</strong></span> <span class='ocrx_word' id='word_1_707' title='bbox 2950 4343 2963 4380; x_wconf 91' lang='lat'><strong>:</strong></span> <span class='ocrx_word' id='word_1_708' title='bbox 2998 4342 3209 4380; x_wconf 83' lang='lat' dir='ltr'><strong>nomen</strong></span> <span class='ocrx_word' id='word_1_709' title='bbox 3258 4325 3415 4380; x_wconf 88' lang='lat' dir='ltr'><strong>enim</strong></span> <span class='ocrx_word' id='word_1_710' title='bbox 3459 4325 3608 4394; x_wconf 88' lang='lat' dir='ltr'><strong>regis</strong></span> <span class='ocrx_word' id='word_1_711' title='bbox 3645 4317 3849 4374; x_wconf 68' lang='lat' dir='ltr'><strong>intellec-</strong></span> 
     </span>
    </p>
   </div>
   <div class='ocr_carea' id='block_1_100' title="bbox 2258 4408 3851 4490">
    <p class='ocr_par' dir='ltr' id='par_1_100' title="bbox 2258 4408 3851 4490">
     <span class='ocr_line' id='line_1_100' title="bbox 2258 4408 3851 4490; baseline -0.011 -13"><span class='ocrx_word' id='word_1_712' title='bbox 2258 4424 2492 4478; x_wconf 88' lang='lat' dir='ltr'><strong>tualiter</strong></span> <span class='ocrx_word' id='word_1_713' title='bbox 2523 4422 2630 4476; x_wconf 92' lang='lat' dir='ltr'><strong>hoc</strong></span> <span class='ocrx_word' id='word_1_714' title='bbox 2679 4420 2906 4489; x_wconf 87' lang='lat' dir='ltr'><strong>retinet,</strong></span> <span class='ocrx_word' id='word_1_715' title='bbox 2939 4426 3000 4472; x_wconf 92' lang='lat' dir='ltr'><strong>ut</strong></span> <span class='ocrx_word' id='word_1_716' title='bbox 3049 4419 3318 4490; x_wconf 86' lang='lat' dir='ltr'><strong>subjectis</strong></span> <span class='ocrx_word' id='word_1_717' title='bbox 3366 4418 3637 4473; x_wconf 89' lang='lat' dir='ltr'><strong>omnibus</strong></span> <span class='ocrx_word' id='word_1_718' title='bbox 3666 4408 3851 4468; x_wconf 77' lang='lat' dir='ltr'><strong>rectoris</strong></span> 
     </span>
    </p>
   </div>
   <div class='ocr_carea' id='block_1_101' title="bbox 2183 4506 3845 4589">
    <p class='ocr_par' dir='ltr' id='par_1_101' title="bbox 2183 4506 3845 4589">
     <span class='ocr_line' id='line_1_101' title="bbox 2183 4506 3845 4589; baseline -0.01 -15"><span class='ocrx_word' id='word_1_719' title='bbox 2183 4515 2518 4589; x_wconf 78' lang='lat' dir='ltr'><strong>Dofﬂcinm</strong></span> <span class='ocrx_word' id='word_1_720' title='bbox 2582 4521 2868 4587; x_wconf 88' lang='lat' dir='ltr'><strong>procuret.</strong></span> <span class='ocrx_word' id='word_1_721' title='bbox 2917 4514 3028 4570; x_wconf 92' lang='lat' dir='ltr'><strong>Sed</strong></span> <span class='ocrx_word' id='word_1_722' title='bbox 3089 4514 3334 4586; x_wconf 82' lang='lat' dir='ltr'><strong>qualiter</strong></span> <span class='ocrx_word' id='word_1_723' title='bbox 3398 4513 3542 4566; x_wconf 87' lang='lat' dir='ltr'><strong>alios</strong></span> <span class='ocrx_word' id='word_1_724' title='bbox 3602 4506 3845 4574; x_wconf 65' lang='lat' dir='ltr'><strong>corrigere</strong></span> 
     </span>
    </p>
   </div>
   <div class='ocr_carea' id='block_1_102' title="bbox 2263 4597 3846 4685">
    <p class='ocr_par' dir='ltr' id='par_1_102' title="bbox 2263 4597 3846 4685">
     <span class='ocr_line' id='line_1_102' title="bbox 2263 4597 3846 4685; baseline -0.005 -19"><span class='ocrx_word' id='word_1_725' title='bbox 2263 4611 2495 4685; x_wconf 89' lang='lat' dir='ltr'><strong>poterit,</strong></span> <span class='ocrx_word' id='word_1_726' title='bbox 2549 4609 2645 4682; x_wconf 85' lang='lat' dir='ltr'><strong>qui</strong></span> <span class='ocrx_word' id='word_1_727' title='bbox 2695 4609 2952 4681; x_wconf 87' lang='lat' dir='ltr'><strong>proprios</strong></span> <span class='ocrx_word' id='word_1_728' title='bbox 3000 4624 3206 4676; x_wconf 85' lang='lat' dir='ltr'><strong>mores,</strong></span> <span class='ocrx_word' id='word_1_729' title='bbox 3267 4624 3338 4661; x_wconf 93' lang='lat' dir='ltr'><strong>ne</strong></span> <span class='ocrx_word' id='word_1_730' title='bbox 3383 4605 3564 4678; x_wconf 90' lang='lat' dir='ltr'><strong>iniqui</strong></span> <span class='ocrx_word' id='word_1_731' title='bbox 3613 4604 3710 4673; x_wconf 81' lang='lat' dir='ltr'><strong>(3t)</strong></span> <span class='ocrx_word' id='word_1_732' title='bbox 3747 4597 3846 4658; x_wconf 56' lang='lat' dir='ltr'><strong>sint.</strong></span> 
     </span>
    </p>
   </div>
   <div class='ocr_carea' id='block_1_103' title="bbox 2278 4694 3852 4776">
    <p class='ocr_par' dir='ltr' id='par_1_103' title="bbox 2278 4694 3852 4776">
     <span class='ocr_line' id='line_1_103' title="bbox 2278 4694 3852 4776; baseline -0.013 -16"><span class='ocrx_word' id='word_1_733' title='bbox 2278 4724 2390 4760; x_wconf 91' lang='lat' dir='ltr'><strong>non</strong></span> <span class='ocrx_word' id='word_1_734' title='bbox 2435 4704 2716 4776; x_wconf 88' lang='lat' dir='ltr'><strong>corrigit?</strong></span> <span class='ocrx_word' id='word_1_735' title='bbox 2745 4703 3018 4775; x_wconf 86' lang='lat' dir='ltr'><strong>quoniam</strong></span> <span class='ocrx_word' id='word_1_736' title='bbox 3063 4701 3122 4756; x_wconf 91' lang='lat' dir='ltr'><strong>iu</strong></span> <span class='ocrx_word' id='word_1_737' title='bbox 3160 4701 3384 4771; x_wconf 79' lang='lat' dir='ltr'><strong>justitia</strong></span> <span class='ocrx_word' id='word_1_738' title='bbox 3431 4701 3578 4770; x_wconf 82' lang='lat' dir='ltr'><strong>regis</strong></span> <span class='ocrx_word' id='word_1_739' title='bbox 3623 4694 3852 4749; x_wconf 77' lang='lat' dir='ltr'><strong>exaltatur</strong></span> 
     </span>
    </p>
   </div>
   <div class='ocr_carea' id='block_1_104' title="bbox 2275 4783 3852 4867">
    <p class='ocr_par' dir='ltr' id='par_1_104' title="bbox 2275 4783 3852 4867">
     <span class='ocr_line' id='line_1_104' title="bbox 2275 4783 3852 4867; baseline -0.013 -13"><span class='ocrx_word' id='word_1_740' title='bbox 2275 4792 2504 4864; x_wconf 32' lang='lat' dir='ltr'><strong>s&#39;olium,</strong></span> <span class='ocrx_word' id='word_1_741' title='bbox 2536 4797 2678 4854; x_wconf 89' lang='lat' dir='ltr'><strong>etin</strong></span> <span class='ocrx_word' id='word_1_742' title='bbox 2705 4797 2938 4851; x_wconf 82' lang='lat' dir='ltr'><strong>veritate</strong></span> <span class='ocrx_word' id='word_1_743' title='bbox 2974 4795 3122 4867; x_wconf 83' lang='lat' dir='ltr'><strong>regis</strong></span> <span class='ocrx_word' id='word_1_744' title='bbox 3163 4794 3485 4849; x_wconf 87' lang='lat' dir='ltr'><strong>solidantur</strong></span> <span class='ocrx_word' id='word_1_745' title='bbox 3515 4783 3852 4862; x_wconf 81' lang='lat' dir='ltr'><strong>gubernacula</strong></span> 
     </span>
    </p>
   </div>
   <div class='ocr_carea' id='block_1_105' title="bbox 2277 4876 3850 4968">
    <p class='ocr_par' dir='ltr' id='par_1_105' title="bbox 2277 4876 3850 4968">
     <span class='ocr_line' id='line_1_105' title="bbox 2277 4876 3850 4968; baseline -0.011 -18"><span class='ocrx_word' id='word_1_746' title='bbox 2277 4895 2638 4968; x_wconf 88' lang='lat' dir='ltr'><strong>populorum.</strong></span> <span class='ocrx_word' id='word_1_747' title='bbox 2678 4890 2900 4948; x_wconf 83' lang='lat' dir='ltr'><strong>Justitia</strong></span> <span class='ocrx_word' id='word_1_748' title='bbox 2957 4907 3088 4943; x_wconf 88' lang='lat' dir='ltr'><strong>vero</strong></span> <span class='ocrx_word' id='word_1_749' title='bbox 3132 4889 3284 4960; x_wconf 88' lang='lat' dir='ltr'><strong>regis</strong></span> <span class='ocrx_word' id='word_1_750' title='bbox 3341 4890 3432 4941; x_wconf 89' lang='lat' dir='ltr'><strong>est</strong></span> <span class='ocrx_word' id='word_1_751' title='bbox 3481 4884 3750 4940; x_wconf 87' lang='lat' dir='ltr'><strong>nemiuem</strong></span> <span class='ocrx_word' id='word_1_752' title='bbox 3785 4876 3850 4928; x_wconf 75' lang='lat' dir='ltr'><strong>in~</strong></span> 
     </span>
    </p>
   </div>
   <div class='ocr_carea' id='block_1_106' title="bbox 2278 4973 3852 5054">
    <p class='ocr_par' dir='ltr' id='par_1_106' title="bbox 2278 4973 3852 5054">
     <span class='ocr_line' id='line_1_106' title="bbox 2278 4973 3852 5054; baseline -0.011 -18"><span class='ocrx_word' id='word_1_753' title='bbox 2278 5001 2344 5038; x_wconf 88' lang='lat' dir='ltr'><strong>us</strong></span> <span class='ocrx_word' id='word_1_754' title='bbox 2361 4989 2419 5039; x_wconf 93' lang='lat' dir='ltr'><strong>te</strong></span> <span class='ocrx_word' id='word_1_755' title='bbox 2450 4999 2552 5054; x_wconf 91' lang='lat' dir='ltr'><strong>per</strong></span> <span class='ocrx_word' id='word_1_756' title='bbox 2598 4980 2916 5052; x_wconf 87' lang='lat' dir='ltr'><strong>potentiam</strong></span> <span class='ocrx_word' id='word_1_757' title='bbox 2943 4975 3136 5051; x_wconf 84' lang='lat'><strong>878</strong></span> <span class='ocrx_word' id='word_1_758' title='bbox 3168 4975 3516 5048; x_wconf 78' lang='lat' dir='ltr'><strong>opprimere,</strong></span> <span class='ocrx_word' id='word_1_759' title='bbox 3545 4973 3661 5026; x_wconf 89' lang='lat' dir='ltr'><strong>sine</strong></span> <span class='ocrx_word' id='word_1_760' title='bbox 3696 4981 3852 5040; x_wconf 88' lang='lat' dir='ltr'><strong>perso-</strong></span> 
     </span>
    </p>
   </div>
   <div class='ocr_carea' id='block_1_107' title="bbox 2277 5069 3856 5146">
    <p class='ocr_par' dir='ltr' id='par_1_107' title="bbox 2277 5069 3856 5146">
     <span class='ocr_line' id='line_1_107' title="bbox 2277 5069 3856 5146; baseline -0.016 -13"><span class='ocrx_word' id='word_1_761' title='bbox 2277 5093 2482 5133; x_wconf 88' lang='lat' dir='ltr'><strong>narum</strong></span> <span class='ocrx_word' id='word_1_762' title='bbox 2521 5074 2850 5146; x_wconf 89' lang='lat' dir='ltr'><strong>acceptione</strong></span> <span class='ocrx_word' id='word_1_763' title='bbox 2889 5073 3037 5126; x_wconf 91' lang='lat' dir='ltr'><strong>inter</strong></span> <span class='ocrx_word' id='word_1_764' title='bbox 3064 5073 3246 5125; x_wconf 91' lang='lat' dir='ltr'><strong>virum</strong></span> <span class='ocrx_word' id='word_1_765' title='bbox 3278 5076 3334 5125; x_wconf 90' lang='lat' dir='ltr'><strong>et</strong></span> <span class='ocrx_word' id='word_1_766' title='bbox 3371 5069 3684 5140; x_wconf 84' lang='lat' dir='ltr'><strong>proximum</strong></span> <span class='ocrx_word' id='word_1_767' title='bbox 3722 5070 3856 5113; x_wconf 87' lang='lat' dir='ltr'><strong>suum</strong></span> 
     </span>
    </p>
   </div>
   <div class='ocr_carea' id='block_1_108' title="bbox 2271 5151 3858 5244">
    <p class='ocr_par' dir='ltr' id='par_1_108' title="bbox 2271 5151 3858 5244">
     <span class='ocr_line' id='line_1_108' title="bbox 2271 5151 3858 5244; baseline -0.016 -17"><span class='ocrx_word' id='word_1_768' title='bbox 2271 5174 2424 5244; x_wconf 89' lang='lat' dir='ltr'><strong>jnste</strong></span> <span class='ocrx_word' id='word_1_769' title='bbox 2447 5170 2728 5242; x_wconf 86' lang='lat' dir='ltr'><strong>judicare,</strong></span> <span class='ocrx_word' id='word_1_770' title='bbox 2756 5167 2987 5222; x_wconf 82' lang='lat' dir='ltr'><strong>advenis</strong></span> <span class='ocrx_word' id='word_1_771' title='bbox 3029 5171 3088 5218; x_wconf 91' lang='lat' dir='ltr'><strong>et</strong></span> <span class='ocrx_word' id='word_1_772' title='bbox 3126 5164 3353 5237; x_wconf 85' lang='lat' dir='ltr'><strong>pupillis</strong></span> <span class='ocrx_word' id='word_1_773' title='bbox 3395 5166 3454 5216; x_wconf 91' lang='lat' dir='ltr'><strong>et</strong></span> <span class='ocrx_word' id='word_1_774' title='bbox 3497 5159 3670 5215; x_wconf 78' lang='lat' dir='ltr'><strong>viduis</strong></span> <span class='ocrx_word' id='word_1_775' title='bbox 3707 5151 3858 5244; x_wconf 76' lang='lat' dir='ltr'><strong>deleu-</strong></span> 
     </span>
    </p>
   </div>
   <div class='ocr_carea' id='block_1_109' title="bbox 2277 5240 3857 5330">
    <p class='ocr_par' dir='ltr' id='par_1_109' title="bbox 2277 5240 3857 5330">
     <span class='ocr_line' id='line_1_109' title="bbox 2277 5240 3857 5330; baseline -0.016 -11"><span class='ocrx_word' id='word_1_776' title='bbox 2277 5281 2460 5319; x_wconf 82' lang='lat' dir='ltr'><strong>snrem</strong></span> <span class='ocrx_word' id='word_1_777' title='bbox 2515 5280 2658 5330; x_wconf 88' lang='lat' dir='ltr'><strong>esse,</strong></span> <span class='ocrx_word' id='word_1_778' title='bbox 2706 5263 2860 5316; x_wconf 83' lang='lat' dir='ltr'><strong>furta</strong></span> <span class='ocrx_word' id='word_1_779' title='bbox 2905 5259 3193 5326; x_wconf 87' lang='lat' dir='ltr'><strong>cohibere,</strong></span> <span class='ocrx_word' id='word_1_780' title='bbox 3224 5256 3505 5313; x_wconf 88' lang='lat' dir='ltr'><strong>adulteria</strong></span> <span class='ocrx_word' id='word_1_781' title='bbox 3553 5252 3754 5325; x_wconf 77' lang='lat' dir='ltr'><strong>punire,</strong></span> <span class='ocrx_word' id='word_1_782' title='bbox 3779 5240 3857 5297; x_wconf 86' lang='lat' dir='ltr'><strong>ini-</strong></span> 
     </span>
    </p>
   </div>
   <div class='ocr_carea' id='block_1_110' title="bbox 2278 5346 3858 5432">
    <p class='ocr_par' dir='ltr' id='par_1_110' title="bbox 2278 5346 3858 5432">
     <span class='ocr_line' id='line_1_110' title="bbox 2278 5346 3858 5432; baseline -0.013 -20"><span class='ocrx_word' id='word_1_783' title='bbox 2278 5377 2416 5432; x_wconf 84' lang='lat' dir='ltr'><strong>quos</strong></span> <span class='ocrx_word' id='word_1_784' title='bbox 2471 5375 2583 5412; x_wconf 89' lang='lat' dir='ltr'><strong>non</strong></span> <span class='ocrx_word' id='word_1_785' title='bbox 2637 5356 2884 5410; x_wconf 82' lang='lat' dir='ltr'><strong>exaltare</strong></span> <span class='ocrx_word' id='word_1_786' title='bbox 2911 5396 2924 5420; x_wconf 95' lang='lat'><strong>,</strong></span> <span class='ocrx_word' id='word_1_787' title='bbox 2982 5351 3300 5423; x_wconf 86' lang='lat' dir='ltr'><strong>impudicos</strong></span> <span class='ocrx_word' id='word_1_788' title='bbox 3342 5356 3399 5404; x_wconf 93' lang='lat' dir='ltr'><strong>et</strong></span> <span class='ocrx_word' id='word_1_789' title='bbox 3440 5346 3729 5404; x_wconf 88' lang='lat' dir='ltr'><strong>histriones</strong></span> <span class='ocrx_word' id='word_1_790' title='bbox 3770 5351 3858 5392; x_wconf 80' lang='lat' dir='ltr'><strong>non</strong></span> 
     </span>
    </p>
   </div>
   <div class='ocr_carea' id='block_1_111' title="bbox 2279 5435 3861 5522">
    <p class='ocr_par' dir='ltr' id='par_1_111' title="bbox 2279 5435 3861 5522">
     <span class='ocr_line' id='line_1_111' title="bbox 2279 5435 3861 5522; baseline -0.018 -12"><span class='ocrx_word' id='word_1_791' title='bbox 2279 5454 2520 5520; x_wconf 88' lang='lat' dir='ltr'><strong>nutrire,</strong></span> <span class='ocrx_word' id='word_1_792' title='bbox 2579 5449 2790 5522; x_wconf 91' lang='lat' dir='ltr'><strong>impios</strong></span> <span class='ocrx_word' id='word_1_793' title='bbox 2845 5447 2915 5502; x_wconf 88' lang='lat' dir='ltr'><strong>de</strong></span> <span class='ocrx_word' id='word_1_794' title='bbox 2967 5451 3120 5502; x_wconf 83' lang='lat' dir='ltr'><strong>terra</strong></span> <span class='ocrx_word' id='word_1_795' title='bbox 3174 5443 3434 5516; x_wconf 86' lang='lat' dir='ltr'><strong>perdere,</strong></span> <span class='ocrx_word' id='word_1_796' title='bbox 3490 5435 3775 5513; x_wconf 86' lang='lat' dir='ltr'><strong>parricidas</strong></span> <span class='ocrx_word' id='word_1_797' title='bbox 3816 5435 3861 5482; x_wconf 84' lang='lat' dir='ltr'><strong>et</strong></span> 
     </span>
    </p>
   </div>
   <div class='ocr_carea' id='block_1_112' title="bbox 1876 5638 2607 5724">
    <p class='ocr_par' dir='ltr' id='par_1_112' title="bbox 1876 5638 2607 5724">
     <span class='ocr_line' id='line_1_112' title="bbox 1876 5638 2607 5724; baseline -0.012 -18"><span class='ocrx_word' id='word_1_798' title='bbox 1876 5641 2102 5724; x_wconf 89' lang='lat' dir='ltr'><strong>Steph.</strong></span> <span class='ocrx_word' id='word_1_799' title='bbox 2139 5638 2381 5704; x_wconf 91' lang='lat' dir='ltr'><strong>Baluzii</strong></span> <span class='ocrx_word' id='word_1_800' title='bbox 2411 5641 2607 5700; x_wconf 76' lang='lat' dir='ltr'><strong>nota=~.</strong></span> 
     </span>
    </p>
   </div>
   <div class='ocr_carea' id='block_1_113' title="bbox 601 5787 2181 5858">
    <p class='ocr_par' dir='ltr' id='par_1_113' title="bbox 601 5787 2181 5858">
     <span class='ocr_line' id='line_1_113' title="bbox 601 5787 2181 5858; baseline -0.008 -11"><span class='ocrx_word' id='word_1_801' title='bbox 601 5796 698 5858; x_wconf 70' lang='lat'><strong>(29)</strong></span> <span class='ocrx_word' id='word_1_802' title='bbox 732 5793 969 5844; x_wconf 77' lang='lat' dir='ltr'><strong>Invicem.</strong></span> <span class='ocrx_word' id='word_1_803' title='bbox 1011 5793 1171 5845; x_wconf 85' lang='lat' dir='ltr'><strong>Hanc</strong></span> <span class='ocrx_word' id='word_1_804' title='bbox 1217 5806 1412 5848; x_wconf 84' lang='lat' dir='ltr'><strong>vocem</strong></span> <span class='ocrx_word' id='word_1_805' title='bbox 1459 5791 1648 5845; x_wconf 84' lang='lat' dir='ltr'><strong>addidi</strong></span> <span class='ocrx_word' id='word_1_806' title='bbox 1683 5803 1752 5842; x_wconf 80' lang='lat' dir='ltr'><strong>ex</strong></span> <span class='ocrx_word' id='word_1_807' title='bbox 1793 5787 2011 5839; x_wconf 90' lang='lat' dir='ltr'><strong>duobus</strong></span> <span class='ocrx_word' id='word_1_808' title='bbox 2049 5800 2181 5836; x_wconf 85' lang='lat' dir='ltr'><strong>mss.</strong></span> 
     </span>
    </p>
   </div>
   <div class='ocr_carea' id='block_1_114' title="bbox 549 5868 1016 5934">
    <p class='ocr_par' dir='ltr' id='par_1_114' title="bbox 549 5868 1016 5934">
     <span class='ocr_line' id='line_1_114' title="bbox 549 5868 1016 5934; baseline -0.017 -12"><span class='ocrx_word' id='word_1_809' title='bbox 549 5868 761 5922; x_wconf 77' lang='lat' dir='ltr'><strong>Morsu.</strong></span> <span class='ocrx_word' id='word_1_810' title='bbox 790 5871 846 5921; x_wconf 88' lang='lat' dir='ltr'><strong>et</strong></span> <span class='ocrx_word' id='word_1_811' title='bbox 872 5868 1016 5934; x_wconf 81' lang='lat' dir='ltr'><strong>Aug.</strong></span> 
     </span>
    </p>
   </div>
   <div class='ocr_carea' id='block_1_115' title="bbox 2345 5774 3259 5841">
    <p class='ocr_par' dir='ltr' id='par_1_115' title="bbox 2345 5774 3259 5841">
     <span class='ocr_line' id='line_1_115' title="bbox 2345 5774 3259 5841; baseline -0.013 -9"><span class='ocrx_word' id='word_1_812' title='bbox 2345 5783 2446 5841; x_wconf 76' lang='lat'><strong>(30)</strong></span> <span class='ocrx_word' id='word_1_813' title='bbox 2479 5781 2818 5828; x_wconf 69' lang='lat' dir='ltr'><strong>Praetereunt.</strong></span> <span class='ocrx_word' id='word_1_814' title='bbox 2846 5778 2989 5841; x_wconf 85' lang='lat' dir='ltr'><strong>Aug.</strong></span> <span class='ocrx_word' id='word_1_815' title='bbox 3016 5774 3259 5838; x_wconf 84' lang='lat' dir='ltr'><strong>perdunt.</strong></span> 
     </span>
    </p>
   </div>
   <div class='ocr_carea' id='block_1_116' title="bbox 2347 5845 3233 5917">
    <p class='ocr_par' dir='ltr' id='par_1_116' title="bbox 2347 5845 3233 5917">
     <span class='ocr_line' id='line_1_116' title="bbox 2347 5845 3233 5917; baseline -0.009 -14"><span class='ocrx_word' id='word_1_816' title='bbox 2347 5853 2448 5917; x_wconf 80' lang='lat' dir='ltr'><strong>(3t)</strong></span> <span class='ocrx_word' id='word_1_817' title='bbox 2479 5852 2555 5904; x_wconf 74' lang='lat' dir='ltr'><strong>Ne</strong></span> <span class='ocrx_word' id='word_1_818' title='bbox 2578 5850 2772 5916; x_wconf 78' lang='lat' dir='ltr'><strong>iniqui.</strong></span> <span class='ocrx_word' id='word_1_819' title='bbox 2795 5850 2937 5915; x_wconf 80' lang='lat' dir='ltr'><strong>Aug.</strong></span> <span class='ocrx_word' id='word_1_820' title='bbox 2971 5847 3019 5899; x_wconf 76' lang='lat' dir='ltr'><strong>si</strong></span> <span class='ocrx_word' id='word_1_821' title='bbox 3043 5845 3233 5912; x_wconf 83' lang='lat' dir='ltr'><strong>iniqui.</strong></span> 
     </span>
    </p>
   </div>
  </div>
