4032 6180
195 233 299 295 957
1334 234 1421 293 DE
1451 237 1543 294 XII
1582 237 2025 298 ABUSIONIBUS
2073 237 2353 297 SzECULl.
3434 238 3536 303 958

170 363 494 436 pejerantes
534 357 720 416 vivere
756 378 869 415 non
908 359 1116 427 sinere,
1168 360 1425 415 ecclesias
1464 362 1791 435 defendere,
1821 375 1876 449 Α
1900 380 2144 435 namque
2174 363 2245 418 ab
2283 363 2572 435 episcopo,
2605 364 2736 435 quid
2770 364 2853 420 sui
2884 365 3133 421 nominis
3163 363 3415 440 dignitas
3448 372 3526 423 tc-

170 474 451 530 pauperes
507 456 884 527 eleemosynis
934 456 1116 521 alere,
1167 456 1354 527 justos
1409 473 1579 529 super
1637 461 1800 529 regni
1904 462 2055 523 neat,
2090 459 2435 529 inquiratur,
2478 459 2771 528 quodiam,
2815 476 2942 514 cum
2985 462 3276 532 episcopus
3322 480 3534 519 nomen

168 553 411 623 negotia
452 554 818 620 constituere,
866 568 1028 606 senes
1066 553 1123 605 et
1165 553 1449 623 sapientes
1494 558 1551 606 et
1582 553 1802 608 sobrios
1900 553 2159 608 Graecum
2204 554 2292 619 sit,
2341 553 2657 623 speculator
2695 553 3118 624 interpretatur.
3170 558 3356 621 Quare
3402 574 3535 611 vero

168 647 531 702 consiliarios
558 648 787 715 habere,
819 646 1479 717 magorum,ariolornm,
1512 648 1802 718 pythonis-

167 757 475 813 summque
520 741 1015 813 superstitionibus
1061 758 1174 795 non
1220 741 1540 810 intendere,
1575 740 1797 796 iracun-

167 834 322 889 diam
353 836 605 903 diﬂ'erre,
626 836 868 906 patriam
894 835 1122 890 fortiter
1145 838 1199 889 et
1219 836 1370 906 juste
1391 838 1586 889 contra
1606 836 1800 889 adver-

167 931 341 984 sarios
403 930 742 997 defendere,
796 947 899 1001 per
962 929 1151 983 omnia
1204 930 1263 983 in
1314 931 1425 985 Deo
1477 928 1796 996 conﬁdere,

164 1023 639 1095 prosperitatibus
681 1024 933 1077 animum
980 1040 1091 1078 non
1144 1024 1365 1078 elevare
1413 1023 1548 1094 (32),
1594 1026 1799 1077 cuncta

165 1118 405 1173 adversa
450 1118 737 1190 patienter
788 1117 1054 1185 tolerare,
1110 1117 1279 1171 ﬁdem
1336 1118 1677 1172 catholicam
1739 1118 1796 1171 in

162 1214 347 1268 Deum
380 1212 610 1279 habere,
643 1211 792 1266 filios
829 1228 957 1265 suos
1004 1227 1116 1265 non
1165 1212 1346 1266 sinere
1388 1212 1561 1283 impie
1602 1228 1791 1282 agere,

162 1305 331 1360 certis
376 1306 533 1361 horis
579 1306 930 1361 orationibus
978 1306 1257 1374 insistere,
1290 1309 1421 1360 ante
1460 1306 1630 1359 horas
1667 1322 1797 1359 con-

162 1416 337 1471 gruas
384 1401 577 1455 cibum
625 1417 743 1454 non
798 1402 1047 1470 gustare.
1100 1402 1194 1455 Vae
1245 1404 1384 1454 enim
1437 1405 1592 1454 terrze
1640 1401 1795 1463 cuius

160 1511 261 1549 rem
301 1510 440 1565 puer
508 1500 615 1561 est,
660 1500 709 1549 et
760 1493 910 1562 cujus
969 1496 1242 1564 principes
1294 1510 1447 1549 mane
1512 1494 1796 1548 comedunt

167 1590 385 1655 (Eccle,
406 1605 455 1654 x,
490 1588 596 1659 tO).
620 1589 745 1642 Huic
776 1587 937 1658 regni
966 1589 1403 1658 prosperitatem
1441 1586 1497 1641 in
1527 1587 1793 1658 pi'trsenti

163 1683 419 1749 faciunt,
483 1687 539 1736 et
598 1698 795 1753 regem
864 1682 932 1735 ad
992 1682 1237 1736 coelestia
1310 1698 1490 1752 regna
1556 1681 1793 1735 meliora

1901 648 2221 718 speculator
2249 646 2503 718 ponitur,
2531 654 2589 700 et
2609 647 2743 718 quid
2769 664 2802 700 a
2828 649 3175 718 speculatore
3201 651 3529 722 requiritur,

1900 740 2171 795 Dominus
2213 741 2329 811 ipse
2376 740 2650 807 denudat,
2706 757 2834 795 cum
2886 741 2986 795 sub
3039 743 3345 797 Ezechielis
3399 761 3529 815 pro-

1896 835 2083 905 phetas
2132 852 2390 907 persona,
2443 835 2709 906 episcopo
2758 835 2927 889 oflicii
2972 836 3059 888 sui
3113 837 3391 891 rationem
3439 839 3537 891 dc-

1898 930 2142 996 nuntiat,
2178 931 2255 984 ita
2302 930 2561 1000 inquiens
2602 948 2614 983 :
2656 930 3055 999 Speculutorcm
3088 930 3217 983 dedi
3258 936 3305 984 te
3346 931 3537 987 domui

1896 1026 2085 1078 Israel.
2122 1025 2362 1079 Audiens
2401 1039 2523 1091 ergo
2569 1040 2633 1078 ex
2674 1037 2762 1078 ore
2805 1039 2915 1077 meo
2957 1039 3270 1086 sermonem,
3316 1027 3533 1078 nuutia-

1895 1119 1973 1173 bis
2004 1121 2078 1173 eis
2111 1135 2177 1174 ea:
2218 1134 2319 1172 me.
2369 1121 2430 1175 Si
2460 1123 2642 1172 autem
2681 1118 2883 1172 videris
2926 1117 3173 1184 gladium
3211 1120 3534 1178 venientem.

1894 1218 1943 1267 et
1982 1218 2040 1266 tu
2085 1229 2188 1267 non
2228 1214 2640 1267 annuntiaveris
2678 1216 2738 1267 ut
2787 1216 3093 1266 revertatur
3135 1214 3334 1281 impius
3368 1228 3405 1265 α
3447 1214 3538 1266 via

1892 1322 2017 1370 sua,
2058 1310 2170 1377 ipse
2209 1308 2427 1377 quidem
2459 1309 2659 1375 impius
2691 1308 2751 1359 in
2790 1308 3083 1375 iniquitate
3122 1321 3223 1360 sua
3252 1307 3535 1368 moriatur,

1893 1405 2211 1470 sanguinem
2260 1406 2440 1455 autem
2477 1401 2591 1467 ejus
2644 1400 2709 1454 de
2759 1415 2926 1453 manu
2979 1404 3076 1453 tua
3120 1401 3418 1468 requiram.
3476 1402 3541 1458 Si

1893 1502 2071 1550 autem
2109 1506 2167 1550 tu
2210 1496 2645 1556 annuntiaveris,
2690 1499 2741 1547 et
2780 1494 2871 1547 ille
2908 1508 3013 1546 non
3045 1493 3218 1558 fuerit
3264 1508 3529 1556 reversus,

1892 1592 2003 1659 ipse
2042 1589 2261 1659 quidem
2299 1592 2356 1642 in
2393 1590 2684 1657 iniquitate
2728 1602 2831 1641 sua
2875 1587 3155 1647 morietur,
3186 1586 3281 1640 sed
3320 1592 3380 1640 tu
3410 1589 3532 1641 ani-

1894 1699 2038 1738 mum
2090 1688 2236 1738 tuam
2286 1683 2531 1737 tibermti
2583 1680 2815 1752 (Bacch,
2872 1697 2963 1747 ιιι,
3016 1680 3121 1747 t7).
3171 1681 3341 1734 Decet
3394 1695 3532 1749 ergo

164 1776 515 1848 perducunt.
587 1774 691 1839 Qui
767 1792 901 1830 vero
976 1768 1222 1846 regnum
1295 1792 1408 1828 non
1485 1762 2248 1848 secundumBepiscopum,
2304 1776 2402 1847 qui
2459 1775 2718 1830 omnium
2778 1774 3097 1845 speculator
3148 1772 3361 1843 positus
3411 1778 3519 1838 est,

169 1870 323 1924 hanc
371 1870 561 1940 legem
621 1868 947 1942 diepensat,
1003 1869 1209 1922 multas
1276 1868 1550 1923 nimirum
1614 1868 1807 1923 adver-

166 1964 370 2017 sitates
422 1964 650 2035 imperii
700 1962 989 2018 tolerabit.
1041 1962 1253 2018 Idcirco
1298 1962 1450 2018 enim
1501 1979 1608 2033 pax
1653 1979 1803 2033 saepe

163 2057 515 2129 populorum
594 2057 922 2129 rumpitur,
984 2063 1038 2112 et
1096 2056 1432 2112 offendicula
1502 2056 1673 2111 etiam
1736 2056 1805 2110 de

162 2167 347 2222 regno
399 2151 765 2220 suscitantur,
797 2154 1085 2206 terrarum
1130 2167 1357 2223 quoque
1392 2151 1607 2206 fructus
1636 2149 1805 2204 dimi.

163 2250 445 2312 nuuntur,
506 2251 563 2300 et
635 2245 857 2300 servitia
932 2246 1274 2317 populorum
1347 2244 1801 2315 praepediuntur,

164 2339 336 2393 multi
360 2343 417 2393 et
446 2339 583 2392 varii
611 2338 833 2394 dolores
861 2340 1303 2410 prosperitatem
1338 2338 1497 2408 regni
1520 2337 1800 2406 inficiunt,

168 2434 478 2487 charorum
510 2438 565 2487 et
588 2432 899 2488 liberorum
923 2435 1135 2487 mortes
1162 2432 1450 2487 tristitiam
1479 2432 1800 2499 conferunt,

164 2528 427 2582 hostium
505 2527 765 2581 incursus
839 2527 1158 2597 provincias
1236 2527 1486 2598 undique
1559 2529 1799 2593 vastant,

172 2621 376 2675 bestiae
416 2626 808 2675 armentorum
832 2624 887 2675 et
916 2637 1185 2692 pecorum
1219 2636 1422 2691 greges
1450 2618 1761 2673 dilacerant
1785 2636 1798 2673 :

166 2719 540 2785 tempestates
593 2715 739 2769 aeris
790 2720 845 2769 et
898 2714 1109 2768 hiemis
1158 2719 1439 2768 terrarum
1492 2713 1802 2767 fecundita-

164 2814 287 2863 tem
350 2808 458 2878 (33)
505 2812 563 2863 et
615 2809 791 2863 maris
858 2807 1170 2862 ministeria
1223 2808 1547 2879 prohibent,
1601 2811 1656 2860 et
1705 2807 1803 2861 ali-

164 2903 401 2975 quando
440 2903 746 2957 fulminum
792 2903 935 2957 ictus
979 2907 1196 2972 segetes
1235 2905 1293 2955 et
1332 2900 1602 2955 arborum
1631 2901 1803 2955 tiores

165 3001 224 3053 et
251 2997 562 3069 pampinos
583 3002 849 3052 exurunt.
880 2996 1062 3067 Super
1082 2996 1274 3050 omnia
1298 3012 1427 3049 vero
1456 2995 1606 3065 regis
1629 2995 1804 3065 injus-

169 3092 317 3161 titia,
348 3108 464 3147 non
496 3093 677 3147 solum
708 3091 1006 3163 praesentis
1050 3090 1277 3161 imperii
1305 3089 1505 3143 faciem
1542 3088 1797 3157 otl‘uscat,

166 3192 266 3245 sed
282 3190 454 3245 etiam
473 3186 617 3241 filios
638 3202 769 3240 suos
787 3188 845 3239 et
875 3188 1130 3255 nepotes,
1151 3201 1225 3238 ne
1252 3189 1378 3255 post
1409 3200 1467 3236 se
1495 3182 1657 3253 regni
1693 3182 1803 3236 ha:-

165 3284 477 3339 reditatem
510 3285 752 3346 teneant,
778 3278 1057 3333 obscurat.
1077 3280 1313 3348 Pr0pter
1337 3277 1620 3347 piaculum
1646 3276 1801 3329 enim

168 3375 507 3442 Salomonis,
546 3389 789 3443 regnum
826 3372 1029 3427 domus
1071 3371 1237 3425 Israel
1277 3369 1546 3425 Dominus
1576 3369 1646 3423 de
1680 3386 1799 3422 ma-

167 3472 343 3527 nilius
374 3469 620 3524 ﬁliorum
662 3468 783 3538 ejus
816 3450 1103 3537 dispersit.
1148 3466 1215 3518 Et
1251 3470 1483 3536 propter
1516 3462 1800 3534 justitiam

169 3564 350 3619 David
396 3564 570 3633 regis,
614 3562 905 3615 lucernam
947 3560 1017 3613 de
1064 3558 1285 3613 semine
1326 3558 1449 3627 ejus
1489 3573 1715 3627 semper
1744 3556 1801 3609 in

166 3658 528 3715 Hierusalem
593 3655 828 3726 reliquit
888 3654 976 3724 (Ill
1041 3655 1191 3721 Reg.,
1253 3668 1335 3717 xx,
1391 3650 1604 3721 31-35).
1663 3651 1803 3703 Ecce

168 3755 451 3824 quantum
489 3749 708 3818 justitia
752 3748 903 3818 regis
948 3746 1155 3800 seculo
1202 3746 1405 3809 valeat,
1447 3743 1803 3798 intuentibus

166 3846 467 3918 perspicue
502 3846 668 3913 patet.
700 3842 794 3895 Est
821 3840 969 3895 enim
1002 3856 1108 3910 pax
1145 3839 1513 3909 p0pulorum,
1544 3838 1801 3890 tutamen

166 3939 398 4011 patriae,
462 3934 789 3990 immunitas
851 3933 1052 4005 plebis,
1112 3932 1537 3986 munimentum
1594 3930 1800 4000 gentis,

166 4050 308 4088 cura
376 4033 732 4101 languorum,
798 4028 1071 4097 gaudium
1131 4027 1449 4091 hominum,
1499 4024 1804 4094 temperies

167 4126 340 4193 aeris,
393 4124 663 4178 serenitas
705 4120 896 4186 maris,
948 4123 1114 4173 terrae
1156 4119 1496 4186 fecunditas,
1539 4116 1803 4171 solatium

170 4234 515 4291 pauperum,
546 4215 850 4271 hereditas
892 4213 1165 4279 filiorum,
1205 4215 1263 4265 et
1301 4211 1640 4280 sibimetipsi
1678 4227 1805 4280 spes

170 4316 388 4369 futurae
425 4309 816 4365 beatitudinis.
848 4310 1115 4361 Attamen
1156 4306 1295 4359 sciat
1332 4321 1427 4359 rex
1462 4304 1634 4375 quod,
1664 4304 1807 4356 sicut

172 4410 231 4461 in
260 4408 468 4460 throno
496 4404 796 4458 hominum
825 4402 1047 4473 primus
1069 4400 1407 4454 constitutus
1435 4400 1540 4465 est,
1563 4396 1641 4451 sic
1666 4402 1719 4450 et
1744 4396 1802 4450 in

1822 3134 1877 3207 C

1911 1876 2139 1942 peccata
2179 1870 2484 1941 diligenter
2514 1868 2832 1935 attendere,
2864 1872 2920 1922 et
2956 1870 3256 1939 postquam
3288 1866 3542 1920 attende-

1908 1968 2003 2033 rit,
2035 1984 2332 2035 sermone,
2369 1967 2412 2021 si
2442 1968 2694 2039 potuerit
2721 1973 2777 2021 et
2807 1973 2937 2021 actu
2983 1966 3271 2036 corrigere
3297 1982 3311 2028 ;
3337 1965 3385 2018 si
3424 1980 3541 2019 non

1906 2062 2177 2133 potuerit,
2200 2062 2364 2132 juxta
2390 2061 2695 2133 Evangelii
2720 2061 3004 2133 regulam,
3032 2060 3310 2114 scelerum
3337 2074 3539 2130 opera-

1905 2156 2021 2209 rios
2050 2155 2340 2209 declinare
2373 2171 2387 2209 :
2419 2157 2480 2212 Si
2516 2158 2677 2217 enim,
2716 2153 2903 2225 inquit
2935 2154 2995 2208 in
3024 2152 3328 2225 Evangelia
3358 2150 3542 2207 Domi-

1903 2266 2031 2316 nus,
2068 2246 2369 2319 peccauerit
2403 2251 2461 2303 in
2498 2255 2547 2303 te
2585 2251 2768 2316 frater
2802 2254 2947 2312 tuus,
2974 2250 3186 2318 corripe
3213 2247 3370 2301 illum
3397 2248 3541 2301 inter

1907 2350 1956 2397 te
1988 2348 2037 2398 et
2068 2346 2243 2414 ipsum
2280 2345 2472 2399 solum.
2510 2345 2571 2399 Si
2603 2350 2651 2397 te
2691 2343 2948 2404 audierit,
2990 2343 3236 2396 lucratus
3277 2342 3384 2394 eris
3412 2342 3539 2407 frao

1906 2444 2039 2491 trem
2073 2444 2224 2492 tuum
2258 2440 2348 2493 :si
2387 2444 2437 2491 te
2477 2453 2584 2492 non
2628 2437 2890 2499 audierit,
2933 2436 3127 2489 adhibe
3158 2440 3327 2489 tecum
3364 2434 3542 2488 adhuc

1904 2548 2071 2586 unum
2115 2532 2203 2587 vel
2244 2532 2379 2586 duos
2422 2536 2598 2593 testes,
2644 2536 2704 2585 ut
2751 2533 2807 2583 in
2851 2545 2940 2584 ore
2982 2529 3213 2585 duorum
3250 2529 3334 2584 vet
3376 2531 3543 2582 trium

1905 2628 2118 2681 testium
2155 2632 2258 2681 stet
2288 2642 2439 2681 omne
2478 2625 2697 2679 verbum
2736 2641 2753 2676 :
2785 2627 2832 2679 si
2858 2624 2980 2678 illos
3018 2639 3122 2677 non
3160 2623 3419 2690 audierit,
3456 2622 3543 2675 die

1901 2722 2147 2775 Ecclesia
2189 2739 2205 2773 :
2250 2722 2300 2774 si
2344 2720 2634 2775 Ecclesium
2674 2734 2781 2772 non
2827 2718 3082 2779 audierit,
3124 2718 3195 2770 sit
3240 2717 3343 2770 tibi
3387 2717 3540 2769 sicut

1902 2817 2145 2869 ethnicus
2188 2821 2238 2869 et
2273 2814 2603 2884 publicanus
2639 2813 2885 2883 (Matth.,
2930 2827 3083 2878 xvui,
3135 2809 3244 2879 14).
3277 2809 3398 2863 Tali
3447 2824 3539 2862 or-

1902 2908 2035 2963 dine
2080 2908 2457 2979 expellendus
2498 2914 2582 2962 est
2620 2906 2951 2978 quicunque
3001 2906 3218 2960 doctori
3264 2903 3354 2957 vel
3415 2901 3541 2973 epi-

1903 3019 2072 3073 scopo
2098 3002 2391 3056 adhaerere
2419 3000 2689 3055 noluerit.
2718 3002 2783 3056 Et
2810 3000 2909 3071 qui
2950 2998 3049 3053 tali
3092 2998 3293 3053 ordine
3337 2996 3540 3067 expul-

1902 3114 1995 3149 sus
2033 3096 2223 3161 fuerit,
2253 3095 2323 3149 ab
2354 3094 2464 3149 alio
2501 3094 2690 3165 aliquo
2732 3093 2960 3148 doctore
2998 3093 3083 3147 vel
3125 3092 3387 3163 episcOpo
3427 3106 3543 3145 non

1903 3190 2066 3245 debet
2096 3189 2289 3260 recipi.
2322 3189 2399 3243 De
2440 3188 2729 3242 sacerdote
2771 3204 3022 3258 namque
3062 3186 3336 3257 scriptum
3366 3188 3452 3239 est
3482 3184 3539 3238 in

1901 3285 2030 3354 lege
2062 3299 2075 3337 :
2110 3283 2349 3339 Viduam
2379 3287 2478 3336 aut
2506 3282 2856 3351 repudiatam
2898 3296 3005 3335 non
3044 3282 3278 3349 accipiat
3319 3294 3539 3332 umorem

1902 3379 2118 3447 (Leuit,
2165 3393 2274 3443 xxi,
2321 3376 2397 3444 7).
2444 3375 2550 3439 Qui
2599 3391 2736 3445 ergo
2771 3376 2932 3429 illum
2972 3373 3539 3428 excommunicatum

1902 3487 1935 3525 a
1964 3470 2263 3537 catholico,
2308 3470 2400 3524 illo
2445 3486 2558 3524 non
2605 3470 2998 3540 permittente,
3032 3467 3137 3522 sibi
3173 3467 3369 3537 jungit
3406 3466 3544 3536 jura

1902 3564 2209 3619 sacerdotii
2236 3564 2436 3633 sancti,
2485 3564 2542 3617 in
2583 3579 2695 3634 quo
2729 3562 2837 3633 (34)
2879 3562 3332 3617 Christianorum
3363 3576 3545 3632 genus

1904 3660 2145 3713 electum
2195 3664 2298 3726 est,
2350 3658 2589 3712 excedit.
2638 3659 2748 3711 Hac
2796 3656 3016 3710 ratione
3062 3655 3416 3725 episcopum,
3475 3653 3545 3707 ad

1903 3770 1997 3806 eos
2030 3752 2235 3823 quibus
2265 3752 2322 3805 in
2356 3752 2805 3821 speculationem
2837 3750 3050 3820 positus
3078 3752 3183 3813 est,
3221 3765 3345 3802 esse
3376 3764 3545 3818 opor-

1904 3848 2003 3898 tet.
2056 3845 2339 3897 Caeterum
2388 3858 2542 3907 vero,
2578 3840 2759 3910 qualis
2814 3840 2873 3893 in
2923 3839 3229 3908 semetipso
3284 3853 3405 3891 esse
3453 3838 3546 3890 de-

1903 3937 2052 4004 beat,
2117 3937 2319 3990 Paulus
2370 3934 2654 4005 apostolus
2707 3932 2944 4003 exponit
2999 3948 3012 3985 :
3065 3935 3126 3984 ut
3189 3931 3258 3985 ad
3307 3930 3547 4001 gradum

1904 4030 2154 4101 episcopi
2201 4029 2435 4083 veniens
2485 4027 2555 4080 sit
2592 4026 2829 4092 sobrius,
2881 4024 3149 4096 prudens,
3200 4031 3409 4091 castus,
3458 4040 3544 4077 sa-

1906 4125 2088 4195 piens,
2124 4123 2445 4186 modestus,
2490 4120 2803 4191 bospitalis,
2833 4120 2980 4175 ﬁlios
3024 4119 3245 4173 habens
3286 4118 3548 4172 subditos

1906 4234 2035 4271 cum
2076 4217 2235 4271 omni
2296 4215 2578 4283 castitate,
2625 4213 3026 4268 testimonium
3074 4214 3293 4267 habens
3332 4212 3546 4266 bonum

1905 4310 1975 4365 ab
2008 4310 2094 4363 his
2145 4310 2250 4380 qui
2294 4309 2433 4363 foris
2475 4313 2626 4377 sunt,
2668 4309 2958 4379 proferens
3008 4307 3288 4361 doctrina“:
3321 4306 3548 4360 ﬁdelem

1906 4419 2265 4471 sermonem;
2314 4404 2621 4473 antequam
2676 4402 2969 4472 episcopus
3014 4401 3113 4467 sit,
3168 4418 3283 4454 non
3336 4401 3527 4470 plures

188 4500 396 4572 pomis,
428 4499 473 4552 si
506 4497 785 4568 justitiam
832 4512 947 4549 non
983 4493 1202 4560 fecerit,
1248 4494 1551 4563 primatum
1592 4490 1816 4545 habitu-
1842 4500 1900 4571 Ι)
1925 4497 2140 4551 habens
2180 4513 2388 4551 uxores
2432 4512 2605 4566 quam
2648 4512 2858 4563 unam;
2903 4512 3014 4549 non
3063 4510 3377 4564 percursor,
3432 4508 3545 4545 non

170 4612 272 4651 rus
319 4597 420 4648 est.
478 4592 689 4646 Omnes
731 4605 979 4659 namque
1038 4603 1404 4659 quoscunque
1478 4587 1802 4655 peccatores

170 4689 279 4744 sub
310 4704 369 4741 se
402 4687 458 4739 in
494 4684 758 4756 przesenti
802 4682 1020 4748 habuit,
1052 4698 1219 4752 supra
1249 4697 1305 4735 se
1339 4679 1507 4733 modo
1541 4679 1813 4749 implaca-

167 4782 275 4838 bili
307 4781 365 4834 in
396 4780 487 4835 illa
516 4794 682 4850 poena
712 4777 903 4831 futura
932 4775 1188 4829 habebit.

710 4883 902 4957 379
942 4884 1163 4940 CAPUT
1202 4884 1264 4936 x.

249 4976 515 5033 Decimus
565 4973 777 5045 gradus
821 4973 1111 5026 abusionis
1157 4976 1241 5025 est
1291 4970 1591 5041 episcopus
1642 4968 1817 5039 negli-

174 5089 355 5145 gens;
422 5070 520 5141 qni
586 5068 793 5139 gradus
862 5067 945 5119 sui
1009 5066 1285 5119 honorem
1357 5063 1507 5118 inter
1549 5064 1815 5117 homines

170 5164 442 5236 requirit,
478 5164 571 5217 sed
614 5159 916 5215 ministerii
948 5158 1032 5212 sui
1073 5157 1413 5229 dignitatem
1453 5172 1646 5210 coram
1680 5157 1813 5223 Deo,

171 5277 282 5333 pro
324 5274 435 5330 quo
466 5256 752 5327 legatione
789 5253 1068 5325 fungitur,
1101 5268 1216 5306 non
1253 5250 1518 5306 custodit.
1563 5249 1815 5304 Primum

1918 4590 2211 4660 bilinguis,
2244 4606 2359 4644 non
2389 4589 2661 4656 ebriosus,
2695 4604 2807 4641 non
2844 4588 3187 4658 neophytus,
3213 4593 3269 4640 ut
3300 4601 3401 4656 per
3430 4585 3551 4637 haec

1917 4686 2035 4755 ipse
2068 4684 2330 4739 ostendat
2356 4684 2413 4736 in
2441 4700 2635 4753 Opere,
2669 4680 2821 4751 quod
2847 4681 2988 4733 alios
3015 4681 3179 4733 docet
3202 4679 3256 4732 in
3286 4694 3548 4731 sermone

1917 4778 2190 4833 doctrina:
2220 4779 2261 4845 (l
2307 4779 2467 4837 Tim.,
2500 4793 2580 4837 ιιι,
2610 4777 2685 4845 2).
2714 4777 2963 4831 Caveant
3005 4789 3145 4843 ergo
3192 4771 3550 4841 negligentes

1918 4871 2167 4943 episcopi
2225 4870 2376 4942 quod
2419 4869 2475 4923 in
2526 4873 2781 4939 tempore
2825 4866 3091 4921 vindictae
3137 4866 3412 4920 Dominus
3453 4881 3552 4935 per

1918 4965 2258 5035 PrOphetam
2293 4962 2688 5033 conqueritur,
2724 4961 2922 5014 dicens
2954 4977 2967 5015 :
3001 4963 3247 5015 Pustores
3278 4961 3415 5013 muti
3441 4958 3551 5029 (35)

1917 5060 2160 5112 demoliti
2184 5063 2309 5111 sunt
2340 5057 2602 5126 populum
2633 5072 2830 5121 mcum,
2859 5060 2907 5108 et
2952 5070 3057 5108 non
3093 5054 3385 5123 pascebant
3425 5068 3539 5119 gre-

1916 5170 2031 5223 gem
2059 5168 2232 5205 meum
2256 5157 2517 5221 pastores,
2545 5150 2637 5203 ssd
2658 5148 2953 5218 pascebant
2978 5149 3279 5218 semetipsos
3310 5146 3546 5215 (Ezech.,

1918 5262 2114 5311 xxnv,
2172 5245 2268 5314 8),
2325 5243 2421 5298 sed
2464 5244 2677 5324 (potius
2730 5248 3033 5313 procurent
3096 5242 3154 5296 hi
3222 5257 3361 5312 quos
3425 5255 3555 5294 con-

1487 5378 1711 5460 Steph.
1756 5375 2005 5439 Baluzii
2046 5377 2244 5437 notas.

240 5536 339 5597 (32)
365 5534 611 5585 Animum
630 5544 738 5582 non
758 5531 975 5581 elevare.
1000 5547 1027 5575 «
1050 5530 1167 5580 Non
1184 5530 1389 5581 elevari
1407 5529 1642 5579 animo.»
1666 5528 1811 5590 Aug.

244 5608 347 5668 (33)
382 5608 663 5655 Terrarum
691 5602 1094 5663 fecunditatem,
1122 5605 1225 5652 etc.
1260 5601 1356 5651 Sic
1392 5600 1815 5651 emendavimus

175 5679 510 5728 auctoritate
539 5675 663 5724 cod.
692 5673 932 5725 Colbert.
968 5676 1019 5723 et
1049 5674 1189 5736 Aug.
1231 5671 1371 5721 Male
1395 5672 1453 5721 in
1478 5673 1618 5730 aliis,
1652 5687 1679 5715 α
1707 5674 1817 5719 tur-

175 5750 309 5798 bata
357 5760 539 5797 rerum
587 5744 945 5797 fmcunditate
981 5744 1167 5804 maris,
1204 5760 1232 5790 s
1281 5746 1384 5793 etc.
1436 5742 1618 5792 Habet
1666 5741 1817 5791 idem

176 5834 284 5874 ms.
316 5819 597 5872 serenitate
620 5816 835 5871 turbata
860 5820 987 5870 ante
1008 5821 1292 5869 terrarum.
1324 5813 1495 5867 Paulo
1523 5815 1665 5880 post,
1695 5812 1816 5879 lego

1915 5540 1983 5576 ex
2009 5523 2227 5574 duobus
2251 5533 2366 5571 mss
2417 5520 2644 5584 papinos
2680 5524 2933 5579 exurunt,
2978 5532 3076 5583 pro
3112 5531 3178 5568 eo
3215 5517 3365 5583 quod
3390 5522 3473 5567 est
3499 5518 3553 5566 in

1914 5597 2041 5647 edit.
2078 5596 2359 5659 pampinos
2388 5606 2623 5657 quosque
2646 5596 2897 5641 exurunt.

1977 5668 2072 5729 (3t)
2102 5668 2160 5715 In
2181 5679 2303 5731 quo,
2337 5663 2431 5715 Sic
2463 5663 2583 5713 cod.
2618 5662 2775 5726 Reg;
2804 5663 2939 5713 edit.
2970 5662 3129 5727 quod.

1977 5740 2072 5803 (35)
2097 5738 2241 5789 Mati.
2276 5736 2370 5787 Sic
2406 5735 2527 5786 cod.
2567 5735 2922 5785 Corbeieusis
2957 5732 3104 5798 apud
3136 5734 3277 5796 Aug.
3310 5731 3535 5783 citatus.

1916 5810 2139 5864 Habent
2165 5807 2320 5863 multi
2346 5806 2545 5862 Morel.
2575 5809 2629 5861 et
2658 5806 2887 5872 Pamel.,
2914 5806 3016 5856 moi
3039 5805 3180 5873 Aug.
