4012 6194
531 273 635 338 959

1136 273 1224 336 AD
1255 274 1475 335 OPERA
1514 272 1568 333 S.
1609 267 1922 333 CYPRIANI
1959 266 2258 331 GENUINA
2295 263 2581 328 APPEND.
2609 262 2682 324 II.
2725 293 2793 310 --
2831 259 3303 324 SUPPOSlTlTlA.
3727 263 3810 322 Μ

531 399 716 456 stituit
750 396 1016 457 Dominus
1060 414 1231 470 super
1269 397 1546 453 familiam
1582 411 1760 461 suam,
1794 392 1927 448 dare
1965 389 2158 466 880
2182 403 2237 478 Α
2261 403 2373 442 non
2411 387 2693 442 solvamus
2733 382 3046 456 quidquam
3079 381 3150 438 de
3191 377 3462 437 mandatis
3492 377 3711 448 Domini,
3742 387 3816 442 sed

529 495 640 550 illis
683 498 871 552 cibum
913 497 974 553 in
1016 500 1276 570 tempore
1313 513 1412 551 suo
1456 509 1783 550 mensuram
1825 492 2018 562 tritici,
2051 508 2157 562 pu-

532 603 654 644 ram
688 591 899 646 scilicet
937 596 995 646 et
1033 591 1328 662 probatam
1371 588 1711 656 doctrinam,
1752 592 2030 657 quatenus
2072 600 2162 638 ve-

531 685 725 739 niente
788 685 1028 741 Domino
1089 689 1420 740 mereantur
1473 681 1670 738 audire
1725 699 1738 736 :
1795 685 1960 750 Euge,
2016 693 2162 735 serve

534 778 667 834 bone
706 783 759 834 et
782 779 980 849 ﬁdelis,
1005 780 1136 848 quia
1170 793 1340 846 supra
1374 788 1552 846 pauca
1579 777 1743 842 fuisti
1767 775 1962 844 ﬁdelis,
1992 788 2158 842 supra

531 873 708 927 multa
756 879 805 929 te
844 875 1168 927 constituam
1208 887 1223 925 :
1258 873 1410 926 intra
1451 872 1508 924 in
1544 869 1804 940 gaudium
1840 867 2048 922 domini
2078 866 2163 920 tui

533 965 776 1040 (Matth.,
817 982 943 1034 xxv,
976 964 1088 1040 23).

1175 1074 1392 1130 CAPUT
1428 1073 1517 1128 XI.

607 1181 953 1240 Undecimus
989 1182 1278 1236 abusionis
1319 1180 1530 1252 gradus
1566 1183 1649 1233 est
1687 1176 1843 1249 plebs
1881 1173 2002 1230 sine
2045 1172 2157 1228 dis-

536 1277 769 1349 ciplina,
802 1292 951 1347 qua,
986 1291 1115 1329 cum
1162 1272 1472 1344 disciplina
1510 1267 2007 1327 exercitationibus
2045 1281 2159 1320 non

535 1371 726 1438 servit,
757 1369 1048 1424 communi
1082 1385 1140 1422 se
1173 1366 1512 1438 perditionis
1541 1365 1740 1435 laqueo
1779 1361 2113 1431 constringit
2143 1375 2157 1413 :

533 1464 675 1519 iram
706 1465 918 1519 etenim
962 1463 1184 1518 Domini
1215 1463 1425 1534 absque
1463 1462 1773 1534 disciplina
1808 1460 2001 1530 rigore
2043 1472 2160 1512 non

535 1556 736 1610 evadit.
793 1559 980 1626 Atque
1030 1554 1239 1609 idcirco
1294 1555 1603 1610 Psalmista
1659 1553 1886 1608 vocibus
1937 1549 2162 1606 indisci-

531 1649 768 1718 plinata
791 1647 944 1718 plebi
966 1647 1310 1718 praedicatur
1332 1665 1346 1701 :
1371 1648 1771 1718 Apprehendite
1791 1645 2158 1714 disciplinam,

530 1755 598 1794 ne
637 1740 853 1809 quando
893 1741 1169 1794 irascatur
1212 1742 1472 1794 Dominus
1518 1740 1686 1810 (Psal.
1730 1755 1792 1805 ιι,
1837 1736 1945 1807 12).
1993 1734 2161 1790 Disci-

531 1831 686 1902 plina
715 1847 850 1886 vero
888 1848 1112 1886 morum
1144 1835 1230 1886 est
1265 1831 1528 1887 ordinata
1570 1829 1846 1886 correctio
1885 1835 1940 1882 et
1986 1827 2162 1897 majo-

531 1937 659 1976 rum
701 1924 1144 1993 pracedentium
1180 1925 1510 1996 regularum
1549 1921 1889 1978 observatio.
1934 1922 2009 1975 De
2050 1935 2164 1991 qua

534 2013 827 2085 disciplina
878 2016 1079 2071 Paulus
1131 2017 1418 2088 apostolus
1468 2017 1544 2071 ita
1599 2015 1850 2087 loquitur
1898 2014 2090 2068 dicens
2145 2027 2160 2066 :

534 2108 603 2161 In
641 2107 936 2177 disciplina
960 2115 1324 2178 perseeerute;
1370 2115 1633 2179 tanquam
1666 2109 1794 2178 ﬁliis
1827 2107 1978 2161 vobis
2007 2106 2164 2175 offert

535 2215 590 2254 se
655 2202 813 2255 Deus.
868 2201 1021 2268 Quod
1076 2204 1125 2256 si
1179 2208 1338 2256 extra
1399 2203 1747 2272 disciplinam
1801 2201 1955 2260 estis.
2017 2197 2166 2267 cujus

530 2295 828 2363 participes
871 2296 1012 2361 facti
1053 2297 1216 2350 estis?
1253 2296 1443 2351 Omnes
1475 2298 1618 2350 enim
1661 2295 1922 2355 adulteri,
1964 2299 2015 2347 et
2055 2307 2166 2345 non

536 2386 641 2454 Ῑῖιίί
693 2389 816 2440 θεείδ
866 2387 1074 2458 (Hebr.,
1126 2403 1222 2454 xu,
1271 2389 1345 2459 8).
1397 2388 1502 2453 Qui
1550 2404 1686 2459 ergo
1739 2385 2004 2454 adulteri,
2041 2383 2164 2438 sine

537 2475 831 2547 disciplina
867 2484 1017 2544 sunt,
1047 2484 1104 2534 et
1130 2480 1368 2534 calcatis
1401 2482 1569 2552 regni
1607 2479 2002 2536 hareditatem
2043 2488 2163 2530 non

534 2568 808 2638 capiunt:
845 2570 889 2624 si
929 2571 1032 2626 ﬁlii
1062 2577 1255 2626 autem
1298 2575 1555 2642 paterna
1595 2571 1906 2644 disciplina
1947 2582 2164 2622 correc-

535 2661 715 2717 tiones
759 2663 971 2731 ferunt,
1004 2668 1064 2720 et
1098 2665 1493 2720 hereditatem
1536 2664 1880 2735 quandoque
1911 2659 2165 2729 recipere

535 2771 701 2825 posse
730 2772 844 2810 nou
877 2756 1202 2828 desperent.
1234 2759 1310 2812 De
1338 2775 1453 2829 qua
1474 2759 1648 2813 etiam
1675 2756 1971 2826 disciplina
1995 2751 2166 2810 Isaias

534 2848 766 2920 quidem
829 2849 1262 2921 indisciplinata
1325 2851 1473 2922 plebi
1538 2849 1843 2922 pradicet,
1895 2849 2094 2904 dicens
2145 2861 2159 2898 :

536 2942 796 3008 Quiescite
837 2958 994 3010 agere
1030 2959 1295 3013 perverse.
1330 2944 1519 2998 discite
1559 2943 1684 2997 bene
1722 2943 1902 3010 facere
1932 2940 2088 3012 (Isa.,
2123 2956 2161 3006 1,

538 3035 645 3098 16).
691 3034 758 3086 Et
799 3033 867 3088 ad
912 3035 1172 3089 eamdem
1213 3035 1504 3090 Psalmista
1547 3050 1798 3090 consona
1831 3049 1967 3087 voce
2013 3048 2164 3086 com-

535 3122 744 3192 psallit,
779 3124 971 3178 dicens
1003 3143 1015 3178 :
1043 3127 1265 3181 Declina
1300 3143 1333 3180 a
1362 3127 1524 3191 malo,
1561 3131 1612 3181 et
1646 3127 1738 3192 fac
1769 3126 1962 3180 bonum
1995 3123 2154 3191 (Psal.
2179 3151 2234 3226 Ο

536 3231 691 3282 xxm,
728 3216 834 3284 l5).
875 3217 1069 3272 Infelix
1107 3235 1248 3289 ergo
1289 3222 1373 3273 est
1409 3219 1508 3290 qui
1542 3217 1736 3287 abjicit
1777 3217 2154 3288 disciplinam.

534 3307 718 3361 Audet
760 3308 915 3362 enim
961 3315 1119 3364 extra
1165 3310 1374 3364 milites
1416 3310 1631 3382 aliquid
1679 3310 1798 3381 qui,
1852 3310 2160 3364 Dominum

534 3398 951 3470 crucifigentes,
987 3419 1099 3456 non
1133 3403 1255 3472 ejus
1290 3403 1582 3458 sciderunt
1611 3404 1890 3470 tunicam,
1923 3402 2021 3472 qui
2061 3403 2159 3456 Ec-

535 3491 718 3546 clesia
769 3492 974 3549 Christi
1013 3494 1220 3549 scindit
1258 3495 1635 3567 disciplinam.
1677 3496 1832 3551 Sicut
1877 3493 2032 3549 enim
2079 3495 2162 3546 tu-

533 3585 660 3638 nica
698 3589 884 3640 totum
921 3604 1125 3659 corpus
1163 3595 1366 3660 prater
1399 3593 1571 3661 caput
1608 3590 1842 3660 tegitur,
1886 3587 1963 3643 ita
1997 3586 2161 3642 disci-

535 3677 714 3748 plina,
756 3678 942 3733 omnis
976 3681 1236 3749 Ecclesia,
1270 3685 1479 3753 prater
1509 3681 1816 3750 Christum,
1854 3680 1951 3752 qui
1991 3683 2164 3751 caput

537 3774 624 3824 est
650 3770 907 3826 Ecclesia
953 3776 1010 3827 et
1053 3772 1156 3827 sub
1206 3773 1505 3845 disciplina
1551 3791 1663 3828 non
1705 3781 1810 3842 est,
1845 3773 2164 3846 protegitur

533 3868 589 3916 et
647 3870 904 3919 ornatur.
959 3867 1085 3936 Ipsa
1147 3883 1278 3921 vero
1350 3868 1539 3922 tunica
1589 3872 1851 3924 contexta
1918 3866 2164 3936 desuper

532 3953 718 4009 fuerat
757 3971 862 4026 per
900 3959 1109 4026 totum,
1145 3975 1274 4031 quia
1319 3958 1524 4015 eadem
1566 3959 1864 4032 disciplina
1903 3957 2165 4016 Ecclesia

535 4062 568 4098 a
604 4046 846 4101 Domino
886 4048 958 4102 de
994 4049 1132 4104 coelo
1163 4049 1435 4105 tribuitur
1463 4056 1520 4106 et
1550 4051 1892 4124 integretur.
1938 4050 2014 4105 De
2051 4066 2166 4122 qua

534 4138 806 4192 Dominus
856 4156 984 4194 cum
1042 4141 1117 4195 ad
1163 4143 1386 4197 Patrem
1445 4143 1810 4212 ascendisset,
1859 4152 2166 4216 postquam

533 4232 847 4285 resurrexit
890 4248 924 4286 a
972 4233 1231 4299 mortuis,
1277 4235 1347 4290 ad
1394 4236 1678 4307 ap0stolos
1723 4253 1852 4291 suos
1900 4235 2165 4308 loqueba-

533 4327 648 4390 tur,
691 4321 927 4380 dicens:
963 4327 1068 4380 Vos
1099 4330 1276 4381 autem
1315 4327 1490 4382 sedete
1527 4329 1612 4383 hic
1657 4331 1715 4383 in
1758 4331 1996 4389 ciuitate,
2040 4343 2166 4398 quo-

537 4413 779 4485 adusque
819 4418 1130 4472 induamini
1169 4421 1368 4474 virtute
1404 4435 1470 4475 ea:
1510 4421 1622 4475 alto
1663 4421 1834 4492 (Luc.,
1870 4437 2014 4487 xxxv,
2051 4420 2164 4491 49).

2264 483 2649 556 unusquisque
2686 482 2746 537 in
2785 497 2900 555 quo
2937 485 3164 536 vocatus
3203 481 3304 549 est,
3345 478 3400 535 in
3442 495 3504 536 eo
3538 487 3820 554 permaneat

2262 577 2418 650 apud
2448 577 2778 634 Dominum.

2888 655 3108 712 CAPUT
3148 655 3258 710 Xll.

2335 753 2709 810 Duodecimus
2753 752 3043 808 abusionis
3091 753 3301 824 gradus
3348 755 3431 806 est
3472 751 3690 824 pepulas
3730 754 3823 808 sine

2261 848 2407 920 lege,
2439 847 2556 920 qui,
2591 847 2726 903 dum
2755 847 2849 903 Dei
2879 847 3022 902 dicta
3051 852 3107 901 et
3150 848 3337 918 legum
3367 847 3500 901 scita
3546 847 3822 915 contemnit,

2261 958 2364 1015 per
2393 941 2639 996 diversas
2670 957 2933 997 errorum
2968 940 3084 994 vias
3116 941 3386 996 eumdem
3428 939 3725 1010 perditionis
3759 942 3826 996 la.

2260 1053 2472 1110 queum
2514 1035 2770 1091 incurrit.
2811 1036 2887 1090 De
2918 1034 3140 1106 quibus,
3176 1034 3278 1089 viis
3317 1034 3419 1088 sub
3464 1050 3686 1106 persona
3716 1051 3826 1104 prie

2260 1130 2587 1185 varicatoris
2638 1129 2854 1201 populi,
2902 1129 3220 1184 humanum
3269 1144 3452 1200 genus
3498 1127 3737 1200 propheta
3771 1128 3828 1184 ita

2261 1223 2555 1296 deplangit
2599 1240 2612 1279 :
2655 1226 2765 1281 Nos
2813 1227 2990 1278 autem
3035 1224 3174 1278 sicut
3219 1238 3337 1276 oves
3375 1225 3672 1288 erravimus,
3704 1238 3826 1278 unus-

2260 1320 2486 1388 quisque
2524 1320 2583 1371 in
2628 1320 2770 1371 riam
2814 1333 2968 1372 suam
3014 1317 3308 1371 declinavit
3353 1315 3461 1386 (Isa
3494 1359 3508 1378 ,
3550 1331 3650 1381 Llll,
3692 1319 3751 1387 6);
3777 1317 3827 1370 de

2261 1411 2464 1483 quibus
2509 1411 2610 1465 viis
2658 1413 2826 1464 etiam
2873 1411 3159 1482 Sapientia
3200 1409 3466 1481 loquitur:
3498 1425 3591 1481 per
3629 1410 3828 1464 Salomo-

2262 1521 2395 1559 nem
2429 1522 2442 1559 :
2475 1506 2657 1559 Multa:
2702 1502 2884 1576 881
2939 1505 3040 1558 cia:
3086 1505 3346 1558 videntur
3381 1504 3666 1559 hominibus
3693 1508 3828 1565 recte.

2259 1605 2310 1654 et
2339 1601 2626 1654 novissima
2654 1615 2838 1653 eorum
2869 1598 3142 1652 deducunt
3178 1598 3252 1652 ad
3289 1603 3506 1652 mortem
3542 1599 3720 1664 (Prom,
3745 1613 3828 1665 xiv,

2265 1693 2370 1762 12).
2402 1695 2538 1756 Qua
2582 1693 2774 1763 utique
2817 1691 3009 1746 multa
3053 1691 3384 1762 perditionis
3426 1691 3526 1745 via
3565 1696 3685 1744 tunc
3717 1691 3831 1744 ince-

2183 1785 2496 1858 Bduntur,
2549 1802 2679 1840 cum
2730 1801 2845 1840 una
2903 1785 3112 1855 regalis
3163 1785 3268 1850 via,
3323 1786 3410 1838 lex
3460 1785 3556 1840 Dei
3603 1784 3828 1852 videlicet,

2263 1896 2392 1952 qua
2437 1896 2620 1951 neque
2662 1879 2731 1933 ad
2776 1879 3068 1934 dexteram
3121 1895 3302 1949 neque
3353 1878 3426 1932 ad
3473 1878 3731 1932 sinistram
3764 1877 3831 1931 de-

2265 1973 2458 2041 clinat,
2501 1989 2604 2044 per
2641 1973 3056 2044 negligentiam
3091 1973 3389 2026 deseritur.
3421 1973 3494 2027 De
3528 1989 3634 2043 qua
3667 1971 3832 2024 scilicet

2266 2067 2353 2120 via
2382 2066 2654 2121 Dominus
2692 2067 2848 2120 Jesus
2882 2066 3155 2132 Christus,
3200 2065 3296 2138 qni
3339 2070 3427 2120 est
3467 2065 3589 2119 ﬁnis
3625 2065 3745 2135 legis
3780 2063 3831 2116 ad

2258 2160 2538 2231 justitiam
2581 2160 2737 2214 omni
2775 2159 3046 2222 credenti,
3090 2158 3393 2214 denuntiat
3423 2176 3436 2213 :
3467 2162 3572 2228 Ego
3609 2174 3712 2212 sum
3745 2161 3828 2216 riu,

2263 2257 2464 2309 veritas
2507 2259 2557 2308 et
2599 2256 2734 2320 vita,
2774 2269 2922 2308 nemo
2965 2256 3111 2308 venit
3149 2253 3223 2306 ad
3265 2255 3485 2309 Putrem
3530 2255 3630 2306 nisi
3663 2267 3742 2320 per
3772 2265 3832 2303 me

2266 2347 2469 2418 (Joan.,
2517 2364 2626 2414 xiv,
2679 2348 2751 2417 6).
2803 2347 2884 2401 Ad
2933 2363 3112 2418 quam
3169 2346 3314 2400 viam
3374 2363 3575 2401 omnes
3624 2344 3834 2399 homines

2265 2444 2648 2500 communiter
2690 2444 2909 2512 invitat,
2951 2444 3143 2499 dicens
3180 2461 3194 2498 :
3229 2446 3422 2498 Venite
3459 2443 3533 2497 ad
3570 2458 3663 2503 me,
3699 2455 3835 2494 omnes

2265 2541 2362 2610 qui
2416 2541 2674 2594 laboratis
2722 2544 2771 2594 et
2821 2541 3034 2592 onerati
3082 2540 3229 2604 estis,
3279 2544 3332 2592 et
3389 2553 3483 2606 ego
3521 2538 3732 2605 reﬁciam
3765 2549 3835 2586 eos

2269 2633 2504 2704 (Mutth.,
2547 2649 2619 2700 xi,
2662 2634 2774 2700 28);
2823 2635 2955 2702 quia
3001 2649 3108 2686 non
3153 2637 3228 2686 est
3265 2646 3615 2701 personarum
3651 2630 3837 2697 acceptio

2261 2728 2414 2798 apud
2446 2729 2616 2781 Deum
2652 2728 2844 2798 (Rom.,
2878 2741 2930 2793 ιι,
2969 2726 3077 2794 11),
3109 2725 3204 2780 ubi
3237 2742 3353 2779 non
3385 2731 3471 2779 est
3499 2724 3727 2789 Judaus,
3755 2737 3835 2775 nec

2261 2823 2506 2888 Gracus,
2571 2820 2851 2874 masculus
2905 2823 2963 2874 et
3018 2819 3265 2886 femina,
3337 2835 3532 2874 servus
3584 2821 3636 2872 et
3689 2817 3834 2876 liber,

2260 2914 2529 2969 barbarus
2561 2921 2616 2969 et
2660 2914 2885 2986 Scythi,
2925 2913 3022 2968 sed
3063 2913 3255 2969 omnia
3294 2913 3359 2968 in
3394 2911 3649 2968 omnibus
3684 2908 3835 2964 Chris-

2266 3013 2352 3062 tus
2408 3025 2421 3064 :
2477 3025 2677 3064 omnes
2734 3008 2886 3062 enim
2945 3024 3120 3061 unum
3170 3013 3302 3061 sunt
3359 3007 3420 3064 in
3469 3004 3676 3061 Christo
3717 3003 3833 3056 Jesu.

2264 3104 2408 3158 Dum
2455 3119 2593 3174 ergo
2638 3103 2890 3156 Christus
2921 3101 3048 3156 linis
3096 3101 3237 3172 legis
3284 3107 3393 3167 est,
3444 3099 3538 3172 qui
3587 3099 3697 3152 sine
3742 3098 3837 3164 lege

2258 3203 2418 3264 sunt,
2486 3196 2606 3253 sine
2676 3195 2894 3251 Christo
2958 3195 3118 3249 ﬁunt.
3201 3194 3382 3266 Igitur
3460 3193 3684 3264 populus
3741 3189 3834 3242 sine

2258 3292 2385 3362 lege
2414 3291 2544 3361 (37),
2574 3291 2814 3361 populus
2849 3290 2970 3343 sine
3008 3289 3230 3344 Christo
3263 3294 3368 3343 est.
3403 3287 3698 3342 Abusivum
3729 3298 3835 3350 ergo

2257 3383 2317 3438 in
2360 3382 2714 3456 tempo:i!ius
2757 3383 3040 3454 Evangelii
3080 3383 3359 3454 populum
3407 3381 3528 3437 sine
3573 3381 3682 3450 lege
3720 3377 3836 3439 ﬁeri,

2261 3479 2492 3550 quando
2535 3477 2802 3549 apostolis
2845 3477 2900 3531 iu
2950 3481 3177 3531 cunctas
3223 3481 3430 3547 gentes
3480 3473 3691 3530 licentia
3729 3486 3836 3542 prae-

2261 3571 2557 3626 dicationis
2609 3571 2744 3626 data
2799 3574 2908 3638 est,
2949 3571 3176 3642 quando
3237 3570 3556 3624 tonitruum
3601 3560 3837 3632 Evangelii

2263 3681 2364 3736 per
2398 3671 2630 3720 cunctas
2664 3665 2849 3719 saculi
2890 3671 3082 3736 partes
3123 3664 3395 3731 intonuit,
3437 3660 3652 3735 quando
3687 3662 3840 3730 gentes

2263 3775 2390 3831 qua
2437 3775 2553 3814 non
2607 3759 2969 3813 sectabantur
3007 3757 3333 3828 justitiam,
3386 3753 3839 3829 apprehenderunt

2255 3853 2574 3925 justitiam;
2607 3852 2832 3924 quando
2869 3852 2966 3922 qui
2996 3851 3065 3906 de
3103 3852 3270 3922 longe
3313 3851 3560 3920 fuerant,
3591 3847 3710 3903 facti
3734 3845 3841 3898 sunt

2263 3962 2440 4019 prope
2475 3946 2532 4000 in
2569 3945 2850 4016 sanguine
2880 3944 3089 4002 Christi
3119 3961 3132 4000 :
3163 3945 3262 4016 qui
3296 3944 3604 4015 aliquando
3633 3956 3729 3995 non
3765 3952 3836 4008 po-

2265 4039 2452 4111 pulus,
2479 4055 2630 4094 nunc
2659 4043 2848 4094 autem
2879 4039 3122 4110 populus
3149 4039 3244 4093 Dei
3277 4037 3337 4091 in
3371 4037 3625 4104 Christo;
3655 4029 3838 4106 quando

2267 4138 2353 4189 est
2411 4139 2638 4204 tempus
2687 4131 3050 4203 acceptabile,
3102 4138 3159 4186 et
3220 4131 3345 4186 dies
3389 4131 3600 4196 salutis,
3646 4133 3695 4182 et
3732 4131 3839 4178 tem-

2265 4243 2402 4299 pora
2465 4224 2748 4298 refrigerii
2809 4225 2868 4280 in
2929 4228 3232 4296 conspectu
3290 4223 3603 4288 Altissimi;
3656 4215 3838 4292 quando

2267 4336 2627 4392 unaquaque
2693 4336 2833 4390 gens
2908 4318 3082 4374 habet
3139 4321 3352 4372 testem
3419 4310 3836 4374 resurrectionis;

2267 4413 2493 4486 quando
2544 4413 2664 4484 ipse
2719 4411 2992 4468 Dominus
3044 4417 3416 4484 protestatnr,
3471 4411 3654 4466 dicens
3695 4423 3707 4462 :
3745 4407 3840 4461 Bm

532 4505 749 4563 Tunica
809 4524 946 4581 ergo
999 4510 1248 4582 corporis
1295 4511 1498 4568 Christi
1554 4512 1846 4584 disciplina
1897 4513 2239 4592 EcclesiaD
2261 4524 2355 4578 ego
2388 4510 2660 4562 vobiscum
2695 4524 2813 4561 sum
2841 4508 3090 4561 omnibus
3117 4506 3302 4561 diebus
3344 4521 3516 4576 usque
3550 4504 3622 4558 ad
3651 4512 3838 4556 consun-

535 4603 621 4656 est
657 4616 670 4654 :
701 4600 798 4673 qui
842 4605 1036 4658 autem
1083 4609 1240 4659 extra
1284 4604 1636 4676 disciplinam
1677 4612 1782 4674 est,
1823 4606 2040 4661 alienus
2075 4609 2163 4662 est

537 4716 569 4751 a
609 4712 843 4768 corpore
877 4696 1102 4753 Christi.
1133 4699 1254 4755 Non
1289 4699 1603 4753 scindamus
1643 4700 1812 4766 igitur
1849 4700 2024 4763 illam,
2065 4701 2162 4754 sed

533 4793 822 4846 sortiamur
860 4792 926 4846 de
963 4792 1063 4846 illa
1094 4791 1248 4863 cujus
1289 4793 1359 4847 sit
1401 4793 1561 4864 (Joan
1591 4831 1607 4854 ,
1648 4807 1756 4858 xix,
1794 4791 1914 4862 24);
1956 4789 2013 4846 id
2053 4795 2158 4859 est,

2259 4603 2548 4656 motionem
2595 4601 2784 4656 saeculi
2829 4601 3071 4672 (Matth.,
3121 4614 3302 4666 xxviu,
3360 4601 3472 4669 20).
3521 4600 3638 4654 Non
3690 4595 3836 4661 itaque

2259 4698 2436 4752 simus
2478 4697 2599 4751 sine
2643 4695 2862 4751 Christo
2899 4695 2957 4750 in
3001 4696 3110 4750 hoc
3153 4700 3407 4767 tempore
3446 4690 3761 4754 transitoria,
3786 4700 3836 4738 ne

2261 4791 2383 4846 sine
2413 4789 2570 4846 nobis
2597 4790 2853 4848 Christus
2883 4807 3004 4845 esse
3035 4789 3271 4861 incipiat
3299 4789 3357 4844 in
3392 4790 3603 4844 futuro.
