4012 6194
162 258 261 320 96f

1448 261 1537 327 DE
1575 262 1839 327 DUPLICI
1880 261 2251 328 HABTYRIO.

3429 275 3531 341 962

171 484 3515 511 ———————————————————_—____—_________.______._______

798 648 1027 775 DE
1131 648 1845 777 DUPLIGI
1953 648 2874 781 MARTYRIO

1674 910 2010 1002 LIBER

913 1111 1041 1181 AD
1096 1112 1771 1203 FORTUNATUM,
1838 1117 2243 1188 INCERTO
2300 1120 2762 1191 AUCTORE.

218 1538 269 1593 Ῑ.
302 1536 661 1593 Multifariam
694 1540 999 1612 multisque
1040 1542 1219 1597 modis
1245 1560 1351 1615 ago
1398 1546 1625 1616 gratias,
1663 1546 1785 1601 For-
1810 1561 2060 1633 Aquam
2090 1553 2255 1619 egeat
2280 1548 2634 1616 testimonio,
2662 1547 2759 1621 qui
2812 1565 2877 1604 ex
2901 1565 2958 1604 se
2996 1548 3124 1605 fons
3177 1555 3261 1606 est
3285 1558 3512 1606 internas

155 1634 365 1685 tunate
414 1631 553 1685 mihi
596 1631 653 1685 in
694 1633 935 1688 Domino
970 1635 1323 1705 charissime,
1366 1640 1569 1693 divinas
1622 1641 1776 1695 beni-

141 1725 357 1795 gnitati
384 1725 535 1795 quod
566 1732 622 1779 et
650 1732 804 1781 tuam
838 1727 1104 1798 pietatem
1125 1731 1384 1786 excitavit
1410 1732 1481 1785 ad
1513 1735 1778 1788 exstimu-

138 1818 380 1871 landum
410 1818 656 1872 ofﬁcium
684 1836 898 1888 meum,
932 1828 988 1875 ut
1020 1823 1181 1876 unico
1208 1824 1397 1879 libello
1430 1827 1768 1880 commilito-

145 1910 321 1964 nibus
351 1912 561 1964 nostris
593 1913 885 1967 materiam
930 1915 1440 1987 subministrarem,
1477 1920 1629 1974 unde
1655 1922 1777 1988 sibi,

142 2004 332 2074 gratia
363 2005 607 2076 Spiritus
645 2006 980 2077 opitulante,
1025 2010 1382 2066 munimenta
1428 2013 1655 2084 telaque
1705 2016 1779 2068 fa-

140 2097 511 2152 bricarentur
562 2099 827 2154 adversus
884 2104 1337 2172 persecutionum
1386 2105 1673 2174 incursus;
1725 2116 1779 2162 et

142 2190 290 2243 mihi
309 2193 461 2262 quod
488 2192 721 2263 petebas
742 2195 994 2263 conanti,
1018 2212 1132 2250 non
1157 2196 1468 2268 dedignata
1496 2206 1578 2253 est
1610 2201 1775 2254 ades-

138 2300 219 2349 se,
250 2288 311 2337 et
331 2285 491 2355 quod
518 2286 815 2358 utriusque
831 2293 1083 2342 nostrum
1103 2307 1337 2361 operam
1372 2310 1481 2347 non
1515 2311 1670 2363 passa
1694 2300 1777 2349 est

140 2398 268 2434 esse
303 2382 583 2446 sterilem,
614 2384 717 2437 hoc
745 2391 827 2439 est
857 2386 1008 2456 quod
1044 2388 1153 2441 mei
1180 2390 1468 2444 Fortunati
1509 2392 1581 2461 (t)
1616 2394 1771 2463 pium

137 2474 497 2529 desiderium
526 2476 671 2531 bene
702 2479 1028 2546 fortunavit,
1053 2488 1106 2534 et
1127 2482 1368 2536 ministri
1408 2485 1490 2537 sui
1524 2486 1771 2540 ofﬁcium

134 2569 317 2622 voluit
346 2587 470 2623 esse
513 2570 702 2642 gregis
732 2573 817 2625 sui
861 2573 1220 2629 beneﬁcium.
1266 2576 1472 2631 Scribis
1519 2579 1671 2633 enim
1706 2598 1773 2635 ex

135 2680 203 2716 eo
250 2662 403 2717 libro
458 2665 702 2717 multum
760 2666 976 2719 roboris
1028 2671 1084 2721 et
1136 2668 1436 2723 alacritatis
1480 2674 1772 2728 accessisse

132 2756 409 2823 strenuis,
472 2757 852 2812 timidioribus
906 2764 1094 2815 autem
1151 2768 1206 2816 et
1264 2763 1505 2818 inﬁrmis
1549 2769 1771 2820 tantum

133 2852 463 2908 animorum
497 2871 615 2910 esse
643 2856 923 2926 additum,
962 2864 1022 2912 ut
1050 2878 1115 2914 ex
1150 2861 1235 2915 his
1281 2879 1505 2933 quoque
1552 2881 1651 2935 per
1680 2865 1770 2919 Dei

1888 1641 2109 1712 gloriae,
2140 1648 2203 1695 ut
2230 1659 2333 1696 nec
2358 1643 2508 1696 nlllis
2533 1643 2833 1697 hominum
2864 1643 3172 1698 honoribus
3198 1644 3316 1698 ﬁeri
3341 1645 3515 1714 possit

1884 1736 2232 1803 honoratior,
2275 1752 2379 1790 nec
2404 1736 2528 1789 ullis
2568 1735 2892 1790 mortalium
2935 1736 3266 1807 ignominiis
3317 1738 3512 1792 obscu-

1883 1828 2028 1895 rior;
2058 1829 2157 1883 sed
2186 1835 2382 1883 tamen
2412 1829 2490 1882 ita
2515 1829 2696 1883 visum
2738 1833 2821 1884 est
2848 1833 3062 1884 aeterno
3092 1830 3243 1884 illius
3286 1830 3507 1885 divino-

1880 1939 1990 1993 que
2034 1922 2282 1989 consilio,
2334 1926 2397 1975 ut
2453 1939 2617 1977 suam
2668 1922 3002 1990 bonitatem,
3059 1923 3400 1994 sapientiam
3447 1942 3511 1979 ac

1880 2016 2192 2086 potentiam
2245 2016 2392 2086 apud
2450 2015 2709 2070 homines
2748 2034 2850 2087 per
2893 2017 3153 2071 homines
3205 2018 3336 2071 velit
3386 2017 3511 2072 illu-

1879 2111 2045 2163 strari
2074 2128 2088 2177 ;
2116 2109 2259 2164 sicut
2288 2108 2565 2163 mundum
2595 2110 2904 2181 gubernari
2933 2110 3111 2165 voluit
3127 2126 3230 2182 per
3246 2112 3506 2182 angelos,

1878 2220 2007 2257 cum
2058 2202 2389 2273 angelorum
2448 2203 2763 2257 ministerio
2804 2220 2915 2257 non
2972 2209 3161 2274 egeat,
3215 2206 3508 2277 multaque

1878 2296 2202 2350 hominibus
2232 2313 2338 2367 per
2363 2296 2622 2350 homines
2676 2297 2950 2367 largiatur
3005 2313 3132 2368 quae
3158 2314 3263 2368 per
3288 2315 3347 2353 se
3373 2300 3507 2354 dare

1875 2393 2114 2461 poterat,
2129 2390 2514 2462 quiquidquid
2536 2392 2656 2444 vult
2673 2395 2813 2444 nutu
2838 2396 3042 2461 potest,
3067 2394 3124 2446 et
3146 2391 3235 2445 cui
3262 2393 3503 2448 voluisse

1878 2484 2077 2538 fecisse
2151 2489 2254 2537 est.
2338 2485 2401 2537 Et
2485 2500 2839 2554 quanquam,
2885 2490 2949 2538 ut
3019 2483 3158 2550 dixi,
3210 2486 3282 2540 ad
3350 2486 3505 2541 illam

1874 2576 2221 2630 ineffabilem
2258 2577 2611 2647 majestatem
2643 2577 2825 2631 multa
2868 2576 3144 2649 pertingit
3168 2578 3502 2650 ignominia,

2115 2670 2394 2724 tamenin
2444 2670 2744 2741 Scripturis
2776 2672 2852 2725 ita
2893 2671 3162 2742 loquitur,
3194 2674 3351 2744 quasi
3401 2688 3506 2745 per

1874 2781 1980 2818 nos
2029 2765 2360 2831 honoretur,
2409 2765 2493 2818 vel
2538 2764 2855 2834 ignominia
2902 2764 3202 2820 afﬁciatur.
3244 2767 3388 2820 Nam
3443 2768 3503 2821 in

1873 2858 2312 2912 Deuteronomio
2361 2874 2492 2912 cum
2523 2857 2709 2928 Moyse
2763 2859 3104 2929 expostulat,
3159 2859 3312 2931 quod
3351 2859 3503 2931 apud

132 2948 409 3016 gratiam,
440 2955 653 3003 certam
684 2951 972 3007 victoriam
1012 2954 1172 3008 nobis
1204 2930 1770 3026 promittere-debca-
1799 2930 1849 2999 Β
1875 2952 2149 3022 populum
2190 2951 2262 3005 οἱ)
2322 2951 2501 3006 Ῑίὶὶὶοίε
2561 2951 2863 3022 penuriam
2917 2952 2992 3024 (3)
3046 2930 3502 3009 murmurantem

135 3056 264 3094 mus
314 3057 327 3094 :
383 3058 567 3113 coque
601 3043 868 3099 libentius
917 3047 1305 3117 obtemperavi
1358 3052 1769 3121 posterioribus

130 3133 243 3187 tuis
286 3134 512 3201 litteris,
542 3137 746 3207 quibus
794 3143 919 3194 orat
966 3142 1059 3194 tua
1093 3142 1356 3210 Charitas,
1385 3146 1464 3210 ut,
1498 3147 1765 3215 quoniam

130 3226 241 3281 hoc
268 3229 538 3299 ausiticiis
575 3231 797 3286 Domini
844 3233 1018 3289 nostri
1049 3236 1178 3289 Jesu
1212 3236 1413 3291 ChriSTi
1465 3237 1605 3292 bene
1633 3256 1758 3292 suc-

129 3321 315 3391 cessit,
342 3322 555 3377 addam
589 3324 851 3380 Volumen
883 3329 1125 3382 alterum
1163 3329 1231 3384 de
1264 3330 1472 3402 duplici
1503 3332 1757 3403 martyrii

128 3429 341 3485 genere
380 3432 393 3471 :
425 3434 669 3488 quorum
703 3437 877 3474 unum
906 3422 1199 3477 exhibetur
1234 3440 1363 3478 cum
1406 3426 1565 3480 szevit
1586 3429 1763 3480 torto-

127 3524 255 3563 rum
298 3509 650 3579 immanitas,
685 3514 925 3569 alterum
959 3516 1227 3571 occultius
1263 3517 1496 3588 quidem
1530 3524 1633 3585 est,
1668 3520 1763 3575 sed

125 3601 509 3658 nihilominus
574 3607 775 3661 fortem
838 3609 1093 3664 animum
1144 3611 1409 3680 postulat,
1465 3614 1758 3685 multaque

124 3696 400 3751 divinitus
437 3703 722 3753 armatura
769 3703 1202 3758 communitum.
1251 3705 1481 3761 Utinam
1542 3713 1599 3761 et
1654 3707 1763 3761 hoc

126 3807 339 3844 munus
368 3791 573 3846 Christi
604 3793 843 3865 Spiritus
876 3813 979 3866 per
1010 3814 1100 3852 me
1129 3797 1397 3852 fratribus
1424 3802 1480 3853 et
1525 3800 1760 3854 commi-

126 3883 405 3938 litonibus
434 3887 639 3941 nostris
667 3888 859 3959 largiri
899 3890 1188 3961 dignetur,
1231 3896 1288 3946 et
1327 3893 1480 3964 quod
1538 3893 1759 3949 dederit

352 3980 498 4033 bene
516 3983 883 4053 prosperare!
915 3985 1406 4049 Quemadmodum
1433 3987 1587 4041 enim
1619 3987 1760 4042 nihil

122 4077 395 4127 sanctum
424 4075 529 4128 nisi
562 4074 656 4130 illo
687 4078 1093 4147 sanctiﬁcante,
1125 4079 1266 4134 nihil
1296 4086 1498 4153 potens
1529 4082 1634 4135 nisi
1665 4082 1760 4136 illo

123 4167 560 4232 corroborante,
597 4170 672 4224 ita
703 4170 847 4225 nihil
891 4172 1042 4241 felix,
1069 4172 1210 4229 nihil
1258 4175 1630 4246 auspicatum,
1656 4176 1760 4229 nisi

124 4258 217 4317 illo
277 4271 664 4333 prosperante.
696 4266 856 4334 Sane,
881 4273 935 4322 et
990 4268 1187 4322 vestris
1237 4268 1497 4340 precibus
1547 4276 1601 4325 et
1648 4271 1832 4369 Do-C

120 4357 264 4411 mini
297 4357 547 4411 bonitate
576 4358 773 4428 fretus,
820 4361 1144 4431 aggrediar.

192 4448 263 4506 ll.
299 4452 523 4523 Martyr,
560 4460 618 4507 ut
651 4453 718 4507 iis
774 4471 998 4526 quoque
1044 4460 1245 4510 notum
1308 4461 1387 4511 est
1427 4458 1525 4529 qui
1569 4458 1757 4513 Grasce

120 4544 412 4612 nesciunt,
467 4552 648 4600 testem
711 4554 893 4603 sonat.
961 4548 1301 4621 Quanquam
1366 4555 1578 4617 autem,
1635 4556 1760 4624 post

122 4642 391 4693 exortam
434 4638 783 4712 Evangelica:
832 4642 1081 4698 veritatis
1122 4645 1325 4713 lucem,
1377 4646 1757 4701 ecclesiastica

122 4734 485 4787 consuetudo
513 4736 875 4806 cognominis
897 4737 1065 4809 hujus
1092 4738 1366 4793 honorem
1406 4741 1635 4812 proprie
1655 4742 1751 4795 tri-

117 4826 411 4881 bueretiis
441 4827 537 4899 qui
569 4829 624 4882 in
668 4830 965 4885 tormentis
1008 4848 1188 4903 usque
1210 4832 1277 4886 ad
1335 4840 1583 4888 mortem
1630 4851 1757 4906 per.

119 4919 408 4975 durarunt
453 4920 612 4993 (2)in
651 4923 1001 4994 professione
1052 4926 1300 4980 nominis
1343 4928 1475 4982 Jesu
1528 4927 1753 4997 Christi,

118 5020 175 5068 et
202 5014 600 5086 evangelicum
646 5017 1090 5074 instrumentum
1137 5020 1417 5092 sanguine
1460 5037 1558 5076 suo
1605 5023 1756 5077 velut

117 5106 505 5179 obsignarunt
531 5111 679 5182 apud
709 5112 1056 5181 lncredulos,
1090 5116 1277 5169 omnis
1301 5117 1492 5170 tamen
1527 5113 1752 5188 piorum

116 5202 234 5258 vita
268 5200 663 5260 testimonium
692 5206 880 5261 reddit
909 5209 1041 5263 Deo.
1074 5209 1192 5263 Non
1236 5210 1385 5281 quod
1431 5209 1527 5265 ille
1562 5211 1749 5281 cujus-

1870 3044 1927 3097 in
1955 3045 2131 3098 Cades
2162 3043 2370 3098 deserti
2397 3044 2512 3111 Sin,
2543 3044 2611 3097 ad
2661 3061 2839 3116 aquas
2891 3046 3354 3101 contredictionis
3382 3064 3501 3103 non

1867 3137 2224 3191 sanctiﬁearit
2265 3138 2451 3208 ipsum
2505 3138 2657 3192 inter
2700 3137 2843 3192 filios
2892 3140 3080 3202 Israel,
3138 3146 3197 3194 et
3226 3140 3298 3195 ob
3350 3142 3501 3195 hanc

1868 3230 2142 3285 offensam
2193 3248 2310 3286 non
2348 3236 2432 3285 est
2477 3230 2556 3286 illi
2598 3247 2702 3285 nec
2766 3232 2976 3287 Λειτυηί
3027 3233 3225 3288 datum
3272 3234 3504 3305 ingredi

1868 3330 2080 3379 terram
2130 3324 2470 3395 promissam
2509 3341 2571 3379 ac
2622 3330 2704 3380 tot
2747 3327 2914 3380 annis
2959 3330 3370 3397 exspectatam,
3399 3329 3498 3384 sed

1866 3422 2090 3473 tantum
2120 3435 2149 3474 e
2168 3418 2375 3473 montis
2401 3420 2608 3474 vertice
2640 3419 2837 3490 procul
2861 3420 3114 3491 aspicere
3146 3421 3325 3476 licuit.

1936 3513 2028 3567 III.
2059 3515 2227 3568 Porro
2258 3512 2408 3584 quod
2445 3513 2661 3568 dictum
2691 3518 2779 3568 est
2831 3518 3171 3586 sanctiﬁcare
3198 3532 3302 3586 pro
3328 3516 3497 3584 glori.

1862 3611 2044 3678 ﬁcare,
2092 3606 2190 3678 qui
2237 3607 2449 3662 litteras
2508 3608 2872 3663 Hebraeorum
2923 3608 3149 3678 callent,
3202 3610 3496 3666 afﬁrmant

1863 3717 1981 3755 esse
2016 3702 2295 3755 sermonis
2358 3702 2507 3755 illius
2568 3702 2991 3773 prOprietatem.
3078 3703 3242 3766 Quod
3305 3705 3494 3773 ipsum

1861 3799 2052 3849 tamen
2079 3811 2144 3850 ex
2174 3794 2298 3849 aliis
2322 3795 2741 3866 Scripturarum
2776 3796 2913 3850 locis
2958 3796 3177 3867 liquere
3203 3805 3407 3868 potest,
3450 3798 3498 3852 si

1864 3888 2055 3942 minus
2104 3889 2329 3943 illorum
2374 3888 2700 3943 testimonio
2742 3890 2991 3956 ﬁdimus,
3021 3889 3493 3962 quandoquidem

1862 3982 1999 4037 etin
2022 3982 2274 4037 oratione
2326 3981 2638 4050 Dominica,
2683 3984 3055 4052 Sanctiﬁcatur
3093 3999 3283 4039 nomen
3340 3989 3491 4039 tuum

1864 4076 2100 4144 (Matth,
2130 4092 2203 4142 vi,
2235 4075 2311 4145 9),
2337 4075 2554 4130 dictum
2576 4080 2680 4145 est,
2714 4093 2820 4148 pro
2870 4078 3216 4146 gloriﬁcatur,
3238 4077 3350 4133 sive
3374 4080 3488 4133 ctu.

1858 4171 2101 4239 riﬁcetur
2126 4184 2315 4223 nomen
2344 4173 2513 4224 tuum.
2564 4168 2655 4225 Sic
2683 4172 2741 4224 et
2790 4170 3110 4225 Corinthios
3160 4171 3490 4226 exhortatur

1859 4268 1920 4317 ut
1966 4263 2284 4334 glorificent
2336 4267 2391 4317 et
2438 4263 2691 4335 bajulent
2743 4264 2925 4319 Deum
2986 4264 3043 4320 in
3075 4281 3311 4337 corpore
3361 4282 3483 4322 suo.

1858 4356 2015 4412 Sicut
2040 4357 2195 4410 enim
2232 4372 2444 4411 nomen
2476 4358 2572 4412 Dei
2606 4358 2954 4429 gloriﬁcatur
2978 4358 3089 4413 vita
3116 4360 3343 4430 piorum
3394 4361 3492 4415 ho-

1858 4449 2185 4517 minum,in
2211 4450 2417 4522 quibus
2473 4451 2591 4520 ipse
2639 4468 2739 4522 per
2785 4453 3056 4523 Spiritum
3083 4470 3252 4508 suum
3295 4469 3486 4525 opera-

1857 4551 1949 4599 tur
1986 4543 2261 4616 quidquid
2281 4545 2499 4599 faciunt
2527 4545 2684 4609 boni,
2717 4546 2798 4601 ita
2826 4564 2855 4600 e
2886 4547 3107 4601 diverso
3133 4547 3410 4617 polluitur
3426 4554 3483 4604 et

1856 4637 2168 4693 infamatur
2215 4639 2526 4693 malefactis
2581 4656 2781 4694 eorum
2843 4641 2942 4712 qui
2997 4657 3057 4695 se
3095 4640 3193 4695 Dei
3239 4642 3483 4696 cultores

1856 4732 2218 4803 proﬁtentur.
2264 4732 2759 4796 Quemadmodum
2810 4742 2866 4788 et
2917 4733 3113 4789 militis
3152 4734 3331 4789 virtus
3384 4741 3486 4791 aut

1856 4826 2001 4880 servi
2056 4826 2308 4898 probitas
2338 4826 2621 4882 redundat
2651 4827 2707 4881 in
2737 4828 2978 4897 gloriam
3022 4828 3187 4883 ducis
3213 4834 3309 4883 aut
3338 4827 3481 4897 heri,

1856 4920 1935 4975 ita
1963 4920 2157 4975 militis
2183 4919 2429 4991 ignavia,
2463 4924 2564 4976 aut
2587 4920 2733 4975 servi
2774 4922 3049 4993 nequitia,
3089 4922 3355 4977 dedecori
3399 4927 3485 4978 est

1856 5013 1983 5067 duci
2013 5021 2109 5069 aut
2134 5014 2295 5081 hero,
2330 5019 2626 5085 propterea
2653 5016 2807 5087 quod
2832 5016 3035 5070 horum
3060 5032 3244 5071 mores
3266 5030 3481 5089 magna

1854 5123 1920 5162 ex
1948 5111 2107 5179 parte
2138 5108 2385 5180 pendent
2415 5108 2486 5163 ab
2516 5108 2743 5164 illorum
2774 5110 3023 5164 moribus
3050 5109 3107 5165 in
3120 5125 3367 5183 quorum
3388 5124 3483 5182 p0-

1855 5207 2052 5259 testate
2078 5209 2225 5285 sunt.
2261 5203 2368 5268 Qui
2421 5204 2644 5259 etiamsi
2689 5218 2920 5277 prorsus
2950 5204 3157 5261 absunt
3200 5204 3270 5260 ab
3323 5201 3482 5263 omni

1520 5332 1870 5400 Variorum
1901 5338 2097 5396 notas.

177 5444 249 5510 (Ι)
304 5445 448 5507 Quod
495 5448 597 5497 mei
638 5444 941 5511 Fortunati,
993 5452 1099 5501 etc.
1159 5447 1495 5516 Quanquam
1550 5450 1643 5503 hic
1696 5457 1760 5503 ut

117 5517 391 5583 Cypriani
446 5532 570 5569 esse
620 5521 979 5583 persuaderet
1033 5522 1187 5574 hunc
1242 5523 1467 5585 librum,
1528 5524 1759 5574 alterius

115 5588 245 5640 libri
289 5589 359 5639 ad
404 5590 767 5641 Fortunatum
813 5594 1144 5652 meminerit,
1190 5597 1372 5644 tamen
1420 5594 1541 5658 ipse
1583 5594 1760 5657 stylus

114 5665 409 5725 repugnat.
449 5661 641 5727 Neque
671 5665 818 5713 enim
855 5670 1068 5716 veteres
1109 5667 1297 5716 Patres
1340 5680 1587 5731 unquam
1626 5679 1759 5714 voce

114 5732 403 5795 fortunare
444 5734 534 5783 usi
578 5738 729 5797 sunt,
774 5748 846 5786 ne
897 5736 1134 5788 fortunas
1189 5737 1508 5790 viderentur
1549 5736 1760 5803 aliquid

118 5804 183 5854 tri
194 5804 386 5855 buere.

176 5874 249 5944 (3)
282 5874 379 5944 Qui
404 5874 462 5927 in
507 5876 776 5931 tormenti:
815 5889 982 5951 usque
1017 5876 1089 5933 ad
1130 5882 1344 5934 mortcm
1377 5877 1754 5950 perdurarunt.

1860 5451 2039 5515 Quam
2071 5447 2291 5500 diversa
2326 5445 2732 5514 signiﬁcatione
2778 5450 3048 5512 martyres
3090 5450 3329 5515 accipiat
3367 5450 3487 5515 εγ·-

1856 5525 2103 5586 prianus,
2132 5534 2299 5584 supra
2341 5520 2564 5570 abunde
2613 5520 2877 5582 diximus,
2906 5522 3213 5585 praesertim
3247 5526 3398 5572 tomo
3436 5524 3479 5584 Ι,

1857 5595 2016 5659 epist.
2050 5593 2101 5644 9.
2129 5593 2347 5643 PAMBL.

1923 5665 1985 5729 (3)
2038 5664 2109 5715 0b
2153 5662 2327 5713 laticis
2373 5661 2673 5727 penuriam.
2724 5663 2846 5714 Non
2902 5668 3049 5716 recte
3098 5664 3379 5714 Manutius
3425 5667 3480 5713 et

1856 5736 2140 5789 Morellius
2168 5736 2368 5798 loricis,
2398 5747 2581 5800 neque
2623 5748 2754 5786 vero
2792 5736 2875 5786 sic
2916 5736 3083 5786 etiam
3124 5736 3329 5787 alicubi
3360 5735 3478 5797 Cy—

1856 5809 2102 5876 prianus,
2137 5807 2229 5862 cut
2265 5806 2433 5862 etiam
2470 5805 2591 5858 heri
2621 5820 2828 5861 nomen
2852 5808 3103 5876 ignotum
3128 5812 3227 5861 est.
3258 5806 3473 5869 Pauli!"
