4032 6180
543 276 644 336 963
1127 271 1216 336 AD
1254 271 1480 336 OPERA
1509 278 1562 334 S.
1608 271 1924 337 CYPRIANI
1962 270 2260 338 GENUINA
2306 271 2584 337 APPEND.
2625 271 2689 336 ll.
2718 311 2787 322 —
2825 270 3296 338 SUPPOSlYlTlA.
3756 283 3846 346 964

550 405 950 477 culpa,tamen
981 403 1274 476 popularis
1289 403 2167 462 existimatiosoletdominorum
2190 423 2248 496 Α
2271 423 2384 477 quo
2419 405 2685 461 delentur
2741 411 3011 478 peccata:
3050 405 3148 461 sed
3172 405 3308 461 vidit
3357 422 3557 478 aquam
3603 409 3752 463 simul
3787 413 3854 466 ef-

541 515 726 554 mores
755 515 823 552 ex
853 513 1140 552 servorum
1175 497 1431 551 moribus
1463 498 1766 552 aestimare.
1798 497 1956 553 Unde
1991 499 2161 553 etiam
2270 500 2445 554 fluere
2497 516 2625 554 cum
2665 498 2966 570 sanguine,
3014 499 3112 571 qui
3157 499 3265 553 nisi
3313 500 3587 570 adfuisset,
3624 503 3851 560 inefﬁcax

543 593 628 646 hic
650 592 908 645 videmus
930 591 1183 645 divinam
1225 591 1578 661 Scripturam
1628 592 1961 662 frequenter
2001 593 2167 663 juxta
2271 600 2397 649 erat
2426 611 2590 666 aqua.
2622 593 2769 657 Quid
2831 593 2981 648 enim
3007 594 3240 665 prodest
3266 593 3478 649 aboleri
3511 601 3743 666 peccata,
3766 599 3855 652 nisi

540 685 869 741 mortalium
923 685 1159 740 affectus
1206 686 1557 756 loquentem,
1601 685 1760 738 velut
1809 686 1869 739 in
1928 686 2168 741 Levitico
2267 687 2540 742 succedat
2559 688 2667 742 vita
2691 688 2928 759 justitiae
2958 705 3134 760 quam
3153 689 3366 744 confert
3405 689 3672 760 sanguis?
3700 690 3855 755 Quan-

539 780 610 835 de
643 795 713 834 eo
740 778 836 850 qui
871 778 940 833 de
966 778 1183 834 semine
1224 795 1326 832 suo
1357 777 1604 832 dedisset
1636 778 1787 834 idolo
1815 780 2049 846 Meloch,
2081 779 2165 832 di-
2268 781 2452 852 quam
2475 782 2530 835 hi
2562 787 2676 836 tres
2706 800 2884 836 unum
2913 782 3086 836 suntz'
3110 799 3259 837 unus
3290 783 3441 837 enim
3478 783 3615 837 Deus
3647 787 3738 851 est,
3773 788 3855 857 qui

541 873 654 928 cit:
687 875 826 940 Quia
853 873 1052 943 polluit
1071 888 1262 927 nomen
1286 876 1532 926 sanctum
1549 887 1723 926 meum
1743 872 1958 942 (Leuit,
1983 889 2070 939 xx,
2090 871 2164 944 3).
2267 891 2372 946 per
2403 875 2700 946 Spiritum,
2731 893 2935 948 aquam
2967 880 3025 930 et
3052 876 3396 947 sanguinem
3424 877 3663 931 declarat
3691 878 3850 933 homi-

541 970 611 1020 At
639 967 793 1038 quod
821 965 894 1020 ab
922 965 1248 1020 hominibus
1277 965 1693 1020 sanctiﬁcatum
1724 968 1810 1018 est
1845 965 2022 1036 pollui
2067 983 2164 1036 po-
2269 985 2407 1026 num
2441 969 2640 1040 generi
2669 970 2942 1026 virtutem
2976 987 3040 1025 ac
3060 969 3374 1024 bonitatem
3404 986 3563 1024 suam
3596 987 3607 1024 :
3639 976 3725 1024 aut
3751 972 3853 1026 ideo

535 1065 664 1123 test,
696 1059 792 1115 Dei
822 1075 950 1113 vero
968 1075 1184 1114 nomen
1223 1059 1282 1114 in
1327 1074 1385 1113 se
1415 1074 1641 1128 semper
1683 1063 1769 1112 est
1813 1059 2161 1129 gloriosum,
2271 1062 2548 1117 dicuntur
2613 1080 2791 1118 unum
2845 1081 2966 1119 esse
3019 1063 3118 1135 (4),
3161 1063 3434 1135 quoniam
3497 1063 3728 1134 undique
3769 1065 3855 1120 sibi

541 1155 692 1224 apud
723 1154 984 1208 homines
1019 1157 1238 1208 tantum
1286 1151 1747 1219 contaminatur,
1795 1153 2170 1224 quemadmo-
2268 1159 2491 1211 constat
2533 1157 2952 1224 testimonium,
2985 1174 3092 1213 nec
3140 1157 3253 1212 ulla
3298 1174 3364 1212 ex
3406 1161 3568 1229 parte
3608 1157 3851 1227 dissonat;

540 1249 674 1302 dum
713 1247 957 1300 mendax
991 1247 1224 1301 infamia
1252 1263 1368 1300 non
1399 1247 1605 1317 polluit
1637 1246 1822 1300 virum
1851 1247 2164 1316 integrum.
2268 1251 2757 1324 quemadmodum
2808 1268 2952 1323 quos
3001 1251 3318 1307 arctissima
3375 1251 3571 1323 jungit
3619 1251 3851 1320 amicitia,

542 1342 629 1398 S'Ic
660 1341 882 1411 etapud
913 1340 1262 1394 Ezechielem
1294 1340 1507 1393 clamat
1541 1356 1747 1394 nomen
1786 1357 1953 1394 suum
1995 1341 2166 1395 fuisse
2268 1349 2506 1416 propter
2573 1362 2864 1400 summum
2924 1345 3254 1402 animorum
3317 1362 3672 1416 consensum,
3737 1364 3853 1400 unus

539 1436 818 1506 pollutum
848 1433 996 1488 inter
1023 1437 1222 1503 gentes
1250 1433 1437 1504 impiis
1471 1433 1725 1488 moribus
1757 1434 2162 1488 lsraelitarum.
2269 1439 2496 1493 animus
2517 1455 2638 1494 esse
2668 1439 2956 1495 dicuntur.

541 1529 685 1592 Quin
729 1533 782 1580 et
827 1526 1193 1582 beatissimus
1236 1527 1447 1581 Paulus
1478 1527 1732 1581 scribens
1782 1527 2073 1598 Romanis,
2103 1546 2167 1583 ex
2340 1533 2402 1586 V.
2439 1536 2516 1586 Ac
2564 1533 2725 1602 juxta
2780 1549 3010 1588 sensum
3063 1533 3422 1602 crassiorem,
3452 1533 3572 1588 haec
3605 1534 3703 1589 tria
3734 1551 3852 1605 prae-

541 1621 876 1676 auctoritate
932 1620 1227 1692 Prophetas
1278 1621 1449 1687 dicit,
1493 1621 1788 1692 appellans
1830 1623 2054 1676 Judaeos
2094 1622 2170 1676 le-
2270 1624 2430 1696 cipua
2459 1630 2592 1680 sunt
2635 1627 2692 1680 in
2722 1626 2955 1682 homine
2977 1626 3104 1682 vitm
3151 1630 3500 1700 argumenta
3529 1632 3687 1700 atque
3712 1629 3852 1682 etiam

541 1730 671 1786 gem
712 1715 1064 1786 proﬁtentes,
1094 1714 1193 1768 sed
1243 1731 1308 1768 ea
1356 1730 1484 1786 quae
1514 1716 1600 1768 lex
1651 1718 1804 1770 vetat
1846 1716 2121 1770 facientes
2151 1732 2164 1770 :
2199 1791 2220 1793 ξ
2268 1719 2666 1775 instrumenta.
2688 1720 2970 1784 Quamdiu
3001 1721 3157 1776 enim
3188 1721 3486 1793 pulmonis
3515 1721 3690 1778 ofﬁcio
3710 1729 3849 1777 attra-

540 1811 742 1864 Nomen
782 1811 880 1863 Dei
912 1810 1322 1879 blasphematur
1350 1811 1492 1863 inter
1531 1815 1714 1876 gentes
1747 1811 1940 1880 (Rom,
1973 1808 2165 1882 11,24).
2194 1791 2245 1862 Β
2274 1812 2427 1866 hitur
2456 1813 2700 1868 vicissim
2731 1831 2793 1869 ac
2826 1814 3085 1870 redditur
3111 1791 3346 1883 halitus,
3379 1818 3595 1870 certum
3641 1817 3753 1869 vita:
3789 1816 3853 1869 in-

541 1904 610 1958 Et
660 1902 720 1957 in
766 1901 1020 1957 oratione
1072 1901 1380 1969 Deminica,
1436 1902 1579 1956 sicut
1636 1902 1802 1973 attigi
1862 1903 2052 1972 modo,
2106 1919 2174 1957 cx
2273 1905 2484 1960 dicium
2531 1913 2656 1961 est:
2709 1908 2865 1962 unde
2890 1908 3175 1980 loquendi
3223 1909 3651 1978 consuetudine,
3681 1910 3852 1980 spirare

542 1995 880 2052 auctoritate
938 1995 1354 2068 Redemptoris,
1401 2012 1635 2050 oramus
1687 2002 1748 2051 ut
1791 1997 2175 2052 sanctiﬁcatur
2273 1998 2540 2056 dicuntur
2567 2000 2663 2072 qui
2696 2002 2908 2069 vivunt,
2941 2004 2996 2056 et
3038 2001 3361 2073 exspirasse
3401 2003 3500 2074 qui
3532 2003 3694 2057 vitam
3721 2002 3851 2056 tiuie-

544 2106 755 2147 nomen
779 2090 875 2144 Dei
909 2091 1106 2157 Patris,
1137 2090 1241 2144 hoc
1262 2093 1366 2158 est,
1388 2095 1449 2144 ut
1484 2091 1818 2145 inclarescat
1842 2096 1896 2145 et
1924 2090 2170 2144 illustre-
2275 2097 2426 2148 runt.
2457 2095 2602 2157 Quin
2631 2097 2688 2149 et.
2714 2096 2902 2150 anima
2918 2096 3130 2151 Latinis
3153 2099 3317 2164 [tutus
3349 2096 3582 2164 dicitur,
3597 2097 3661 2151 ad
3688 2096 3852 2151 Grzecte

542 2189 638 2240 tur
679 2184 828 2256 apud
859 2183 1146 2251 homines,
1191 2184 1390 2254 utique
1418 2201 1520 2255 per
1546 2184 1829 2246 homines,
1866 2185 1951 2239 vel
1993 2185 2173 2255 potius
2273 2188 2422 2240 vocis
2469 2188 2872 2258 imitationem,
2921 2191 3016 2260 qui
3075 2196 3298 2245 ventum
3322 2197 3499 2261 ἄνεμον
3529 2194 3734 2246 vocant.
3771 2191 3850 2245 Su-

544 2278 603 2333 in
650 2277 999 2333 hominibus.
1044 2278 1360 2332 lllustratur
1415 2284 1603 2332 autem
1658 2279 1704 2332 si
1745 2279 1984 2349 Spiritus
2028 2279 2174 2333 illius
2274 2297 2376 2351 per
2403 2281 2524 2336 haec
2567 2288 2698 2336 sunt
2730 2283 2788 2337 in
2829 2284 2950 2354 ipso
2980 2284 3210 2338 homine
3256 2283 3608 2339 subtilissimi
3641 2283 3850 2355 Spiritus,

542 2374 747 2444 regnet
776 2371 832 2426 in
856 2372 1038 2438 nobis,
1064 2375 1122 2425 et
1158 2373 1202 2426 si
1248 2373 1396 2425 illius
1423 2373 1704 2426 voluntati
1746 2372 2176 2443 obtemperetur
2273 2376 2492 2429 acorde
2549 2376 2640 2430 ubi
2672 2377 2890 2432 fontem
2942 2377 3160 2432 habent
3211 2379 3394 2448 sparsi
3435 2394 3537 2449 per
3576 2379 3851 2432 universum

545 2466 604 2522 in
637 2465 820 2535 terris,
849 2465 1334 2538 quemadmodum
1365 2465 1422 2518 in
1449 2466 1602 2520 cmlis
1625 2466 1781 2519 nulla
1803 2471 1887 2520 est
1912 2465 2170 2520 rebellio.
2274 2489 2499 2543 corpus,
2551 2467 2644 2522 sed
2697 2467 2976 2537 praecipue
3041 2480 3139 2537 per
3207 2467 3444 2522 arterias
3493 2469 3850 2532 commeantes,

543 2561 823 2626 Quoniam
856 2563 1050 2614 autem
1083 2560 1342 2614 homines
1368 2576 1434 2614 ex
1464 2575 1588 2613 5856
1627 2560 1768 2614 nihil
1813 2560 2025 2614 habent
2058 2559 2169 2614 Vir-
2273 2566 2406 2620 licet
2435 2571 2491 2619 et
2537 2563 2660 2617 aliis
2701 2561 2954 2631 partibus
2999 2559 3265 2614 omnibus
3307 2560 3500 2629 misti;
3533 2561 3590 2614 hi
3632 2561 3671 2614 si
3707 2559 3854 2614 subito

545 2654 703 2723 tutis,
739 2653 1017 2726 quidquid
1046 2670 1148 2725 per
1191 2671 1293 2709 nos
1333 2656 1485 2708 recte
1519 2655 1739 2725 geritur
1781 2653 1929 2709 cedit
1966 2655 2024 2707 in
2055 2655 2175 2724 glo-
2277 2660 2519 2725 evolent,
2549 2661 2792 2711 mortem
2814 2657 3152 2726 prassentem
3177 2653 3467 2708 afferunt:
3498 2653 3583 2708 sin
3608 2653 3854 2708 includan-

545 2753 688 2808 riam
729 2752 845 2822 Dei,
876 2757 933 2806 et
958 2752 1082 2806 ideo
1126 2752 1457 2806 thesaurum
1507 2751 1712 2807 divinas
1753 2753 2022 2824 potentias
2049 2769 2176 2824 pro-
2275 2757 2386 2821 tur,
2417 2753 2566 2806 lenta
2598 2749 2972 2820 aegrotatione
3011 2752 3368 2802 consumunt
3408 2745 3858 2802 hominem.Adest

544 2845 653 2902 mit
679 2846 963 2901 interdum
996 2863 1060 2899 ex
1079 2845 1221 2900 vasis
1242 2844 1434 2918 884
1469 2845 2174 2909 ﬁctilibus;utsublimitas
2274 2852 2330 2901 et
2360 2847 2567 2900 humor
2615 2841 2806 2915 885
2851 2841 2944 2912 qui
2971 2841 3242 2895 naturalis
3263 2883 3276 2904 ,
3317 2857 3518 2911 quem,
3553 2844 3608 2895 ut
3635 2839 3851 2903 arbitror,

547 2942 618 2995 sit
641 2939 864 2995 virtutis
894 2939 1012 3008 Dei,
1042 2944 1099 2994 et
1135 2957 1245 2994 non
1269 2957 1332 2994 ex
1357 2940 1540 2994 nobis.
2272 2939 2478 2995 medici
2515 2938 2789 3010 phlegma
2815 2938 3034 3002 vocant,
3065 2950 3290 3005 sparsus
3309 2938 3365 2988 et
3397 2935 3410 2988 i
3421 2951 3517 3004 pse
3543 2949 3644 3006 per
3670 2933 3849 2987 univer-

617 3035 702 3090 lV.
729 3036 875 3106 Ergo
915 3050 1243 3106 quanquam
1283 3033 1469 3088 omnis
1495 3033 1724 3104 piorum
1754 3033 1870 3088 vita
1899 3033 2172 3106 martyrio
2275 3050 2399 3088 sum
2427 3049 2652 3103 corpus.
2683 3030 2858 3100 Hujus
2909 3045 3078 3083 usum
3122 3044 3421 3099 nunquam
3465 3027 3726 3082 sentimus
3763 3026 3849 3080 evi-

547 3145 650 3185 suo
685 3128 962 3200 glorificat
1001 3128 1178 3182 Deum
1220 3129 1275 3182 et
1309 3127 1594 3182 Christum
1636 3127 1839 3182 Filium
1898 3128 2020 3198 ejus
2054 3129 2171 3182 nul-
2194 3159 2249 3233 Ο
2276 3127 2503 3182 dentius
2535 3141 2707 3198 quam
2750 3125 2804 3178 in
2856 3140 3024 3178 sensu
3053 3125 3289 3194 gustus:
3339 3122 3451 3176 nisi
3493 3122 3641 3177 enim
3682 3121 3762 3174 hic
3783 3119 3852 3173 ad-

546 3221 665 3280 lum
713 3228 906 3276 tamen
939 3226 995 3274 et
1047 3220 1324 3274 illustrius
1369 3218 1760 3274 testimonium
1802 3220 1950 3291 apud
1991 3213 2249 3276 homi-u
2279 3221 2478 3275 mistus
2523 3220 2596 3274 sit
2645 3218 2795 3274 inter
2833 3217 3092 3290 linguam
3135 3222 3193 3270 et
3227 3217 3510 3288 palatum,
3537 3214 3740 3270 nullum
3770 3213 3850 3268 erit

543 3331 668 3384 nes,
699 3331 872 3387 quam
910 3313 1221 3384 sanguinis,
1255 3313 1363 3368 hoc
1415 3316 1502 3368 est
1545 3313 1674 3368 vitae
1729 3320 1958 3385 propter
1997 3316 2176 3369 Deum
2279 3315 2455 3386 palati
2487 3313 2793 3385 judicium.
2836 3313 2903 3365 Et
2947 3314 3139 3365 tamen
3181 3310 3302 3365 haec
3340 3309 3422 3364 sic
3464 3309 3628 3364 mista
3666 3311 3776 3362 sunt
3807 3307 3849 3360 in

549 3411 898 3480 contemptae
925 3411 978 3462 et
1007 3407 1202 3461 mortis
1239 3406 1460 3462 fortiter
1486 3407 1756 3462 tolerate.
1789 3407 2181 3464 Reddiderunt
2296 3408 2547 3476 homine,
2575 3411 2638 3462 ut
2667 3423 2778 3460 non
2809 3405 2883 3460 sit
2901 3403 3129 3476 sanguis
3154 3403 3370 3475 absque
3400 3402 3611 3475 Spiritu
3632 3402 3852 3474 etphleg-

550 3509 610 3560 et
647 3502 924 3556 miracula
958 3500 1354 3555 testimonium
1379 3499 1585 3556 divinae
1608 3501 1900 3573 potentiae,
1933 3519 2198 3573 praesen"
2281 3508 2453 3570 male,
2514 3507 2570 3555 et
2623 3499 2838 3570 pariter
2879 3497 2952 3552 ad
3009 3497 3286 3552 tuendam
3356 3497 3534 3552 vitam
3599 3496 3852 3551 conferunt

545 3599 649 3656 tim
691 3596 838 3668 apud
881 3594 1204 3670 incredulos
1244 3610 1258 3649 :
1291 3611 1423 3649 nam
1461 3595 1550 3649 his
1602 3596 1824 3666 proprie
1877 3596 2010 3650 data
2050 3601 2179 3652 sunt
2279 3595 2496 3650 omnia.
2527 3594 2797 3648 Videmus
2851 3591 3084 3663 quodvis
3115 3591 3325 3645 animal
3365 3591 3513 3646 mori
3540 3590 3850 3658 simulatque

551 3695 739 3764 signa,
795 3688 1283 3761 quemadmodum
1344 3688 1541 3743 scribit
1586 3687 1785 3743 beatus
1844 3690 2176 3760 Apostolus;
2281 3689 2510 3760 sanguis
2564 3685 2990 3755 efﬂuxerit;et,
3046 3691 3390 3756 consumpto
3435 3686 3670 3740 humore
3717 3697 3850 3754 quem

548 3786 646 3842 sed
702 3799 928 3855 semper
960 3781 1244 3838 efficacius
1288 3783 1394 3837 fuit
1437 3782 1732 3854 sanguinis
1771 3783 1988 3854 profusi
2027 3782 2180 3838 testi-
2280 3781 2488 3839 medici
2513 3782 2807 3836 radicatam
2859 3768 3078 3848 vocant,
3101 3795 3218 3834 non
3240 3779 3409 3833 aliter
3459 3779 3689 3834 moritur
3721 3776 3852 3830 homo

555 3879 839 3936 monium.
887 3878 1033 3942 Quot
1075 3875 1298 3932 morbos
1347 3876 1694 3932 insanabiles
1737 3876 1913 3932 verbo
1953 3884 2181 3932 sanarat
2280 3891 2452 3948 quam
2509 3872 2885 3945 exstinguitur
2932 3873 3163 3928 lucerna
3219 3875 3561 3944 consumpto
3603 3871 3729 3926 oleo.
3771 3865 3853 3922 Sed

550 3969 848 4030 Dominus!
895 3977 1033 4042 quot
1085 3986 1262 4025 caseos
1325 3967 1670 4026 illustraratl
1729 3973 1874 4043 quot
1925 3989 2177 4041 mancos,
2279 3969 2522 4024 nimium
2551 3969 2646 4023 diu
2686 3983 2981 4022 moramur
3023 3966 3080 4021 in
3129 3965 3615 4037 contemplatione
3640 3966 3851 4022 natura;

547 4067 890 4140 paralyticos
915 4083 980 4120 ac
1009 4064 1223 4120 debiles
1253 4063 1575 4120 restituerat
1599 4064 1612 4118 l
1636 4069 1777 4136 quot
1799 4065 2086 4120 exanimes
2109 4066 2178 4121 ad
2281 4063 2436 4136 quod
2467 4069 2661 4118 tamen
2691 4079 2808 4117 non
2843 4061 3123 4117 inutiliter
3148 4060 3364 4115 factum
3381 4061 3584 4132 opinor
3601 4056 3851 4120 anobis,ut

546 4159 717 4216 vitam
749 4158 1074 4216 revocaret!
1105 4159 1172 4212 Et
1200 4165 1388 4213 tamen
1419 4158 1579 4229 pauci
1612 4159 1918 4214 credebant
1950 4159 2008 4214 in
2024 4177 2176 4228 eum,
2279 4157 2581 4213 dilucidius
2608 4157 2704 4211 ﬁat
2729 4155 2994 4210 charitati
3030 4157 3236 4208 vestrm
3269 4153 3601 4226 mysterium
3643 4168 3693 4206 ll]
3733 4147 3852 4218 cujus

551 4261 606 4310 et
649 4254 914 4309 audiebat
972 4269 986 4306 :
1037 4255 1102 4306 In
1149 4252 1440 4308 Beelzebub
1469 4253 1623 4322 ejecit
1667 4253 1935 4309 daemonia
2004 4254 2176 4324 (Luc.,
2279 4251 2763 4324 contemplatione
2795 4249 2924 4305 ideo
2964 4265 3258 4303 versamur
3312 4247 3616 4316 lubentius,
3646 4245 3763 4317 quia
3791 4256 3851 4294 sa-

548 4346 1090 4417 11,15).Cavterum,
1123 4344 1222 4398 ubi
1279 4350 1512 4399 ventum
1558 4351 1641 4400 est
1695 4346 1766 4401 ad
1815 4347 2174 4418 sanguinem,
2279 4345 2517 4401 lubrius.
2548 4345 2684 4399 Nam
2721 4344 2888 4415 juxta
2936 4346 3155 4398 naturae
3204 4342 3725 4406 considerationem,
3751 4340 3850 4390 tunc

549 4439 936 4511 ibidejectum
970 4442 1057 4494 est
1108 4439 1333 4494 Satanas
1374 4455 1642 4509 regnum,
1672 4439 1749 4494 ibi
1805 4440 2066 4496 subactus
2095 4445 2182 4496 est
2280 4441 2385 4494 ista
2413 4455 2686 4510 magnam
2715 4437 2830 4492 vim
2863 4424 3071 4492 habent
3106 4453 3235 4492 cum
3259 4436 3317 4490 in
3356 4437 3482 4491 vivo
3533 4447 3743 4506 corpore
3775 4441 3848 4482 sua

549 4535 816 4592 mundus.
856 4537 1282 4591 Commemorat
1311 4539 1366 4588 et
1399 4535 1649 4588 Joannes
1681 4533 2031 4606 evangelista
2075 4537 2176 4591 tri-
2197 4529 2256 4602 D
2280 4534 2476 4588 munia
2513 4536 2816 4605 peragunt,
2845 4548 2930 4599 ac,
2946 4532 3109 4602 juxta
3135 4531 3434 4602 mysticam
3461 4522 3843 4602 philosophiam,

549 4631 678 4703 plex
704 4629 764 4684 in
809 4634 964 4684 terra
1000 4627 1411 4696 testimonium,
1459 4626 1725 4699 Spiritus,
1755 4644 1902 4701 aqua
1956 4633 2010 4683 et
2048 4646 2176 4685 san-
2278 4633 2415 4684 tunc
2440 4627 2671 4683 demum
2718 4627 3033 4698 plurimum
3075 4625 3263 4679 valent
3308 4641 3439 4680 cum
3481 4638 3676 4696 corpus
3722 4617 3845 4672 relin-

552 4724 695 4796 guis,
730 4722 885 4794 quod
931 4721 1390 4777 efficacissimum
1421 4727 1506 4776 est
1546 4728 1833 4793 postremo
1878 4739 2180 4780 recensens
2278 4727 2478 4794 quunt,

547 4818 688 4874 loco.
733 4817 1008 4889 Spiritum
1062 4817 1119 4871 in
1173 4816 1449 4871 columba
1503 4816 1688 4887 specie
1743 4816 2177 4874 descendentem
2353 4819 2440 4872 VI.
2486 4818 2664 4872 Nemo
2704 4815 2941 4870 miratus
2983 4820 3068 4871 est
3108 4816 3414 4872 Dominum
3453 4814 3692 4870 humano
3724 4817 3840 4862 more

549 4926 724 4986 super
773 4913 964 4967 Jesum
1013 4910 1200 4965 videre
1250 4909 1462 4965 meruit
1503 4911 1748 4964 Joannes
1796 4911 2080 4982 Baptista;
2108 4930 2180 4968 an
2281 4911 2590 4983 spirantem
2617 4928 2679 4964 ac
2721 4911 3131 4981 respirantem:
3171 4911 3288 4976 sed,
3329 4925 3464 4964 cum
3504 4908 3559 4962 in
3588 4919 3733 4960 cruce
3756 4897 3838 4952 cla-

547 5005 643 5062 alii
719 5004 965 5059 viderint
1029 5004 1332 5059 incertum.
1385 5007 1549 5061 Certe
1610 5003 1718 5058 hoc
1789 5004 2176 5062 testimonium
2281 4989 2444 5060 more
2486 5004 2675 5061 valido
2703 5005 2984 5060 emisisset
3021 5005 3310 5077 spiritum,
3341 5004 3507 5058 simul
3544 4998 3838 5056 intellectum

547 5098 749 5158 Joanni
780 5099 975 5153 datum
997 5099 1101 5165 est,
1160 5114 1275 5170 quo
1328 5097 1618 5152 desineret
1659 5097 1919 5153 dubitare
1953 5096 2022 5154 de
2071 5101 2176 5155 Do-
2279 5102 2362 5154 est
2385 5099 2542 5153 illum
2566 5104 2622 5154 et
2647 5115 2840 5153 verum
2871 5098 3044 5154 fuisse
3090 5099 3381 5153 hominem
3413 5100 3472 5151 et
3503 5109 3683 5150 verum
3704 5089 3838 5142 Deum

550 5193 710 5248 mino
741 5193 870 5247 Jesu
913 5209 984 5247 an
1017 5191 1114 5247 ille
1158 5196 1307 5247 esset
1361 5192 1460 5263 qui
1517 5191 1833 5263 baptizaret
1863 5192 2074 5264 Spiritu
2122 5200 2216 5250 et.
2280 5193 2592 5261 hominem,
2621 5194 2770 5266 quod
2790 5194 2948 5265 juxta
2985 5198 3205 5249 natura:
3245 5192 3505 5248 ordinem
3531 5195 3583 5246 et
3626 5184 3711 5242 ubi
3733 5180 3840 5235 vita-

550 5283 695 5358 igni.
727 5288 903 5358 Aquas
949 5283 1338 5341 testimonium
1378 5284 1519 5339 vidit
1545 5284 1784 5341 Joannes
1814 5288 2176 5358 evangelista,
2287 5287 2398 5343 lem
2448 5288 2648 5342 flatum
2698 5289 2997 5358 emisisset,
3035 5275 3218 5343 desiit
3245 5288 3462 5356 vivere;
3499 5287 3682 5348 Deum,
3717 5269 3836 5349 quod

545 5390 656 5437 nec
705 5380 842 5435 satis
898 5382 1122 5435 constat
1155 5379 1381 5434 solusne
1429 5378 1658 5448 viderit,
1675 5395 1747 5433 an
1792 5395 1923 5436 cum
1966 5371 2175 5438 multis.
2279 5381 2449 5438 simul
2475 5397 2603 5436 cum
2633 5383 2856 5455 ingenti
2883 5384 3130 5439 clamore
3175 5387 3434 5439 mortuus
3476 5386 3575 5449 est,
3598 5376 3836 5433 declarans

551 5474 692 5530 Erat
713 5473 949 5547 quidem
993 5473 1101 5528 hoc
1143 5473 1351 5547 ingens
1403 5473 1740 5545 mysterium
1791 5474 1932 5531 sacri
1975 5476 2180 5532 lavacri
2279 5493 2339 5532 se
2379 5479 2664 5534 volentem
2693 5495 2757 5534 ac
2777 5485 3158 5552 spontaneum
3179 5478 3471 5554 deponere
3500 5480 3678 5544 vitam,
3718 5466 3834 5545 quod

1945 5609 2294 5676 Variorum
2325 5619 2525 5678 notae.

608 5709 806 5794 (itaut
833 5709 949 5763 ideo
977 5725 1141 5794 unum
1177 5713 1431 5794 dicuntur
1459 5729 1579 5794 esse,
1613 5721 1720 5794 atq.
1749 5713 2182 5794 Nimirumcon-
2280 5722 2454 5785 aliter,
2483 5723 2552 5774 de
2593 5725 2805 5778 unitate
2839 5724 3031 5791 Patris,
3064 5723 3188 5789 Filii
3225 5729 3281 5780 et
3314 5725 3541 5794 Spiritus
3580 5721 3731 5794 sancti
3766 5717 3830 5767 in-

545 5785 714 5859 gentit
738 5785 863 5859 haec
898 5786 1168 5859 expositio
1192 5785 1642 5840 adnotationibus
1672 5787 1908 5850 Erasmi,
1939 5791 1996 5842 in
2030 5791 2182 5843 hunc
2279 5795 2625 5859 terpretatur,
2657 5797 2798 5849 libro
2825 5799 2891 5852 de
2923 5785 3462 5854 Unithcclssia-Sic
3479 5800 3632 5852 etiam
3652 5792 3731 5846 alii
3753 5799 3829 5841 νϐ’

543 5855 808 5926 Epistolas
837 5857 1069 5911 Joannis
1112 5858 1326 5923 locum;
1357 5860 1475 5926 ipse
1501 5874 1632 5914 vero
1666 5860 1980 5929 Cyprianus
2018 5863 2181 5931 longe
2280 5855 2440 5920 teres.
2469 5855 2688 5923 Passa.
