4012 6194
134 288 242 347 96$

1420 288 1507 349 DE
1544 285 1811 352 DUPLlCl
1851 288 2219 351 MARTYRIO.

3389 302 3490 368 966

132 415 523 469 humanarum
571 413 775 470 virium
828 428 994 470 nemo
1024 417 1202 471 nescit
1244 435 1354 472 non
1388 435 1530 473 esse.
1581 420 1767 474 Sensit
1790 421 2065 503 Atribuit
2108 422 2522 489 testimonium,
2565 418 2797 481 dicens:
2845 423 2976 484 Ecce
3017 442 3193 500 dgnus
3234 436 3347 496 Dei,
3383 452 3493 490 ecce

132 508 338 562 efﬁcax
389 508 777 563 testimonium
824 510 1067 581 Spiritus
1107 511 1321 565 vicinus
1364 514 1658 581 centurio;
1691 515 1766 568 sic

130 603 289 658 enim
332 607 522 656 narrat
550 602 751 657 beatus
786 604 999 657 Marcus
1034 621 1047 657 :
1084 604 1285 660 Videas
1322 613 1499 660 autem
1529 610 1767 662 ccutzuio

128 700 233 766 qui
260 714 327 753 ea:
351 697 575 751 adverso
604 698 810 760 stabat,
842 699 973 766 quia
997 700 1072 753 sic
1097 702 1442 767 exspirasset,
1473 703 1551 753 ait
1587 719 1599 755 :
1640 703 1771 755 Vere

128 791 218 844 hic
246 791 399 845 homo
428 792 596 845 Filius
625 793 720 846 Dei
752 796 869 845 erat
898 793 1111 859 (Mam,
1145 808 1235 857 xv,
1270 793 1380 863 39).
1410 794 1555 856 Quid
1588 801 1768 848 morte

128 883 410 953 abjectius
440 884 603 954 juxta
630 884 905 938 carnem?
930 884 1028 938 sed
1076 885 1216 939 nihil
1262 891 1439 940 morte
1483 888 1768 957 potentius

123 978 287 1044 juxta
317 977 615 1047 Spiritum.
650 978 783 1031 Erat
811 984 866 1031 et
896 977 1035 1032 illud
1066 983 1273 1048 printer
1294 983 1507 1033 natura:
1538 996 1766 1034 cursum

128 1071 283 1140 quod
330 1087 361 1123 e
404 1070 585 1124 latere
627 1070 935 1125 exanimati
983 1072 1231 1141 corporis
1266 1073 1495 1142 sanguis
1526 1076 1580 1125 et
1619 1090 1768 1143 aqua

128 1164 388 1233 protluit,
413 1167 473 1217 ut
492 1163 878 1219 absolveretur
900 1164 1099 1236 triplex
1128 1166 1539 1221 testimonium.
1564 1168 1764 1222 Totum

128 1257 336 1310 ell'udit
364 1258 623 1328 spiritum
650 1264 714 1310 ut
741 1274 842 1311 nos
876 1259 1283 1328 respiraremus
1308 1278 1319 1314 :
1346 1259 1622 1330 quidquid
1645 1264 1767 1313 erat

126 1350 389 1403 humoris
418 1350 583 1420 aquei
612 1351 922 1421 reliquum,
951 1351 1247 1423 expressit,
1282 1358 1342 1407 ut
1371 1369 1472 1405 nos
1502 1353 1762 1407 abluere-

127 1461 262 1498 mur
289 1460 302 1497 :
336 1442 613 1515 quidquid
650 1443 935 1499 resederat
966 1444 1019 1499 in
1048 1445 1214 1499 corde
1243 1445 1559 1516 sanguinis,
1584 1447 1770 1501 emisit

125 1542 190 1590 ut
222 1554 329 1591 nos
346 1536 839 1591 confirmaremur.
857 1540 1041 1609 Atque
1059 1538 1212 1591 haud
1236 1538 1349 1592 scio
1371 1556 1438 1591 an
1463 1555 1761 1609 perperam

128 1631 332 1685 faciam
364 1630 485 1683 hinc
516 1630 622 1683 tria
653 1630 801 1685 inter
825 1648 886 1684 se
916 1632 1236 1698 conferens,
1260 1648 1386 1686 cum
1420 1632 1532 1685 sint
1562 1649 1764 1699 unum,

130 1740 248 1777 non
285 1729 514 1787 natura,
545 1723 643 1777 sed
677 1724 735 1777 in
766 1725 1059 1795 mysterio.
1094 1725 1147 1779 Si
1178 1742 1289 1795 qua
1326 1729 1511 1779 tamen
1544 1732 1627 1779 est
1654 1727 1762 1779 dis-

1868 518 1965 585 qui
1996 517 2137 569 tollit
2162 522 2439 584 peccatum
2469 521 2661 573 mundi
2691 522 2764 591 (7)
2794 524 2995 593 (lo/111.,
3026 542 3062 590 ι,
3091 528 3201 595 29).

1944 611 2077 663 Vlll.
2108 610 2233 664 Plus
2264 617 2342 663 est
2380 612 2580 665 tollere
2611 620 2903 681 peccatum
2948 634 3120 687 quam
3163 628 3407 691 peccata,
3435 626 3492 677 et

1870 708 2169 774 peccatum
2202 722 2316 757 non
2362 705 2530 775 hujus
2568 712 2665 759 aut
2708 708 2874 772 illitis,
2907 712 3001 765 sed
3035 714 3247 769 mundi.
3277 717 3492 787 Corpus

1872 798 2026 850 enim
2064 798 2278 867 peccati
2330 800 2611 853 mundum
2644 802 2970 857 universum
3002 812 3307 875 occuparat
3338 828 3351 863 :
3384 810 3490 865 hoc

1870 907 1973 959 per
2026 891 2310 946 Christum
2367 909 2490 946 csse
2538 894 2844 959 sublatum,
2894 899 3125 967 sanguis
3175 900 3348 969 ipsius
3387 920 3490 973 pro

1870 986 2032 1037 nobis
2083 985 2294 1038 cll‘usus
2336 987 2523 1041 reddit
2569 988 2799 1042 evidens
2842 990 3249 1059 testimonium,
3293 995 3492 1049 melius

1869 1096 1973 1149 pro
2004 1080 2167 1133 nobis
2199 1082 2463 1149 loquens,
2497 1085 2560 1133 ut
2592 1081 2775 1152 inquit
2806 1085 3121 1153 Apostolus,
3157 1102 3328 1156 quam
3360 1105 3487 1143 san-

1870 1172 1997 1241 guis
2026 1173 2183 1226 Abel.
2212 1173 2501 1243 Siquidem
2537 1175 2661 1241 ille,
2688 1176 2943 1229 clamans
2982 1178 3049 1231 de
3090 1184 3259 1243 terra,
3304 1181 3495 1252 loque-

1866 1265 2037 1319 batur
2089 1266 2393 1321 vindictam
2455 1283 2467 1321 :
2529 1274 2585 1321 at
2641 1270 2843 1323 Christi
2897 1273 3147 1341 sanguis,
3206 1274 3273 1327 de
3328 1293 3492 1330 cruce

1868 1360 2147 1423 clamans,
2180 1377 2378 1431 pacem
2416 1363 2666 1434 loquitur
2696 1369 2752 1417 et
2782 1366 3316 1422 reconciliationem.
3347 1369 3495 1432 Quin

1868 1452 2023 1508 idem
2069 1454 2325 1524 sanguis,
2368 1457 2640 1526 quoniam
2684 1474 2716 1511 a
2761 1457 2923 1511 nobis
2968 1458 3196 1527 bibitur,
3240 1462 3282 1515 si
3327 1463 3493 1517 modo

1869 1546 2043 1618 digne
2075 1548 2307 1617 bibitur,
2340 1550 2549 1604 clamat
2578 1551 2635 1604 in
2666 1551 2931 1605 cordibus
2960 1553 3165 1606 nostris
3196 1555 3363 1609 veiba
3393 1573 3491 1627 pa-

1868 1641 2022 1695 cifica
2038 1647 2094 1695 et
2116 1642 2295 1697 solatii
2322 1644 2511 1714 plena.
2533 1645 2597 1698 Et
2615 1644 2729 1698 illic
2751 1645 2949 1715 triplex
2973 1651 3059 1699 est
3079 1647 3491 1719 testimonium,

1868 1734 1999 1788 licet
2027 1735 2266 1805 spiritali
2311 1738 2559 1807 quodam
2603 1738 2800 1792 modo.
2842 1740 3059 1793 Clamat
3100 1739 3363 1809 Spiritus,
3397 1744 3493 1814 qui

133 1818 337 1882 crctio,
372 1816 605 1887 sanguis
636 1816 689 1870 in
723 1817 1115 1872 testimonium
1150 1820 1369 1873 ratione
1410 1818 1764 1889 potissimum
1792 1824 1845 1895 Β
1876 1828 2037 1882 nobis
2068 1829 2411 1883 ari-habenis
2438 1830 2565 1885 loco
2594 1832 2755 1886 datus
2787 1840 2871 1886 est
2903 1852 2916 1888 ε
2955 1835 3113 1888 Abba
3134 1842 3313 1904 pater,
3347 1841 3494 1892 ιεεεί.

126 1910 489 1977 celebratur,
529 1911 678 1980 quod
726 1911 779 1964 in
812 1910 921 1965 hoc
960 1911 1250 1982 Scriptura
1280 1916 1517 1966 testatur
1546 1928 1663 1967 esse
1690 1913 1766 1965 vi-
1869 1924 3493 2001 ﬁcunsquodsumusﬁliiDei(Rom.,vm,16).Clamataqua,

129 2010 249 2057 tam
286 2004 622 2067 animantis,
649 2010 703 2057 et
725 2003 797 2058 ob
817 2005 872 2057 id
898 2022 928 2057 a
951 2004 1093 2058 cibis
1116 2006 1561 2059 submovehatur
1584 2006 1769 2060 edicto
1874 2032 1974 2085 per
2000 2032 2174 2086 quam
2210 2018 2387 2070 renati
2412 2034 2627 2086 sumus,
2655 2019 2810 2089 quod
2831 2020 3157 2075 ςοηάοηιιίε
3180 2028 3311 2076 sum
3332 2024 3498 2078 nobis

141 2097 304 2167 legis.
331 2098 613 2150 Praeterea
637 2096 815 2167 magis
838 2103 921 2150 est
955 2098 1240 2167 expositus
1268 2099 1565 2153 hominum
1596 2101 1771 2152 oculis
1874 2109 2068 2163 omnia
2091 2114 2317 2179 peccata
2341 2129 2356 2173 ς
2384 2114 2443 2163 et,
2463 2111 2505 2164 si
2528 2110 2655 2181 quis
2676 2111 2861 2166 adhuc
2882 2113 3120 2181 dubitat,
3146 2116 3360 2171 accedit
3380 2135 3501 2173 san-

136 2192 374 2261 sanguis
400 2206 571 2260 quam
604 2190 836 2260 spiritus
862 2194 959 2244 aut
985 2208 1149 2261 aqua.

202 2286 315 2338 VII.
362 2286 480 2338 Vita
529 2284 767 2352 Domini,
812 2284 905 2356 qui
952 2301 1208 2339 summus
1252 2285 1358 2338 fuit
1408 2290 1628 2356 martyr
1675 2288 1768 2356 (ES),

127 2378 343 2450 quique
372 2381 429 2430 et
453 2376 621 2431 hodie
648 2380 867 2448 pugnat
901 2383 957 2432 et
993 2377 1162 2432 vincit
1184 2378 1237 2431 iu
1270 2380 1613 2449 martyribus
1642 2380 1769 2449 plu-

132 2471 317 2537 rimis,
350 2472 457 2525 fuit
487 2471 853 2525 oﬂ‘endiculo.
878 2472 998 2525 Non
1014 2472 1130 2541 jam
1154 2473 1353 2542 loquor
1380 2472 1449 2525 dc
1480 2473 1772 2527 Pliarismis

131 2573 186 2619 et
238 2566 473 2632 Scribis,
524 2564 659 2635 ipsis
705 2566 876 2619 etiam
931 2566 1191 2635 cognatis
1238 2582 1303 2619 ac
1350 2566 1617 2619 fratribus
1666 2567 1774 2621 fuit

130 2658 501 2725 detestabilis,
529 2676 655 2712 cum
686 2658 940 2712 dicereut
968 2659 1124 2713 illum
1152 2659 1208 2713 in
1228 2659 1479 2714 furorem
1506 2677 1767 2726 versum;

130 2758 231 2813 sed
282 2774 437 2811 mors
478 2757 628 2811 illius
665 2774 777 2810 non
838 2759 1019 2811 solum
1076 2758 1200 2828 piis,
1235 2757 1331 2812 sed
1381 2758 1569 2829 impiis
1602 2759 1771 2813 etiam

132 2852 239 2906 fuit
277 2851 651 2917 admirabilis,
680 2848 872 2922 886
898 2868 1000 2905 nec
1044 2851 1176 2905 alibi
1206 2852 1384 2922 magis
1410 2868 1602 2905 verum
1642 2853 1768 2917 fuit,

132 2946 284 3016 quod
318 2947 417 2999 Dei
450 2946 626 2998 virtus
664 2947 721 2998 in
757 2947 1070 3013 inﬁrmitate
1088 2948 1369 3015 perﬁcitur
1401 2947 1461 3007 (ll
1492 2945 1634 3012 Con,
1678 2963 1770 3012 xu,

135 3042 210 3103 9).
253 3040 330 3093 Ibi
381 3038 555 3091 fracta
588 3043 673 3091 est
714 3040 935 3091 Satanas
973 3039 1242 3109 tyrannis,
1290 3038 1363 3093 ibi
1414 3039 1618 3093 devicti
1645 3046 1775 3093 sunt

137 3133 330 3198 inferi,
358 3130 439 3186 ibi
468 3131 885 3204 triumphatum
918 3139 1003 3186 est
1028 3133 1097 3186 de
1130 3132 1374 3199 diabolo,
1419 3132 1490 3186 ibi
1523 3133 1774 3203 dejectus
1801 3185 1848 3204 η
1875 3154 1939 3192 ac
1992 3137 2133 3191 filios
2181 3139 2285 3192 Dei

1873 2203 2059 2272 guinis
2080 2203 2487 2271 testimonium,
2512 2206 2803 2259 clamantis
2828 2222 2839 2259 :
2867 2206 3014 2270 Quid
3042 2207 3224 2262 adhuc
3246 2209 3496 2279 hmsitas,

1871 2295 2009 2366 quid
2048 2295 2234 2350 adhuc
2276 2298 2489 2367 pavitas
2522 2301 2827 2369 tyrannum
2857 2300 3179 2356 Satanam?
3208 2319 3337 2358 ecce
3369 2321 3497 2375 pre-

1873 2388 2014 2442 tium
2040 2406 2155 2460 quo
2180 2398 2230 2445 te
2252 2392 2497 2446 redemit
2518 2392 2617 2445 Dei
2640 2392 2827 2447 Filius.
2854 2394 2966 2447 Nisi
2988 2400 3041 2448 te
3063 2395 3277 2450 salvum
3302 2398 3504 2454 voluis-

1872 2490 1956 2536 set
1970 2483 2256 2549 Deus,non
2272 2486 2961 2557 tradidissetUnigenitum
2977 2505 3143 2542 suum
3158 2488 3215 2543 in
3231 2494 3498 2549 mortem.

1943 2577 2024 2629 IX.
2088 2580 2248 2634 Nemo
2296 2579 2549 2647 majorem
2596 2580 2918 2635 charitatem
2973 2582 3169 2644 habet,
3221 2600 3388 2653 quam
3440 2591 3500 2642 ut

1875 2672 2113 2724 animum
2131 2687 2285 2725 suam
2325 2678 2497 2742 ponat
2533 2689 2633 2742 pro
2669 2675 2854 2727 amicis
2897 2677 3010 2729 suis
3042 2676 3238 2744 (Joan.,
3269 2694 3355 2745 xv,
3390 2680 3497 2749 t3).

1873 2764 1927 2819 Si
1955 2780 2070 2819 non
2097 2770 2182 2820 est
2203 2765 2385 2835 majus
2406 2765 2629 2819 eximias
2653 2766 3063 2823 benevolentiae
3084 2768 3496 2840 testimonium,

1874 2874 2044 2929 quam
2085 2859 2129 2911 si
2177 2858 2304 2930 quis
2345 2858 2515 2913 vitam
2562 2859 2855 2931 impertiat
2905 2862 3108 2930 amico,
3149 2864 3372 2934 gravius
3415 2869 3502 2919 est

1878 2951 2151 3006 Dominici
2198 2952 2494 3021 sanguinis
2532 2954 2943 3021 testimonium,
2975 2955 3075 3026 qui
3115 2973 3216 3026 pro
3258 2956 3502 3013 inimicis

1876 3044 2090 3098 etl‘usus
2116 3050 2220 3099 est.
2248 3044 2437 3118 887
2467 3046 2687 3102 Etfusus
2717 3064 2819 3118 pro
2850 3048 3110 3118 inimicis,
3132 3049 3269 3105 fecit
3292 3052 3504 3107 amicos

2330 3156 2343 3193 :
2395 3143 2563 3210 atque
2605 3147 2668 3194 ut
2715 3142 3139 3197 consideremus
3184 3144 3332 3199 hanc
3379 3146 3503 3201 fore

138 3185 150 3187 _
321 3185 330 3198 ,
500 3185 507 3186 ,
651 3185 666 3204 ,
699 3185 702 3186 ν
741 3185 758 3186 η
1039 3185 1087 3186 η
1333 3185 1374 3199 κ,
1423 3185 1431 3186 κ
1533 3185 1542 3187 -
1590 3185 1726 3203 ,ηρ
1877 3185 1937 3192 ,-
1992 3185 2131 3191 -.-η-
2181 3185 2285 3192 _--
2331 3185 2343 3193 .
2396 3185 2562 3210 ---γυ
2609 3185 2668 3194 ι.-
2716 3185 3139 3197 νν..-...ν.ν.....υ
3184 3185 3332 3199 ...μιν
3380 3185 3503 3201 ..μυ

136 3244 322 3293 orcus,
372 3226 577 3279 coelum
634 3233 916 3296 apertum.
970 3226 1251 3280 Nimirum
1306 3227 1410 3281 hoc
1466 3232 1589 3280 erat
1624 3185 2216 3303 quodeerpetuam
2261 3232 2596 3302 amicitiam,
2626 3234 2853 3306 reliquit
2883 3234 3043 3290 nobis
3069 3236 3345 3292 edendam
3378 3253 3503 3293 car-

140 3321 389 3375 instante
432 3320 632 3373 mortis
692 3326 949 3390 tempore
1002 3321 1414 3390 deprecabatur
1460 3320 1770 3375 Dominus:

138 3421 319 3479 Pater,
363 3418 603 3484 clariﬁca
654 3418 827 3486 ﬁlium
870 3423 1041 3480 tuam,
1087 3423 1147 3471 ut
1183 3419 1330 3486 ﬁlius
1368 3423 1491 3473 tuus
1521 3418 1777 3487 clariﬁcet

141 3521 187 3567 te
218 3515 426 3581 μανι..
445 3528 574 3579 xvu,
596 3515 665 3577 l).
686 3511 830 3576 Quid
854 3511 1084 3566 homine
1107 3515 1333 3567 mortuo
1363 3511 1779 3582 contemptius?

136 3612 273 3676 Quis
326 3610 484 3664 enim
532 3610 620 3663 vel
668 3612 949 3666 Cmsarem
1006 3616 1294 3664 mortuum
1350 3609 1621 3664 metuat?
1672 3610 1780 3665 Sed

138 3703 354 3759 Christi
380 3707 567 3757 morte
599 3704 733 3774 quid
766 3703 1086 3758 efﬁcacius?
1118 3704 1306 3759 Velum
1347 3706 1534 3774 templi
1561 3707 1782 3760 scissum

139 3807 213 3855 est
262 3815 298 3853 a
346 3812 553 3853 summa
599 3814 766 3868 usque
815 3799 888 3853 ad
934 3801 1121 3860 imum,
1168 3802 1313 3853 terra
1362 3814 1633 3853 concussa
1677 3803 1781 3865 est,

141 3909 279 3946 saxa
311 3890 541 3945 discissa
575 3895 725 3959 sunt,
764 3897 957 3963 aperta
988 3895 1120 3947 sunt
1150 3897 1541 3959 monumenta,
1572 3892 1787 3947 revixe~

144 3990 285 4041 runt
315 3987 669 4061 sepultorum
705 4002 966 4057 corpora,
1000 3986 1083 4040 sol
1119 3985 1304 4041 medio
1331 3986 1422 4040 die
1454 3985 1672 4040 obtexit
1701 3986 1784 4041 fa-

140 4084 293 4138 ciem
341 4098 504 4136 suam
549 4079 790 4152 (Matth.,
830 4079 1019 4149 xxvu).
1064 4080 1362 4151 Nunquam
1410 4096 1513 4151 per
1547 4095 1782 4135 omnem

142 4177 326 4231 vitam
380 4174 562 4244 magis
617 4172 927 4228 declaravit
980 4173 1293 4243 potentiam
1346 4189 1507 4227 suam
1560 4189 1573 4226 :
1633 4189 1783 4241 mox,

143 4270 412 4325 refractis
444 4267 714 4322 omnibus
753 4267 954 4321 mortis
987 4267 1290 4339 repagulis,
1323 4266 1509 4321 vivum
1542 4283 1599 4321 se
1628 4265 1787 4321 disci-

143 4364 298 4436 pulis
348 4362 623 4417 exhibuit.
668 4361 945 4415 Nimirum
1004 4360 1107 4413 hoc
1155 4364 1239 4415 est
1280 4360 1480 4415 efficax
1519 4360 1655 4415 illud
1696 4377 1782 4414 sa-

142 4456 433 4514 crosancti
483 4454 777 4525 sanguinis
820 4453 1239 4521 testimonium,
1274 4454 1368 4525 qui
1410 4454 1560 4508 solus
1607 4454 1790 4525 potuit

1881 3342 2011 3379 nem
2060 3342 2241 3393 suam,
2276 3326 2508 3397 reliquit
2538 3326 2848 3383 bibendum
2895 3330 3267 3400 sanguinem;
3306 3336 3367 3386 ut
3401 3347 3506 3403 per

1879 3418 2075 3473 eadem
2108 3419 2403 3473 aleremur
2428 3437 2531 3491 per
2556 3437 2683 3492 quas
2714 3438 2915 3476 sumua
2944 3423 3248 3494 redempti.
3272 3424 3507 3496 Sangui-

1883 3512 1970 3566 nis
2000 3513 2325 3583 aspersione
2343 3513 2741 3570 conﬁrmatum
2767 3519 2853 3570 est
2873 3518 3040 3571 Vetus
3057 3518 3509 3588 Testamentum,

1884 3605 2375 3676 quemadmodum
2398 3608 2469 3662 ad
2498 3609 2763 3664 Hebraeos
2784 3610 3031 3665 scribens
3051 3612 3320 3682 pmclare
3345 3612 3511 3669 docet

1882 3698 2241 3755 beatissimus
2272 3702 2481 3757 Paulus
2511 3719 2524 3756 :
2559 3702 2768 3759 Christi
2805 3704 3078 3774 sanguine
3106 3704 3511 3775 consignatum

1884 3799 1939 3848 et
1965 3794 2399 3851 corroboratum
2443 3799 2527 3850 est
2558 3797 2775 3852 Novum
2808 3798 3253 3868 Testamentum,
3284 3801 3390 3855 huc
3426 3807 3512 3858 est

1886 3891 2289 3943 testamentum
2318 3894 2375 3943 et
2411 3896 2637 3960 pactum
2682 3890 2882 3961 gratiae
2912 3896 2971 3945 et.
2998 3891 3347 3947 remissionis
3372 3910 3507 3965 pec-

1885 3984 2169 4045 catorum,
2200 3998 2299 4052 per
2335 3982 2679 4053 sanguinem
2721 3984 2869 4054 Agni
2915 3983 3279 4053 immaculati,
3312 3986 3407 4057 qui
3451 3988 3509 4042 iu

1886 4092 1944 4128 se
1981 4075 2235 4146 recipere
2284 4074 2553 4146 dignatus
2604 4080 2689 4132 est
2729 4077 2904 4132 totius
2945 4078 3143 4133 mundi
3190 4087 3509 4150 peccatum,

1885 4167 2034 4239 quod
2065 4183 2265 4223 omnes
2297 4184 2361 4223 ex
2406 4168 2588 4225 Adam
2620 4171 2966 4227 contrahunt
3004 4172 3103 4243 qui
3136 4173 3424 4244 prodeunt
3449 4174 3509 4230 in

1887 4260 2032 4315 hanc
2068 4260 2266 4325 vitam,
2305 4265 2361 4317 et
2392 4263 2555 4334 cujus
2596 4264 2863 4336 contagio
2909 4269 3143 4338 peccant
3184 4268 3510 4341 quicunque

1889 4361 2146 4426 peccant.
2198 4357 2372 4411 Tanta
2426 4361 2623 4414 autem
2677 4366 2762 4413 est
2812 4360 3019 4416 Christi
3068 4361 3406 4433 sublimitas,
3449 4370 3517 4419 ut

1889 4450 2127 4504 fortasse
2159 4466 2271 4505 non
2300 4458 2559 4522 Oporteat
2582 4469 2932 4525 quemquam
2964 4458 3295 4509 caeterorum
3325 4456 3509 4512 homi-

146 4550 429 4605 dirimere
464 4548 770 4603 maceriam
804 4565 933 4619 quae
960 4548 1132 4601 Deum
1159 4547 1228 4601 ab
1252 4548 1553 4602 hominum
1582 4564 1787 4619 genere
1807 4555 1867 4628 Ι)
1893 4559 2031 4597 num
2060 4560 2188 4598 cum
2226 4544 2323 4600 illo
2351 4546 2634 4613 conferre,
2666 4546 2773 4601 nisi
2818 4547 2937 4618 ipse
2983 4549 3145 4603 nobis
3192 4550 3405 4604 tantam
3450 4550 3513 4604 lio

146 4643 461 4716 separabat
496 4659 509 4696 :
546 4643 698 4696 solus
742 4642 924 4713 potuit
959 4641 1122 4695 unica
1171 4642 1335 4695 litura
1376 4642 1565 4695 delere
1611 4645 1789 4696 totum

146 4736 297 4792 illud
324 4735 770 4806 chirographum
793 4735 944 4806 quod
973 4739 1093 4789 erat
1117 4737 1315 4790 contra
1340 4750 1461 4803 nos,
1482 4741 1536 4788 et
1565 4734 1791 4789 Satanas

148 4833 205 4887 in
241 4847 347 4886 nos
370 4829 468 4901 jus
499 4829 821 4883 vindicabat
852 4830 949 4899 (6).
979 4829 1173 4899 Neque
1216 4827 1373 4883 enim
1412 4828 1646 4899 sanguis
1670 4827 1787 4882 hir-

149 4941 362 4980 corum
418 4926 520 4978 aut
582 4922 889 4977 vitulorum
941 4922 1125 4993 potuit
1176 4921 1402 4977 abolere
1456 4927 1788 4993 peccatum;

145 5019 379 5075 umbras
434 5020 597 5073 erant
648 5017 739 5071 illa
792 5022 848 5071 et
909 5015 1030 5088 typi
1077 5016 1420 5072 futurorum.
1468 5017 1579 5071 Nec
1627 5016 1793 5071 ullius

146 5114 415 5169 hominis
458 5110 689 5182 sanguis
738 5112 965 5183 poterat
1008 5110 1204 5165 tollere
1237 5113 1534 5182 peccatum
1565 5110 1789 5178 mundi,

145 5212 375 5283 preter
422 5203 579 5262 unici
624 5205 777 5261 illius
821 5206 957 5278 agni
998 5205 1343 5277 sanguinem
1397 5205 1487 5259 cui
1544 5205 1791 5277 Baptista

1892 4637 2118 4692 duciam
2167 4638 2521 4708 prtebuisset,
2555 4640 2652 4711 qui
2701 4656 2817 4695 non
2857 4640 3200 4712 dedignatus
3240 4642 3315 4697 sit
3350 4642 3512 4698 disci-

1891 4731 2052 4802 pulos
2107 4748 2235 4786 suos
2287 4749 2485 4787 vocare
2538 4733 2784 4800 amicos,
2829 4736 3079 4790 servulos
3126 4752 3255 4791 suos
3316 4752 3519 4795 vocare

1889 4825 2097 4880 fratres
2125 4829 2183 4880 et
2208 4826 2552 4881 coheredes.
2582 4826 3077 4890 Quemadmodum
3099 4829 3275 4899 igitur
3302 4831 3391 4886 ille
3418 4844 3518 4887 suo

1891 4918 2136 4973 mirabili
2170 4919 2496 4974 testimonio
2524 4920 2850 4975 clarificavit
2880 4922 3107 4976 Patrem
3136 4922 3196 4976 in
3224 4923 3329 4978 hoc
3356 4940 3522 4980 mun-

1892 5013 1997 5080 do,
2042 5018 2213 5085 atque
2258 5013 2433 5068 etiam
2483 5012 2541 5068 in
2585 5014 2767 5081 caelis,
2816 5014 2894 5069 ita
2934 5017 3325 5071 testimonium
3369 5015 3523 5074 illius

1893 5106 2319 5177 quodammodo
2357 5113 2788 5163 consummatur
2821 5109 3147 5165 testimonio
3174 5116 3521 5183 sanctorum,
3550 5152 3557 5161 ~

1892 5200 2050 5273 quasi
2078 5201 2151 5256 sit
2178 5218 2291 5256 una
2321 5202 2505 5273 passio
2529 5203 2756 5258 Domini
2784 5206 2843 5259 et
2870 5220 3185 5262 servorum.
3219 5206 3277 5262 Id
3303 5223 3375 5263 ne
3394 5208 3523 5281 quis

1562 5355 1913 5426 Variorum
1943 5365 2138 5425 notae.

210 5497 289 5564 ιδ)
328 5499 453 5553 Vita
485 5498 692 5551 Domini
721 5501 816 5567 Qui
839 5512 1074 5554 summus
1108 5506 1315 5565 martyr
1342 5496 1463 5565 fuit.
1497 5500 1616 5553 Non
1644 5501 1795 5552 exis-

152 5574 302 5624 timo
341 5572 492 5637 apud
529 5577 743 5624 veteres
792 5571 1075 5625 Christum
1116 5578 1416 5640 martyrem
1462 5573 1789 5637 nuncupari.

153 5646 538 5782 Ρῒέῗῗῖλιαηω
564 5717 619 5765 in
640 5730 733 5767 nos
753 5717 843 5780 jus
869 5716 1189 5767 vindicabat.
1214 5716 1557 5782 Negligentia
1595 5726 1795 5782 opera-

152 5794 287 5842 rum
324 5786 472 5853 apud
505 5787 883 5840 Mauutianum
913 5792 1027 5837 erat
1043 5787 1340 5854 judiCabat.
1367 5788 1587 5840 PAHEL.

1892 5495 2061 5551 editio
2104 5500 2157 5549 et
2201 5496 2480 5549 Manutius
2526 5497 2718 5561 legunt
2765 5501 2997 5562 peccata,
3045 5496 3145 5550 sed
3182 5494 3322 5551 illud
3358 5492 3528 5554 habet

1894 5576 2133 5635 utraque
2167 5569 2425 5621 Frobenii
2454 5572 2509 5619 et
2549 5569 2713 5621 Gavii
2751 5570 2939 5633 editio,
2970 5574 3022 5622 et
3061 5573 3369 5635 genuinum
3404 5582 3527 5624 esse

1898 5645 2115 5694 constat
2159 5655 2228 5693 ex
2271 5641 2721 5703 interpretatione
2763 5642 3026 5703 auctoris,
3058 5654 3184 5705 qua:
3215 5640 3407 5693 eadem
3441 5647 3527 5691 est

1898 5728 2028 5766 cum
2064 5714 2158 5763 illa
2187 5725 2354 5779 quam
2385 5710 2553 5761 habet
2579 5711 2842 5763 Erasmus
2888 5712 2946 5763 in
2973 5710 3443 5763 Annotationlbus
3470 5712 3527 5761 in

1898 5786 2204 5848 Joannem;
2235 5784 2312 5835 tta
2354 5784 2419 5836 ut
2441 5782 2529 5837 vel
2556 5781 2689 5838 hinc
2724 5784 3083 5839 conﬁrmetur
3110 5785 3427 5851 conjectura
3458 5782 3523 5840 lt.

218 5863 292 5930 (ι,
348 5862 473 5914 Ecce
520 5860 614 5931 qui
659 5858 797 5911 tollat
850 5865 1112 5927 peccatum
1163 5859 1365 5913 mundi.
1414 5858 1802 5930 Lugdunensis
1901 5856 2105 5916 Gravtl.
2142 5855 2358 5911 Pansa.
