4012 6194
3743 58 3798 68 ﬂ,

522 282 622 344 967
1121 282 1216 344 AD
1242 288 1464 346 ornas
1491 290 1546 344 s.
1587 277 1902 344 CYPRIANI
1939 283 2240 343 GENUINA
2278 272 2567 341 APPEND.
2595 273 2659 352 Il,
2700 314 2770 325 —
2808 271 3282 341 surrosmm.
3725 281 3811 348 968

515 418 803 474 existimet
852 433 1051 487 parum
1099 417 1363 488 religiose
1417 416 1666 484 dictum,
1711 416 1908 471 beatus
1959 415 2162 470 Paulus
2183 425 2396 498 Acens
2451 414 2542 468 ille
2592 413 2799 469 Christi
2858 413 3094 484 sanguis
3143 414 3250 485 (10)
3304 412 3506 469 fervere
3553 413 3729 470 debeat
3773 420 3817 474 in

513 513 674 566 nobis
727 510 1132 582 patrocinatur,
1188 513 1265 568 ita
1322 511 1575 566 scribens
1623 510 1694 566 ad
1743 511 2099 565 Colossenses
2129 525 2146 568 :
2263 507 2525 563 cordibus
2561 507 2836 570 tidelium,
2862 511 2978 563 tam
3013 507 3222 562 multos
3254 523 3372 562 esse
3399 507 3451 562 in
3475 507 3656 579 quibus
3679 511 3816 565 refri-

512 608 618 673 Qui
655 621 800 659 nunc
837 605 1044 674 gaudeo
1076 608 1133 658 in
1176 607 1546 676 passionibus.
1569 621 1669 674 pro
1699 605 1867 670 vobis,
1897 609 1948 658 et
1976 605 2150 658 adim-
2253 603 2336 656 xit
2380 601 2664 656 charitas:
2704 605 2877 673 atque
2921 602 3030 657 hoc
3083 599 3311 672 gravius
3357 601 3652 669 discrucior,
3697 606 3818 674 quod

512 700 634 770 pleo
661 714 722 753 ea
763 714 883 769 qua:
924 699 1123 754 desunt
1153 701 1468 770 passionum
1503 699 1706 754 Christi
1727 701 1783 752 in
1822 714 1984 752 carne
2031 714 2148 751 mea
2248 696 2388 750 tales
2417 713 2528 749 non
2564 711 2770 766 paucos
2797 701 3050 767 pastores
3076 695 3282 750 habeat
3306 694 3693 768 Eeclesia,?q11i,
3727 714 3819 752 non

513 809 618 863 pro
661 809 878 863 corpore
919 793 1051 862 eius,
1099 794 1242 863 quod
1269 797 1344 848 est
1371 793 1614 849 Ecclesia
1658 792 1904 862 (Cotoss.,
1943 808 1980 858 ι,
2029 793 2139 862 24).
2250 789 2434 843 solum
2468 805 2580 842 non
2613 792 2912 860 opponunt
2940 805 3179 860 corpora
3198 805 3300 842 sua
3325 787 3570 844 adversus
3602 789 3819 860 luporum

521 886 657 950 Quis
683 886 836 940 enim
864 886 1060 953 nescit,
1088 887 1309 953 fratres,
1333 902 1504 957 quam
1538 885 1777 941 uberem
1807 890 2148 957 proventum
2249 882 2532 950 incursus,
2571 882 2948 938 verumetiam
2987 881 3094 953 ipsi
3130 882 3289 952 lupos
3329 886 3518 953 agunt,
3558 881 3680 936 dum
3702 899 3820 936 mac-

521 979 722 1034 eﬁ'udit
758 979 1022 1034 Ecclesia!
1055 995 1236 1052 seges,
1285 980 1674 1051 apostolorum
1704 995 1770 1034 ac
1808 981 2147 1034 caeterorum
2248 983 2378 1035 tant
2416 996 2480 1034 ac
2510 979 2758 1052 perdunt
2784 979 3002 1035 animas
3023 978 3509 1050 simplicium,ipsi
3545 980 3702 1033 ventri
3723 996 3817 1048 suo,

521 1077 835 1144 martyrum
875 1073 1160 1144 sanguine
1206 1073 1487 1143 irrigata?
1518 1072 1642 1137 Quo
1692 1073 1818 1144 plus
1856 1072 2150 1144 sanguinis
2254 1072 3818 1145 questuietambitioniservientes,adeoqueuonimplent

521 1167 760 1220 effusum
785 1169 884 1233 est,
911 1167 1017 1221 hoc
1035 1167 1214 1238 magis
1245 1167 1495 1222 efﬂoruit
1520 1167 1827 1222 multitudo
1854 1166 2106 1222 ﬁdelium
2130 1183 2142 1221 :
2250 1167 2489 1222 verbum
2518 1167 2633 1235 Dei,
2675 1170 2740 1222 ut
2780 1167 2922 1221 illud
2961 1169 3359 1238 cauponentur
3399 1166 3576 1237 potius
3598 1172 3647 1220 et
3673 1167 3821 1236 impiis

522 1260 630 1314 hoc
673 1261 843 1315 latius
883 1261 1087 1331 sparsit
1123 1277 1251 1315 suas
1292 1260 1638 1332 propagines
1676 1261 1773 1316 illa
1815 1261 1980 1316 beata
2021 1261 2149 1316 vitis
2253 1261 2620 1333 dogmatibus
2639 1261 2994 1331 adulterent;
3019 1276 3126 1315 nec
3143 1260 3395 1332 cogitant
3413 1260 3557 1331 quod
3579 1259 3663 1313 ille
3681 1265 3822 1329 pasto-

519 1371 551 1408 a
583 1355 801 1412 Christo
847 1355 1023 1424 stirpe
1067 1371 1327 1425 surgens,
1369 1361 1423 1409 et
1458 1371 1740 1426 occupans
1783 1355 1978 1410 orbem
2030 1355 2151 1410 uni-
2249 1372 2380 1410 rum
2409 1355 2676 1426 Princeps
2702 1355 3056 1410 severissime
3081 1353 3296 1426 judicio
3347 1355 3589 1425 reposcet
3620 1352 3824 1423 singulas

521 1465 768 1514 versum,
800 1463 1139 1519 quacunque
1181 1451 1335 1518 patet
1375 1449 1444 1504 ab
1486 1449 1719 1505 Oriente
1757 1449 1828 1504 ad
1873 1450 2146 1506 Occiden-
2251 1466 2402 1516 oves,
2432 1465 2534 1520 pro
2557 1449 2765 1520 quibus
2791 1447 3138 1503 redimendis
3165 1447 3500 1519 sanguinem
3523 1463 3673 1501 suum
3695 1446 3821 1499 fude-

520 1547 660 1609 tem,
691 1541 761 1595 ab
791 1540 1064 1612 Aquilone
1094 1558 1266 1611 usque
1293 1542 1361 1597 ad
1383 1545 1670 1597 Austrum.
2250 1546 2356 1607 rat,
2385 1542 2455 1596 de
2475 1543 2734 1597 manibus
2757 1559 2978 1598 eorum.
3004 1541 3109 1598 Sed
3131 1541 3255 1596 illos
3275 1558 3442 1596 suum
3464 1543 3646 1596 manet
3662 1538 3825 1610 suppli-

593 1634 652 1688 Χ.
687 1635 848 1701 Ecce,
890 1634 1088 1689 fratres
1134 1634 1504 1702 dilectissimi,
1539 1652 1574 1689 a
1621 1636 1843 1690 Domini
1889 1637 2150 1710 redemp-
2253 1636 2404 1690 cium
2435 1651 2448 1690 ι
2480 1653 2629 1690 nunc
2655 1636 2860 1690 melius
2881 1639 3065 1702 estut,
3089 1635 3316 1691 omissis
3333 1635 3588 1707 querelis,
3613 1633 3825 1688 nosinvi-

519 1727 659 1783 toris
689 1712 1036 1798 temporibus
1062 1728 1196 1782 anni
1227 1729 1518 1783 ﬂuxerunt
1545 1729 1670 1800 plus
1709 1729 1896 1784 minus
1921 1730 2149 1788 ducenti
2179 1796 2217 1802 _
2253 1747 2379 1785 cem
2402 1731 2469 1785 ad
2492 1730 2745 1785 ofﬁcium
2771 1730 2920 1802 quod
2937 1730 3160 1786 Christo
3189 1730 3464 1784 debemus
3485 1729 3824 1784 exhortemur.

521 1796 904 1893 quadraginta
936 1821 1042 1890 (8);
1067 1821 1312 1893 jamque
1345 1822 1515 1893 hujus
1543 1796 1669 1877 vitis
1717 1823 1978 1894 palmites
2001 1842 2152 1896 pene
2175 1796 2230 1868 Β
2325 1830 2434 1885 XII.
2488 1829 2721 1901 Triplex
2761 1796 2807 1883 ε.-
2828 1828 3051 1885 Christo
3103 1828 3492 1884 testimonium
3540 1826 3823 1897 accepimus,

520 1915 690 1969 latius
729 1931 789 1968 se
833 1920 1161 1986 sparserunt
1209 1931 1383 1986 quam
1438 1916 1762 1970 Romanum
1817 1917 2150 1988 imperium,
2265 1923 2473 1995 triplex
2507 1924 2584 1977 illi
2623 1924 3013 1978 testimonium
3064 1923 3370 1978 reddamus
3415 1925 3642 1993 oportet.
3689 1919 3824 1975 Rudi-

521 2007 724 2062 eﬁ'eras
753 2007 927 2062 etiam
964 2009 1224 2062 nationes
1269 2013 1455 2063 musto
1488 2008 1732 2080 Spiritus
1781 2010 2150 2080 inebriantes,
2257 2025 2451 2076 menta
2504 2021 2754 2076 ﬁdeliter
2804 2022 3098 2076 tradamus
3130 2020 3500 2093 baptizandis,
3549 2017 3824 2091 perfection

527 2099 582 2151 οι
607 2113 752 2168 quos
785 2095 937 2150 “una
968 2095 1101 2150 rem
1141 2095 1222 2149 νίε
1253 2096 1485 2151 domum
1522 2099 1727 2168 Poma»
1765 2101 1985 2154 θηιοηίί
2025 2117 2150 2154 ³8η-
2253 2115 2568 2186 baptizatis.
2617 2115 3031 2171 Conﬁrmemus
3058 2115 3182 2169 illos
3209 2114 3488 2168 frurtibus
3528 2112 3742 2184 Spiritus
3772 2109 3825 2164 ad

523 2190 650 2261 guis
694 2190 845 2244 illius
883 2189 1025 2260 Agni
1059 2189 1301 2245 candidi.
1354 2191 1459 2255 Qui
1497 2197 1712 2246 natum
1756 2209 1951 2248 causas
2001 2211 2107 2248 scri

2255 2211 2535 2264 caelestem
2585 2209 2761 2264 vitam
2810 2216 3208 2280 provocantes,
3271 2215 3326 2263 et
3381 2208 3430 2262 si
3481 2223 3566 2262 res
3609 2206 3823 2277 postulet,

524 2287 739 2352 tantur,
770 2287 1006 2338 narrant
1033 2283 1398 2339 adamanlem
1451 2285 1622 2340 nullm.
1649 2285 1898 2356 chalybis
1927 2287 2152 2342 duritici
2257 2303 2507 2358 libenter
2535 2303 2708 2357 eiiam
2736 2303 2909 2358 vitam
2955 2304 3258 2357 commisso
3288 2303 3450 2357 nobis
3484 2300 3632 2373 gregi
3649 2299 3824 2370 ίωρεη-

522 2377 840 2443 cedentem,
884 2377 1106 2432 hircino
1141 2377 1417 2448 sanguine
1456 2382 1829 2446 maceratum,
1859 2380 1972 2434 ictu
2005 2382 2106 2436 ma'

2257 2397 2483 2464 damus,
2536 2403 2844 2468 nostraque
2893 2401 3076 2451 morte
3119 2397 3362 2450 vicissim
3403 2397 3573 2450 Deum
3611 2391 3824 2448 clariﬁca-

521 2471 742 2526 leorum
775 2470 1013 2526 dissilire
1048 2489 1058 2524 :
1088 2471 1275 2525 nullus
1299 2477 1490 2527 autem
1521 2472 1757 2528 adamas
1783 2475 1952 2529 corde
1978 2492 2151 2531 saxeo
2255 2507 2401 2544 mus,
2444 2491 2512 2544 Ei-
2558 2507 2626 2544 ne
2658 2490 2747 2544 cui
2795 2489 3054 2545 videami-
3096 2491 3305 2543 mimm
3364 2491 3541 2543 mei-te
3582 2485 3827 2541 hominum

519 2571 874 2637 peccatorum
933 2564 1144 2619 durior.
1185 2567 1297 2620 lloc
1348 2565 1527 2636 igitur
1581 2583 1679 2622 cor
1735 2567 2008 2639 ferreum,
2059 2586 2103 2624 ct

2255 2583 2551 2655 glorilicari
2594 2585 2793 2651 Deum,
2823 2583 2956 2638 audi
2995 2583 3227 2638 beatum
3295 2586 3563 2639 Icannem
3597 2582 3650 2636 in
3687 2580 3825 2632 Evan-

521 2675 784 2726 saxeum,
814 2675 912 2713 cor
955 2659 1252 2730 plusquam
1295 2658 1749 2730 adamantinum,
1781 2663 1998 2718 emollit
2021 2681 2105 2718 sar

2259 2677 2410 2748 gelio
2454 2676 2523 2732 de
2573 2678 2756 2744 Petro,
2807 2677 2896 2731 cui
2945 2677 3219 2732 Dominus
3259 2676 3592 2748 praedixerat
3626 2674 3730 2728 fore
3768 2677 3826 2738 ut,

525 2751 652 2824 guis
703 2752 931 2820 Christi,
977 2758 1033 2807 et
1071 2753 1240 2824 hujus
1284 2757 1623 2825 martyrum,
1671 2756 1767 2826 qui
1815 2757 2108 2828 supplerm

2255 2770 2352 2824 ubi
2385 2770 2683 2838 senuisset,
2728 2771 2798 2824 ab
2835 2770 2944 2824 alio
2983 2771 3308 2842 cingeretur
3353 2773 3408 2825 et
3442 2770 3720 2825 duceretur
3743 2779 3827 2834 quo

521 2845 673 2918 (1⁸οά
734 2847 884 2900 illius
954 2847 1303 2917 Ρδεδίουίδιιδ
1369 2847 1588 2903 ἀθθτδῖο
1640 2849 1754 2903 Hoc
1809 2856 2151 2922 argumento
2251 2865 2427 2918 nollet
2483 2863 2557 2918 ita
2596 2865 2976 2936 loquentem:
3019 2867 3337 2934 signiﬁcans
3386 2880 3494 2934 qua
3540 2867 3689 2916 morte
3729 2860 3828 2913 esset

517 2957 774 2997 Summus
827 2940 918 2994 me
972 2943 1196 3010 ρειειοτν
1260 2944 1319 2995 ει
1367 2948 1427 2995 αι
1478 2943 1674 2996 Petrus
1723 2943 1832 3011 ait:
1889 2944 2151 3016 Princeps
2251 2958 2655 3027 gloriﬁcaturus
2695 2960 2881 3012 Deum.
2925 2957 3213 3030 Quotquot
3255 2957 3434 3028 igitur
3475 2956 3542 3011 ab
3581 2954 3701 3010 orbe
3726 2967 3823 3005 con-

523 3040 836 3106 Ραείοτυων
866 3034 1196 3088 “animum
1231 3040 1310 3088 θεῖ
1335 3051 1396 3089 5°
1426 3051 1545 3089 esse
1583 3042 1868 3106 Pastorem
1911 3039 2147 3104 bonum,
2250 3052 2390 3106 ditio
2429 3054 2664 3123 propter
2691 3053 2889 3120 Deum,
2933 3054 3173 3123 propter
3193 3051 3482 3122 justitiam
3513 3067 3574 3104 ac
3611 3049 3826 3120 pietatem

525 3130 658 3201 quia
687 3129 939 3183 animam
981 3144 1141 3182 suam
1173 3128 1362 3198 posuit
1396 3145 1501 3200 pro
1523 3129 1739 3197 ovibus,
1767 3131 1926 3185 nobis
1954 3129 2109 3205 881

2253 3146 2462 3200 mortui
2492 3150 2644 3212 sunt,
2678 3149 2860 3200 morte
2894 3162 2995 3200 sua
3020 3145 3486 3217 gloriﬁcaverunt
3513 3146 3698 3200 Deum.
3723 3140 3826 3193 Nam

524 3222 845 3293 “emplum
891 3220 1150 3292 Pmbws
1183 3223 1242 3274 ιη
1270 3223 1368 3292 qm
1414 3239 1518 3292 ρτο
1541 3227 1735 3278 nostra
1763 3225 2147 3297 qualicunque
2179 3220 2226 3234 ν
2253 3239 2662 3311 eleemosynas,
2695 3239 2933 3310 jejunia,
2965 3239 3338 3311 precationes,
3390 3239 3609 3310 aliaque
3648 3229 3826 3308 pietatis

521 3316 788 3387 portione
839 3315 985 3370 vices
1027 3314 1177 3368 illius
1217 3315 1468 3386 gerimus
1504 3316 1602 3387 (9),
1641 3318 1821 3390 parati
1863 3319 2042 3374 simus
2095 3325 2156 3375 et
2250 3333 2705 3388 exercitamenta
2733 3333 3004 3387 simulant
3041 3333 3210 3387 etiam
3258 3333 3607 3404 hypocrita;
3633 3333 3826 3383 mortem

522 3408 631 3481 ipsi
680 3425 784 3480 pro
835 3424 1006 3480 grege
1062 3407 1356 3463 Dominico
1393 3411 1726 3481 sanguinem
1751 3413 2015 3480 fundere,
2045 3414 2106 3468 ni

2251 3443 2420 3481 nemo
2459 3426 2704 3498 suscepit
2744 3427 3027 3494 alacriter,
3063 3426 3172 3480 nisi
3205 3426 3302 3498 qui
3334 3423 3525 3500 889
3564 3426 3700 3479 certo
3729 3435 3823 3492 per-

523 3505 806 3562 malumus
843 3502 1018 3556 videri
1060 3503 1398 3558 mercenarii
1421 3520 1590 3575 quam
1624 3509 1898 3576 pastores.
1928 3507 2152 3563 Domini
2254 3536 2481 3576 suasum
2536 3520 2794 3587 hebeni,
2834 3520 2975 3574 nihil
3022 3520 3241 3574 adversi
3285 3536 3455 3592 posse
3506 3519 3742 3574 accedere
3778 3512 3828 3564 iis

522 3598 708 3654 verbis
737 3599 1069 3668 congruunt
1105 3595 1277 3651 verba
1302 3597 1580 3668 discipuli.
1610 3599 1750 3655 Cum
1779 3600 1931 3655 enim
1973 3602 2147 3657 dixis-
2251 3614 2348 3685 qui
2375 3615 2686 3684 pel-sistunt
2708 3614 2764 3668 ii;
2793 3614 3067 3668 eheriteie
3102 3614 3218 3668 Dei,

522 3698 608 3748 set
630 3710 688 3747 se
717 3691 966 3762 gaudere
999 3691 1058 3746 in
1094 3691 1474 3763 passionibus,
1495 3692 1700 3763 quibus
1725 3701 2150 3751 consummaret
2320 3709 2450 3762 χιιι,
2484 3708 2676 3778 Neque
2718 3711 2914 3762 tamen
2955 3707 3146 3763 statim
3183 3712 3405 3779 mei-[yi-
3436 3711 3520 3762 εει
3541 3705 3634 3777 qui
3663 3697 3823 3756 occidi-

521 3786 808 3857 passiunes
853 3784 1078 3854 Christi,
1122 3784 1449 3856 perpetiens
1493 3789 1550 3839 et
1590 3785 1707 3857 ipse
1757 3803 1860 3857 pro
1911 3804 2147 3860 corpore
2250 3805 2384 3856 iur;
2422 3801 2758 3857 occiduntur
2809 3807 2866 3856 et
2911 3801 3091 3856 sicarii
3138 3807 3196 3856 et
3236 3802 3472 3874 pirate;
3512 3815 3620 3854 non
3657 3788 3822 3864 suppli-

523 3880 749 3948 Christi,
779 3879 932 3950 quod
972 3884 1056 3934 est
1090 3879 1350 3946 Ecclesia,
1381 3879 1572 3950 qualia
1595 3896 1791 3950 passus
1810 3883 1936 3936 erat
1958 3882 2145 3937 Domi-
2251 3895 2401 3950 cium
2435 3895 2568 3950 facit
2610 3899 2941 3968 martyrem,
2971 3895 3072 3950 sed
3117 3912 3286 3950 causa
3343 3896 3474 3965 (11),
3505 3891 3652 3958 ουοά
3688 3888 3723 3942 si
3754 3883 3826 3955 qui

523 3987 667 4040 nus;
721 3989 946 4028 causam
998 3971 1206 4043 δάιῖθείῑ
1245 3989 1346 4026 ουτ
1390 3989 1455 4026 ea
1507 3972 1757 4028 libenter
1799 3977 2145 4046 Pateretur:
2249 3989 2518 4062 leguntur
2560 3989 2664 4044 sibi
2701 3988 2920 4044 fortiter
2955 3989 3285 4044 conscivisse
3329 4004 3550 4055 necem,
3574 3989 3663 4039 aut
3701 3979 3821 4036 intir-

526 4068 712 4136 Cujus,
747 4067 952 4137 inquit,
978 4068 1161 4133 factus
1193 4081 1311 4120 sum
1335 4066 1582 4122 minister
1597 4068 1891 4124 secundum
1935 4070 2110 4140 dispet

2249 4083 2415 4138 mitas
2445 4089 2570 4138 erat
2601 4088 2782 4138 morte
2812 4099 3076 4154 quaerens
3112 4083 3384 4138 dolorum
3411 4083 3578 4137 ﬁnem
3619 4082 3704 4132 aut
3725 4087 3818 4127 am-

523 4160 781 4217 sationem
816 4161 926 4226 Dei,
947 4174 1067 4228 qua:
1092 4159 1224 4214 dum
1247 4164 1323 4214 est
1361 4160 1498 4214 mihi
1522 4162 1581 4215 in
1613 4163 1774 4227 vobis,
1805 4167 1868 4218 ut
1895 4165 2148 4234 impleam
2247 4177 2409 4244 biiie,
2440 4181 2538 4232 aut
2564 4177 2872 4233 dementia,
2906 4179 3016 4233 Nee
3043 4178 3149 4232 hoc
3177 4183 3259 4232 est
3288 4174 3668 4234 testimonium
3707 4182 3820 4240 prte-

523 4257 855 4314 εει-δανιυεί
891 4256 1136 4327 (Coloss.,
1169 4272 1207 4322 ι,
1242 4256 1354 4325 25).
1388 4258 1451 4311 Et
1488 4257 1599 4312 alio
1639 4259 1888 4330 quodam
1929 4261 1985 4316 in
2024 4263 2147 4318 loco
2248 4271 2383 4326 bere
2413 4271 2546 4340 Deo,
2577 4271 2633 4326 id
2676 4272 2862 4327 facere
2907 4272 3062 4344 quod
3094 4279 3150 4327 et
3177 4273 3293 4327 Deo
3334 4270 3608 4343 displicet,
3634 4272 3682 4321 et
3714 4276 3820 4332 gen-

524 4349 715 4407 scribit
740 4366 800 4404 se
829 4349 1130 4421 replevisse
1161 4349 1550 4421 Evangelium.
1581 4351 1739 4408 Sicut
1769 4370 1908 4426 ergo
1951 4356 2148 4412 morti-
2251 4365 2391 4420 tium
2425 4365 2599 4420 etiam
2634 4365 2853 4438 legibus
2896 4367 3249 4437 prohibetur.
3298 4366 3608 4422 Plurimum
3635 4356 3821 4414 interest

521 4446 628 4506 bus
681 4451 1000 4521 martyrum
1021 4454 1495 4504 consummantur
1507 4449 1796 4520 passiones
1825 4452 2050 4522 Christi,
2071 4454 2146 4510 ita
2248 4459 2400 4514 inter
2425 4459 2777 4515 barbaricam
2805 4459 3215 4516 immanitatem
3239 4464 3295 4516 et
3319 4463 3628 4532 martyrum
3647 4451 3823 4509 modes-
3929 4497 3931 4532 Ι

521 4539 802 4610 sanguine
836 4541 1127 4611 pastorum
1175 4540 1584 4594 conﬁrmantur
1611 4542 1884 4611 promissa
1917 4543 2144 4600 Christi.
2165 4533 2227 4606 D
2249 4552 2530 4608 tissimem
2574 4555 2972 4622 constantiam,
2996 4555 3054 4608 in
3082 4573 3140 4611 se
3167 4555 3534 4621 imbecillem,
3563 4554 3614 4608 in
3646 4550 3817 4608 Christo

521 4635 752 4696 Nullum
790 4636 944 4694 enim
983 4637 1428 4693 instrumentum
1477 4636 1925 4710 indubitabilius,
1973 4657 2147 4713 quam
2251 4647 2480 4702 fortem.
2528 4649 2670 4702 Sunt
2726 4647 2825 4718 qui
2877 4647 3042 4702 certis
3104 4648 3324 4704 artibus
3388 4665 3585 4719 corpus
3624 4641 3819 4714 stupefa-

521 4732 671 4805 quod
710 4737 796 4787 tot
842 4737 1156 4804 martyrum
1215 4732 1495 4802 sanguine
1541 4732 1834 4804 signatum
1877 4737 1982 4790 est.
2031 4737 2147 4792 Hoc
2247 4740 2422 4809 ciunt,
2453 4755 2522 4796 ne
2560 4740 2815 4796 sentiant
2851 4742 3129 4796 cruciatus
3160 4759 3172 4798 :
3210 4743 3316 4798 hoc
3349 4741 3519 4796 modo
3556 4756 3610 4794 se
3635 4735 3815 4810 quidem

519 4823 791 4882 nimirum
837 4832 922 4882 est
966 4826 1208 4898 implere
1245 4826 1484 4881 verbum
1511 4827 1627 4895 Dei,
1659 4827 1764 4882 hoc
1801 4831 1888 4883 est
1927 4831 2147 4902 replere
2248 4835 2494 4890 maleﬁci
2522 4834 2792 4889 muniunt
2819 4834 3089 4890 adversus
3115 4836 3445 4891 carniﬁcum
3477 4850 3686 4890 manus.
3709 4828 3817 4886 Sunt

520 4917 911 4993 Evn“Selium.
2247 4931 2306 4984 et
2385 4928 2618 4984 affectus
2691 4928 3066 5001 impotentes,
3129 4929 3227 5001 qui
3309 4944 3537 4985 sensum
3605 4922 3818 4980 adimunt

588 5019 675 5074 XI.
709 5017 819 5072 Sed
841 5015 1072 5070 interim
1091 5010 1461 5086 gravissimus
1481 5012 1648 5070 dolor
1671 5010 1930 5071 oboritur
1949 5015 2146 5074 animo
2245 5023 2462 5087 animo,
2495 5022 2569 5077 ita
2611 5025 2677 5077 ut
2711 5023 2799 5078 vel
2836 5028 3075 5078 mortem
3112 5023 3385 5096 impavidi
3426 5021 3710 5095 perferant.
3733 5010 3815 5070 Sed

522 5130 675 5183 meo,
704 5110 920 5181 dilecti,
966 5109 1103 5165 dum
1142 5124 1368 5164 mecum
1412 5114 1635 5180 reputo,
1667 5125 1795 5165 cum
1826 5111 2014 5167 adhuc
2053 5129 2145 5168 re-
2245 5116 2535 5191 placidum
2571 5116 2712 5172 illud
2757 5133 2821 5172 ae
2862 5123 3240 5188 mansuetum,
3284 5117 3423 5174 illud
3450 5113 3717 5172 humiliter
3750 5122 3817 5160 su-

1910 5217 2259 5286 Variorum
2289 5227 2488 5286 notae.

582 5319 644 5385 (8)
674 5321 815 5372 Anni
845 5316 1113 5381 ﬂuxerunt
1147 5313 1270 5379 plus
1310 5315 1487 5364 minus
1527 5313 1738 5366 duccnti
1765 5318 2145 5382 quadraginta.
2245 5321 2426 5372 Etiam
2460 5319 2568 5371 hoc
2611 5319 2680 5370 ad
2719 5318 3171 5372 subornationem
3219 5321 3468 5386 pertinet.
3505 5317 3679 5382 Neque
3715 5319 3816 5386 νειξο

516 5384 640 5444 Hec
667 5389 879 5441 addidit
909 5392 1101 5438 auctor
1128 5390 1192 5435 ut
1227 5389 1513 5450 putaretur
1538 5389 1820 5438 vetustum
1859 5403 2018 5453 opus,
2045 5393 2143 5442 sed
2244 5393 2461 5457 uspiam
2502 5392 2816 5457 Cyprianus
2853 5393 3028 5442 malos
3071 5384 3316 5456 pasto—res
3358 5393 3517 5456 lupos
3556 5384 3813 5448 nuncupat.

517 5463 636 5526 ipse
670 5460 776 5510 sibi
802 5457 1128 5510 contradicit
1160 5457 1265 5507 hac
1299 5457 1546 5520 periodo,
1571 5458 1707 5508 dum
1733 5461 1848 5524 jam
1888 5474 1953 5512 ea
1983 5465 2145 5513 aetate
2246 5464 2344 5514 sed
2375 5463 2542 5526 solos,
2567 5465 2728 5526 juxta
2758 5461 3118 5526 Scripturam.
3148 5463 3451 5514 haereticos.
3487 5463 3688 5512 Pansa.

517 5531 683 5584 latius
715 5541 960 5596 sparsam
1005 5527 1136 5578 dicit
1174 5526 1361 5588 ﬁdem,
1401 5542 1568 5592 quam
1607 5529 1922 5581 Romanum
1967 5533 2143 5596 impe-
2304 5535 2400 5596 (tt)
2460 5535 2578 5585 Non
2627 5534 2945 5598 supplicium
2996 5533 3123 5596 facit
3175 5539 3488 5597 martyrem,
3533 5531 3616 5582 sed
3670 5535 3811 5598 ωυξᾳυ

519 5606 695 5665 rium;
725 5595 910 5666 neque
941 5599 1090 5675 enim
1121 5598 1177 5648 id
1208 5603 1335 5675 ante
1361 5603 1507 5664 temp
1531 5615 1603 5652 >ra
1629 5603 1974 5675 imperatoris
2002 5595 2144 5654 Con-
2244 5595 2495 5670 sumpsit
2525 5595 2749 5672 quidem
2781 5606 2888 5657 hoc
2923 5595 3086 5657 ex’D.
3121 5595 3414 5672 Cypriano,
3449 5604 3543 5656 sed
3583 5597 3713 5666 quod
3740 5595 3813 5675 l1]?

517 5664 747 5727 stantini
779 5664 973 5746 verum
1009 5670 1181 5746 fuisse
1209 5672 1599 5746 sati_s_constat.
1641 5664 1864 5723 PIMEL.
1988 5745 1994 5746 ί
2028 5745 2033 5746 γ
2084 5745 2087 5746 ν
2243 5664 2434 5730 contra
2461 5664 2777 5738 hm'reticos,
2812 5679 2914 5730 iste
2948 5664 3224 5730 adversus
3243 5692 3338 5730 eos
3371 5664 3464 5743 qui
3494 5664 3705 5746 mortem
3725 5664 3811 5746 sibi

581 5749 649 5809 (9)
682 5748 829 5798 νέεσθε
860 5742 1008 5793 illius
1031 5743 1270 5807 grrimus.
1307 5743 1423 5794 Hoc
1449 5757 1665 5794 rursum
1705 5750 1899 5798 auctor
1935 5745 2146 5798 addidit
2246 5748 2640 5812 consciscunt,
2712 5736 2768 5802 et
2835 5749 3118 5804 maleﬁcos
3183 5751 3238 5802 in
3303 5736 3541 5802 medium
3608 5736 3809 5796 adducit.

524 5819 583 5872 ut
607 5819 904 5885 episcopus
929 5817 1231 5881 putaretur.
1260 5814 1477 5867 PAMEL.
2248 5819 2471 5873 Ρλωιι,

583 5892 679 5966 (10)
729 5889 856 5942 Cum
906 5886 1081 5942 adhuc
1129 5898 1307 5939 recens
1363 5885 1452 5942 ille
1500 5887 1700 5939 Christi
1751 5888 1992 5955 sanguis,
2039 5892 2146 5944 etc.

3931 4349 3933 4371 l
