4032 6180
207 298 314 362 969

1491 293 1581 360 DE
1616 288 2290 360 DUPLICIMARTYRIO.

3463 312 3566 369 9‘70

200 432 383 487 blime
428 436 484 487 et
526 429 845 487 sublimiter
890 431 1108 486 humile
1153 449 1269 487 non
1317 432 1581 488 videmus
1624 431 1728 487 nisi
1778 432 1833 485 in
1858 431 2310 517 Adicamusque
2342 428 2433 483 illa
2469 447 2535 484 ex
2566 431 2867 498 animo,ex
2900 438 3021 488 toto
3059 436 3269 491 corde:
3309 440 3577 494 Transeat

199 530 412 587 Christi
454 530 822 601 martyribus.
866 531 986 584 Non
1034 531 1344 585 obtuentur
1372 531 1625 586 trucibus
1664 530 1839 585 oculis

201 623 552 690 carniﬁcem,
602 639 716 678 non
764 623 1101 679 minitantur
1142 630 1387 695 tyranno
1440 626 1546 695 (t2)
1595 647 1607 679 :
1656 624 1840 695 magis

200 717 404 771 dolent
432 717 503 772 de
536 716 763 771 illorum
790 717 1043 772 caecitate
1069 734 1241 788 quam
1269 718 1340 772 de
1374 719 1489 773 suis
1520 717 1840 773 afﬂictioni—

196 810 325 865 bus.
380 810 607 865 Scilicet
658 811 863 865 clamat
910 813 967 864 et
1018 812 1075 865 in
1130 813 1241 867 illis
1291 812 1547 867 Christus
1592 829 1603 867 :
1653 815 1836 873 Pater,

201 908 422 974 ignosce
454 905 589 965 illis,
621 906 755 974 quia
779 907 1027 960 nesciunt
1068 906 1205 973 quid
1230 908 1451 973 faciunt
1484 908 1655 976 (Lua,
1685 923 1838 974 XXIII,

201 999 316 1069 43).
354 999 477 1053 Non
515 998 668 1053 aliud
702 1003 965 1069 spectant
994 1015 1171 1070 quam
1210 999 1268 1053 in
1294 999 1520 1069 cmlum,
1552 999 1646 1054 ubi
1682 1016 1841 1071 spem

204 1108 441 1147 omnem
480 1091 693 1146 habent
735 1091 1065 1162 repositam.
1100 1092 1193 1146 Sic
1227 1092 1347 1164 ipse
1391 1093 1663 1148 Dominus
1688 1094 1844 1147 velut

203 1202 396 1256 agnus
427 1185 546 1240 sine
588 1201 723 1240 voce
759 1185 829 1240 ad
864 1186 1275 1240 mactationem
1317 1186 1519 1241 ductus
1552 1191 1638 1241 est
1668 1205 1681 1241 :
1713 1191 1769 1241 et
1798 1187 1844 1240 si

205 1295 387 1350 quam
425 1278 602 1333 edidit
644 1295 856 1348 vocem,
904 1294 973 1333 ea
1019 1280 1200 1351 magis
1240 1279 1543 1335 declaravit
1580 1280 1843 1335 animum

208 1373 411 1427 mitem
450 1389 515 1427 ac
562 1372 871 1443 placidum,
912 1389 1087 1444 quam
1135 1374 1311 1428 ullum
1355 1375 1628 1445 potuisset
1668 1375 1843 1429 silen-

206 1466 378 1521 tium.
409 1466 594 1531 Quam
625 1466 835 1521 blanda
867 1467 1128 1521 oratione
1155 1468 1457 1537 compellat
1483 1468 1683 1523 Judam
1718 1486 1848 1540 pro-

211 1559 497 1615 ditorem!
553 1576 727 1629 quam
782 1559 999 1630 placide
1065 1561 1359 1632 respondit
1409 1578 1583 1616 caesus
1640 1564 1837 1634 alapa!

215 1669 393 1725 quam
449 1653 590 1707 nihil
640 1652 881 1708 ferocius
933 1653 1182 1725 loquitur
1229 1656 1409 1709 Annae
1473 1659 1531 1710 et
1578 1658 1842 1728 Caiphae!

216 1763 394 1817 quam
445 1746 745 1818 tranquille
792 1748 1085 1818 respondit
1132 1748 1341 1804 Pilato!
1391 1750 1673 1822 Denique,
1716 1770 1845 1806 cum

1940 527 2024 579 hic
2054 526 2222 586 calix,
2257 526 2306 578 si
2333 525 2450 592 ﬁeri
2484 529 2684 593 potest;
2717 527 2813 579 sed
2838 531 2955 595 ﬁat,
2988 544 3097 583 non
3130 533 3271 585 sicut
3301 547 3395 601 ego
3432 535 3571 601 volo,

1939 619 2029 673 sed
2053 620 2194 673 sicut
2227 624 2286 671 tu
2312 619 2394 671 vis
2425 616 2670 687 (Matth.,
2705 636 2857 686 xxv1,
2887 623 2999 689 39).

2011 713 2113 765 XV.
2166 712 2306 768 Novi
2352 727 2461 782 ego
2510 729 2576 765 ac
2624 712 2750 766 ﬂevi
2803 716 3080 784 quosdam
3132 735 3343 789 magna
3392 722 3573 777 animi

1941 806 2271 861 fortitudine
2327 806 2616 875 praeditos,
2669 807 2788 876 qui,
2840 809 2963 877 jam
3018 827 3248 866 coronae
3304 817 3572 884 proximi,

1942 899 2291 965 defecerunt,
2331 904 2387 953 et
2425 916 2603 980 quem
2627 900 2727 954 diu
2776 902 3008 971 professi
3044 903 3290 972 fuerant,
3322 907 3572 979 abnega-

1942 997 2097 1047 runt.
2140 991 2287 1055 Quid
2331 991 2440 1046 fuit
2482 991 2540 1045 in
2574 995 2784 1048 causa?
2827 995 3189 1051 Dimoverant
3227 999 3416 1053 oculos
3445 1017 3574 1054 suos

1944 1086 2015 1141 ab
2045 1102 2110 1140 eo
2152 1086 2251 1157 qui
2295 1086 2448 1140 solus
2496 1086 2670 1140 robur
2710 1089 2806 1141 dat
2844 1089 3105 1158 inﬁrmis,
3147 1090 3577 1149 intermiserant

1946 1179 2283 1245 orationem,
2313 1196 2376 1234 ac
2405 1187 2691 1251 cmperant
2719 1183 2792 1234 ad
2824 1183 3075 1236 humana
3101 1185 3368 1254 praesidia
3396 1188 3575 1258 respi-

1945 1289 2091 1328 cere.
2129 1274 2685 1345 Contemplabantur
2713 1291 2830 1328 sua:
2868 1280 3091 1330 naturae
3119 1277 3365 1345 vincula,
3394 1281 3575 1334 cousi-

1945 1367 2221 1422 derabant
2280 1368 2545 1433 aculeos,
2603 1369 2879 1439 ungulas,
2945 1371 3250 1426 candentes
3311 1373 3575 1443 laminas,

1946 1461 2165 1515 ferrum
2197 1466 2254 1516 et
2286 1461 2503 1532 ignem,
2536 1462 2936 1533 reliquumque
2963 1466 3305 1522 carnificinas
3334 1485 3577 1539 appara-

1947 1558 2093 1620 tum,
2154 1554 2328 1609 etiam
2387 1560 2617 1624 aspectu
2682 1556 3055 1623 horrendum,
3115 1562 3171 1612 et
3226 1561 3577 1616 cruciatuum

1946 1648 2300 1703 atrocitatem
2344 1665 2473 1702 cum
2515 1649 2631 1703 suis
2672 1649 2882 1703 viribus
2923 1652 3316 1722 conferebant,
3350 1660 3408 1708 et
3444 1655 3576 1709 ideo

1950 1741 2236 1796 victoriam
2281 1742 2595 1796 amiserunt
2633 1760 2663 1797 e
2704 1744 2983 1797 manibus.
3016 1745 3116 1799 Ubi
3154 1748 3281 1817 quis
3313 1747 3395 1801 ita
3429 1748 3581 1819 cogi-

214 1840 507 1908 Pharisazi,
566 1840 739 1895 veluti
796 1842 1070 1910 victores,
1129 1847 1422 1897 moverent
1478 1845 1662 1915 capita
1723 1813 2072 1915 sua,BW-1
2110 1858 2135 1884 “
2186 1838 2294 1890 HOC
2338 1853 2588 1907 P05511111,
2637 1838 2777 1891 “111d
2826 1839 3045 1907 Pel'lle‘i
3087 1856 3199 1893 ι)οη
3247 1856 3513 1910 ροεδυηι;
3547 1864 3573 1892 υ

211 1933 587 1988 amarissimis
639 1933 906 1988 CODViCllS
957 1934 1016 1989 in
1065 1935 1224 1990 illum
1277 1936 1706 2006 debacchantes,
1754 1938 1848 1993 ille

212 2027 551 2081 mitissimus
600 2028 808 2082 clamat
848 2044 863 2082 :
910 2030 1093 2096 Pater,
1144 2031 1354 2098 ignosce
1396 2032 1527 2098 illis,
1571 2035 1709 2101 quia
1755 2049 1850 2088 ne-

217 2123 405 2176 sciunt
434 2121 568 2191 quid
596 2123 831 2188 faciunt.

288 2215 422 2269 XIV.
467 2215 591 2269 Non
636 2214 813 2286 igitur
856 2215 999 2270 mori
1040 2233 1147 2287 per
1189 2233 1250 2271 se
1298 2218 1692 2274 testimonium
1734 2225 1848 2289 est;

218 2308 320 2363 sed
350 2307 429 2362 sic
458 2309 603 2362 mori
635 2315 718 2363 est
746 2309 1140 2364 testimonium
1170 2311 1422 2381 praebere
1451 2313 1582 2367 Deo.
1617 2313 1849 2384 Stepha-

222 2419 334 2455 nus
381 2402 610 2471 juvenis
660 2402 812 2457 inter
860 2403 1195 2470 homicidas,
1246 2421 1427 2475 agnus
1474 2405 1626 2461 inter
1671 2407 1852 2478 lupos,

220 2494 410 2550 stabat
468 2496 691 2566 placido
746 2496 1123 2568 angelncoque
1179 2498 1332 2553 vultu
1398 2504 1454 2552 et
1508 2499 1581 2554 ad
1632 2501 1855 2555 Domini

146 2656 163 2670 ο
221 2589 560 2660 exemplum
588 2589 785 2644 orabat
811 2607 916 2661 pro
949 2590 1353 2661 lapidantibus,
1390 2609 1491 2648 nec
1522 2593 1654 2647 alibi
1687 2594 1858 2649 habet

222 2683 419 2738 oculos
462 2700 640 2755 quam
684 2684 745 2737 in
784 2684 1008 2739 ccelum.
1051 2684 1167 2740 Illic
1209 2685 1399 2741 videre
1446 2687 1656 2741 meruit
1699 2688 1858 2757 cujus

222 2776 490 2848 praesidio
536 2776 794 2847 superior
841 2781 964 2832 erat
1023 2779 1514 2849 persequentibus.
1568 2781 1675 2845 Qui
1726 2799 1857 2835 vero

222 2870 394 2925 timet
422 2871 619 2937 Deum,
649 2887 766 2926 non
797 2872 1001 2926 metuit
1031 2872 1328 2927 hominum
1362 2873 1622 2928 saevitias.
1654 2875 1764 2938 Qui
1790 2892 1857 2931 ex

220 2965 417 3018 animo
450 2963 637 3035 diligit
679 2964 855 3019 vitam
902 2965 1208 3033 ccelestem,
1253 2967 1418 3021 facile
1471 2967 1642 3022 vilem
1688 2969 1859 3024 habet

221 3058 520 3125 animam;
550 3062 722 3129 atque
755 3058 853 3125 illi,
882 3076 1015 3113 cum
1046 3059 1210 3114 beato
1247 3061 1439 3127 Paulo,
1466 3064 1645 3116 vivere
1673 3064 1857 3120 Chris-

226 3160 319 3211 tus
342 3160 443 3217 est,
470 3156 608 3209 mori
639 3155 850 3209 lucrum
890 3156 1176 3226 (Philipp,
1211 3174 1247 3224 1,
1280 3158 1390 3227 21).
1421 3161 1623 3213 Annon
1656 3160 1935 3251 ingensC

222 3249 454 3304 lucrum
478 3251 564 3304 est
584 3249 733 3303 hanc
760 3253 816 3303 et
846 3248 1081 3304 brevem
1110 3256 1167 3305 et
1189 3250 1511 3306 innumeris
1539 3255 1700 3307 malis
1725 3271 1860 3310 con-

223 3342 566 3398 taminatam
614 3343 785 3397 vitam
824 3358 952 3397 cum
995 3344 1346 3415 sempiterna
1388 3346 1657 3402 felicitate
1700 3364 1858 3405 com-

224 3436 498 3493 mutare?
523 3436 621 3491 Hic
659 3435 952 3503 Dominus,
995 3438 1481 3508 quemadmodum
1513 3445 1568 3496 et
1601 3441 1662 3496 in
1701 3446 1862 3500 caete-

225 3532 310 3586 ris
362 3528 654 3598 omnibus,
706 3545 827 3584 sese
876 3529 1121 3585 formam
1172 3530 1337 3586 nobis
1390 3534 1666 3590 exhibuit.
1720 3538 1862 3593 Cum

227 3621 389 3677 enim
451 3622 692 3677 instaret
753 3628 1047 3678 extremus
1112 3630 1269 3680 actus
1334 3628 1630 3699 martyrii,
1687 3646 1861 3701 quem

228 3715 399 3771 aiunt
435 3716 495 3771 in
538 3716 742 3771 fabulis
788 3722 1054 3789 oportere
1098 3735 1221 3773 esse
1269 3720 1571 3791 optimum,
1614 3724 1861 3794 secessit,

228 3810 438 3881 abjecit
486 3827 607 3866 sese
649 3812 708 3865 in
751 3815 985 3881 terram,
1043 3813 1258 3883 prolixe
1310 3820 1483 3885 atque
1527 3817 1701 3871 etiam
1746 3818 1860 3873 frc-

224 3908 495 3976 queuter,
536 3902 729 3977 890
774 3923 840 3960 ac
881 3908 1199 3977 sanguineo
1242 3909 1453 3963 sudore
1504 3911 1861 3983 madescens,

228 4001 442 4054 nostrae
479 4005 695 4054 naturae
726 4000 786 4054 in
826 4016 884 4055 se
921 4002 1198 4073 expressit
1230 4002 1699 4073 imbecillitatem,
1730 4012 1864 4063 ante

231 4096 471 4148 testatus
530 4092 706 4147 animi
772 4094 1005 4149 taedium
1066 4112 1131 4149 ac
1197 4096 1487 4152 tristitiam
1558 4115 1732 4171 usque
1793 4102 1866 4157 ad

230 4189 502 4253 mortem,
543 4202 614 4242 ne
660 4203 763 4242 nos
808 4187 868 4242 in
907 4188 1364 4260 desperationem
1414 4193 1755 4249 caderemus
1797 4195 1864 4266 si,

232 4296 364 4336 cum
406 4280 601 4335 omnia
642 4283 892 4336 mortem
934 4288 1277 4352 praesentem
1313 4283 1617 4355 intentant,
1662 4288 1864 4343 horro-

232 4391 361 4430 rem
402 4379 621 4429 natura:
660 4375 1024 4431 senserimus.
1055 4376 1169 4432 Nisi
1218 4378 1370 4432 enim
1412 4380 1632 4436 adesset
1671 4397 1868 4437 sensus

1952 1946 2249 2000 nunquam
2295 1930 2534 1984 feliciter
2578 1937 2816 2001 peraget
2859 1932 3215 2002 martyrium.
3243 1934 3350 1989 Sed
3387 1936 3485 2005 qui
3523 1952 3580 1990 se

1950 2027 2140 2077 totum
2190 2023 2367 2077 tradit
2410 2023 2615 2078 divinas
2656 2025 2955 2091 voluntati,
3008 2042 3123 2079 non
3170 2027 3281 2081 alio
3326 2033 3584 2099 spectans

1951 2132 2125 2187 quam
2159 2116 2232 2171 ad
2272 2116 2421 2170 illius
2460 2134 2656 2188 opem,
2686 2117 2733 2171 is
2771 2117 3005 2171 demum
3043 2119 3242 2174 firmus
3281 2125 3368 2175 est
3403 2127 3458 2176 et
3494 2122 3582 2176 in-

1951 2210 2149 2265 victus.
2193 2212 2301 2264 l-loc
2332 2215 2526 2264 autem
2569 2211 2691 2265 fieri
2730 2228 2846 2265 non
2890 2215 3095 2281 potest,
3136 2214 3243 2269 nisi
3276 2215 3423 2269 adsit
3450 2232 3584 2271 vera

1954 2321 2019 2359 ac
2065 2304 2249 2357 vivida
2295 2304 2453 2371 tides,
2505 2304 2646 2358 nihil
2692 2305 2987 2373 haesitans,
3025 2307 3165 2361 nihil
3209 2308 3577 2380 disquirens:

1956 2414 2028 2450 ne
2074 2398 2412 2468 cogitaveris
2452 2403 2664 2468 quanta
2706 2400 2778 2452 sit
2822 2401 3053 2469 tyranni
3094 2401 3324 2470 saevitia,
3366 2407 3586 2475 quanta

1954 2490 2206 2545 hominis
2243 2492 2622 2559 imbecillitas,
2652 2493 2751 2546 sed
2780 2497 2988 2563 quanta
3029 2495 3098 2548 sit
3128 2495 3351 2551 Domini
3381 2498 3579 2569 virtus,

1956 2585 2051 2656 qui
2086 2589 2262 2639 certat
2291 2603 2354 2639 ac
2386 2586 2557 2640 vincit
2587 2586 2645 2640 in
2680 2586 2953 2640 membris
2982 2588 3118 2642 suis.

2028 2684 2156 2739 XlV.
2204 2685 2373 2754 Ergo,
2419 2689 2483 2738 ut
2529 2701 2561 2738 a
2607 2685 2962 2756 digressione
3010 2688 3371 2742 retlectamus
3412 2690 3479 2743 ad
3526 2689 3584 2743 id

1958 2782 2107 2852 quod
2133 2787 2257 2835 erat
2278 2783 2668 2851 constitutum,
2685 2784 3172 2854 quemadmodum
3190 2785 3415 2841 Domini
3439 2803 3587 2841 mors

1958 2876 2242 2946 potentior
2271 2881 2391 2929 erat
2427 2892 2598 2947 quam
2627 2877 2762 2945 vita,
2801 2877 2879 2931 ita
2908 2878 3083 2933 voluit
3112 2884 3431 2950 martyrum
3462 2896 3588 2935 suo-

1958 2986 2086 3023 rum
2126 2975 2363 3023 mortem
2402 2986 2523 3023 esse
2562 2973 2874 3039 potentem.
2925 2972 3071 3035 Quid
3108 2973 3263 3027 enim
3303 2974 3586 3028 infirmius

1960 3079 2131 3133 quam
2164 3062 2380 3129 vinciri,
2408 3063 2691 3133 damnari,
2722 3064 2882 3133 caedi,
2914 3065 3176 3132 cruciari,
3208 3066 3410 3133 occidi,
3432 3072 3487 3121 et
3515 3069 3583 3122 ad

1959 3155 2236 3210 carniﬁcis
2275 3154 2578 3211 arbitrium
2618 3156 2876 3227 praebere
2918 3159 3170 3230 corpus?
3210 3161 3338 3215 Haec
3370 3162 3586 3232 species

1959 3250 2250 3305 interdum
2304 3251 2754 3306 misericordiam
2810 3259 2993 3308 movet
3046 3252 3217 3309 etiam
3265 3254 3586 3310 saevissimis

1957 3344 2235 3415 tyrannis.
2278 3345 2508 3413 Verum,
2547 3345 2642 3399 ubi
2679 3346 2801 3416 jam
2850 3352 3221 3402 monumenta
3263 3354 3586 3419 martyrum

1959 3438 2251 3510 pelluntur
2289 3438 2474 3492 morbi
2513 3439 2752 3510 rugiunt
2794 3440 3106 3508 daemones,
3140 3444 3430 3497 terrentur
3469 3459 3592 3497 mo-

1960 3532 2210 3601 narchae,
2244 3535 2539 3587 coruscant
2571 3532 2862 3603 miracula,
2902 3535 3206 3589 concidunt
3237 3536 3389 3591 idola
3418 3552 3431 3591 :
3466 3540 3590 3590 tum

1962 3630 2201 3697 apparet
2228 3642 2404 3697 quam
2433 3627 2504 3680 sit
2533 3627 2730 3682 efﬁcax
2759 3644 2823 3682 ac
2858 3636 3063 3699 potens
3099 3635 3415 3701 martyrum
3457 3646 3587 3685 san-

1965 3719 2110 3791 guis.
2165 3723 2460 3776 Praesentia
2502 3724 2749 3791 inﬁrma,
2806 3724 3040 3792 epistolae
3084 3740 3274 3792 graves
3323 3724 3387 3795 (II
3444 3724 3589 3788 Con,

1965 3831 2018 3883 x,
2058 3815 2167 3881 10),
2198 3815 2413 3869 audivit
2441 3814 2801 3869 beatissimus
2839 3817 3094 3885 gentium
3137 3817 3355 3886 doctor;
3391 3818 3498 3872 hoc
3536 3823 3596 3873 et

1964 3908 2036 3965 ad
2068 3913 2344 3979 martyres
2374 3912 2519 3963 recte
2551 3908 3098 3978 accommodabitur;
3133 3910 3247 3964 vita
3277 3910 3509 3965 infirma
3537 3915 3596 3966 et

1966 4006 2290 4072 contempta
2321 4017 2475 4055 mors
2515 4001 2703 4072 gravis
2732 4019 2795 4056 ac
2825 4006 3048 4072 potens.
3080 4005 3207 4056 .lam
3239 4019 3353 4058 non
3381 4010 3465 4058 est
3492 4019 3595 4075 par

1967 4096 2225 4151 omnium
2242 4099 2559 4165 martyrum
2580 4095 2637 4149 in
2658 4093 2841 4168 891
2858 4098 3159 4150 tormentis
3176 4097 3436 4152 alacritas
3459 4099 3592 4171 (t3),

1968 4189 2448 4261 quemadmodum
2492 4205 2595 4244 nec
2638 4206 2837 4244 omnes
2883 4191 3089 4245 eodem
3132 4207 3344 4263 genere
3392 4194 3596 4249 mortis

1968 4284 2378 4354 defringantur.
2408 4285 2542 4338 Tres
2577 4283 2659 4338 illi
2703 4284 2854 4339 beati
2892 4285 3053 4356 pueri
3098 4285 3157 4340 in
3193 4286 3396 4341 mediis
3439 4288 3599 4343 flam-

1972 4378 2075 4431 mis
2124 4377 2391 4432 invenere
2444 4377 2831 4449 refrigerium,
2878 4385 2936 4433 et
2986 4379 3131 4445 septi
3185 4380 3432 4436 innocuo
3486 4383 3596 4437 ele-

236 4467 524 4535 dolorum,
554 4468 697 4522 nihil
726 4469 1325 4541 haberetadmirabile
1354 4474 1691 4545 martyrium
1723 4492 1737 4530 :
1768 4476 1869 4530 sed
1973 4475 2188 4539 mento,
2243 4472 2396 4524 velut
2443 4471 2503 4525 in
2552 4472 2805 4527 conclavi
2855 4471 3134 4526 cauebant
3178 4472 3456 4544 hymnum
3499 4477 3604 4529 Do-

236 4578 510 4633 superare
572 4562 848 4630 dolorem,
894 4580 1102 4619 corona
1165 4564 1402 4635 dignum
1469 4572 1570 4622 est.
1628 4549 2149 4623 llorrereDmiuo.
2197 4565 2387 4620 Daniel
2430 4565 2565 4618 item
2612 4566 2749 4619 citra
2795 4582 3023 4632 noxam,
3056 4566 3297 4620 leonum
3341 4565 3602 4623 sodalitio

239 4659 507 4724 mortem,
540 4660 760 4711 natura:
791 4661 908 4727 est;
944 4658 1166 4713 vincere
1194 4662 1459 4714 naturam
1494 4662 1672 4716 animi
1707 4665 1868 4718 forti-

241 4750 440 4805 tudine
478 4750 695 4821 grtetiac
739 4756 842 4806 est.
875 4751 1079 4807 Omnia
1114 4758 1303 4823 potest
1332 4756 1555 4823 Paulus,
1589 4757 1688 4811 sed
1715 4757 1771 4811 in
1805 4775 1872 4813 co
1908 4832 1911 4835 _

238 4844 340 4915 qui
380 4843 571 4915 ipsum
602 4845 949 4901 corroborat.
981 4847 1088 4901 Sed
1128 4848 1334 4918 quibus
1378 4850 1654 4920 praesidiis
1696 4853 1872 4906 vinci-

241 4941 340 4992 tur
375 4943 592 4993 naturas
628 4938 967 4996 inﬁrmitas?
1006 4940 1061 4997 Si
1098 4958 1199 4996 nos
1236 4945 1383 4998 totos
1423 4944 1585 4999 humi
1625 4952 1878 5017 proster-

239 5047 467 5102 namus,
511 5032 618 5087 hoc
659 5038 761 5102 est,
793 5035 839 5088 si
877 5034 1017 5090 nihil
1057 5036 1286 5091 omnino
1319 5037 1638 5093 tribuamus
1666 5040 1878 5095 viribus

240 5125 486 5196 nostris;
535 5128 581 5182 si
623 5127 928 5198 vigilemus
974 5134 1027 5185 et
1071 5146 1302 5187 oremus
1332 5132 1627 5202 instanter;
1670 5135 1716 5189 si
1754 5152 1879 5190 nos-

239 5225 395 5278 tram
449 5221 806 5278 voluntatem
866 5222 1075 5280 divinae
1130 5226 1408 5284 voluntati
1456 5228 1879 5299 submittamus,

1974 4666 2060 4714 est
2107 4676 2257 4713 usus.
2308 4660 2508 4713 Beatus
2558 4660 2837 4726 Andreas,
2882 4664 2944 4712 ut
2982 4658 3151 4713 habet
3189 4659 3443 4715 humana
3483 4661 3604 4732 qui-

1974 4754 2107 4809 dem
2140 4754 2374 4807 historia
2402 4754 2528 4823 (14),
2567 4753 2667 4807 sed
2710 4753 2843 4807 satis
2880 4752 3135 4823 probatas
3166 4753 3317 4820 ﬁdei,
3347 4753 3606 4823 gaudens

1975 4847 2197 4918 sibique
2243 4846 2533 4918 gratulans
2574 4846 2691 4900 ibat
2735 4845 2808 4900 ad
2853 4862 3096 4900 crucem.
3139 4845 3241 4902 Alii
3287 4846 3502 4901 diutius
3541 4864 3605 4902 ac

1976 4941 2147 4996 variis
2191 4940 2534 4995 cruciatibus
2576 4939 2816 4995 subinde
2863 4940 3202 5008 moriuntur,
3248 4955 3354 4995 nec
3407 4946 3607 4997 tamen

1980 5040 2165 5090 morte
2199 5034 2367 5089 datur
2395 5033 2559 5088 ﬁnire
2592 5033 2869 5088 dolorem.
2908 5034 3000 5088 Est
3030 5033 3207 5105 igitur
3233 5038 3289 5089 et
3323 5034 3463 5089 illud
3489 5033 3609 5090 veri

1980 5130 2262 5200 martyris,
2295 5128 2402 5183 hoc
2439 5144 2671 5201 quoque
2715 5130 2901 5183 totum
2942 5127 3176 5183 arbitrio
3220 5128 3316 5184 Dei
3353 5131 3612 5185 commit-

1982 5227 2125 5279 tere.
2154 5222 2322 5279 Novit
2359 5223 2450 5278 ille
2481 5221 2621 5294 quid
2656 5221 2919 5293 expediat
2950 5221 3116 5277 nobis
3154 5225 3214 5278 et
3243 5223 3378 5297 quid
3421 5223 3488 5279 ad
3531 5224 3614 5296 ip-

1647 5344 1996 5409 Variorum
2025 5346 2222 5406 notae.

307 5443 411 5509 (12)
441 5444 559 5496 Non
592 5445 909 5497 minitantur
950 5453 1198 5511 tyranno.
1240 5451 1361 5502 Non
1402 5466 1500 5516 per
1544 5454 1731 5503 omnia
1773 5453 1881 5504 hoc

243 5526 444 5566 verum
496 5527 618 5567 esse
668 5521 838 5581 patet,
894 5520 981 5568 vel
1035 5533 1104 5569 ex
1150 5521 1270 5571 solo
1324 5522 1641 5586 l’rudentio,
1686 5523 1784 5573 ubi
1829 5527 1884 5573 et

243 5587 584 5637 Laurentius
607 5592 659 5638 et
690 5589 971 5640 Romanus
996 5596 1263 5657 martyres
1290 5599 1480 5644 contra
1511 5596 1740 5656 faciunt,
1772 5596 1884 5644 imo

246 5662 305 5709 et
353 5658 659 5710 Machabaai
704 5665 973 5725 martyres
1020 5677 1132 5713 non
1181 5670 1361 5726 erunt,
1406 5668 1450 5715 si
1496 5666 1628 5717 huic
1671 5666 1885 5718 auctori

247 5728 597 5803 credendum
627 5731 714 5782 sit.
746 5732 919 5785 Caute
954 5735 1142 5800 itaque
1174 5736 1267 5787 hic
1304 5738 1462 5788 locus
1498 5738 1787 5803 legendus,
1814 5751 1887 5789 ne

247 5813 416 5931 gere
484 5801 742 5856 videatur
805 5806 1366 5873 pseudomartyribus
1433 5801 1609 5863 nostri
1671 5809 1885 5864 saeculi.

300 5885 477 5927 mn.

300 5885 477 5927 ωδ.

574 5966 865 6045 Ριτιιοιη
900 5970 1006 6040 lV.

2049 5450 2141 5514 (I3)
2172 5449 2288 5496 Jam
2317 5451 2509 5496 nonest
2534 5459 2640 5510 par
2667 5445 2899 5496 omnium
2934 5450 3229 5510 martyrum
3263 5447 3320 5496 in
3344 5451 3617 5501 tormentis

1985 5522 2261 5573 alacritas.
2300 5518 2486 5568 Morel.
2525 5521 2580 5568 et
2623 5518 2830 5568 Manut.
2876 5519 3203 5581 martyrium
3233 5534 3250 5568 :
3280 5532 3473 5570 verum
3506 5533 3619 5570 non

1986 5594 2185 5658 placet.
2220 5595 2440 5643 PAMEL.

2050 5666 2147 5725 (14)
2184 5666 2243 5714 Ut
2283 5662 2431 5714 habet
2473 5660 2686 5725 quidem
2732 5659 2969 5711 humana
3010 5659 3254 5711 historia.
3286 5661 3423 5713 Haec
3473 5673 3622 5726 quo-

1989 5749 2097 5800 que
2148 5734 2364 5800 phrasis
2410 5732 2694 5783 veteribus
2748 5732 3049 5796 inCOgnita,
3100 5733 3198 5796 qui
3256 5745 3368 5782 non
3425 5733 3624 5783 huma-

1988 5820 2105 5873 nas,
2148 5807 2247 5859 sed
2277 5804 2690 5859 ecclesiasticas
2727 5801 2990 5855 historias
3024 5808 3372 5869 nuncupant.
3407 5803 3625 5857 PAMBL.

3273 5968 3345 6033 31
