4032 6180
462 310 556 366 971
1063 308 1149 364 AD
1187 309 1408 365 OPERA
1447 313 1500 366 S.
1542 311 1853 369 CYPRIANI
1892 309 2187 368 GENUINA
2225 307 2508 366 APPEND.
2547 305 2613 363 ΙΙ.
2646 337 2714 347 -
2742 301 3217 362 SUPPOSITITIA.
3694 302 3787 359 972

463 434 576 488 sius
605 433 837 504 gloriam
879 433 1124 486 maxime
1163 434 1518 488 conducibile
1550 435 1640 489 sit.
1673 437 1913 490 Tantum
1945 435 2083 490 illud
2108 439 2243 518 Aet
2296 448 2580 486 summam
2638 429 2987 485 exhibebant
3039 425 3354 482 stultitiam.
3410 427 3615 496 Itaque,
3670 441 3784 479 cum

461 528 678 581 assidue
718 525 1082 595 cogitandum
1123 534 1206 579 est
1257 549 1266 579 :
1311 527 1433 582 Sive
1475 530 1724 597 vivimus,
1765 534 1872 584 sive
1918 533 2083 584 mori—

460 637 598 684 mur,
645 621 858 673 Domini
897 635 1076 673 sumus
1126 621 1316 689 (Rom,
1365 637 1473 686 xiv,
1517 622 1593 687 8).
1643 624 1749 676 Nec
1792 623 1897 676 sibi
1939 622 2086 693 quis-

460 729 632 782 quam
669 712 980 782 displiceat,
1025 713 1068 765 si
1109 729 1342 782 corpore
1383 714 1594 782 pariter
1636 721 1690 768 et
1730 716 1921 769 animo
1966 733 2085 768 sen-

462 806 566 860 tiat
605 821 834 876 gravem
877 822 939 858 ac
985 806 1255 858 diutinam
1306 807 1661 876 molestiam;
1693 815 1911 862 tantum
1953 809 2086 862 fidat

461 900 514 952 ei
557 900 646 952 cui
696 901 876 952 certat
917 915 930 952 ε
978 901 1029 952 Is
1074 915 1183 952 non
1224 902 1469 967 patietur
1515 918 1835 970 quemquam
1884 905 2087 957 tentari

457 1007 625 1062 supra
669 993 730 1045 id
769 992 914 1060 quod
961 998 1149 1060 potest,
1196 994 1287 1046 sed
1334 995 1498 1058 faciet
1537 997 1698 1047 etiam
1741 1011 1858 1048 cum
1904 1002 2081 1049 tenta-

463 1088 606 1138 tione
643 1091 958 1153 proventum
1004 1087 1042 1156 (l
1093 1088 1235 1144 Cor.,
1282 1103 1336 1151 x,
1393 1087 1498 1157 tit).
1547 1087 1834 1150 Quosdam
1879 1089 2085 1143 electos

458 1178 746 1231 interdum
795 1178 1007 1248 patitur
1050 1179 1106 1231 in
1154 1180 1451 1233 tormentis
1497 1181 1756 1248 deﬁcere,
1803 1185 1863 1234 ut
1903 1199 2081 1252 agno-

460 1275 618 1324 scant
647 1271 1097 1326 imbecillitatem
1129 1289 1310 1339 suam,
1346 1281 1515 1343 atque
1548 1275 1769 1328 eosdem
1803 1279 1928 1346 post
1967 1277 2080 1330 for-

460 1364 708 1418 tissimos
762 1365 949 1418 reddit
997 1365 1055 1418 in
1112 1365 1445 1419 certamine.
1496 1368 1604 1421 Hac
1662 1368 2083 1437 dispensatione

460 1459 654 1511 Petrus
694 1463 777 1511 ter
813 1458 1121 1528 abnegavit
1163 1460 1491 1525 Dominum,
1529 1465 1606 1528 ut,
1646 1462 1878 1515 edoctus
1907 1479 2082 1533 quam

459 1550 602 1603 nihil
644 1556 835 1619 posset
872 1550 986 1603 suis
1025 1551 1253 1617 viribus,
1292 1553 1658 1607 conﬁrmaret
1693 1556 1892 1608 fratres
1933 1572 2081 1610 suos.

461 1643 756 1706 Quomodo
798 1647 991 1697 autem
1026 1645 1436 1698 conﬁrmaret?
1468 1647 1537 1700 Ut
1572 1647 1674 1700 sibi
1715 1648 1904 1714 diffisi,
1938 1650 2082 1703 ﬁdu-

457 1737 596 1788 ciam
628 1752 856 1790 omnem
889 1738 1230 1791 collocarent
1257 1739 1311 1791 in
1345 1739 1604 1794 Domino.

2185 528 2364 580 Deum
2407 541 2524 580 esse
2567 525 2990 595 proﬁterentur,
3033 527 3246 588 tamen,
3288 519 3529 589 turpiter
3555 519 3786 573 viventes

2186 626 2241 674 et
2293 619 2453 673 idolis
2498 618 2896 681 sacriﬁcantes,
2950 615 3087 669 falso
3143 612 3471 668 testimonio
3527 612 3785 682 quodam-

2187 714 2353 767 modo
2397 711 2774 766 obscurabant
2812 709 2912 763 Dei
2959 707 3225 779 gloriam,
3273 705 3436 776 quasi
3489 721 3590 758 nec
3622 704 3788 774 justus

2188 810 2332 861 esset
2380 823 2484 859 nec
2533 822 2721 869 verax,
2768 809 2866 858 aut
2910 802 3072 874 quasi
3121 817 3235 855 non
3288 816 3438 853 unus
3490 800 3652 865 esset,
3704 799 3787 852 sed

2188 903 2370 968 multi,
2402 906 2502 956 aut
2532 902 2688 972 quasi
2723 901 2863 952 saxis
2901 905 3046 954 esset
3075 897 3354 951 assimilis.
3386 894 3445 950 Id
3474 897 3657 948 autem
3694 896 3788 948 evi-

2185 1000 2413 1055 dentius
2463 999 2634 1052 etiam
2689 1001 2927 1052 testatur
2984 995 3338 1049 beatissimus
3395 992 3614 1058 Paulus,
3673 993 3787 1045 scri-

2181 1094 2322 1148 bens
2375 1094 2445 1147 ad
2498 1092 2811 1148 Corinthios
2869 1107 2881 1144 :
2937 1091 3134 1159 Empti,
3192 1088 3414 1158 inquit,
3465 1087 3585 1139 estis
3630 1087 3787 1155 pretio

2183 1205 2400 1255 magno,
2434 1189 2728 1256 glori/texite
2761 1190 2808 1238 et
2840 1190 3052 1254 portate
3088 1185 3254 1237 Deum
3285 1184 3346 1234 in
3385 1195 3600 1249 corpore
3627 1186 3786 1232 vestro

2188 1283 2226 1351 (I
2271 1281 2414 1340 Cor.,
2452 1297 2522 1346 vn,
2560 1283 2668 1347 20).
2707 1278 2830 1331 Ideo
2871 1279 3012 1330 Deus
3049 1275 3290 1329 redemit
3328 1289 3437 1327 nos
3469 1271 3649 1342 pretio
3681 1289 3789 1325 san-

2187 1374 2372 1445 guinis
2408 1373 2492 1427 sui
2531 1379 2608 1438 ut,
2634 1372 2818 1426 semel
2847 1388 2878 1423 a
2913 1369 3153 1440 peccatis
3194 1365 3518 1437 expurgati,
3549 1365 3792 1435 deinceps

2184 1470 2352 1521 vitam
2381 1468 2501 1537 ipso
2532 1465 2770 1535 dignam
2796 1479 3118 1533 ageremus.

2257 1562 2382 1617 XIX.
2438 1563 2516 1614 Ac
2577 1558 2898 1630 symbolum
2961 1555 3323 1627 imperatoris
3370 1557 3662 1623 gestamus
3706 1551 3792 1604 im-

2185 1672 2443 1728 pressum
2488 1652 2768 1708 frontibus
2803 1650 3026 1704 nostris.
3063 1649 3206 1713 Quid
3251 1649 3296 1702 si
3341 1663 3551 1718 gerens
3589 1646 3793 1715 signum

2187 1749 2412 1816 Christi,
2458 1750 2684 1818 praestet
2726 1762 2901 1816 Opera
2942 1743 3157 1797 Belial?
3201 1757 3396 1796 nonne
3437 1741 3789 1794 dedecorator

527 1833 680 1887 XVII.
711 1833 821 1888 Sed
857 1834 979 1903 jam
1025 1839 1250 1905 tempus
1287 1840 1368 1889 est
1409 1841 1468 1890 ut
1501 1837 1568 1890 de
1612 1837 1791 1892 altero
1829 1839 2085 1909 martyrii
2106 1810 2162 1880 B
2189 1843 2282 1897 ille
2311 1810 2476 1912 cuius
2499 1840 2741 1911 insignia
2765 1810 3066 1909 gerimus?
3093 1839 3299 1892 Contra
3329 1834 3477 1888 sicut
3510 1833 3794 1903 imperator

458 1943 668 1996 genere
718 1926 1064 1980 disseramus
1114 1930 1373 1983 cbaritati
1421 1934 1562 1996 tum,
1621 1932 1689 1984 de
1743 1949 1856 2001 quo
1913 1933 2087 1987 etiam

457 2019 768 2072 accuratius
809 2026 893 2073 est
933 2020 1358 2091 disputandum,
1401 2024 1552 2093 quod
1595 2027 1874 2078 occultum
1921 2026 1994 2080 sit
2036 2032 2091 2080 et

458 2112 716 2166 omnium
747 2116 1069 2183 temporum
1099 2133 1400 2170 commune
1427 2133 1441 2182 ;
1471 2135 1654 2188 neque
1684 2119 1836 2172 enim
1861 2135 2090 2189 semper

457 2206 696 2259 saeviunt
739 2207 1006 2273 Nerones,
1056 2209 1387 2263 Diocletiani
1441 2214 1570 2282 (15),
1625 2213 1774 2265 Decii
1820 2229 1884 2265 ac
1928 2213 2090 2266 Maxi-

460 2299 640 2366 mini,
694 2315 988 2370 nunquam
1043 2306 1231 2354 tamen
1281 2311 1459 2357 cessat
1517 2305 1772 2358 diabolus
1828 2322 2086 2360 exercere

457 2392 661 2449 Christi
741 2393 1002 2446 militiam
1085 2397 1390 2465 professos.
1465 2399 1534 2451 Et
1607 2399 1855 2453 fortassis
1919 2407 2086 2454 erunt

457 2487 713 2556 posthac,
764 2487 1010 2542 donante
1062 2489 1302 2555 Christo,
1361 2495 1618 2561 tempora
1664 2493 1870 2563 quibus
1915 2495 2084 2548 nulla:

456 2583 830 2650 tyrannorum
895 2583 1316 2651 persecutiones
1380 2585 1640 2656 afﬂigant
1706 2587 2011 2641 Ecclesiam
2067 2605 2080 2642 :

460 2689 751 2743 nunquam
807 2679 998 2728 tamen
1057 2675 1319 2730 defutura
1379 2684 1513 2732 sunt
1561 2681 1897 2746 certamina,
1947 2697 2088 2734 nun-

459 2783 631 2837 quam
694 2767 970 2838 martyria
1039 2768 1243 2839 quibus
1305 2770 1571 2826 homines
1631 2772 1708 2842 pii
1773 2773 2085 2843 glorificent

459 2863 655 2916 Deum.
698 2861 944 2916 Ecclesia
981 2863 1210 2932 quidem
1243 2864 1426 2918 adhuc
1462 2865 1519 2918 in
1562 2866 1666 2921 hoc
1698 2868 1892 2922 exsilio
1933 2868 2083 2921 mili-

460 2957 604 3021 tans,
637 2955 1016 3024 peculiaribus
1044 2956 1262 3025 gaudiis
1293 2959 1588 3028 applaudit
1619 2960 1687 3013 iis
1725 2961 1824 3031 qui
1857 2961 1910 3014 in
1952 2978 2081 3031 pro-

459 3047 703 3102 fossione
745 3047 990 3102 nominis
1033 3050 1162 3102 Jesu
1204 3049 1426 3104 animas
1466 3069 1594 3105 suas
1632 3054 1874 3108 ﬁdeliter
1915 3055 2086 3126 depo-

2191 1937 2299 1991 sibi
2329 1937 2510 2006 placet
2529 1935 2597 1988 de
2623 1933 2798 1986 milite
2822 1937 3192 2002 prmstrenuo,
3217 1929 3294 1983 sic
3317 1927 3647 1982 existimans
3669 1926 3793 1979 illius

2188 2031 2456 2084 virtutem
2501 2027 2605 2098 ipsi
2643 2026 2834 2080 decori
2869 2028 2926 2079 et
2971 2025 3313 2079 ornamento
3351 2038 3476 2075 esse
3515 2038 3527 2074 :
3559 2020 3635 2073 sic
3671 2021 3794 2073 Deus

2191 2122 2460 2194 gloriatur
2507 2122 2568 2174 in
2623 2121 2711 2174 his
2765 2136 2903 2190 quos
2953 2117 3218 2180 redemit,
3277 2132 3421 2186 quos
3476 2115 3632 2180 lavit,
3681 2129 3796 2183 quos

2188 2215 2577 2280 sanetiticavit,
2628 2229 2767 2283 quos
2807 2211 3046 2282 Spiritus
3087 2209 3361 2263 donativo
3408 2208 3666 2278 dignatus
3704 2210 3792 2268 Eat,

2191 2312 2235 2364 si
2268 2311 2395 2363 vitae
2437 2305 2809 2361 sanctimonia
2849 2304 3193 2359 declararint
3226 2302 3452 2356 Domini
3486 2299 3710 2371 gratiam
3751 2299 3797 2350 in

2189 2404 2324 2474 ipsis
2371 2419 2489 2456 non
2538 2401 2710 2454 fuisse
2762 2416 3013 2452 vacuam.
3069 2397 3122 2451 Si
3177 2395 3390 2451 Paulus
3445 2393 3708 2465 gloriatur
3750 2390 3796 2443 in

2189 2497 2596 2567 discipulorum
2648 2494 2879 2564 pietate,
2926 2490 3197 2561 gaudium
3242 2492 3300 2543 et
3345 2503 3615 2543 coronam
3656 2501 3798 2538 suam

2188 2591 2312 2644 illos
2342 2590 2658 2660 appellans,
2688 2587 2781 2658 qui
2815 2586 2955 2639 nihil
2989 2586 3112 2637 erat
3139 2583 3242 2636 nisi
3271 2583 3632 2654 dispensator
3651 2578 3798 2634 alieni

2182 2683 2460 2748 muneris,
2500 2698 2694 2735 annon
2729 2679 2994 2735 Dominus
3026 2677 3209 2747 magis
3241 2677 3529 2746 gloriatur
3551 2691 3710 2744 super
3726 2673 3798 2727 his

2181 2794 2282 2848 pro
2316 2775 2522 2847 quibus
2569 2779 2825 2828 mortuus
2854 2773 2978 2826 est?
3018 2773 3139 2824 Jam
3175 2770 3331 2840 quod
3374 2770 3434 2823 in
3461 2770 3602 2824 libro
3628 2767 3717 2822 Job
3741 2766 3797 2820 ad

2182 2871 2335 2924 hunc
2395 2869 2632 2922 modum
2694 2868 2925 2922 Satanae
2990 2864 3242 2934 loquitur
3293 2863 3566 2918 Dominus
3618 2882 3629 2916 :
3681 2864 3796 2917 Num

2180 2963 2620 3018 animadvertisti
2667 2977 2880 3016 servum
2929 2975 3101 3013 meum
3141 2959 3261 3024 Job,
3311 2957 3574 3026 quomodo
3613 2971 3709 3009 non
3740 2955 3798 3006 sit

2180 3060 2230 3112 ei
2267 3058 2460 3110 similis
2503 3071 2664 3124 super
2712 3060 2939 3114 terram,
2987 3053 3137 3106 homo
3180 3052 3418 3119 simplex
3461 3055 3514 3103 et
3551 3053 3709 3104 rectus
3747 3062 3796 3100 ac

459 3147 712 3207 suerunt,
735 3145 791 3194 et
817 3141 889 3194 ad
920 3141 1125 3196 horum
1156 3145 1473 3198 memorias
1502 3162 1710 3216 magna
1737 3163 1866 3201 cum
1895 3147 2084 3201 alacri-
2107 3174 2162 3247 Ο
2188 3155 2380 3205 time-ns
2433 3152 2616 3216 Deum,
2676 3154 2726 3202 et
2780 3147 3030 3201 recedens
3079 3161 3114 3198 α
3166 3145 3390 3198 malitia
3446 3143 3584 3214 (Job,
3637 3159 3671 3206 ι,
3715 3139 3796 3208 8)?

461 3240 572 3289 tate
617 3235 968 3289 concurritur
1016 3251 1031 3289 :
1080 3236 1181 3289 sed
1231 3238 1450 3292 caeleste
1494 3239 1806 3301 theatrum,
1857 3243 2088 3311 angelo-

461 3343 589 3380 rum
640 3327 920 3397 myriades
970 3334 1024 3382 et
1073 3329 1350 3398 iustorum
1401 3349 1526 3385 cum
1577 3333 1799 3387 Christo
1851 3350 2091 3404 regnan-

460 3420 604 3475 tium
649 3421 1088 3475 innumerabilis
1143 3425 1382 3493 populns
1423 3427 1779 3496 applaudunt
1827 3429 2091 3482 omnibus

464 3513 560 3584 qui
590 3513 869 3567 sinceram
911 3515 1082 3568 ﬁdem
1121 3522 1179 3570 et
1218 3517 1549 3572 charitatem
1589 3520 1876 3586 invictam,
1919 3537 2090 3591 quam

466 3607 676 3661 habent
716 3624 855 3678 erga
884 3609 1188 3663 Dominum
1217 3613 1427 3679 Jesum,
1472 3612 1794 3683 integritate
1829 3620 1884 3668 et
1926 3615 2088 3670 inno-

465 3701 650 3755 centia
681 3701 810 3755 vitae
843 3702 1238 3757 testiﬁcantur.

535 3796 718 3849 XVIII.
772 3795 885 3849 Nec
927 3797 1109 3850 solum
1155 3797 1505 3867 professione
1549 3800 1712 3868 ﬁdei,
1759 3818 1888 3872 quae
1933 3803 2094 3874 juxta

469 3889 726 3956 Paulum,
759 3905 854 3945 ore
894 3892 957 3943 iit
989 3890 1061 3944 ad
1102 3893 1366 3957 salutem,
1411 3893 1761 3963 gloriﬁcatur
1796 3897 1960 3962 Deus,
2007 3913 2095 3952 ve-

468 3999 596 4037 rum
627 3982 796 4037 etiam
835 3984 1188 4039 confessione
1230 3987 1692 4042 commissorum.
1733 3991 1860 4044 Ilaec
1900 4006 1969 4044 ne
2008 3997 2091 4045 te-

472 4093 623 4131 mere
678 4093 743 4130 ex
799 4077 964 4130 nobis
1013 4077 1147 4148 ipsis
1193 4080 1716 4154 loquigvideamur,
1761 4083 2096 4140 adducenda

469 4177 599 4224 sunt
643 4170 1064 4241 Scripturarum
1110 4172 1453 4228 testimonia.
1497 4177 1667 4245 Ergo,
1716 4177 1818 4230 nisi
1868 4177 2093 4248 piorum

471 4264 585 4318 vita
623 4264 851 4318 cederet
894 4264 951 4318 in
998 4266 1238 4334 gloriam
1283 4268 1399 4334 Dei,
1433 4269 1687 4323 Christus
1727 4288 1839 4325 non
1879 4271 2097 4327 diceret

470 4358 528 4411 in
560 4359 866 4428 Evangelio
902 4379 913 4411 :
951 4361 1017 4414 Ut
1045 4360 1266 4413 uideant
1303 4376 1465 4430 opera
1499 4368 1678 4416 vestra
1717 4365 1874 4430 bona,
1906 4373 1956 4419 et
1985 4368 2097 4432 glo-

470 4454 678 4519 riﬁcent
731 4454 945 4506 Putrem
1011 4459 1246 4507 vestrum
1303 4452 1496 4527 892
1551 4459 1647 4526 qui
1704 4460 1765 4512 in
1818 4460 1959 4512 caelis
2019 4466 2097 4514 est

2189 3246 2390 3299 Nonne
2435 3258 2760 3296 sermonem
2806 3240 3021 3311 profert
3063 3239 3136 3291 de
3181 3255 3283 3291 suo
3325 3237 3546 3291 cultore
3577 3235 3793 3307 glorian-

2191 3337 2306 3392 tis?
2341 3338 2540 3390 Beatus
2571 3338 2762 3388 autem
2795 3333 2997 3386 Paulus
3035 3329 3429 3402 splendidiore
3461 3329 3626 3384 etiam
3651 3326 3794 3380 verbo

2192 3446 2324 3484 usus
2361 3435 2464 3493 est,
2496 3429 2750 3483 scribens
2791 3425 3106 3481 secundam
3148 3424 3221 3478 ad
3255 3423 3586 3478 Corinthios
3618 3421 3796 3492 Episto-

2191 3525 2301 3579 lam
2341 3540 2355 3577 ε
2393 3526 2499 3577 Deo
2538 3527 2716 3577 autem
2757 3523 2962 3590 gratia,
3007 3522 3102 3588 qui
3143 3534 3352 3588 semper
3394 3519 3687 3586 triumphat
3720 3528 3795 3566 nos

2190 3619 2251 3672 in
2296 3615 2504 3672 Christo
2551 3617 2697 3682 Jesu,
2749 3621 2799 3668 et
2843 3613 3059 3668 odorem
3102 3614 3312 3665 notitiae
3355 3626 3472 3666 suae
3510 3610 3794 3675 manifestat

2187 3727 2288 3782 per
2309 3725 2404 3764 nos
2435 3712 2492 3763 in
2519 3710 2666 3763 omni
2696 3708 2806 3761 loco
2833 3725 2850 3761 :
2877 3708 3009 3776 quia
3046 3706 3252 3760 Christi
3288 3704 3464 3759 bonus
3493 3705 3618 3758 odor
3641 3715 3792 3756 sumus

2193 3807 2300 3858 Deo
2343 3803 2408 3875 (II
2455 3803 2599 3863 Cor.,
2646 3817 2700 3866 ιι,
2755 3802 2840 3869 14,
2889 3801 2998 3869 15).
3043 3799 3236 3852 Melius
3277 3803 3360 3852 est
3406 3813 3591 3852 nomen
3631 3796 3790 3849 bonum

2191 3913 2353 3967 super
2399 3901 2684 3965 unguenta
2722 3896 2964 3963 pretiosa
3014 3893 3230 3961 (Eccte.,
3279 3907 3376 3958 vn,
3425 3893 3501 3961 2).
3546 3889 3790 3958 Scriptura

2196 3991 2494 4062 gloriosam
2525 3990 2740 4043 famam
2772 3987 3063 4058 appellare
3098 3986 3237 4040 solet
3267 3986 3659 4040 odoramenta.
3695 3981 3788 4035 Non

2193 4090 2387 4140 tamen
2420 4085 2563 4137 Deus
2594 4082 2866 4153 gloriatur
2903 4080 3204 4135 hominum
3241 4095 3430 4146 more,
3458 4077 3559 4132 sibi
3600 4077 3789 4147 placens

2195 4195 2261 4234 ac
2289 4178 2554 4249 gestiens,
2589 4175 2688 4229 sed
2729 4181 2985 4229 nostram
3018 4175 3258 4228 salutem
3298 4172 3458 4227 ducit
3487 4170 3723 4243 gloriam,
3746 4170 3789 4219 et

2195 4277 2328 4331 ideo
2371 4275 2612 4346 subjecit
2657 4273 2998 4344 Apostolus:
3035 4274 3094 4327 In
3141 4272 3224 4324 his
3261 4273 3362 4340 qui
3399 4271 3541 4325 salvi
3577 4271 3717 4337 ﬁunt,
3751 4267 3788 4316 et

2196 4374 2253 4426 in
2297 4372 2378 4425 his
2425 4372 2524 4440 qui
2557 4373 2802 4437 pereunt.
2848 4365 3148 4430 Quomodo
3197 4365 3547 4435 gloriﬁcatur
3581 4363 3712 4416 Deus
3742 4357 3785 4410 in

2198 4465 2284 4518 his
2311 4463 2411 4536 qui
2441 4463 2578 4517 salvi
2617 4461 2802 4515 ﬁunt?
2834 4460 3104 4531 quoniam
3133 4458 3286 4512 illius
3316 4459 3624 4512 illustratur
3645 4452 3783 4508 mise-

469 4552 711 4623 (Matth.,
776 4569 826 4618 ν,
885 4556 1002 4622 16).;
1059 4570 1161 4606 nec
1216 4555 1424 4608 Paulus
1478 4557 1765 4626 apostolus
1826 4539 2453 4614 scriberetDricordia.
2501 4555 2793 4620 Quomodo
2840 4554 2896 4607 in
2940 4553 3029 4607 bis
3069 4553 3166 4624 qui
3217 4551 3505 4623 pereunt?
3551 4546 3783 4621 quoniam

471 4646 680 4699 Calatis
711 4645 818 4714 (16)
851 4663 863 4698 :
899 4649 966 4700 Et
996 4650 1053 4700 in
1083 4663 1164 4700 me
1192 4649 1568 4717 gloriﬁeabant
1599 4653 1765 4705 Deum
1793 4653 2024 4724 (Galat.,
2057 4671 2095 4720 ι,

472 4740 583 4809 2i).
630 4740 1014 4794 Contirmatur
1051 4741 1155 4795 hoc
1197 4746 1254 4796 et
1293 4759 1393 4813 per
1431 4747 1871 4815 repugnantiam
1905 4763 1968 4801 ex
2010 4747 2098 4801 his

472 4850 598 4905 qua:
635 4833 902 4888 diximus.
946 4835 1190 4902 Etenim,
1238 4836 1284 4890 si
1323 4853 1533 4891 nomen
1581 4839 1679 4892 Dei
1721 4840 2001 4909 polluitur
2034 4857 2098 4895 ac

473 4928 883 4982 debonestatur
929 4928 1106 4999 impia
1149 4929 1262 4985 vita
1304 4932 1390 4984 sui
1431 4932 1646 5002 populi,
1696 4933 1894 5004 utique
1948 4935 2098 4990 bona

471 5022 618 5076 illius
643 5023 754 5076 vita
781 5023 1201 5078 cohonestatur.
1234 5025 1546 5079 Damnatur
1578 5026 1731 5096 apud
1768 5029 2098 5098 Apostolum

472 5119 530 5170 et
567 5116 1034 5189 philosophorum
1067 5117 1244 5188 impia
1281 5119 1579 5189 sapientia,
1617 5124 1730 5190 qui,
1774 5139 1892 5177 cum
1931 5125 2097 5179 Deum

470 5213 872 5276 cognovissent,
936 5228 1038 5267 non
1105 5219 1281 5268 tamen
1345 5230 1464 5267 eum
1530 5219 1590 5269 ut
1656 5218 1824 5271 Deum
1888 5219 2094 5288 gloriﬁ-

471 5311 729 5358 caverunt
775 5307 970 5376 (Bom.,
1017 5324 1052 5376 ι,
1099 5307 1211 5377 21).
1259 5307 1612 5378 Sapientiam
1660 5311 2092 5382 profitebantur,

2197 4651 2254 4706 in
2289 4651 2376 4705 bis
2407 4649 2730 4705 declaratur
2755 4647 2907 4701 illius
2927 4645 3166 4717 justitia.
3339 4721 3341 4724 η

2270 4745 2468 4820 893
2515 4748 2615 4802 XX.
2665 4747 2824 4800 Nunc
2871 4744 2991 4816 ipse
3037 4743 3319 4799 sermonis
3368 4757 3564 4798 cursus
3607 4753 3697 4793 nos
3731 4748 3782 4788 eo

2200 4843 2435 4896 deduxit
2486 4844 2550 4895 ut
2599 4841 2900 4896 doceamus
2953 4842 3008 4893 et
3059 4843 3421 4910 peccatorum
3475 4832 3780 4890 confessione

2200 4935 2503 5008 gloriﬁcari
2552 4936 2755 4989 Deum.
2803 4933 2900 4987 Hic
2950 4931 3198 4988 occurrit
3246 4932 3509 5002 protinus
3557 4944 3619 4982 ex
3662 4923 3778 4979 libro

2195 5032 2326 5086 Jesu
2364 5031 2512 5086 Nave
2552 5030 2747 5084 Acban
2779 5027 2908 5098 (17),
2949 5027 3068 5098 qui,
3107 5026 3404 5098 quoniam,
3456 5027 3633 5078 contra
3672 5014 3780 5071 divi-

2197 5142 2337 5180 num
2391 5124 2661 5190 edictum,
2709 5122 3015 5177 sustulerat
3063 5138 3131 5176 ex
3180 5119 3537 5175 anathemate
3583 5111 3776 5186 pallium

2198 5220 2526 5275 coccineum
2569 5217 2815 5288 insigne,
2853 5233 2916 5270 ac
2958 5216 3230 5270 ducentos
3263 5214 3424 5269 siclos
3470 5206 3693 5282 argenti,
3728 5215 3778 5254 ac

2198 5314 2458 5385 linguam
2503 5328 2735 5367 auream
2781 5311 3053 5365 sictorum
3094 5305 3526 5381 quinquaginta,
3567 5295 3772 5375 populus

1872 5422 2222 5490 Variorum
2252 5427 2446 5486 notae.

533 5525 632 5589 (15)
681 5521 1012 5572 Diocletiani.
1038 5523 1324 5574 Morellius
1381 5526 1607 5589 conjicit
1642 5527 1940 5592 legendum
1994 5535 2097 5582 Va-

471 5596 682 5668 leriani.
724 5593 964 5668 AVerum,
1023 5595 1122 5644 etsi
1172 5597 1226 5644 id
1275 5597 1387 5656 ﬁat,
1433 5597 1592 5660 plura
1635 5605 1766 5650 sunt
1822 5603 1927 5651 alia
1971 5619 2098 5668 quas

470 5666 735 5731 Cypriani
776 5679 889 5714 non
935 5679 1057 5715 esse
1105 5668 1459 5739 convincunt.
1498 5671 1686 5732 Neque
1720 5686 1847 5722 vero
1883 5666 2099 5739 uspiam

469 5738 538 5789 de
567 5741 740 5789 altero
770 5738 877 5788 hoc
906 5738 1152 5801 martyrii
1184 5751 1386 5801 genere
1413 5740 1558 5803 apud
1600 5741 1758 5791 illum
1790 5738 1970 5795 sermo
2001 5750 2097 5796 est.

468 5812 690 5862 Pansa.

526 5884 626 5949 (16)
681 5883 876 5936 Paulus
925 5883 1192 5949 apostolus
1237 5883 1485 5936 sci-iteret
1532 5884 1762 5938 Calatis.
1807 5885 1972 5941 Recte
2025 5888 2106 5943 sic

2200 5533 2481 5584 Manutius
2507 5544 2604 5594 pro
2631 5528 2938 5580 Corinthiis.
2973 5528 3195 5577 PAMEL.

2638 5577 2915 5651 vbiorelius
2961 5598 3152 5650 Achar.
3203 5598 3272 5648 Et
3319 5595 3411 5668 sic
3441 5577 3768 5668 etiam-"LX?-

2201 5660 2298 5727 sed
2330 5660 2509 5725 versio
2535 5674 2657 5724 haec
2686 5673 2848 5722 mista
2880 5675 2963 5723 est
2991 5685 3060 5721 ex
3082 5670 3304 5734 vulgata
3331 5660 3765 5736 editione‘Hie‘ljon-

2203 5750 2256 5798 et
2299 5746 2466 5796 LXX.
2525 5746 2648 5796 Hoc
2703 5748 2894 5794 autem
2953 5731 3206 5804 mirum;
3245 5737 3391 5813 ᾳιιρά
3443 5731 3766 5813 Ρωυίξῗηβξῗφ

2201 5819 2484 5882 lapsorum
2556 5817 2883 5883 martyrium
2963 5800 3279 5885 quoddam—
3309 5800 3484 5865 facere
3542 5800 3761 5855 videatur.

2205 5887 2424 5944 PAMEL.
