4032 6180
223 254 324 311 973

1486 253 1571 311 DE
1623 254 1892 313 DUPLICI
1929 248 2299 309 MARTYRIO.

3484 240 3587 301 974

222 382 396 437 Israel
449 384 613 451 terga
666 380 833 437 vertit
885 380 1168 438 hostibus.
1223 384 1422 452 Itaque
1481 384 1652 437 Josue
1721 379 1863 435 dixit
1883 388 2086 462 Aesse
2120 378 2478 445 peccatorum
2527 369 3002 429 conversionem:
3044 369 3166 427 Non
3206 372 3349 425 enim
3395 372 3593 439 quaerit

222 476 466 531 Achan:
522 477 629 530 Fili
668 480 765 543 mi,
814 477 888 530 da
948 477 1182 545 gloriam
1239 478 1461 531 Domino
1512 478 1618 531 Deo
1672 476 1861 538 Israel,

225 577 276 625 et
308 572 581 639 conﬁtere,
609 576 775 640 atque
820 570 1003 624 indica
1043 571 1182 624 mihi
1209 570 1345 640 quid
1389 571 1599 637 feceris,
1627 584 1693 623 ne
1737 569 1859 623 abs-

224 668 430 723 condas
486 669 680 736 (Josue,
730 684 833 735 vn,
884 667 992 739 19).
1052 668 1374 734 Confessus,
1431 668 1592 722 dedit
1639 683 1858 738 poenas,

228 770 286 820 et
321 782 559 820 aversus
610 769 696 819 est
740 766 898 820 furor
935 765 1187 820 Domini.
1217 767 1294 820 Ea
1343 766 1620 821 confessio
1660 763 1863 819 clariﬁ-

227 860 373 913 cavit
428 859 526 913 Dei
573 859 855 931 justitiam
907 876 973 914 ac
1034 859 1370 930 sapientiam
1423 877 1436 913 :
1495 858 1858 930 sapientiam,

228 957 387 1027 quod
444 957 594 1010 illius
644 957 823 1011 oculis
876 957 1016 1012 nihil
1070 964 1217 1012 esset
1273 958 1650 1021 abstrusum;
1697 955 1862 1025 justi-

232 1055 396 1123 tiam,
430 1055 581 1126 quod
608 1072 721 1109 non
748 1056 872 1109 sine
913 1072 1080 1110 causa
1126 1072 1324 1126 passus
1356 1058 1505 1109 esset
1551 1055 1739 1109 hostes
1768 1053 1861 1107 ad-

232 1164 434 1201 versus
461 1148 731 1202 Israelem
773 1149 1140 1216 invalescere,
1173 1148 1439 1219 quodque
1485 1148 1639 1218 leges
1684 1146 1860 1217 ipsius

229 1241 426 1295 nullus
458 1241 762 1295 hominum
806 1241 1044 1313 impune
1081 1242 1268 1295 violat.
1321 1241 1469 1295 Nihil
1507 1246 1626 1295 erat
1666 1239 1861 1309 magni

230 1336 381 1405 quod
412 1335 719 1390 suifuratus
750 1340 874 1389 erat
910 1336 1106 1390 Achan
1142 1351 1155 1389 :
1201 1351 1475 1406 magnum
1502 1340 1697 1388 tamen
1741 1336 1861 1387 erat

231 1430 643 1484 documentum
674 1429 936 1484 universo
964 1430 1195 1501 populo,
1224 1434 1502 1500 quantum
1542 1427 1858 1499 periculum

231 1523 309 1577 sit
337 1523 429 1577 Dei
452 1522 613 1593 jussa
642 1521 960 1592 negligere,
996 1522 1161 1593 eique
1188 1521 1331 1576 velle
1371 1521 1666 1592 imponere
1692 1518 1858 1591 quasi

228 1616 549 1688 quidquam
582 1616 740 1670 illum
769 1616 1016 1686 fugeret,
1048 1618 1150 1669 aut
1190 1615 1355 1687 quasi
1388 1615 1607 1669 faveret
1644 1629 1856 1685 praeva-

230 1710 592 1764 ricatoribus.
622 1713 804 1780 Atque
834 1709 926 1763 ille
962 1709 1201 1780 quidem
1243 1725 1373 1763 cum
1418 1713 1568 1763 esset
1605 1707 1854 1773 Judaeus,

231 1804 306 1858 ob
352 1804 583 1858 unicum
634 1808 949 1874 peccatum,
999 1802 1153 1874 quod
1210 1802 1319 1873 ipsi
1376 1802 1495 1856 leve
1537 1800 1856 1868 videbatur,

228 1897 614 1952 severissimas
669 1912 866 1967 poenas
918 1896 1092 1964 dedit,
1145 1895 1431 1966 lapidatus
1482 1894 1553 1948 ab
1603 1894 1863 1948 universo

230 1991 472 2061 populo,
502 1990 751 2061 corporis
781 1990 1025 2044 interitu
1057 1989 1301 2043 salutem
1321 1988 1529 2043 animas
1550 1988 1859 2042 redimens.

229 2085 356 2139 Non
390 2084 543 2139 enim
564 2082 783 2154 judicat
811 2084 956 2137 Deus
980 2083 1067 2137 bis
1095 2082 1153 2137 in
1184 2082 1456 2153 idipsum.

301 2178 427 2232 XXI.
462 2176 568 2231 Sed
601 2193 731 2247 qua:
761 2192 931 2247 paena
960 2179 1157 2230 manet
1186 2177 1311 2229 illos
1340 2175 1459 2246 qui,
1487 2178 1619 2247 post
1649 2178 1862 2229 tantam

229 2270 532 2341 Evangelii
556 2271 739 2325 lucem
780 2277 837 2325 et
867 2271 1132 2340 gratiam,
1160 2275 1357 2341 postea
1388 2285 1561 2341 quam
1592 2270 1769 2323 semel
1795 2269 1863 2322 il-

225 2359 498 2414 luminati
540 2362 693 2426 sunt,
728 2362 1104 2429 gustaverunt
1142 2359 1315 2413 etiam
1361 2357 1578 2412 donum
1618 2358 1861 2423 cceleste,

1961 473 2183 523 mortem
2242 467 2563 535 peccatoris,
2623 466 2718 519 sed
2777 466 2951 533 magis
3011 470 3073 518 ut
3131 468 3476 519 convertatur
3543 469 3593 518 et

1961 565 2113 617 vivat
2145 560 2380 632 (Ezech.,
2411 574 2566 626 xvm,
2597 560 2663 611 23
2687 573 2701 623 ;
2729 573 2915 624 xxxm,
2946 556 3056 625 11).

2032 655 2188 708 XXII.
2218 655 2406 723 Atque
2438 650 2734 705 interdum
2777 650 3000 721 piorum
3043 650 3336 705 hominum
3379 648 3588 720 lapsus,

1964 746 2220 818 quamvis
2266 760 2551 811 enormes,
2591 742 2779 797 divina
2829 742 3252 812 dispensatione
3284 746 3586 797 vertuntur

1961 839 2020 894 in
2068 854 2360 893 summum
2408 835 2671 891 Ecclesia!
2722 835 3062 905 profectum.
3116 834 3210 889 Sic
3251 835 3443 904 lapsus
3501 837 3589 888 est

1960 932 2347 1004 apostolorum
2390 930 2672 1000 princeps,
2699 928 2777 983 sic
2820 927 3023 983 Paulus
3068 926 3328 997 gentium
3373 926 3588 993 doctor,

1962 1027 2038 1081 sic
2078 1025 2243 1081 Maria
2289 1023 2639 1093 Magdaleue,
2672 1021 2879 1093 quibus
2909 1037 3061 1075 nunc
3103 1020 3349 1076 Ecclesia
3394 1021 3589 1089 [η’ωοί-

1960 1135 2073 1190 pue
2102 1118 2397 1188 gloriatur,
2432 1131 2677 1187 quorum
2716 1116 2904 1186 lapsus
2949 1116 3246 1168 cesserunt
3282 1114 3341 1166 in
3374 1112 3589 1166 stabili-

1960 1218 2220 1267 mentum
2246 1228 2310 1265 ac
2342 1209 2609 1264 solatium
2649 1208 2850 1263 donius
2884 1208 3005 1262 Dei.
3038 1209 3318 1260 Praeterea
3343 1223 3458 1260 non
3500 1205 3592 1259 hic

1960 1306 2215 1377 loquitur
2244 1306 2316 1359 de
2358 1320 2486 1358 vere
2508 1302 2699 1374 justis,
2730 1302 2828 1356 sed
2873 1302 2943 1356 de
2984 1300 3210 1370 justitia
3253 1299 3594 1365 Pharisaica,

1960 1397 2443 1472 quemadmodum
2505 1396 2639 1449 alibi
2702 1395 2838 1449 dicit
2895 1411 2907 1448 :
2954 1398 3072 1453 Non
3119 1400 3196 1449 cst
3252 1409 3385 1463 opus
3444 1395 3597 1448 sanis

1958 1496 2179 1559 medico,
2212 1493 2307 1547 sed
2332 1491 2471 1545 male
2500 1490 2824 1544 habentibus
2852 1488 3100 1559 (Matth.,
3129 1503 3204 1554 1x,
3242 1486 3347 1556 l2).
3378 1488 3450 1540 At
3478 1503 3592 1540 non

1957 1591 2124 1642 erant
2147 1586 2270 1640 sani
2295 1584 2500 1655 quibus
2531 1584 2637 1637 hoc
2683 1582 2902 1637 dicebat
2942 1579 3234 1650 Dominus,
3267 1579 3390 1645 sed,
3425 1578 3593 1648 Legis

1959 1680 2338 1752 qualicunque
2386 1677 2778 1731 observatione
2828 1675 3055 1741 tumidi,
3100 1673 3207 1727 sibi
3248 1672 3591 1727 videbantur

1880 1754 1937 1826 Β
1962 1774 2103 1843 sani,
2132 1779 2188 1827 et
2217 1772 2345 1826 ideo
2370 1787 2481 1824 non
2515 1768 2915 1823 desiderabant
2940 1767 3245 1821 medicum.

2035 1868 2215 1923 XXIII.
2248 1868 2376 1920 Hice
2403 1880 2533 1918 cum
2570 1865 2640 1917 ad
2692 1863 2843 1917 hunc
2879 1861 3128 1915 habeant
3158 1861 3420 1927 modum,
3450 1859 3595 1914 desi-

1965 1963 2158 2017 derate
2187 1962 2384 2026 frater,
2412 1974 2684 2013 conemur
2715 1954 2957 2010 assiduis
2988 1953 3483 2009 exhortationibus
3509 1969 3598 2007 ex-

1962 2056 2131 2110 citare
2170 2053 2424 2108 fidelium
2467 2051 2712 2119 animos,
2745 2053 2808 2103 ut
2843 2055 2959 2103 tota
3005 2050 3177 2103 etiam
3226 2047 3343 2102 vita
3381 2048 3598 2117 marty-

1962 2149 2135 2216 rium,
2159 2148 2264 2202 hoc
2296 2154 2383 2200 est
2413 2143 2827 2210 testimonium,
2861 2141 3063 2196 reddat
3088 2142 3244 2211 Deo;
3276 2141 3427 2212 quod
3455 2140 3597 2194 adeo

1966 2242 2375 2314 negligendum
2404 2257 2521 2294 non
2555 2242 2660 2307 est,
2694 2241 2776 2306 ut,
2799 2236 2909 2290 nisi
2941 2252 3012 2290 ea
3042 2234 3420 2306 praecesserit,
3452 2250 3596 2288 inar-

1967 2336 2178 2408 tyrium
2231 2336 2383 2406 quod
2412 2333 2691 2404 sanguine
2739 2331 3076 2402 perhibetur
3114 2346 3231 2385 non
3275 2330 3347 2383 sit
3390 2334 3600 2399 marty-

227 2456 291 2508 et.
314 2452 620 2525 participes
648 2422 785 2506 facti
813 2456 948 2505 sunt
991 2452 1237 2521 Spiritus
1264 2452 1462 2513 sancti,
1492 2454 1858 2522 gustaverunt

1964 2432 2137 2485 rium.
2172 2433 2396 2484 Frustra
2435 2426 2589 2481 enim
2638 2426 2917 2479 cervicem
2964 2422 3279 2493 praebueris
3318 2422 3597 2489 carniﬁci,

226 2563 397 2616 reque
421 2546 634 2600 bonum
663 2545 760 2600 Dei
781 2544 1015 2599 verbum
1039 2545 1388 2615 virtutesque
1409 2544 1858 2612 saeculiventuri,

1966 2526 2073 2578 nisi
2105 2524 2261 2594 prius
2306 2520 2583 2575 occideris
2615 2518 2874 2572 membra
2918 2534 3045 2587 quae
3090 2520 3223 2571 sunt
3265 2532 3440 2586 super
3487 2518 3603 2569 ter-

231 2640 294 2694 in
324 2640 505 2694 multa
529 2644 699 2710 atque
741 2638 1020 2693 immania
1062 2638 1303 2692 crimina
1348 2638 1701 2703 relabuntur,
1743 2654 1866 2691 cru-
1966 2635 2113 2685 ram,
2143 2618 2252 2671 Ῑιοο
2298 2620 2388 2710 es"
2425 2613 2658 2710 θίῖεῗξδίυδ
2696 2611 2792 2683 (ἰαί
2824 2609 3375 2710 φξιιιθῐξξ-εξίξγθαυδ
3421 2626 3588 2710 sill”

226 2734 526 2803 citigentes
546 2702 913 2803 sibimetipsis
936 2732 1143 2786 Filium
1172 2732 1270 2786 Dei
1291 2736 1347 2785 et
1375 2731 1627 2785 ostentui
1652 2732 1866 2785 habcn-
1966 2716 2109 2780 tum,
2133 2711 2348 2772 Odium:
2378 2708 2674 2776 ίηνίάίδιην
2699 2705 3011 2803 ἂνδπίὶίξειωι
3036 2702 3366 2803 Ῑίδίάξηθῐξιε
3395 2702 3599 2803 (ἰυίδξξε

226 2826 359 2881 tes?
390 2826 497 2890 Qui
522 2826 631 2880 hoc
659 2830 793 2879 sunt
820 2825 996 2880 etiam
1038 2824 1498 2891 miserabiliores,
1530 2824 1703 2896 quod,
1734 2841 1858 2878 cum

1966 2806 2295 2877 quicunque
2325 2803 2517 2870 servit,
2548 2802 2730 2855 Deum
2758 2799 3009 2871 quodam
3054 2796 3226 2852 modo
3268 2796 3594 2867 abnegavit,

224 2921 371 2975 tales
403 2919 536 2986 sint,
566 2924 945 2990 aspernantur
972 2922 1167 2972 tamen
1214 2892 1565 2988 poenitentiae
1608 2918 1867 2971 salutaris
1966 2909 2041 2968 εἴ,
2097 2900 2385 2953 Christum
2442 2912 2540 2951 ονε
2598 2895 2901 2990 Ρνοίίίθηδξ
2940 2892 3055 2990 lita
3107 2894 3371 2990 Sal-3mm

226 3013 573 3079 remedium,
600 3018 978 3067 contemnunt
1024 3011 1327 3066 Ecclesiam
1377 3016 1700 3065 maternum
1733 3026 1858 3081 gre-

1967 2995 2287 3049 contitetur.
2337 2993 2444 3046 Nec
2494 2991 2587 3043 hic
2634 3005 2821 3043 sermo
2871 2986 3044 3041 debet
3101 2985 3366 3055 cuiquam
3413 2983 3594 3039 videri

227 3107 413 3162 mium
463 3106 796 3161 offerentem
843 3111 901 3160 et
954 3105 1029 3159 ad
1075 3105 1337 3159 sanitatis
1386 3089 2183 3195 instaurationemcdm‘im‘,
2248 3102 2379 3140 cum
2444 3084 2518 3138 είῐ
2577 3099 2748 3138 Verax
2807 3097 2870 3185 3‘0
2936 3080 3250 3195 δὲέξηῗτιδὶ
3297 3077 3593 3195 βιιξξλίῖυίά

223 3202 582 3256 invitantem.
616 3199 900 3270 Ejusmodi
931 3198 1170 3253 defectio
1192 3203 1465 3270 quantam
1503 3204 1664 3268 putas
1696 3199 1859 3270 igno-
1887 3173 1940 3195 υ
1965 3184 2138 3238 homo
2184 3181 2369 3253 (Ιυίνίε
2410 3181 2525 3233 Deo
2573 3176 2889 3248 δηίθροηίῐν
2931 3173 3039 3270 Sibi
3081 3173 3254 3228 deum
3297 3173 3450 3270 facit:
3491 3188 3595 3226 nec

225 3295 470 3351 miniam
522 3294 702 3348 inurit
758 3292 1066 3348 Ecclesire?
1113 3293 1222 3347 Nec
1276 3310 1345 3347 ea
1386 3292 1709 3363 ignominia
1749 3310 1858 3349 non

1964 3293 2264 3350 possumus
2291 3275 2514 3330 duobus
2539 3272 2750 3327 servire
2794 3268 3042 3325 dominis
3074 3285 3088 3323 :
3135 3285 3285 3323 unus
3314 3268 3468 3322 enim
3509 3270 3594 3321 est

222 3392 413 3462 potest
468 3388 754 3460 pertinere
801 3386 875 3441 ad
923 3386 1212 3442 Christum
1268 3386 1367 3458 qui
1416 3360 1504 3441 est,
1550 3392 1723 3458 caput
1763 3390 1858 3444 Ec-
1964 3373 2116 3427 Deus
2142 3388 2211 3425 ex
2240 3373 2358 3425 toto
2386 3369 2572 3436 corde,
2600 3383 2666 3421 ex
2692 3367 2811 3421 tota
2838 3364 3055 3430 anima,
3087 3380 3155 3418 ex
3198 3362 3333 3418 totis
3371 3360 3585 3415 viribus

222 3482 434 3551 etesiae,
476 3486 533 3537 et
580 3497 685 3553 per
727 3480 927 3535 omnia
973 3497 1138 3535 suum
1187 3497 1307 3534 esse
1366 3480 1524 3535 ducit
1577 3482 1733 3553 quod
1781 3486 1858 3537 est

1964 3466 2305 3537 diligendus.

221 3575 480 3648 corporis
505 3591 571 3630 ac
607 3574 1007 3630 membrorum
1058 3573 1259 3645 ipsius.
1293 3575 1335 3628 E
1372 3573 1620 3643 diverso,
1648 3578 1858 3647 quanta

2032 3562 2202 3615 XXIV.
2249 3557 2513 3629 Quisquis
2566 3555 2742 3627 igitur
2800 3570 2900 3609 ore
2948 3553 3086 3609 dicit
3133 3569 3145 3607 :
3202 3574 3231 3604 ιι
3288 3552 3471 3610 Credo
3526 3553 3585 3608 in

221 3671 399 3726 totius
430 3668 693 3725 Ecclesiae
733 3668 1040 3723 exsultatio
1088 3685 1216 3722 cum
1262 3668 1363 3740 qui
1403 3668 1594 3740 lapsus
1624 3674 1729 3735 est,
1761 3686 1865 3740 per
1962 3671 2142 3711 unum
2170 3655 2372 3720 Deum:
2398 3673 2425 3699 δ’
2457 3655 2515 3705 εἴ
2557 3650 2729 3705 δθῑὟίῐ
2770 3648 3042 3715 avaritia:
3072 3653 3174 3703 θυι
3216 3647 3458 3716 libidini,
3490 3654 3590 3701 θυι

219 3764 614 3837 paenitentiam
663 3761 919 3816 Ecclesia:
967 3762 1412 3817 reconciliatur?
1456 3766 1534 3817 Ac
1581 3780 1651 3817 ne
1694 3768 1858 3834 pute-

1964 3751 2140 3817 luxui,
2165 3748 2270 3803 sibi
2318 3745 2596 3801 mentitur
2625 3744 2842 3814 sibique
2879 3747 3179 3813 repugnat,
3208 3741 3366 3795 aliud
3394 3742 3589 3812 lingua

219 3835 355 3914 inus
379 3858 487 3912 hoc
515 3856 792 3928 gaudium
820 3855 972 3925 apud
998 3871 1099 3910 nos
1126 3858 1350 3911 tantum
1381 3873 1523 3924 esse,
1550 3858 1860 3915 Dominum
1960 3862 2189 3911 sonans,
2220 3842 2373 3898 aliud
2403 3842 2597 3895 animo
2636 3838 2861 3904 celans;
2895 3852 3027 3889 voce
3070 3838 3296 3889 tantum
3338 3835 3586 3889 testimo-

220 3953 532 4008 audiamus
582 3952 641 4007 in
689 3953 997 4024 Evangelia
1046 3958 1168 4009 κατὰ
1214 3954 1419 4007 Lucam
1468 3952 1575 4023 (18)
1619 3953 1856 4024 loquen-
1958 3945 2119 4000 nium
2152 3938 2460 4012 perhibens
2490 3935 2620 4000 Deo,
2651 3947 2781 3986 cum
2813 3929 2925 4024 vita
2947 3930 3213 3984 Satanam
3253 3930 3423 4024 colat.
3457 3931 3584 3985 Efﬁ-

219 4053 343 4102 tem
376 4063 390 4102 :
422 4048 512 4101 Ita
535 4049 655 4102 dico
682 4051 851 4119 vobis,
881 4050 1027 4122 quod
1066 4050 1330 4121 gaudium
1356 4051 1459 4102 erit
1500 4049 1561 4101 in
1606 4048 1732 4101 creto
1773 4062 1858 4101 su-
1958 4040 2145 4095 cacius
2164 4036 2356 4089 autem
2389 4034 2474 4084 est
2500 4028 2627 4081 vitae
2668 4041 2850 4098 quam
2884 4023 3021 4094 ling.
3056 4039 3099 4074 πρ
3140 4023 3536 4079 testimonium
3564 4042 3577 4080 :

212 4156 322 4212 per
368 4157 477 4195 uno
522 4149 792 4211 peccatore
828 4120 1207 4215 pcizniteniiam
1254 4148 1463 4211 agente.
1490 4158 1654 4211 quam
1696 4156 1859 4210 super
1955 4138 2076 4191 Non
2122 4132 2291 4187 omnis
2338 4127 2437 4197 qui
2475 4123 2653 4177 dicit:
2703 4122 2937 4186 Domine,
2972 4120 3215 4181 Domine,
3242 4120 3477 4175 intrabit
3523 4123 3580 4175 in

218 4237 533 4304 nonaginta
562 4252 746 4292 novem
766 4214 968 4308 justas,
995 4241 1093 4309 qui
1119 4254 1226 4293 non
1256 4237 1502 4305 indigent
1529 4237 1856 4304 paenitentia
1955 4242 2200 4297 regnum,
2259 4223 2351 4278 sed
2407 4221 2505 4291 qui
2549 4220 2689 4285 facit
2737 4216 3065 4269 voluntatem
3114 4214 3298 4268 Patris
3326 4214 3580 4309 hcmlestis

218 4329 404 4399 (Lua,
435 4344 522 4398 xv,
549 4330 623 4400 7).
652 4331 792 4385 Nam
822 4333 941 4387 haec
968 4308 1220 4387 clausula
1250 4330 1377 4384 ﬁnit
1414 4329 1748 4400 parabolam
1784 4326 1853 4382 de
1956 4324 2192 4396 (Matth.,
2234 4334 2329 4385 vn,
2361 4316 2470 4386 21).
2520 4311 2737 4368 Habent
2787 4314 2845 4363 et
2895 4324 3068 4378 opera
3114 4323 3279 4361 suam
3322 4308 3579 4379 linguam

222 4429 453 4495 pastore
482 4424 599 4494 qui,
628 4425 839 4479 relictis
862 4426 1172 4497 nonaginta
1198 4439 1403 4478 novem
1431 4422 1644 4489 ovibus,
1675 4437 1911 4497 unam_
1952 4416 2302 4480 facundiam,
2336 4410 2508 4466 etiam
2539 4411 2756 4461 tacente
2796 4403 3013 4473 lingua.
3048 4402 3179 4456 Ideo
3215 4400 3488 4457 Dominus
3519 4405 3576 4457 in

219 4491 352 4589 quae
381 4533 412 4571 a
444 4491 618 4589 grege
648 4491 1213 4575 aberraverat‘multo
1243 4518 1436 4571 labore
1463 4516 1756 4588 quaesitam
1788 4491 1929 4570 acD
1952 4510 2259 4581 Evangelio
2308 4504 2429 4552 κατὰ
2476 4504 2747 4557 Joannem
2788 4498 2862 4552 ita
2908 4496 3164 4568 loquitur
3191 4512 3205 4549 :
3254 4497 3428 4566 Opera
3458 4512 3577 4565 quae

222 4610 462 4665 tandem
497 4613 807 4680 inventam,
844 4614 1111 4686 imposuit
1139 4611 1390 4666 humeris
1419 4611 1554 4674 suis,
1583 4613 1641 4664 et
1677 4611 1852 4664 caulae
1954 4609 2103 4664 dedit
2127 4605 2263 4659 mihi
2284 4604 2445 4656 Pater
2470 4602 2530 4652 ut
2554 4598 2830 4666 perﬁciam
2857 4607 2939 4653 ea,
2967 4594 3091 4660 ipsa
3117 4604 3279 4660 opera
3326 4606 3444 4659 qua;
3483 4605 3576 4659 ego

218 4702 491 4759 restituit.
527 4704 710 4760 Simili
740 4707 1025 4762 sententia
1045 4706 1250 4761 claudit
1278 4704 1609 4776 parabolam
1635 4704 1703 4759 de
1723 4720 1851 4758 mu-

220 4799 367 4854 liere
394 4815 520 4869 quae
544 4800 876 4855 drachmam
902 4801 1187 4872 perditam
1213 4800 1509 4854 invenerat
1538 4816 1551 4853 :
1590 4801 1699 4866 Ita,
1734 4799 1853 4853 dico

220 4893 397 4955 vobis,
428 4894 696 4961 gaudium
723 4898 826 4950 erit
850 4909 1029 4950 coram
1065 4895 1271 4964 angelis
1295 4896 1395 4948 Dei
1417 4908 1576 4962 super
1601 4908 1707 4947 uno
1732 4908 1852 4962 pec-

219 4992 405 5042 catore
431 4984 625 5060 894
653 4991 1033 5058 paenitentiam
1059 4994 1253 5058 agente
1285 4987 1488 5057 (Ibid.).
1521 4988 1629 5042 Nec
1658 4989 1853 5041 tamen

222 5080 336 5135 hoc
360 5080 438 5135 sic
465 5080 860 5153 accipiendum
889 5087 992 5150 est,
1027 5081 1191 5153 quasi
1223 5083 1338 5136 Deo
1380 5086 1440 5136 et
1476 5081 1597 5152 ejus
1640 5083 1855 5153 angelis

222 5173 447 5246 gratius
487 5176 558 5229 sit
603 5181 733 5246 post
760 5177 979 5248 lapsum
1009 5175 1199 5231 redire
1245 5175 1319 5229 ad
1359 5174 1651 5245 pietatem,
1681 5192 1855 5246 quam

217 5268 362 5325 citra
389 5269 611 5341 lapsum
645 5286 1000 5341 perseverare
1045 5271 1104 5324 in
1143 5269 1507 5335 innocentia;
1541 5269 1641 5324 sed
1669 5270 1858 5342 Scrip-

230 5364 357 5414 tura
401 5375 503 5415 suo
549 5376 709 5416 more
738 5361 997 5433 loquitur
1024 5359 1338 5417 secundum
1386 5358 1623 5414 affectus
1653 5360 1855 5414 huma-

220 5468 348 5523 nos,
386 5452 524 5509 illud
569 5457 841 5511 testatum
887 5472 1009 5512 esse
1056 5459 1251 5513 volens
1304 5461 1420 5517 Deo
1471 5458 1855 5531 gratissimam

1951 4704 2097 4772 facio
2151 4696 2508 4754 testimonium
2553 4689 2832 4762 perhibent
2881 4687 2948 4740 de
2994 4700 3076 4739 me
3117 4682 3317 4755 (Joan.,
3361 4700 3416 4751 v,
3463 4683 3577 4753 36).

1952 4790 2450 4860 Quemadmodum
2514 4785 2689 4857 igitur
2756 4781 2903 4835 bona
2981 4794 3157 4851 opera
3237 4778 3582 4850 proﬁtentur

1953 4891 2155 4959 Deum,
2186 4887 2261 4943 ita
2290 4884 2436 4939 mala
2470 4879 2714 4952 quodam
2744 4875 2912 4930 modo
2954 4875 3308 4945 loquuntur:
3341 4876 3464 4932 Non
3502 4879 3580 4928 est

1953 4987 2114 5044 Deus,
2166 4996 2262 5035 nec
2304 4976 2529 5033 scientia
2579 4975 2637 5027 in
2666 4970 2890 5026 excelso.
2922 4967 3059 5032 Quis
3110 4982 3223 5021 non
3277 4966 3580 5022 contremi-

1956 5080 2091 5143 scat,
2125 5070 2315 5148 895
2347 5069 2475 5142 quis
2502 5083 2620 5122 non
2646 5064 3025 5126 inhorrescat,
3061 5061 3185 5133 quis
3217 5078 3328 5116 non
3370 5061 3583 5115 laceret

1954 5171 2303 5227 vestimenta
2332 5180 2455 5233 sua,
2477 5162 2604 5234 quis
2620 5176 2738 5216 non
2760 5158 2990 5214 obturet
3016 5173 3184 5212 aures
3203 5172 3353 5224 suas,
3371 5155 3415 5210 si
3448 5154 3583 5209 tales

1955 5279 2122 5319 voces
2151 5259 2351 5315 audiat
2377 5272 2442 5312 ex
2474 5252 2796 5312 Christiano
2815 5250 2843 5304 ?
2867 5250 3122 5314 Quantus
3148 5248 3369 5315 horror,
3400 5262 3580 5319 quan-

1955 5362 2045 5414 tus
2083 5356 2246 5412 dolor
2274 5355 2510 5422 occupat
2549 5345 2768 5403 animos
2803 5348 3026 5399 nostros
3064 5358 3192 5397 cum
3230 5341 3376 5414 quis,
3405 5342 3586 5396 victus

1956 5450 2280 5516 tormentis,
2325 5448 2513 5518 jussus
2544 5444 2835 5513 abnegarc
2876 5438 3185 5508 Christum,
3234 5436 3501 5509 abnegat,
3530 5438 3586 5488 ct

1624 5578 1978 5645 Variorum
2006 5583 2205 5643 notae.

276 5677 377 5739 (18)
411 5678 550 5731 Kata
595 5680 804 5732 Lucam.
837 5683 1115 5735 Manutius
1163 5686 1390 5750 quidem
1434 5687 1529 5738 hic
1577 5690 1633 5737 et
1666 5691 1859 5751 postea

1962 5692 2150 5741 autem
2182 5684 2367 5741 etiam,
2395 5681 2594 5742 prmter
2628 5676 2876 5726 veterum
2910 5667 3259 5727 sententiam,
3292 5662 3463 5728 hujus
3486 5660 3575 5711 loc

215 5756 468 5827 reposuit
508 5757 813 5808 secundum.
853 5759 1058 5811 Verum
1095 5763 1243 5825 quod
1284 5762 1424 5811 illud
1460 5762 1860 5827 Cyprianicum
1963 5757 2253 5827 expositio.
2282 5755 2499 5805 PAMEL.

260 5826 325 5891 it,
352 5830 487 5892 puto
535 5832 823 5883 auctorem
862 5832 944 5884 sic
991 5838 1065 5885 et
1102 5833 1358 5885 instituto
1408 5834 1715 5901 scripsisse.
1762 5835 1862 5891 Est
