4032 6180
435 297 539 361 9'75

1033 291 1124 356 AD
1162 296 1383 356 OPERA
1423 301 1479 354 S.
1519 297 1833 353 CYPRIANI
1863 295 2180 351 GENUINA.
2211 297 2493 354 APPEND.
2533 294 2602 354 ΙΙ.
2632 329 2701 340 —-
2737 294 3217 358 SUPPOSITITIA.
3662 305 3749 366 976

428 430 500 484 ad
551 425 700 484 lovis
734 429 974 479 statuam
1021 425 1152 478 thus
1195 423 1429 478 adolet?
1483 422 1664 486 Quam
1713 419 2548 502 trepidamusApiscentiam:
2599 445 2627 471 «
2666 425 2903 496 Abnega
2953 426 3266 493 Christum,
3310 429 3365 480 et
3410 432 3521 482 esto
3575 430 3749 498 dives;

428 524 752 577 metuentes
792 535 863 572 ne
904 519 1046 571 Deus
1091 517 1267 572 iratus
1315 517 1534 571 fulmen
1570 516 1626 569 in
1671 515 1835 569 nobis
1867 514 2052 567 vibret

447 616 547 669 iraa
578 631 716 678 sum,
745 628 816 666 ne
844 613 996 665 terra
1029 611 1323 664 dehiscens
1362 626 1465 663 nos
1505 609 1806 662 absorbent
1827 607 1854 661 ἱ)
1887 612 1948 659 ut
1981 606 2065 659 in-

435 708 658 763 terdum
691 706 863 760 unius
913 704 1174 775 impietas
1217 702 1475 773 supplicii
1521 701 1805 756 consortio
1855 699 2070 753 multos

430 801 722 867 involvat;
771 804 827 852 et
876 801 1009 851 sunt
1035 798 1251 851 scelera
1279 802 1392 849 tam
1436 795 1726 859 immania,
1760 798 1826 847 ut
1869 792 2071 846 vidisse

431 910 662 966 quoque
706 897 803 946 aut
847 891 1067 944 audisse
1118 891 1192 943 sit
1242 889 1600 943 detestabile.
1645 887 1750 942 Sed
1795 903 1896 940 cur
1935 885 2072 938 alias

431 987 493 1041 in
525 985 701 1040 simili
748 984 991 1039 crimine
1024 987 1137 1036 tam
1189 999 1386 1036 sumus
1439 980 1854 1035 conniventes?
1882 995 1982 1032 cur
2017 981 2073 1032 et

433 1079 600 1135 nobis
652 1078 795 1132 adeo
841 1077 1169 1131 blandimur
1215 1081 1271 1129 et
1317 1075 1484 1128 aliis?
1527 1077 1596 1128 At
1639 1073 1768 1127 vide
1819 1072 1953 1142 quid
2004 1072 2072 1126 de

433 1173 642 1228 talibus
671 1172 922 1241 loquitur
952 1170 1248 1240 Apostolus
1289 1168 1541 1222 scribens
1585 1168 1712 1221 Tito
1745 1182 1758 1220 :
1805 1168 2070 1234 Proﬁten-

437 1271 528 1321 tur
553 1281 606 1320 se
633 1281 783 1319 nosse
825 1268 1008 1324 Deum,
1038 1265 1200 1329 factis
1243 1268 1421 1315 autem
1465 1266 1664 1330 negant
1716 1262 1870 1331 (Tit.,
1895 1276 1932 1325 ῐ,
1962 1258 2070 1328 16).

449 1359 603 1412 Idem
633 1358 688 1410 in
719 1357 905 1426 priore
935 1357 1002 1410 ad
1033 1355 1392 1409 Timotheum
1425 1355 1492 1408 de
1533 1354 1700 1407 vidua
1737 1370 1860 1423 quas
1894 1351 2075 1421 negli-

442 1452 526 1522 git
570 1451 845 1504 familiam
897 1465 909 1502 :
955 1449 1017 1502 Si
1058 1465 1164 1518 qua
1202 1453 1380 1501 autem
1433 1463 1670 1508 suorum,
1717 1433 1948 1500 mamime
1985 1446 2076 1499 do-

443 1546 809 1604 mesticorum,
853 1557 1040 1595 curam
1089 1557 1199 1595 non
1238 1541 1415 1605 habet,
1442 1541 1600 1608 ﬁdem
1643 1541 1881 1608 negavit,
1910 1543 1961 1592 ct
2001 1542 2076 1592 est

438 1637 648 1705 inﬁdeli
673 1636 909 1690 deterior
933 1633 977 1705 (Ι
1025 1636 1185 1696 Tim.,
1213 1650 1266 1700 v,
1296 1634 1368 1704 8).
1401 1633 1456 1687 Si
1490 1632 1660 1686 fidem
1693 1630 1923 1701 negavit
1948 1647 2073 1701 quae

439 1729 833 1800 negligentius
875 1727 1046 1781 habet
1075 1743 1234 1781 suam
1274 1725 1568 1791 familiam,
1599 1726 1736 1796 quid
1787 1725 2073 1778 dicturum

439 1794 700 1894 putas'de
734 1823 822 1876 his
849 1821 951 1891 qui
983 1838 1039 1875 se
1071 1824 1216 1874 totos
1262 1794 1980 1873 dediderunt—mammonae
2021 1794 2153 1870 etB

439 1917 672 1970 ventri?
738 1917 811 1968 De
872 1913 1204 1968 Christianis
1269 1913 1462 1983 utique
1542 1913 1796 1983 loquitur
1862 1913 2063 1966 Paulus

447 2010 699 2063 scribens
752 2008 1234 2078 Philippensibus,
1287 2003 1415 2060 cum
1475 2007 1556 2060 ait
1609 2009 1628 2060 ε’
1670 2009 1908 2072 Quorum
1955 2007 2077 2073 finis

443 2105 720 2169 interitus,
773 2117 1002 2170 quorum
1046 2102 1175 2155 deus
1220 2105 1402 2154 uenter
1446 2106 1522 2154 est
1561 2100 1807 2168 (Philip.,
1835 2116 1914 2164 ιιι,
1962 2098 2074 2167 19).

446 2195 600 2259 Quos
633 2194 860 2248 eosdem
897 2197 1068 2257 taxat,
1103 2193 1355 2248 scribens
1389 2193 1664 2246 Romanis
1695 2210 1707 2246 :
1753 2193 2079 2261 Hujusmodi

449 2289 658 2345 Christo
686 2291 910 2344 Domino
955 2304 1063 2342 non
1099 2290 1363 2352 serviunt,
1396 2288 1489 2342 sed
1531 2303 1628 2340 suo
1676 2289 1855 2340 ventri
1883 2288 2073 2356 (Rom,

444 2399 557 2446 xvi,
603 2382 708 2451 18).
757 2384 984 2447 Servire,
1030 2382 1196 2451 juxta
1237 2381 1660 2451 Scripturarum
1713 2379 2075 2434 consuetudi-

449 2491 605 2544 nem,
641 2475 783 2529 dixit
810 2491 912 2545 pro
953 2476 1137 2528 colere.
1189 2476 1454 2528 Ventrem
1489 2474 1702 2539 colunt,
1734 2489 1863 2527 eum
1904 2489 2078 2542 quem

452 2569 673 2623 habent
699 2583 799 2638 pro
831 2568 955 2621 deo.
981 2570 1103 2621 Jam
1135 2567 1205 2622 de
1241 2567 1472 2620 avaritia
1514 2567 1877 2621 manifestius
1906 2567 2077 2620 etiam

446 2661 801 2733 pronuntiat,
847 2661 1096 2715 scribens
1139 2661 1208 2714 ad
1263 2661 1622 2715 Colossenses
1671 2676 1682 2714 :
1732 2662 2074 2728 Mortiﬁcate,

447 2755 650 2826 inquit,
679 2755 915 2809 membra
941 2761 1120 2809 vestra
1149 2771 1271 2824 quae
1299 2760 1429 2808 sunt
1457 2771 1620 2824 super
1655 2759 1877 2817 terram,
1907 2755 2079 2820 forni-

447 2851 728 2911 cationem,
770 2849 1196 2910 immunditiam,
1238 2849 1537 2911 libidinem,
1590 2850 2082 2917 concupiscentiam

447 2944 650 2997 malam
691 2949 741 2998 et
769 2945 1080 3006 avaritiam,
1123 2958 1243 3012 quae
1283 2947 1361 2996 est
1397 2943 1806 2997 simulacrorum
1849 2943 2082 2996 servitus

456 3037 706 3107 (001033.,
735 3053 811 3102 III,
843 3037 916 3106 5).

2168 515 2418 570 sacriﬁca
2447 518 2811 585 Mammonaa,
2841 522 2898 572 et
2922 519 3143 574 Christo
3171 520 3431 574 nuntium
3477 529 3699 579 remitte.
3727 547 3751 574 η

2169 609 2314 671 Quid
2340 616 2426 664 est
2454 611 2604 681 quod
2633 612 2973 682 pollicetur?
3001 629 3207 667 aurum
3234 617 3292 667 et
3317 619 3625 684 argentum,
3654 618 3754 671 iuu-

2170 703 2328 756 tilem
2363 704 2660 758 materiam
2695 704 2805 758 nisi
2835 721 3115 760 exerceas.
3141 707 3254 760 Nec
3273 706 3425 775 dicit,
3448 728 3474 756 «
3501 709 3750 772 Morere,»

2172 796 2286 862 sed,
2324 817 2352 845 «
2381 795 2614 852 Oblecta
2639 799 2864 867 oculos;
2891 821 2917 848 »
2950 799 3066 853 imo
3109 799 3296 870 potius
3319 800 3425 854 hoc
3445 801 3595 856 dicit:
3619 824 3643 850 «
3667 805 3754 858 Lu-

2172 906 2331 944 crare
2365 891 2686 961 pecuniam,
2713 892 2785 945 ad
2815 892 2984 947 breve
3016 899 3247 964 tempus
3277 893 3581 961 habiturus,
3605 896 3753 966 perde

2171 983 2229 1037 in
2262 988 2542 1038 aeternum
2569 986 2816 1039 animam
2846 991 3026 1041 tuam.
3057 1008 3084 1034 ι»
3117 989 3184 1042 Et
3223 991 3417 1042 tamen
3462 988 3547 1042 hic
3587 994 3755 1060 sponte

2173 1077 2463 1132 submittis
2505 1095 2693 1148 genua
2737 1079 2980 1147 Satanae,
3022 1084 3099 1147 et,
3128 1080 3416 1150 abnegato
3455 1082 3675 1147 Christo,
3709 1087 3754 1136 te

2173 1175 2359 1225 totum
2384 1172 2463 1225 illi
2495 1172 2809 1243 mancipas.
2843 1173 2990 1236 Quid
3031 1177 3223 1228 autem
3264 1174 3555 1230 Christus?
3580 1197 3604 1224 «
3633 1177 3758 1229 Meus

2175 1267 2318 1331 esto,
2343 1269 2399 1320 et
2426 1265 2546 1320 vive
2592 1266 2650 1320 in
2709 1274 3025 1336 internum;
3074 1274 3380 1322 contemne
3419 1267 3623 1322 divitias
3654 1269 3758 1323 illas

2173 1360 2573 1430 temporarias,
2626 1367 2684 1414 et
2733 1377 2842 1431 ego
2892 1361 2996 1414 tibi
3040 1362 3375 1432 centuplum
3418 1378 3672 1433 reponam
3710 1363 3756 1417 in

2175 1453 2279 1506 hoc
2307 1454 2532 1522 szeculo,
2567 1457 2625 1508 et
2650 1453 2825 1508 vitam
2854 1460 3132 1510 aeternam
3173 1455 3232 1509 in
3277 1456 3489 1510 futuro.
3520 1456 3758 1527 Relinque

2174 1549 2408 1614 terram,
2439 1552 2495 1602 et
2522 1547 2711 1618 accipe
2737 1549 2966 1603 caelum.
3003 1570 3030 1597 »
3074 1552 3150 1603 Ac
3187 1549 3339 1603 Deus
3383 1549 3487 1603 ista
3526 1549 3760 1620 pollicens

2177 1639 2494 1695 deseritur:
2530 1635 2586 1696 et
2633 1641 2891 1696 diabolus
2919 1647 3033 1697 tam
3063 1643 3226 1697 nihili
3267 1659 3361 1697 res
3408 1660 3600 1714 easque
3642 1644 3760 1698 falso

2176 1734 2537 1804 promittens,
2591 1735 2877 1790 adoratur.
2926 1735 2969 1790 Ο
3024 1735 3237 1791 {cedam
3307 1737 3692 1792 defectionem!
3735 1755 3762 1791 ο

2177 1833 2408 1898 turpem
2450 1828 2832 1883 idololatriam
2861 1829 2873 1883 Ι
2905 1846 2937 1884 o
2977 1829 3233 1901 iniquam
3278 1831 3758 1901 permutationem!

2175 1923 2295 1984 Quo
2345 1923 2584 1992 praemio
2633 1923 2956 1977 sollicitavit
3008 1923 3247 1978 humani
3300 1923 3522 1995 generis
3579 1924 3762 1995 primos

2178 2020 2435 2070 auctores
2455 2016 2482 2062 Ὺ
2512 2015 2775 2070 Ostendit
2800 2033 3058 2087 pomum,
3092 2021 3149 2071 et
3175 2017 3335 2073 dedit
3361 2020 3614 2071 mortem.
3643 2017 3764 2071 Men-

2179 2109 2344 2164 dacio
2371 2110 2615 2164 fefellit:
2661 2113 2783 2166 Non
2827 2114 3148 2173 moriemini,
3194 2112 3287 2166 sed
3326 2114 3476 2166 eritis
3513 2114 3640 2166 sicut
3683 2112 3763 2174 dii,

2177 2205 2396 2257 scientes
2422 2205 2622 2258 bonum
2650 2211 2700 2258 et
2736 2205 2940 2258 malum
2992 2206 3165 2274 (Gen.,
3198 2221 3276 2271 III,
3309 2205 3365 2270 4,
3398 2206 3468 2259 5).
3501 2207 3670 2274 Atque
3703 2203 3766 2257 illi

2181 2295 2387 2364 delusi,
2415 2298 2645 2367 qualem
2672 2298 2967 2351 dominum
3013 2298 3416 2364 deseruerunt,
3451 2301 3506 2352 et
3533 2298 3595 2352 ad
3624 2313 3765 2368 quem

2183 2389 2566 2445 defecerunt?
2597 2408 2629 2444 a
2655 2407 2767 2462 qua
2796 2391 3068 2446 felicitate
3109 2391 3465 2458 exciderunt,
3498 2393 3627 2445 etin
3655 2407 3768 2462 quas

2180 2500 2465 2538 aerumnas
2493 2490 2670 2539 semet
2689 2484 3087 2555 coniecerunt?
3113 2485 3219 2540 Sed
3246 2485 3405 2540 idem
3431 2485 3522 2539 ille
3547 2484 3769 2538 tenebra-

2181 2595 2310 2632 rum
2336 2579 2601 2649 princeps
2629 2579 2725 2649 qui
2754 2581 2882 2632 Evae
2914 2580 3136 2634 locutus
3181 2585 3266 2634 est
3309 2596 3416 2651 per
3458 2581 3768 2650 serpentem,

2180 2672 2348 2726 nobis
2375 2672 2626 2742 loquitur
2657 2689 2758 2742 per
2783 2673 3050 2727 satellites
3081 2690 3210 2727 suos
3253 2690 3320 2727 ac
3362 2672 3656 2739 ministros,
3685 2687 3771 2742 per

2181 2765 2346 2820 lenas
2379 2770 2433 2819 et
2463 2766 2714 2830 lenones,
2743 2783 2846 2835 per
2865 2783 2960 2820 eos
3003 2766 3098 2828 qui
3134 2767 3432 2837 pelliciunt
3454 2767 3520 2820 ad
3550 2779 3768 2819 amorem

2181 2859 2461 2931 pecuniae,
2496 2859 2570 2913 ad
2598 2859 2992 2928 ambitionem,
3021 2861 3093 2914 ad
3123 2861 3497 2931 voluptatem,
3519 2862 3771 2913 avocantes

2180 2953 2558 3007 asinceritate
2587 2969 2717 3023 quia
2740 2957 2826 3007 est
2864 2953 2922 3007 in
2971 2953 3196 3008 Christo
3233 2955 3385 3008 Jesu.
3417 2954 3562 3008 Idem
3591 2952 3673 3006 ille
3711 2951 3771 3004 lo-

2183 3046 2382 3117 quitur
2404 3046 2567 3101 nobis
2603 3063 2708 3118 per
2755 3047 3246 3118 concupiscentias
3290 3052 3533 3113 nostras,
3561 3062 3677 3117 quae
3710 3043 3773 3096 vi-

519 3131 666 3184 XXV.
701 3132 1069 3185 Exsecramur
1100 3146 1196 3183 eos
1227 3130 1325 3200 qui
1357 3129 1740 3200 procumbunt
1773 3129 1841 3184 ad
1887 3129 2080 3183 Dianae

2183 3145 2323 3194 vunt
2357 3141 2414 3194 in
2447 3141 2720 3195 membris
2751 3141 2977 3195 nostris.
3006 3142 3116 3196 Nec
3163 3140 3302 3195 dicit
3335 3141 3483 3212 quod
3525 3141 3682 3195 homo
3708 3142 3772 3208 ty-

458 3224 864 3278 simulacrum:
899 3227 1111 3294 quanto
1131 3223 1342 3293 justius
1371 3239 1468 3278 eos
1481 3239 1844 3278 exsecramur
1857 3223 2083 3294 quitoto

453 3323 684 3389 pectore
714 3315 968 3370 serviunt
996 3333 1363 3384 mammona,
1395 3317 1491 3387 qui
1523 3317 1601 3370 illi
1628 3317 1878 3387 quotidie
1910 3315 2083 3370 sacri-

449 3411 664 3464 ficant?
710 3412 779 3463 Et
831 3411 878 3462 si
925 3426 1128 3464 avarus
1169 3415 1252 3464 est
1305 3399 1632 3475 idololatra,
1675 3410 1771 3480 qui
1825 3409 2085 3480 pecuniae

453 3503 641 3558 studio
673 3506 922 3569 tenetur,
954 3502 1051 3573 qui
1080 3503 1230 3573 quod
1255 3503 1593 3558 haereditate
1612 3503 1840 3558 obvenit
1868 3509 1966 3557 aut
1998 3503 2086 3556 in-

451 3597 666 3652 dustria
695 3601 918 3666 partum
949 3601 1034 3650 est
1065 3596 1343 3664 recondit,
1375 3613 1480 3651 nec
1508 3600 1710 3668 erogat
1738 3597 1796 3650 in
1825 3613 2038 3667 egenos
2073 3613 2086 3652 :

457 3691 595 3760 quid
627 3689 975 3745 censendum
1009 3692 1094 3744 est
1124 3690 1193 3744 de
1246 3690 1335 3744 his
1381 3690 1479 3760 qui
1519 3690 1828 3758 lenocinio,
1857 3690 1956 3761 qui
2003 3691 2080 3744 fe-

455 3800 620 3852 nore,
661 3783 756 3854 qui
807 3788 993 3854 rapto,
1045 3784 1141 3854 qui
1188 3783 1405 3850 fraude,
1467 3783 1566 3855 qui
1611 3784 1937 3853 calumniis,
1991 3784 2090 3855 qui

463 3877 860 3949 opprimendis
910 3877 1260 3947 pauperibus
1287 3894 1414 3932 rem
1461 3877 1833 3932 accumulant
1857 3877 1884 3932 ‘?
1910 3882 2089 3949 Atque

461 3972 595 4026 haec
624 3970 907 4026 idolorum
944 3970 1186 4026 servitus
1230 3987 1344 4025 non
1375 3969 1562 4025 solum
1610 3970 1903 4025 invenitur
1945 3971 2092 4026 inter

457 4064 830 4129 Christianos,
886 4080 1083 4118 verum
1136 4064 1331 4133 etiam,
1379 4064 1536 4135 quod
1584 4066 1932 4135 gemendum
1984 4070 2088 4132 est,

453 4160 605 4213 inter
631 4157 943 4228 episcopos.
987 4159 1160 4211 Porro
1185 4157 1530 4212 temulentia
1570 4158 1716 4212 adeo
1765 4160 2092 4214 communis

455 4257 539 4306 est
587 4251 789 4305 Africae
823 4251 931 4321 (t9)
973 4255 1201 4318 nostrze,
1255 4254 1318 4304 ut
1361 4252 1791 4322 propemodum
1833 4270 1947 4308 non
1988 4253 2089 4307 ba-

462 4345 637 4399 beant
666 4360 766 4415 pro
812 4343 1070 4398 crimine.
1098 4347 1302 4398 Annon
1348 4345 1609 4399 videmus
1654 4347 1721 4400 ad
1771 4351 2092 4417 martyrum

459 4438 772 4493 memorias
798 4437 1182 4493 Christianum
1213 4454 1244 4490 a
1273 4438 1592 4494 Christiano
1636 4441 1766 4510 cogi
1807 4441 1874 4495 ad
1909 4441 2088 4496 ebrie-

2184 3251 2424 3302 rannus,
2457 3257 2484 3284 ‹‹
2513 3239 2620 3290 Aut
2655 3234 2796 3289 mihi
2831 3234 3192 3305 obtempera,
3221 3240 3323 3289 aut
3360 3251 3610 3302 morere;
3642 3253 3665 3283 »
3687 3247 3773 3286 nec

2185 3332 2437 3382 ostentat
2477 3345 2757 3397 carceres,
2787 3332 3041 3397 catenas,
3072 3329 3307 3383 uncinos
3343 3331 3470 3400 (20),
3503 3327 3774 3398 sartagines

2185 3428 2284 3476 aut
2310 3422 2567 3476 caminos
2595 3422 2882 3487 incensos,
2916 3438 3033 3476 non
3062 3439 3276 3490 cruces,
3310 3423 3541 3493 laqueos
3563 3425 3650 3476 aut
3676 3420 3772 3491 gla-

2188 3515 2350 3582 dios;
2394 3515 2489 3571 sed
2536 3519 2802 3570 tantum:
2856 3536 2883 3564 ς(
2923 3517 3244 3571 Coutemne
3294 3517 3496 3582 Deum,
3545 3512 3774 3570 renuntia

2187 3610 2319 3665 vitae
2361 3609 2600 3664 caelestis
2645 3609 2988 3678 hmreditati,
3021 3614 3080 3664 et
3122 3611 3422 3665 committe
3448 3608 3772 3670 adulterium,

2189 3709 2246 3760 et
2293 3703 2484 3775 capies
2530 3702 2906 3774 voluptatem.
2961 3724 2990 3753 »
3048 3703 3162 3758 Sed
3199 3703 3472 3775 qualem?
3509 3704 3777 3757 Momenta-

2188 3815 2386 3866 neam,
2415 3803 2472 3851 et
2503 3797 2760 3867 corporis
2790 3799 3047 3866 tantum,
3075 3803 3213 3868 quot
3254 3802 3446 3852 autem
3487 3791 3772 3851 amaritudi-

2191 3893 2362 3947 nibus
2411 3890 2747 3948 conditam?
2791 3891 3049 3959 infamia,
3101 3891 3374 3962 periculo,
3417 3906 3583 3962 super
3616 3885 3775 3943 omnia

2191 3997 2325 4036 vero
2377 3987 2596 4036 secreto
2645 3979 3014 4034 conscientias
3059 3980 3336 4035 cruciatu.
3390 3981 3514 4036 Haec
3567 3979 3643 4033 est
3675 3989 3776 4031 esca

2192 4069 2442 4138 diaboli,
2500 4069 2609 4124 hoc
2659 4073 3181 4124 auctoramentum.
3235 4069 3585 4140 Stipendium
3637 4077 3775 4136 porro

2193 4159 2360 4231 quale
2388 4157 2518 4213 est?
2546 4158 2704 4212 Dicat
2748 4157 2970 4227 majore
3011 4173 3144 4212 cum
3185 4157 3298 4212 fide
3341 4159 3540 4212 beatus
3578 4157 3774 4226 Aposto-

2191 4249 2324 4304 lus:
2375 4247 2721 4318 Stipendium
2771 4249 2982 4316 peccati
3027 4262 3171 4302 mors
3224 4251 3300 4302 est
3360 4248 3550 4318 (Rom,
3587 4260 3651 4310 v1,
3686 4240 3773 4308 23).

2195 4338 2333 4403 Qum
2366 4353 2519 4392 mors
2536 4334 2562 4382 ‘l
2588 4335 2860 4405 corporis,
2894 4351 3064 4406 quam
3103 4335 3285 4390 solam
3330 4335 3621 4390 minitatur
3644 4335 3693 4386 et
3715 4331 3776 4383 in-

2195 4427 2345 4482 ferre
2382 4428 2572 4498 potest
2617 4431 2893 4496 tyrannus
2941 4423 3160 4478 homo?
3207 4441 3348 4492 non,
3387 4425 3481 4479 sed
3527 4439 3665 4478 mors
3702 4435 3776 4491 ge-

459 4535 639 4586 tatem
663 4530 690 4584 ‘?
717 4535 803 4585 An
844 4531 950 4584 hoc
981 4529 1157 4584 levius
1197 4532 1414 4585 crimen
1448 4548 1569 4586 esse
1605 4532 1885 4600 ducimus,
1917 4552 2081 4605 quam

2195 4516 2422 4582 hennae,
2467 4531 2593 4586 qua:
2641 4515 2815 4568 tinem
2864 4514 3062 4569 nescit.
3105 4515 3235 4569 Plus
3283 4518 3472 4586 potest
3522 4515 3678 4569 homo
3716 4515 3777 4580 ty-

465 4626 692 4678 bircum
748 4624 1047 4679 immolare
1106 4624 1367 4680 Baccho?
1419 4627 1551 4680 Mihi
1616 4625 1842 4682 videtur
1915 4629 2092 4683 multo

462 4719 714 4787 gravius,
747 4718 786 4772 si
835 4735 956 4772 rem
1001 4725 1156 4772 recta
1202 4720 1425 4774 ratione
1463 4720 1706 4774 velimus
1751 4721 2091 4792 expendere.

462 4816 600 4866 tium
631 4818 905 4882 tyrannus
930 4812 1097 4866 dicit:
1121 4835 1146 4862 ‹‹
1177 4813 1409 4884 Abnega
1439 4815 1746 4881 Christum,
1776 4818 1832 4870 et
1861 4816 2094 4871 imnlola

460 4907 603 4973 .lovi,
633 4909 690 4960 et
720 4911 840 4960 esto
867 4906 1082 4960 amicus
1131 4910 1363 4974 noster;
1410 4915 1508 4962 aut
1548 4925 1775 4963 morere
1816 4926 1828 4963 :
1865 4931 1892 4960 »
1944 4927 2092 4981 saepe

461 5000 661 5071 lingua
695 5003 888 5070 negat,
919 5000 1091 5054 corde
1137 5001 1514 5071 reclamante,
1557 5007 1614 5056 et
1655 5020 1862 5058 manus
1901 5005 2096 5060 adolet

463 5093 617 5159 thus,
657 5110 788 5146 cum
831 5093 1057 5147 animus
1097 5094 1249 5148 intus
1293 5095 1495 5151 adoret
1535 5097 1817 5153 Christum
1857 5115 1869 5152 :
1918 5115 2095 5170 quan-

463 5203 636 5256 quam
680 5187 787 5240 hoc
830 5204 1058 5259 quoque
1089 5189 1490 5258 gravissimum
1523 5197 1608 5245 est
1639 5192 1874 5256 crimen,
1904 5200 2094 5248 tamen

461 5280 708 5350 a'iquam
738 5281 1042 5350 impietatis
1067 5282 1292 5352 culpam
1339 5283 1524 5338 elevat
1561 5284 1831 5340 humanae
1875 5291 2095 5342 natura:

464 5373 823 5428 mbecillitas.
873 5375 952 5428 Ibi
983 5376 1249 5446 Satanas}
1517 5378 1619 5432 tibi
1663 5379 1916 5451 loquitur
1961 5399 2093 5438 voce

461 5467 689 5539 tyranni
722 5487 734 5523 :
769 5472 826 5522 at
853 5469 985 5539 quid
1035 5469 1140 5524 tibi
1167 5470 1302 5526 dicit
1337 5471 1489 5527 idem
1531 5489 1636 5544 per
1684 5478 1840 5530 tuam
1881 5493 2091 5533 concu-

2196 4621 2414 4659 rannus
2469 4620 2644 4675 quam
2705 4603 2985 4658 diabolus.
3044 4605 3139 4658 Ille
3191 4604 3610 4675 quodammodo
3657 4597 3775 4670 cogit

2195 4694 2446 4749 hominis
2489 4697 2779 4759 naturam,
2816 4693 2960 4747 nihil
3004 4693 3155 4747 aliud
3182 4700 3372 4764 potest
3399 4709 3568 4766 quam
3615 4685 3775 4746 sollici-

2195 4790 2362 4839 tare:
2419 4783 2665 4853 dejicere
2721 4799 2831 4836 non
2879 4785 3080 4853 potest,
3133 4781 3240 4836 nisi
3291 4782 3622 4848 assentiaris,
3668 4793 3772 4833 con-

2195 4872 2488 4945 tempsisse
2517 4872 2712 4927 vicisse
2741 4874 2844 4926 est.

2265 5011 2437 5066 XXVI.
2471 5010 2651 5080 Major
2697 5009 2891 5080 itaque
2923 5009 3090 5064 venia
3135 5009 3382 5066 debetur
3429 5008 3690 5066 Christum
3727 5002 3771 5056 in

2193 5101 2502 5159 tormentis
2529 5100 2862 5171 abneganti,
2895 5116 3071 5171 quam
3097 5104 3299 5170 sponte
3341 5096 3653 5155 assentienti
3677 5093 3771 5148 dia-

2192 5197 2344 5263 bolo,
2391 5196 2480 5250 cui
2535 5195 2838 5250 credidisse
2885 5199 2970 5248 est
3015 5195 3302 5249 Christum
3348 5195 3659 5263 abnegasse.
3697 5185 3774 5240 Ille

2195 5290 2445 5344 mendax
2476 5294 2563 5344 est
2609 5295 2664 5343 et
2705 5288 2894 5343 omnis
2941 5288 3222 5344 mendacii
3264 5296 3446 5359 pater,
3491 5287 3629 5341 illius
3665 5295 3770 5353 pro-

2197 5384 2392 5454 missa,
2449 5389 2959 5456 quantumcunque
3005 5383 3191 5438 fronte
3242 5382 3613 5447 blandiantur,
3656 5370 3773 5429 nihil

2198 5480 2353 5536 aliud
2376 5482 2508 5535 sunt
2520 5494 2695 5550 quam
2710 5477 2999 5551 prestigize
3018 5478 3368 5550 pellicientes
3393 5479 3451 5534 in
3465 5473 3693 5530 exitium.
3708 5466 3769 5521 Ne

1868 5606 2218 5677 Variorum
2248 5617 2440 5677 noue.

522 5711 619 5786 (19)
647 5711 813 5762 Porro
843 5713 1148 5786 temulentia
1175 5715 1306 5766 adeo
1341 5723 1631 5772 communis
1649 5730 1721 5774 est
1749 5724 1956 5786 Africae,
1984 5733 2089 5780 etc.

460 5782 623 5862 Quod
664 5784 932 5862 prtemisit
966 5783 1034 5834 de
1070 5787 1363 5862 episcopis,
1394 5791 1561 5842 habet
1592 5807 1668 5846 ex
1703 5782 1800 5845 lib;
1833 5782 2096 5862 Cypriani

454 5856 516 5909 (te
537 5858 744 5923 Lapsz's;
765 5856 873 5909 hoc
903 5869 1030 5910 vexo
1061 5872 1128 5911 ex
1154 5860 1218 5911 D.
1254 5861 1559 5929 Augustino
1575 5865 1677 5932 Ep.
1707 5867 1778 5919 ad
1796 5856 2096 5936 Auxilium,

2195 5736 2259 5782 ut
2284 5735 2512 5794 putetur
2541 5729 2839 5780 Africanus
2865 5739 3006 5779 esse.
3040 5726 3258 5778 PAMEL.

2262 5783 2354 5864 (ἑο)
2389 5799 2658 5860 Carcores,
2699 5807 2933 5862 catenas,
2965 5798 3202 5850 uncinos.
3235 5794 3469 5850 Omnino
3507 5789 3580 5842 sic
3607 5783 3766 5850 legen‘

2197 5873 2349 5926 dum.
2385 5873 2604 5928 Pansa.

3967 1729 3969 1748 l
