4032 6180
290 232 358 286 77
1541 240 1630 301 DE
1666 244 1939 303 DUPLICI
1974 246 2337 305 MARTYRIO.

3523 252 3624 306 978

250 354 382 427 quis
429 355 627 456 itaque.
670 357 747 414 sic
791 359 893 415 sibi
943 359 1310 421 blandiatur:
1356 387 1383 415 ‹‹
1430 368 1564 423 Sum
1602 376 1883 439 peccator,
1912 372 2287 456 Atenebras?
2336 389 2457 443 qua:
2496 379 2675 429 autem
2715 376 2988 429 conventio
3037 373 3244 431 Christi
3289 374 3365 430 ad
3412 376 3627 431 Belial?

247 466 384 504 amo
430 452 754 521 pecuniam,
795 456 977 510 servio
1018 457 1271 529 libidini,
1310 462 1507 516 studeo
1547 463 1884 532 honoribus,

248 543 522 615 indulgeo
548 546 826 616 vindictaz,
852 548 1039 622 897
1074 552 1298 607 deditus
1324 571 1449 609 sum
1482 556 1882 628 voluptatibus.

248 638 351 691 sed
379 639 665 694 Christum
699 659 812 696 non
840 644 1141 714 abnegavi.
1175 668 1201 695 ››
1234 652 1301 703 At
1337 649 1605 703 reclamat
1644 650 1743 703 tibi
1786 652 1887 705 Do-

248 731 441 786 minus
472 733 590 804 ipse
621 751 633 788 :
668 737 789 791 Non
814 743 961 806 potes
992 739 1127 793 duos
1168 740 1411 795 dominos
1449 744 1614 798 colere
1644 744 1879 813 (Matt/1.,

250 842 325 892 vx,
357 827 469 895 2i).
503 828 570 882 Et
604 828 831 884 interim
867 831 1064 885 horres
1101 832 1542 889 abominandum
1581 837 1885 891 thuriticati

250 924 350 973 aut
375 919 616 975 libellati
642 938 964 993 cognomen
989 925 1117 995 (21),
1142 926 1259 996 ipse
1282 928 1516 982 fortasse
1550 930 1884 984 thuriticatis

249 1018 351 1066 aut
378 1013 636 1069 libellatis
672 1017 943 1072 deterior.
979 1020 1105 1073 Illos
1143 1020 1425 1075 humanus
1464 1026 1645 1076 metus
1676 1023 1883 1078 violen-

249 1108 395 1176 tior,
448 1125 614 1178 quam
661 1112 722 1164 ut
767 1111 1016 1166 hominis
1062 1116 1259 1167 natura
1306 1115 1480 1185 possit
1524 1116 1771 1184 vincere,
1820 1134 1887 1171 eo

249 1202 546 1272 compulit,
590 1209 649 1256 ut
690 1204 894 1274 impias
938 1223 1094 1260 voces
1141 1212 1406 1278 promant
1447 1210 1660 1279 lingua,
1711 1212 1884 1264 recla-

252 1301 449 1349 mante
479 1297 848 1365 conscientia;
889 1306 947 1353 tu
991 1303 1104 1354 tam
1139 1301 1231 1354 vili
1266 1302 1585 1356 mercedula
1616 1303 1877 1358 sollicita-

252 1392 367 1457 tus,
415 1394 611 1460 sponte
663 1392 851 1446 delicis
895 1394 969 1447 ad
1014 1410 1146 1448 eum
1192 1412 1225 1448 a
1276 1396 1435 1465 cujus
1482 1397 1780 1466 tyrannide
1834 1403 1887 1452 te

250 1483 508 1537 Christus
536 1502 635 1538 suo
667 1487 945 1556 sanguine
975 1487 1224 1541 redemit
1251 1505 1264 1542 :
1296 1489 1456 1559 cujus
1486 1490 1610 1559 jam
1646 1495 1797 1544 totus
1830 1507 1888 1544 es

248 1576 454 1645 factus,
505 1579 987 1648 quemadmodum
1034 1581 1113 1635 ait
1156 1582 1458 1651 Apostolus
1497 1599 1509 1635 :
1546 1586 1729 1653 Empti
1766 1586 1889 1639 estis

248 1674 426 1739 pretio
462 1688 685 1740 magno;
734 1679 831 1727 et:
864 1676 987 1727 Jum
1026 1690 1133 1728 non
1176 1678 1302 1729 estis
1338 1678 1507 1729 vestri
1544 1676 1589 1745 (Ι
1632 1680 1774 1738 Cor.,
1813 1694 1884 1743 γι,

1992 466 2054 536 (ll
2087 466 2231 528 Cor.,
2266 483 2334 534 v1,
2368 469 2453 531 14,
2490 468 2591 535 15).
2625 467 2937 522 Adhmsisse
2967 469 3156 537 Belial,
3197 473 3280 523 est
3305 469 3621 540 abnegasse

1989 560 2315 628 Christum,
2368 568 2651 631 utcunque
2694 561 2894 633 lingua
2939 568 3037 616 aut
3086 562 3284 616 habitu
3332 563 3620 617 Christum

1990 654 2307 724 proﬁtearis
2336 654 2468 723 (24).

2060 748 2278 801 XXVIII.
2327 749 2401 801 De
2444 748 2554 801 hoc
2599 747 2642 800 si
2696 747 2822 817 quis
2874 748 3280 818 simpliciorum
3327 750 3618 811 dubitarit,

1991 840 2136 893 dabo
2186 846 2589 909 argumentum
2630 856 2882 894 crassum
2921 845 2976 893 et
3018 841 3264 895 evidens.
3316 843 3621 912 Fingamus

1988 938 2293 1003 tyrannum
2568 934 2645 988 ita
2684 934 2838 1004 loqui
2882 934 3199 989 Christiano
3244 952 3255 987 :
3302 957 3328 983 u
3380 936 3620 989 lncende

1989 1027 2119 1080 thus
2170 1028 2316 1095 Jovi;
2372 1050 2399 1075 ››
2456 1027 2598 1080 nihil
2654 1027 2959 1081 addentem
3016 1043 3119 1081 nec
3183 1027 3501 1096 exigentem
3562 1032 3623 1081 ut

1988 1120 2275 1176 Christum
2330 1120 2579 1189 abneget
2618 1136 2630 1173 :
2671 1120 2715 1172 si
2771 1120 3103 1187 adoleverit,
3158 1137 3351 1173 nonne
3403 1120 3619 1173 cunctis

1993 1214 2352 1267 manifestum
2382 1214 2488 1267 erit
2514 1213 2670 1266 illum
2694 1214 2802 1266 hoc
2826 1213 2946 1283 ipso
2971 1213 3256 1266 Christum
3280 1213 3619 1283 abnegasse,

1994 1307 2143 1378 quod
2170 1308 2291 1362 Jovi
2318 1307 2520 1361 fecerit
2561 1308 2895 1377 thymiama,
2933 1307 3155 1360 etiamsi
3193 1307 3334 1360 nihil
3371 1307 3628 1378 proferat

1988 1401 2232 1470 impium
2272 1401 2328 1453 in
2369 1400 2693 1453 Christum?
2720 1400 3214 1462 Quemadmodum
3247 1400 3344 1470 qui
3387 1399 3623 1470 magicis

1987 1494 2205 1547 artibus
2238 1500 2476 1546 utuntur
2504 1496 2555 1562 (a
2586 1509 2697 1563 quo
2730 1492 2875 1545 malo
2906 1509 3006 1545 nos
3036 1492 3255 1546 Domini
3300 1494 3622 1546 misericor-

1990 1586 2085 1640 dia
2122 1586 2380 1640 liberavit
2418 1586 2551 1655 (25),
2586 1586 2731 1639 sicut
2756 1602 2788 1638 a
2827 1586 3046 1637 cmteris
3086 1585 3351 1639 omnibus
3389 1585 3621 1655 quibus,

1981 1679 2141 1749 juxta
2182 1684 2430 1732 veterem
2461 1678 2757 1732 hominem
2799 1678 3085 1748 quondam
3124 1678 3501 1743 ambulantes,
3537 1681 3619 1730 te-

252 1768 354 1830 20,
407 1768 508 1833 19).
560 1767 732 1834 Hujus
772 1768 1036 1821 militiam
1084 1769 1370 1837 professus
1408 1771 1493 1823 est
1530 1770 1600 1823 ad
1642 1770 1886 1823 salutare
1916 1750 2325 1839 Bnebamur),
2386 1771 2549 1824 tacite
2602 1770 2889 1826 Christum
2941 1770 3249 1840 abnegant,
3305 1770 3440 1823 dum
3492 1786 3624 1823 cum

252 1859 564 1927 lavacrum,
611 1860 744 1915 huic
784 1860 986 1914 dedisti
1032 1877 1259 1928 nomen,
1304 1862 1473 1932 hujus
1517 1863 1888 1916 sacramentis

250 1950 508 2006 initiatus
538 1969 616 2019 es,
647 1953 909 2023 accepisti
939 1954 1261 2008 donativum
1291 1958 1346 2008 et
1376 1955 1587 2025 pignus
1621 1955 1885 2026 Spiritus,

252 2063 327 2100 ne
364 2047 500 2117 quid
523 2046 816 2102 dubitares
838 2048 949 2119 (22)
971 2048 1040 2102 de
1068 2048 1348 2119 promisso
1377 2048 1676 2119 stipendio,
1700 2050 1888 2102 simul-

252 2158 367 2212 que
411 2140 635 2195 diabolo
677 2141 1020 2195 denuntiasti
1071 2146 1378 2212 perpetuas
1418 2142 1756 2210 inimicitias,
1803 2159 1888 2196 re-

254 2234 532 2288 nuntiasti
584 2235 851 2289 omnibus
900 2235 1318 2306 illius,pompis
1357 2252 1420 2289 ac
1463 2236 1884 2306 voluptatibus;

252 2327 580 2393 exsufﬂasti,
599 2328 924 2395 exsibilasti,
938 2328 1144 2399 jurasti
1170 2329 1228 2383 in
1251 2328 1425 2383 verba
1455 2329 1883 2400 Redemptoris:

250 2438 498 2491 cumque
543 2424 622 2475 tot
664 2421 807 2475 vitiis
839 2423 1065 2491 servias,
1097 2422 1197 2475 tibi
1229 2423 1411 2493 places
1441 2422 1591 2493 quod
1627 2424 1886 2477 nondum

250 2515 331 2568 sis
360 2515 718 2569 thurilicatus
749 2518 850 2569 aut
872 2516 1174 2570 libellatus.

326 2610 520 2662 XXVII.
566 2608 620 2664 Si
682 2610 806 2680 quis
852 2610 1015 2664 miles
1055 2611 1282 2679 juratus
1326 2609 1379 2663 in
1434 2609 1601 2664 verba
1653 2611 1893 2665 Caesaris

254 2704 589 2773 profugeret
633 2705 703 2757 ad
748 2705 987 2757 Turcam
1032 2705 1167 2775 (23),
1222 2710 1278 2758 et
1326 2721 1394 2757 ex
1450 2704 1598 2757 illius
1654 2704 1888 2758 arbitrio

1990 1864 2347 1919 daemonibus
2390 1864 2603 1918 habent
2647 1863 2849 1917 foedus.
2898 1865 3040 1931 .Iam,
3075 1865 3121 1916 si
3162 1863 3458 1917 Machabaei
3509 1863 3620 1933 (26)

1987 1958 2195 2012 fratres
2234 1975 2341 2012 una
2388 1974 2517 2012 cum
2562 1962 2744 2011 matre
2785 1956 3115 2010 maluerunt
3160 1962 3246 2010 tot
3284 1955 3624 2009 cruciatibus

1990 2053 2322 2120 exanimari,
2354 2067 2523 2122 quam
2557 2066 2727 2105 carne
2765 2049 2929 2103 suilla
2960 2049 3129 2116 vesci,
3169 2050 3246 2103 sic
3276 2048 3626 2102 aestimantes

1989 2162 2117 2201 eum
2154 2147 2333 2201 Deum
2374 2145 2536 2216 Legis
2568 2148 2863 2199 auctorem
2894 2159 3124 2213 negare,
3158 2142 3415 2213 quisquis
3445 2142 3626 2196 sciens

1989 2256 2053 2294 ac
2105 2240 2298 2294 volens
2358 2239 2500 2308 legis
2554 2240 2835 2309 prmcepta
2885 2237 3074 2304 violat,
3133 2253 3246 2307 quo
3298 2241 3460 2307 pacto
3517 2235 3623 2288 sibi

1988 2332 2280 2386 blanditur
2312 2332 2411 2402 qui
2438 2331 2494 2385 in
2523 2331 2679 2399 luxu,
2714 2330 3073 2396 temulentis,
3102 2328 3354 2393 avaritia,
3384 2328 3623 2399 rapinis,

1990 2425 2282 2480 adulteriis
2331 2425 2569 2495 aliisque
2619 2423 2955 2478 criminibus
2998 2426 3437 2489 consenescunt,
3492 2437 3624 2491 quas

1992 2519 2250 2590 gentium
2298 2519 2469 2573 etiam
2509 2519 2665 2588 leges
2708 2517 3013 2571 noluerunt
3050 2533 3167 2570 esse
3199 2515 3521 2585 impunita?
3560 2517 3628 2568 Et.

1991 2629 2120 2667 cum
2151 2615 2232 2667 tot
2263 2612 2444 2666 modis
2482 2611 2768 2667 Christum
2805 2609 3113 2679 abnegent,
3144 2625 3273 2662 cum
3308 2608 3477 2662 toties
3509 2608 3622 2661 im-

1992 2702 2212 2756 molent
2255 2700 2633 2764 daemonibus,
2675 2715 2778 2769 pro
2819 2697 3148 2753 Christianis
3187 2697 3380 2750 haberi
3424 2702 3622 2767 postu-

251 2798 469 2852 faceret
508 2815 575 2851 ea
615 2815 743 2868 quae
788 2798 957 2852 sciret
999 2797 1380 2868 ingratissima
1408 2798 1636 2864 Cmsari,
1694 2815 1889 2852 nonne
1989 2796 2146 2849 lant?
2173 2798 2352 2864 Atque
2387 2793 2443 2847 in
2476 2793 2566 2847 his
2592 2796 2723 2845 sunt
2751 2791 2849 2862 qui
2877 2791 3065 2860 palam
3099 2790 3205 2844 ista
3232 2791 3623 2856 committunt,

254 2891 701 2961 comprehensus
722 2891 794 2944 ad
816 2892 1155 2961 supplicium
1188 2896 1487 2962 raperetur
1518 2897 1583 2945 ut
1614 2892 1888 2961 desertor,
1992 2905 2056 2943 ac
2107 2887 2525 2959 propemodum
2569 2886 2739 2939 etiam
2784 2885 3106 2955 gloriantur
3146 2884 3203 2936 in
3251 2883 3420 2936 rebus
3458 2883 3627 2953 pessi-

252 2989 316 3038 ut
354 2985 635 3055 perjurus,
665 2988 727 3038 ut
758 2984 1035 3055 perfuga?
1075 2984 1209 3048 Quis
1252 2990 1442 3038 autem
1491 2985 1716 3039 audiret
1757 3001 1889 3038 eum
1992 2983 2124 3049 mis,
2153 2982 2292 3036 adeo
2323 2996 2440 3034 non
2478 2979 2655 3050 pudet
2680 2982 2775 3031 aut
2805 2977 2965 3048 piget
2992 2976 3404 3031 admissorum!
3450 2982 3505 3030 et
3542 2981 3623 3031 ta-

251 3079 332 3131 ita
369 3078 771 3132 defendentem
810 3096 821 3131 :
854 3099 879 3127 ‹‹
912 3080 1029 3131 Non
1063 3095 1189 3131 sum
1232 3078 1503 3144 desertor,
1552 3095 1665 3131 non
1713 3078 1887 3132 abne-
1912 3109 1966 3183 C
1993 3093 2128 3130 men
2154 3076 2369 3129 audent
2399 3073 2595 3127 venire
2623 3071 2679 3125 in
2704 3071 3007 3125 Ecclesiam
3039 3076 3390 3137 sanctorum,
3414 3070 3625 3124 audent

367 3172 377 3182 ο
424 3175 455 3183 ι.
716 3172 741 3183 ,ι
844 3173 853 3183 ι
1339 3172 1372 3183 ι·
1453 3177 1459 3183 .
1629 3172 1663 3183 Λ
1716 3171 1765 3183 ιι
2058 3170 2068 3180 ο
2208 3168 2217 3178 ο
2430 3167 2439 3177 ³
2504 3168 2539 3183 n
2647 3165 2657 3175 ’
2712 3165 2777 3183 ’κν
2870 3165 2909 3183 ηε
2949 3164 3017 3183 ΙΔᾷ
3076 3163 3357 3183 2__1___J___-A
3421 3162 3625 3183 A..I----1

253 3172 381 3241 gavi
418 3172 741 3227 Caesarem?
771 3191 797 3221 ››
827 3173 1032 3225 Annon
1072 3188 1207 3225 mox
1246 3172 1469 3226 audiret
1502 3188 1514 3225 :
1558 3193 1584 3221 «
1625 3171 1770 3235 Quid
1804 3188 1890 3225 re-

251 3267 363 3321 fert
404 3266 450 3319 si
492 3265 690 3336 lingua
742 3266 952 3319 tacuit?
1005 3265 1209 3336 Reipsa
1259 3265 1576 3336 abnegasti,
1630 3270 1685 3319 et
1736 3265 1891 3336 plus-

250 3376 424 3431 quam
464 3359 779 3430 abnegasti,
822 3359 919 3429 qui
965 3376 1078 3413 non
1129 3360 1315 3413 solum
1363 3359 1688 3413 deserueris
1741 3360 1891 3412 mili-

253 3455 413 3518 tiam,
448 3470 644 3507 verum
675 3453 845 3507 etiam
886 3453 957 3506 ad
1004 3459 1311 3522 tyrannum
1343 3458 1398 3507 et
1430 3454 1649 3507 hostem
1706 3453 1891 3523 impe-

248 3547 456 3602 ratoris
498 3548 579 3601 tui
622 3546 1150 3602 irreconciliabilem
1195 3546 1589 3617 transfugeris.
1621 3568 1648 3596 ››
1696 3546 1893 3600 Merito

249 3641 512 3696 fidelium
550 3658 717 3695 aures
759 3640 1166 3707 abominantur
1204 3645 1465 3709 apostata:
1505 3639 1845 3693 vocabulum
1878 3655 1891 3694 :

252 3752 457 3789 verum
503 3735 606 3789 hoc
648 3752 763 3788 non
810 3734 886 3787 ibi
928 3737 1147 3788 tantum
1185 3733 1597 3787 exsecrandum
1630 3737 1733 3799 est,
1764 3748 1895 3785 cum

256 3846 488 3885 incenso
546 3829 807 3883 thusculo
867 3831 966 3881 aut
1020 3827 1229 3897 scripto
1286 3827 1475 3880 libello
1529 3826 1897 3881 renuntiatur

248 3923 585 3996 professioni
635 3921 884 3977 nominis
938 3921 1166 3989 Christi,
1227 3921 1325 3974 sed
1378 3920 1698 3991 ubicunque
1752 3937 1890 3974 con-

248 4019 485 4089 temptis
516 4016 719 4073 Christi
752 4016 991 4086 legibus,
1033 4015 1462 4085 obtemperatur
1498 4016 1745 4069 Satanaz.
1784 4016 1895 4069 Nec

252 4112 411 4166 enim
452 4112 630 4165 refert
656 4110 794 4181 quid
824 4115 984 4164 sonet
1022 4109 1239 4179 lingua,
1270 4125 1397 4178 quae
1434 4107 1479 4161 si
1516 4112 1675 4162 sonet
1704 4108 1892 4162 Chris-

253 4212 399 4272 tum,
446 4222 576 4259 cum
618 4205 844 4258 animus
882 4205 955 4257 sit
995 4203 1220 4257 deditus
1266 4201 1624 4270 criminibus,
1660 4218 1771 4255 non
1811 4206 1896 4256 est

260 4299 557 4371 professio,
604 4299 697 4353 sed
743 4297 1077 4368 hypocrisis,
1123 4296 1469 4366 abnegatura
1521 4296 1805 4351 Christum
1849 4296 1894 4349 si

260 4400 445 4448 metus
473 4397 677 4461 urgeat
708 4392 802 4461 qui
836 4391 1043 4459 premit
1073 4389 1422 4443 thuriticatos
1463 4394 1560 4442 aut
1589 4389 1890 4443 libellatos.

1995 3168 2218 3223 misceri
2279 3167 2443 3239 gregi
2504 3165 2813 3219 Dominico.
2870 3164 3025 3217 Tales
3076 3163 3365 3217 interdum
3421 3162 3629 3216 tolerat

1996 3262 2258 3329 Ecclesia,
2292 3278 2361 3314 ne
2394 3260 2682 3331 provocati
2721 3257 2903 3327 magis
2931 3257 3103 3311 etiam
3147 3256 3481 3326 perturbent
3520 3272 3623 3325 po-

1994 3357 2195 3427 pulum
2225 3356 2325 3409 Dci
2356 3371 2368 3407 :
2395 3354 2493 3407 sed
2526 3353 2659 3423 quid
2709 3351 2937 3421 prodest
2974 3366 3090 3404 non
3136 3349 3261 3419 ejici
3309 3354 3457 3403 coetu
3497 3350 3621 3419 pio-

1996 3466 2144 3517 rum,
2187 3450 2233 3503 si
2274 3448 2554 3502 merueris
2600 3445 2766 3515 ejici?
2811 3446 2951 3498 Nam
2993 3443 3121 3513 ejici
3164 3442 3483 3496 remedium
3524 3450 3624 3510 est,

1996 3550 2051 3599 et
2084 3543 2289 3614 gradus
2319 3541 2391 3595 ad
2426 3538 2874 3610 recuperandam
2907 3536 3243 3603 sanitatem;
3280 3535 3625 3605 ejectionem

1998 3636 2290 3703 meruisse,
2332 3649 2557 3688 summa
2602 3632 2885 3686 malorum
2917 3635 3022 3685 est.
3052 3633 3128 3683 Ac
3173 3629 3386 3683 frustra
3424 3630 3623 3683 misce-

1995 3736 2088 3785 tur
2124 3729 2291 3784 coetui
2322 3730 2646 3782 sanctorum
2686 3725 2744 3778 in
2784 3724 2999 3793 templo
3036 3723 3389 3789 manufacto,
3418 3723 3464 3776 si
3495 3723 3623 3777 sub-

1996 3830 2186 3879 motus
2228 3825 2312 3877 est
2352 3840 2385 3876 a
2422 3819 2709 3875 consortio
2752 3817 2852 3871 Dei
2883 3822 2938 3871 et
2970 3815 3039 3869 ab
3080 3816 3349 3869 universo
3389 3831 3627 3885 corpore

1998 3917 2232 3990 mystico
2262 3913 2487 3971 Christi.

2073 4012 2240 4065 XXIX.
2269 4010 2506 4079 Oportet
2545 4008 2741 4060 autem
2781 4005 2839 4057 et
2868 4002 3009 4057 illud
3044 4000 3407 4056 considerare
3448 4017 3627 4072 quan-

1995 4112 2194 4175 topere
2239 4099 2539 4157 Christiani
2582 4098 2894 4152 abhorrent
2942 4095 3011 4149 ab
3064 4094 3394 4165 idolothytis
3446 4100 3503 4149 et
3553 4094 3623 4148 ab

1994 4200 2258 4268 ingressu
2296 4196 2588 4260 fanorum,
2619 4196 2789 4263 atque
2815 4190 2883 4244 ab
2920 4189 3054 4261 ipsis
3084 4189 3253 4244 etiam
3285 4187 3623 4242 simulacris.

1994 4294 2132 4347 Cum
2172 4291 2368 4344 beatus
2402 4288 2608 4342 Paulus
2645 4286 2857 4339 clamet
2888 4300 3073 4355 neque
3106 4282 3323 4336 idolum
3370 4298 3488 4337 esse
3522 4280 3623 4335 ali-

1996 4386 2134 4457 quid
2165 4399 2351 4454 neque
2386 4381 2789 4451 idolothytum,
2839 4379 3018 4432 multo
3070 4377 3260 4430 minus
3314 4375 3509 4428 fanum
3560 4391 3626 4427 ex

257 4491 444 4557 Atque
481 4486 540 4540 in
578 4486 665 4539 his
708 4484 879 4538 rebus
928 4500 1056 4554 qua:
1101 4483 1180 4536 sic
1216 4484 1368 4536 inter
1401 4499 1461 4535 se
1504 4488 1782 4553 pugnant,
1834 4472 1969 4544 utD
1993 4477 2273 4550 lapidibus
2301 4480 2690 4530 constructum
2720 4475 2805 4526 est
2830 4471 3085 4542 aliquid;
3118 4475 3175 4523 et
3212 4473 3407 4523 tamen
3446 4467 3623 4538 pluri-

249 4588 458 4634 neutra
514 4580 663 4633 ferat
712 4579 948 4633 alterius
1003 4576 1381 4643 consortium,
1448 4577 1672 4647 quoties
1740 4577 1889 4630 hanc
1987 4588 2210 4628 morum
2257 4569 2504 4624 amimus
2554 4585 2621 4620 ea
2667 4565 2942 4635 religione
2989 4566 3240 4628 tenetur,
3284 4567 3344 4614 ut
3373 4563 3622 4614 mortem

252 4674 676 4743 amplectimur,
739 4672 912 4726 aliam
969 4670 1391 4736 abdicavimus;
1444 4669 1667 4740 quoties
1718 4687 1888 4723 unam
1989 4670 2261 4737 oppetant
2285 4663 2450 4717 citius
2478 4677 2651 4732 quam
2692 4660 2924 4729 gustent
2957 4656 3118 4710 idolis
3150 4654 3529 4719 immolatum,
3569 4657 3627 4706 et

252 4767 582 4837 rejecimus,
610 4767 850 4819 alteram
878 4764 1261 4834 agnoscimus.
1286 4764 1613 4834 Cujusmodi
1645 4769 1777 4817 sunt
1800 4765 1893 4817 lux
1993 4758 2332 4829 inexpiabile
2379 4755 2667 4827 piaculum
2710 4767 2829 4805 esse
2870 4750 3097 4815 ducant,
3140 4748 3186 4801 si
3228 4746 3626 4809 ingrediantur

252 4865 310 4913 et
352 4858 624 4926 tenebrae,
677 4859 891 4912 bellum
943 4864 999 4911 et
1037 4873 1168 4927 pax,
1210 4872 1361 4909 mors
1390 4863 1441 4911 et
1485 4856 1618 4923 vita,
1655 4857 1799 4909 Deus
1839 4862 1895 4910 et
1994 4856 2192 4909 fanum
2221 4851 2369 4906 lovis
2400 4854 2497 4902 aut
2525 4845 2801 4918 Apollinis
2828 4850 2924 4897 aut
2957 4842 3172 4908 Dianae,
3211 4856 3387 4910 seque
3419 4841 3627 4910 putent

252 4952 461 5019 Belial,
517 4952 1001 5023 quemadmodum
1052 4952 1294 5006 testatur
1340 4954 1397 5004 et
1442 4949 1643 5003 beatus
1689 4951 1896 5004 Paulus
1995 4951 2251 5001 contactu
2292 4941 2581 4996 simulacri
2613 4940 2981 4993 vehementer
3016 4932 3413 4990 contaminari.
3448 4931 3618 5001 Equi-

250 5026 311 5100 in
373 5047 621 5101 secunda
665 5046 733 5100 ad
772 5043 1095 5102 Corinthios
1135 5060 1146 5097 :
1184 5045 1311 5110 Quae
1355 5046 1496 5097 enim
1540 5046 1898 5113 participatio
1999 5041 2127 5094 dem
2157 5038 2336 5109 probo
2364 5036 2560 5089 talium
2588 5031 2951 5102 religionem,
2976 5028 3020 5081 si
3042 5028 3145 5082 sibi
3169 5030 3389 5080 constet
3420 5024 3476 5077 in
3507 5039 3623 5077 om-

238 5143 482 5213 justitia:
530 5155 651 5194 cum
696 5140 1024 5209 iniquitate?
1077 5141 1173 5191 aut
1226 5152 1345 5206 quae
1390 5139 1614 5192 societas
1662 5139 1772 5191 luci
1826 5137 1898 5190 ad
2001 5134 2183 5188 nibus.
2214 5133 2391 5197 Nunc,
2425 5128 2569 5199 proh
2598 5124 2781 5181 dolor!
2816 5123 3007 5177 videre
3027 5126 3112 5176 est
3136 5118 3415 5192 quosdam
3450 5117 3507 5171 in
3538 5115 3626 5170 his

1646 5233 1854 5297 Variae
1899 5233 2239 5297 lectiones.

319 5335 418 5397 (2t)
485 5332 786 5395 Thuri/ica“
842 5336 934 5381 aut
988 5330 1444 5380 lz'beltatinoman.
1503 5329 1624 5380 Hoc
1688 5332 1885 5381 iterum
1987 5328 2161 5379 Caute
2191 5328 2245 5375 et
2271 5325 2379 5373 hoc
2407 5320 3024 5397 legendumLPAsaaL.‘
3124 5386 3133 5395 θ
3248 5383 3282 5397 ν
3368 5380 3582 5397 Μ

248 5380 436 5457 ρκ’-ὕ.
835 5380 929 5467 qui
975 5408 1161 5451 tamen
1208 5400 1521 5451 libellati’cos
1577 5380 1884 5466 nuncupat.
2050 5399 2148 5459 (25)
2179 5399 2212 5446 Α
2250 5410 2352 5459 quo
2377 5380 2522 5468 {nato
2564 5405 2660 5441 nos
2695 5389 2909 5468 Domini
2940 5383 3330 5468 'misc‘ricoirdia‘
3361 5380 3624 5468 liborqvéit-

251 5451 478 5527 DAN—En.
503 5451 792 5468 vnn—mw,
854 5451 870 5467 ι
916 5451 929 5452 7
1776 5451 1790 5466 ⁵
1990 5451 2109 5520 Hoc
2134 5451 2300 5517 etiam
2327 5464 2553 5522 addidit,
2581 5468 2643 5512 ut
2688 5461 2953 5524 Cypriani
2989 5453 3411 5534 yideretqrhic
3466 5451 3627 5534 liber:

320 5548 415 5609 (‘22)
449 5550 522 5597 Ne
561 5547 688 5609 quid
724 5545 1011 5594 dubitares.
1044 5545 1221 5594 Nimis
1267 5557 1415 5607 saape
1467 5544 1711 5594 inculcat
1744 5544 1891 5594 hanc
1992 5542 2200 5605 quippe
2230 5551 2397 5601 quem
2438 5535 2681 5609 magicas
2710 5537 2854 5582 artes
2872 5530 3192 5609 professum
3232 5526 3420 5585 fuisse,
3449 5533 3623 5585 quan-

253 5602 467 5669 ce'rtam
501 5619 555 5667 in
571 5602 687 5667 -Dei
720 5618 907 5667 ﬁdem.
949 5618 1164 5667 PAMEL.
1347 5602 1364 5607 ’
1994 5602 2162 5676 quam
2199 5621 2492 5682 perperam,
2517 5605 2741 5682 quidam
2772 5602 3012 5682 tradunt.
3048 5602 3264 5682 RXMEL.

319 5658 690 5748 (έῶψΐάἷςιῖιῖιῖ
720 5658 1164 5737 ’ίίειψέὸτέξέὖῖ
1194 5687 1400 5738 indicio
1445 5685 1891 5749 deprehenditur.
2199 5658 2508 5749 blattam,
2533 5658 2725 5725 .Recte
2774 5676 2855 5724 sic
2904 5672 3202 5731 Manutius,
3237 5680 3335 5731 pro
3376 5677 3441 5719 eo
3489 5658 3636 5726 quod

253 5761 481 5810 PAMEL.
1520 5748 1531 5749 ί
2005 5759 2144 5817 erat,
2170 5748 2465 5803 Maccabei.
2495 5748 2712 5801 PAMEL.

330 5831 429 5897 (24)
465 5832 728 5898 Utcunque
763 5829 952 5897 lingua
982 5834 1028 5882 et
1060 5829 1242 5882 habitu
1279 5829 1539 5885 Christum
1581 5828 1897 5896 proﬁtearis.
