4032 6180
477 254 579 311 979
974 252 1063 311 AD
1100 250 1323 312 OPERA
1359 253 1414 308 S.
1453 250 1772 309 CYPRIA‘NI
1815 248 2115 308 GENUINA
2160 250 2445 310 APPEND.
2493 248 2557 307 ῐῐ.
2604 280 2668 294 --
2700 249 3181 309 SUPPOSlTlTIA.
3694 256 3791 320 980

490 391 637 448 pene
668 373 1051 448 superstitiose
1077 373 1350 445 trepidos,
1380 373 1438 427 in
1466 372 1587 427 aliis
1612 371 1709 426 ubi
1742 370 1971 442 gravior
1996 372 2120 424 erat
2142 379 2198 452 Α
2221 369 2340 440 qui,
2374 370 2513 425 nihil
2547 370 3006 437 obmurmurans,
3051 385 3243 441 passus
3280 375 3360 425 est
3397 386 3454 426 se
3489 370 3717 443 colligari
3750 380 3799 431 et

491 469 788 525 metuendi
822 485 1005 536 causa,
1036 469 1274 523 nimium
1314 483 1433 522 esse
1469 482 1719 521 securos.
1763 467 1867 520 Per
1903 482 1962 519 se
2003 479 2118 518 non
2218 462 2434 534 imponi
2488 464 2677 530 busto,
2722 481 2826 519 nec
2873 464 3097 533 expavit
3140 464 3200 517 in
3247 465 3509 519 cervicem
3555 466 3798 522 vibratam

490 564 755 635 inquinat
805 563 1057 617 animam
1113 565 1402 617 contactus
1454 561 1620 628 idoli,
1672 576 1778 614 nec
1828 560 2119 630 ingressus
2216 556 2611 612 machasram?
2654 558 2827 628 Cujus
2875 562 3070 613 autem
3120 558 3455 628 martyrium
3509 558 3804 616 audebimus

483 658 644 724 fani,
687 673 792 711 nec
832 673 960 711 esus
999 656 1333 727 idolothyti,
1370 654 1467 709 sed
1506 671 1609 725 per
1646 670 1704 707 se
1748 654 1951 724 polluit
1985 670 2118 708 con-
2217 651 2470 705 conferre
2502 667 2627 705 cum
2661 652 2749 705 his
2776 668 2904 723 quae
2931 668 3126 722 passus
3157 655 3243 705 est
3261 651 3405 706 Job?

491 750 786 806 scientiam
811 766 977 805 amor
1000 750 1280 821 pecuniae,
1308 749 1573 814 incestus,
1604 747 1817 818 rapina,
1847 746 2115 817 hypocri-
2287 744 2465 799 XXXI.
2511 745 2671 809 Quod
2699 745 2743 799 si
2775 745 2910 816 quid
2948 745 3137 799 adhuc
3178 744 3385 799 diffidit
3421 746 3654 801 sermoni
3690 763 3800 803 nos-

492 844 567 898 sis
593 848 648 898 et
675 844 762 898 his
789 841 998 898 similia
1022 849 1297 897 monstra.
1324 843 1502 907 Quam
1530 857 1661 896 vero
1689 840 1955 911 congruit
1979 839 2115 894 hor-
2217 839 2324 900 tro,
2355 842 2507 893 certe
2547 838 2702 893 beati
2737 839 2892 895 Pauli
2930 838 3115 893 verbis
3153 855 3268 894 non
3312 839 3518 911 poterit
3557 839 3800 897 diffidere.

492 954 617 993 rere
642 939 760 992 fani
790 937 1134 1008 ingressum,
1164 952 1271 990 nec
1300 936 1532 990 horrere
1554 935 1611 989 in
1637 935 1850 1005 templo
1881 932 2117 1004 Spiritui
2217 932 2265 984 ls
2309 932 2562 986 scribens
2610 932 2685 987 ad
2730 920 3012 1001 Hebraeos,
3043 948 3206 988 orsus
3252 932 3322 987 ab
3368 933 3504 987 Abel
3547 950 3703 1005 usque
3740 936 3802 990 ad

490 1034 818 1086 consecrato
873 1030 1123 1084 victimas
1180 1030 1477 1084 immolare
1534 1026 1861 1083 daemoniisl
1922 1025 2115 1100 899
2215 1024 2557 1092 Gedeonem,
2588 1025 2880 1097 ingentem
2921 1029 3251 1081 sanctorum
3291 1027 3607 1097 catalogum
3644 1044 3804 1083 recen-

491 1126 708 1181 Clamat
738 1130 968 1179 sanctus
996 1123 1199 1179 Paulus
1227 1123 1479 1178 scribens
1507 1121 1810 1177 Corinthiis
1841 1138 1855 1175 :
1889 1123 2116 1178 Nescitis
2215 1119 2320 1184 set,
2343 1117 2401 1172 in
2429 1135 2542 1190 quo
2570 1120 2762 1189 plures
2782 1123 2915 1174 sunt
2942 1121 3040 1191 qui
3072 1136 3188 1175 non
3220 1121 3473 1176 defuncti
3501 1127 3623 1176 sunt
3648 1128 3802 1178 morte

490 1221 623 1289 quia
669 1220 922 1288 templum
962 1220 1058 1273 Dei
1100 1220 1241 1281 estis,
1288 1223 1340 1271 et
1377 1216 1617 1287 Spiritus
1660 1218 1757 1270 Dei
1801 1216 2012 1269 habitat
2053 1217 2116 1269 in
2213 1211 2490 1278 violenta;
2550 1213 2668 1267 imo
2722 1212 2913 1286 900
2957 1215 3122 1284 pauci
3172 1221 3304 1270 sunt
3356 1214 3454 1287 qui
3498 1216 3571 1269 sic
3624 1219 3802 1273 mortui

489 1312 675 1366 vobis?
703 1312 766 1365 Si
789 1315 907 1381 quis
940 1315 1118 1365 autem
1148 1311 1404 1380 templum
1431 1312 1528 1364 Dei
1571 1310 1874 1370 violarent,
1915 1309 2116 1378 disper-
2215 1310 2367 1371 sunt,
2401 1311 2459 1360 et
2488 1310 2683 1360 tamen
2711 1307 2782 1361 de
2811 1307 3077 1361 omnibus
3107 1309 3445 1378 pronuntiat
3475 1324 3487 1363 :
3517 1312 3583 1365 Et
3606 1310 3660 1364 hi
3678 1314 3801 1365 testi-

490 1406 579 1459 det
610 1406 767 1459 illum
795 1407 934 1459 Deus
960 1406 1002 1475 (l
1040 1404 1185 1466 Cor.,
1219 1420 1295 1470 ιιι,
1329 1406 1415 1471 l6,
1448 1402 1554 1472 l7).
1588 1404 1799 1457 Rursus
1826 1403 1883 1455 in
1912 1402 2115 1461 eadem
2212 1401 2389 1452 monia
2427 1400 2555 1467 fidei
2575 1400 2803 1469 probati
2826 1405 3037 1455 inventi
3073 1408 3201 1456 sunt
3235 1402 3438 1470 (Hebr.,
3469 1418 3540 1469 xl,
3570 1403 3669 1470 39),
3698 1419 3801 1473 per-

490 1497 741 1568 Epistola
779 1513 792 1551 :
833 1499 917 1553 An
947 1499 1164 1551 nescitis
1200 1498 1456 1566 quoniam
1496 1497 1733 1551 membra
1768 1500 1945 1550 vestra
1982 1499 2110 1549 tem-
2214 1491 2403 1561 spicue
2433 1492 2727 1547 declarans
2756 1493 2932 1548 etiam
2960 1495 3077 1549 vita
3100 1494 3252 1549 bona
3279 1496 3484 1567 peragi
3509 1497 3805 1567 martyrium

484 1592 640 1661 plum
663 1595 790 1645 sunt
817 1593 989 1644 sancti
1012 1592 1249 1658 Spiritus
1273 1593 1374 1658 qui
1398 1592 1457 1642 in
1475 1590 1627 1643 vobis
1646 1594 1741 1651 est,
1772 1604 1928 1657 quem
1957 1589 2113 1641 habe—
2211 1585 2362 1639 ﬁdei.
2420 1586 2682 1640 Ecclesim
2737 1588 2971 1657 quidem
3021 1604 3158 1641 usus
3209 1590 3320 1657 (29)
3380 1589 3640 1644 discernit
3684 1590 3804 1657 illos,

489 1684 557 1736 tis
588 1698 620 1736 (ι
655 1686 781 1745 Deo,
808 1687 858 1737 et
883 1698 990 1735 non
1017 1685 1141 1737 estis
1166 1684 1371 1736 vestri?
1396 1682 1437 1750 (Ι
1465 1681 1610 1744 Cor.,
1638 1696 1709 1750 v1,
1744 1682 1847 1744 19).
1877 1680 2037 1744 Quod
2064 1679 2110 1733 si
2134 1742 2185 1753 _
2215 1679 2655 1749 cognominibus
2708 1681 3001 1751 appellans
3056 1698 3155 1737 eos
3208 1682 3305 1753 qui
3359 1684 3602 1738 violenta
3649 1690 3803 1741 morte

487 1774 939 1830 Christianorum
971 1778 1205 1845 pectora
1246 1774 1353 1828 sibi
1390 1773 1740 1829 consecravit
1761 1775 1928 1840 Deus,
1970 1776 2029 1826 ut
2055 1742 2605 1841 iquecesserunt;
2654 1774 3033 1843 confessores,
3078 1776 3176 1847 qui
3226 1782 3549 1832 constanter
3592 1779 3646 1832 in
3697 1796 3802 1833 cru-

487 1868 597 1922 illis
624 1868 902 1922 inhabitet
929 1884 1033 1939 per
1057 1868 1334 1939 Spiritum
1370 1882 1557 1934 suum,
1586 1866 1700 1921 illic
1733 1866 2032 1921 deiiciatur
2057 1870 2113 1918 et
2214 1864 2450 1919 ciatibus
2484 1882 2548 1919 ac
2584 1866 2755 1920 minis
2796 1869 2995 1922 mortis
3032 1870 3275 1939 professi
3314 1876 3449 1925 sunt
3486 1887 3683 1926 nomen
3712 1872 3801 1926 Do-

489 1964 833 2031 inambulat,
887 1966 999 2019 illic
1051 1970 1205 2019 amat
1258 1964 1361 2019 sibi
1417 1964 1609 2020 oﬂ‘erri
1661 1964 1949 2019 victimam
2001 1966 2112 2038 (27)
2213 1957 2355 2011 mini
2382 1959 2531 2025 Ιθειι,
2558 1961 2741 2029 parati
2772 1968 3017 2017 mortem
3042 1966 3338 2034 oppetere,
3363 1966 3451 2019 vel
3484 1966 3658 2036 potius
3686 1982 3803 2020 mar-

485 2074 685 2129 pumm
713 2058 771 2111 in
812 2058 967 2112 omni
1008 2060 1147 2113 ιοοο,
1182 2060 1250 2113 Et
1290 2059 1388 2130 qui
1434 2059 1492 2112 in
1544 2058 1654 2112 hoc
1692 2060 1972 2129 templum
2004 2062 2113 2115 υρο
2212 2050 2345 2121 tyrii
2398 2068 2720 2122 supremam
2772 2070 3042 2110 coronam
3081 2057 3423 2112 ambientes.
3468 2059 3620 2130 Apud
3654 2060 3801 2114 Deum

489 2166 732 2220 sacrum,
784 2151 965 2222 ejecto
1015 2156 1211 2207 sancto
1266 2151 1503 2222 Spiritu,
1555 2151 1777 2207 inducit
1822 2152 2114 2208 abomina-
2210 2147 2400 2198 tamen
2430 2145 2754 2216 quicunque
2793 2164 3019 2204 carnem
3062 2166 3220 2205 suam
3264 2153 3664 2207 cruciﬁxerunt
3694 2170 3800 2207 cum

482 2245 666 2300 tiones
694 2260 836 2315 quas
868 2245 929 2299 in
960 2245 1196 2316 mystica
1231 2245 1444 2300 visione
1484 2245 1782 2317 conspexit
1816 2247 2106 2316 Ezechiel;
2209 2236 2358 2291 Vitiis
2412 2242 2471 2292 εἰ
2515 2239 3008 2310 concupiscentiis.
3045 2244 3377 2316 quicunque
3432 2246 3644 2302 Christo
3693 2263 3801 2303 vero

481 2338 581 2409 qui
628 2339 741 2393 inic
792 2339 984 2394 sedem
1034 2338 1172 2393 facit
1226 2340 1585 2408 Hammone,
1639 2339 1859 2407 veneri,
1910 2341 2107 2403 como,
2209 2331 2547 2385 commortui
2577 2336 2727 2401 sunt,
2762 2333 2928 2405 eique
2954 2336 3013 2391 in
3042 2336 3331 2409 baptismo
3357 2340 3656 2412 consepulti
3676 2348 3799 2408 sunt,

481 2432 714 2499 Baccho,
757 2431 995 2504 aliisque
1035 2432 1339 2503 portentis;
1371 2432 1469 2503 qui
1506 2432 1584 2487 ibi
1622 2433 1981 2489 daemonibus
2006 2435 2112 2489 im-
2209 2427 2274 2478 ιη
2310 2424 2429 2495 jam
2471 2440 2586 2480 non
2630 2426 2739 2480 Sibi
2780 2428 2985 2497 Vivont,
3034 2446 3218 2502 neque
3268 2433 3490 2489 mundo
3531 2434 3616 2488 cui
3656 2435 3801 2491 semel

480 2526 661 2580 molat
689 2525 1076 2596 spurcissimas
1113 2525 1343 2595 hostias,
1379 2530 1610 2580 veretur
1643 2526 1871 2597 ingredi
1910 2528 2072 2583 fanur

2208 2518 2418 2572 mortui
2452 2522 2601 2587 sunt,
2631 2520 2729 2574 sed
2761 2521 2816 2575 ei
2845 2523 2943 2593 qui
2971 2539 3074 2594 pro
3096 2524 3238 2595 ipsis
3261 2532 3347 2581 est
3378 2533 3648 2597 mortuus,
3674 2545 3798 2583 mar-

481 2619 740 2689 gcntium
769 2635 842 2673 ne
868 2619 1298 2673 οοηιειωίηειωι,
1332 2618 1574 2674 proinde
1614 2636 1789 2675 nemo
1817 2621 1923 2675 sibi
1957 2622 2105 2676 frus-
2206 2615 2361 2682 tyres
2389 2617 2540 2680 sunt,
2571 2629 2675 2667 nec
2703 2620 3017 2687 martyrum
3048 2634 3256 2673 corona
3277 2620 3690 2676 fraudabantur
3716 2640 3726 2676 :
3753 2623 3799 2677 in

480 2715 569 2767 tra
604 2712 934 2767 blandiatur
974 2712 1109 2783 (28),
1154 2714 1292 2766 Deus
1337 2727 1447 2766 non
1488 2713 1751 2767 irridetur
1795 2713 1961 2784 (ϐαι,
2006 2714 2072 2783 γι]

2208 2705 2405 2775 primis
2429 2711 2623 2760 autem
2651 2710 2920 2763 monachi
2952 2713 3077 2778 (30),
3102 2713 3203 2782 qui
3228 2729 3362 2768 vere
3395 2716 3649 2771 monachi
3674 2722 3797 2779 sunt,

479 2810 701 2863 constet
740 2806 845 2859 sibi
888 2810 1080 2860 nostra
1122 2804 1346 2875 religio,
1396 2822 1500 2859 nec
1545 2805 1683 2860 alios
1734 2807 2102 2876 detestamur,
2204 2816 2270 2853 ac
2306 2799 2554 2869 Virgines
2600 2817 2729 2871 qum
2775 2818 2906 2857 vere
2947 2805 3198 2876 virgines
3242 2815 3398 2864 sunt.
3451 2811 3633 2881 Neque
3674 2811 3801 2865 enim

478 2902 586 2973 ipsi
613 2899 965 2972 gravioribus
990 2898 1222 2954 obnoxi;
1248 2897 1581 2953 criminibus
1604 2919 1616 2954 ε
1640 2914 1743 2954 nec
1771 2900 1904 2955 alibi
1929 2900 2105 2955 simus
2204 2894 2362 2946 locus
2399 2893 2655 2948 desertus
2696 2895 2826 2965 (3t),
2856 2913 3052 2953 saccus
3081 2916 3184 2970 pro
3213 2909 3391 2969 veste,
3430 2904 3681 2975 legumen
3716 2921 3798 2975 pro

477 2996 741 3065 religiose
805 2992 1026 3054 timidi,
1093 2990 1225 3046 alibi
1286 2992 1660 3063 impudenter
1721 2993 1904 3064 impii.
1956 2994 2099 3061 Sed,
2204 2987 2349 3055 CibO,
2382 3003 2569 3058 neque
2598 2988 2838 3059 jejunio,
2880 3007 3062 3063 neque
3103 2995 3460 3052 chameuniae
3498 2998 3797 3053 monachum

476 3088 765 3144 Christum
808 3087 982 3140 semel
1026 3083 1290 3156 professi,
1342 3088 1459 3139 tota
1507 3086 1617 3141 vita
1664 3087 1974 3142 reddamus
2023 3087 2180 3181 illic:l
2208 3079 2537 3149 absolvunt;
2586 3082 2688 3136 sub
2727 3082 2816 3137 his
2860 3084 3162 3140 involucris
3197 3088 3493 3146 interdum
3534 3093 3659 3146 latet
3698 3092 3796 3147 ani-

478 3181 891 3247 testimonium,
932 3183 989 3233 et
1029 3178 1279 3249 undique
1325 3178 1707 3249 gloriﬁcamus
1744 3181 1929 3249 illum,
1970 3181 2106 3235 obe-
2137 3174 2180 3181 V
2207 3190 2335 3228 mus
2370 3174 2531 3228 valde
2573 3176 2921 3232 mundanus.
2967 3180 3131 3243 Quod
3163 3182 3242 3237 ita
3285 3183 3732 3256 deprehenditur,
3761 3184 3798 3238 si

481 3275 700 3328 dientes
739 3272 891 3326 illius
931 3272 1249 3343 praeceptis,
1285 3274 1347 3324 ut
1384 3272 1443 3325 in
1474 3272 1578 3325 hoc
1617 3277 1965 3343 cognoscant
2007 3275 2105 3328 ho-
2204 3265 2513 3321 admunus
2548 3269 2777 3339 aliquod
2818 3273 3254 3329 ecclesiasticum
3285 3282 3604 3334 vocentur:
3634 3281 3700 3334 ibi
3733 3281 3795 3333 vi-

480 3368 663 3421 miues
693 3365 843 3436 quod
870 3380 1004 3419 vere
1032 3364 1265 3417 fidimus
1291 3364 1390 3430 illi,
1418 3366 1571 3435 quod
1603 3382 1667 3419 ex
1700 3367 1892 3420 animo
1923 3366 2106 3438 diligi-
2204 3361 2334 3415 deas
2363 3361 2641 3432 quosdam
2663 3379 2730 3416 ex
2764 3364 2873 3418 illis
2896 3366 3170 3423 facillime
3204 3370 3357 3427 vinci
3388 3372 3613 3440 deliciis,
3644 3374 3796 3445 impa-

477 3476 605 3513 mus
635 3459 815 3525 illum,
843 3463 899 3512 et
934 3457 1090 3528 quod
1127 3473 1242 3511 non
1278 3457 1540 3513 simulate
1577 3458 1652 3512 ad
1690 3475 1910 3514 sacrum
1956 3461 2104 3515 lava—
2205 3455 2498 3509 tientiores
2530 3455 2897 3529 injuriamm,
2926 3464 3347 3531 appetentiores
3376 3467 3631 3522 vindicta:
3655 3484 3797 3538 quam

477 3569 638 3607 crum
680 3550 1023 3606 adduximus
1050 3567 1149 3604 nos
1174 3550 1327 3604 illius
1353 3550 1595 3606 militiae.
2203 3548 2385 3618 quivis
2431 3548 2575 3603 alius
2622 3550 2695 3603 sit
2734 3567 2804 3605 ex
2843 3554 3031 3609 media
3068 3556 3254 3626 plebe.
3298 3559 3449 3624 Quid
3491 3578 3663 3615 causa:
3697 3560 3795 3615 est?

548 3646 695 3699 XXX.
728 3646 931 3699 Beatus
967 3644 1264 3714 Apostolus
1307 3644 1565 3714 prmdixit
1599 3645 1743 3698 nulli
1781 3645 1873 3715 pie
1916 3644 2102 3701 vivere
2205 3640 2491 3704 Quoniam
2518 3658 2720 3713 corpus
2746 3654 3125 3703 exercuerunt
3145 3652 3329 3722 magis
3358 3670 3529 3724 quam
3554 3655 3792 3717 animum,

476 3739 687 3794 volenti
727 3738 785 3791 in
824 3737 1046 3793 Christo
1094 3738 1223 3790 Jesu
1264 3735 1585 3790 defuturam
1630 3738 2099 3807 persecutionem.
2203 3750 2333 3789 cum
2375 3734 2572 3791 beatus
2613 3738 2815 3791 Paulus
2857 3740 3064 3796 doceat
3099 3745 3246 3812 quod
3290 3752 3601 3803 exercitatio
3637 3762 3791 3817 corpo-

477 3833 531 3889 Si
561 3833 719 3887 deest
748 3837 1045 3903 tyrannus,
1079 3830 1126 3883 si
1154 3834 1351 3895 tortor,
1381 3830 1425 3883 si
1455 3831 1741 3900 Spoliator,
1781 3848 1893 3885 non
1922 3831 2103 3887 deerit
2200 3829 2339 3883 ralis
2380 3830 2454 3883 ad
2490 3830 2759 3885 modicum
2799 3834 2951 3891 utilis
2975 3836 3064 3898 sit,
3103 3840 3281 3907 pietas
3320 3842 3397 3896 ad
3434 3846 3609 3897 omnia
3644 3843 3793 3895 valeat

475 3923 947 3996 concupiscentia,
978 3922 1234 3993 martyrii
1266 3923 1562 3977 materiam
1588 3924 1977 3993 quotidianam
1998 3941 2097 3979 no-
2204 3923 2244 3993 (l
2274 3926 2432 3990 Tim,
2462 3940 2533 3997 ιν⁹
2577 3925 2653 3993 8).

471 4020 560 4075 bis
587 4018 883 4073 exhibens.
914 4020 1202 4072 Postremo
1242 4015 1365 4070 haec
1406 4017 1527 4086 ipsa
1564 4018 1713 4071 mala
1750 4033 1878 4087 quas
1908 4035 2101 4072 secum
2272 4017 2470 4072 XXXII.
2505 4018 2629 4073 Non
2666 4018 2790 4073 haec
2830 4019 3097 4089 dixerim,
3130 4027 3281 4095 quod
3316 4027 3668 4100 improbandi
3702 4030 3792 4082 sint

476 4113 663 4167 defert
714 4111 827 4165 vita
880 4110 1228 4177 mortalium,
1287 4126 1531 4180 quasque
1576 4112 1687 4179 piis
1736 4128 1863 4165 cum
1913 4112 2101 4182 impiis
2200 4111 2298 4182 qui
2327 4110 2538 4165 talibus
2572 4111 2754 4166 modis
2793 4115 3071 4186 castigant
3109 4135 3311 4190 corpus
3348 4140 3515 4177 suum
3541 4131 3593 4178 et
3619 4124 3667 4177 in
3695 4138 3787 4175 ser-

474 4205 806 4261 communia
836 4207 987 4263 sunt.
1022 4203 1278 4273 martyrii
1304 4218 1573 4257 coronam
1603 4203 1764 4257 nobis
1795 4205 2097 4275 parabunt,
2200 4203 2437 4259 vitutem
2466 4205 2737 4276 redigunt
2768 4225 2778 4260 :
2811 4208 2909 4262 sed
2941 4211 3092 4280 quod
3121 4210 3381 4281 Satanas,
3413 4216 3565 4270 mille
3592 4215 3793 4269 instruc-

475 4299 518 4352 si
552 4298 791 4369 placide,
822 4297 871 4351 si
903 4312 1032 4350 cum
1060 4296 1371 4366 gratiarum
1412 4296 1635 4350 actione
1673 4298 2096 4367 pertulerimus.
2201 4298 2292 4349 tus
2328 4295 2571 4364 artibus,
2625 4315 3041 4372 nonnunquam
3095 4304 3285 4360 illudit
3332 4308 3598 4375 incautis,
3645 4313 3790 4361 trans-

472 4392 667 4463 Neque
705 4389 906 4461 privati
937 4392 1067 4442 sunt
1108 4388 1365 4459 martyrii
1404 4388 1583 4459 gloria
1621 4389 1946 4461 quicunque
1985 4392 2161 4472 vio-_
2200 4390 2452 4460 figurans
2504 4407 2563 4445 se
2617 4392 2679 4446 in
2733 4395 3007 4465 angelum
3061 4397 3217 4466 lucis,
3269 4404 3327 4454 et
3381 4419 3447 4456 ex
3503 4398 3788 4472 hujusmodi

476 4486 627 4539 lenta
650 4489 830 4537 morte
861 4483 1239 4536 consummati
1262 4498 1378 4536 non
1409 4486 1559 4537 sunt.
1585 4482 1721 4545 Quis
1740 4489 1927 4538 autem
1952 4465 2177 4539 ausitD
2199 4500 2504 4555 corporum
2543 4487 2997 4543 exercitamentis
3037 4490 3255 4547 inducit
3293 4495 3404 4549 illis
3434 4495 3621 4550 falsam
3660 4510 3785 4547 sanc—

472 4578 563 4632 vel
593 4577 879 4631 Abraham
918 4575 1320 4647 patriarcham,
1364 4577 1449 4630 vel
1493 4576 1659 4646 hujus
1698 4577 1876 4631 filium
1922 4581 2095 4645 Isaac,
2198 4577 2453 4633 timonise
2516 4582 2980 4650 persuasionem;
3049 4600 3295 4656 cumque
3360 4590 3513 4643 intus
3569 4588 3787 4643 madeant

472 4672 557 4725 vel
585 4670 815 4724 beatum
842 4668 941 4723 Job
969 4668 1218 4723 eximere
1247 4684 1277 4721 e
1305 4671 1623 4739 martyrum
1651 4672 1931 4725 numero?
1959 4671 2097 4736 Quae
2196 4673 2541 4743 spiritalibus
2572 4674 2739 4741 vitiis,
2777 4679 2832 4729 et
2870 4676 2977 4730 sibi
3019 4680 3078 4731 et
3114 4679 3239 4733 aliis
3278 4680 3563 4736 habentur
3596 4681 3686 4753 pii.
3711 4680 3783 4732 Ta-

471 4762 812 4818 carniﬁcinas
859 4761 1082 4832 gravius
1128 4767 1415 4817 torserunt
1457 4778 1659 4833 corpus
1692 4779 1862 4834 quam
1912 4766 2094 4835 patri-
2194 4765 2263 4819 lis
2312 4771 2434 4821 erat
2454 4767 2677 4837 justitia
2718 4769 3149 4837 Pharisaeorum,
3181 4773 3269 4827 cui
3309 4775 3540 4845 praelata
3580 4779 3673 4841 est,
3707 4772 3779 4841 ju-

467 4857 653 4911 archaa
705 4858 961 4910 mentem
1010 4855 1349 4926 torquebant
1395 4857 1616 4909 natura!
1666 4856 1921 4925 atfectus,
1963 4875 2094 4913 cum
2195 4859 2317 4914 dice
2357 4861 2601 4929 Christo,
2642 4862 2940 4917 Publicaui
2980 4864 3274 4935 injustitia.
3324 4870 3403 4923 Ita
3445 4872 3574 4922 sunt
3608 4869 3660 4921 et
3690 4862 3777 4916 vir-

467 4951 866 5005 incunctantcr
902 4948 973 5002 ad
1021 4949 1118 5002 Dei
1163 4948 1386 5018 jussum
1437 4952 1743 5020 appareret
1790 4951 2092 5007 immolare
2194 4954 2358 5024 gines
2413 4955 2613 5023 fatuae,
2666 4972 2793 5026 qua:
2854 4957 3098 5013 solidam
3161 4960 3483 5015 existimant
3546 4961 3777 5032 pietatem

467 5043 652 5098 ﬁlium
694 5042 924 5096 unicum
962 5047 1017 5095 et
1060 5042 1222 5095 unice
1262 5042 1518 5109 charum,
1564 5043 1621 5097 in
1664 5060 1777 5115 quo
1808 5048 1921 5099 tota
1964 5063 2093 5117 spes
2193 5063 2394 5120 corpus
2421 5048 2636 5103 habere
2666 5051 2784 5105 viro
2812 5050 3108 5119 intactum,
3136 5069 3268 5108 cum
3297 5055 3522 5109 animus
3555 5051 3775 5113 avaritia,

468 5143 587 5193 erat
628 5137 708 5191 illi
756 5135 1142 5207 posteritatis?
1182 5135 1323 5199 Quid
1369 5135 1550 5191 defuit
1602 5138 1751 5193 Isaac
1799 5141 2089 5211 martyrio,
2193 5142 2475 5213 superbia,
2523 5142 2735 5198 invidia
2779 5150 2837 5199 et
2885 5144 3296 5204 obtrectatione
3349 5148 3422 5203 sit
3461 5140 3774 5217 corruptissi-

1838 5256 2199 5324 -Variorum
2228 5266 2425 5324 notas.

529 5384 762 5464 (εξιχιιιίο
790 5391 938 5464 amat
962 5382 1064 5464 sibi
1086 5382 1874 5464 cgerm‘victimam,_etc._Mire
1906 5389 2091 5441 detor-
2192 5395 2427 5444 rentiam
2452 5399 2603 5445 tomo
2633 5396 2674 5457 Ι,
2710 5398 2869 5461 epist.
2898 5402 2945 5457 9,
2971 5399 3106 5448 satis
3128 5398 3487 5449 ostendimus.
3512 5397 3708 5447 Pam.
3728 5459 3738 5464 _
3762 5458 3769 5464 ,

460 5460 595 5520 quet
613 5454 1083 5529 haneMalachim
1108 5455 1448 5529 scripturam
1478 5461 1685 5529 auctor.
1718 5460 1937 5510 PAMEL.
2257 5466 2355 5527 (30)
2379 5454 2849 5529 lmprimt'svautam
2878 5454 3133 5518 monachi.
3160 5470 3267 5520 Hic
3289 5471 3454 5521 etiam
3478 5469 3665 5519 larvam
3686 5458 3769 5511 sibi

525 5527 628 5589 (28)
660 5526 887 5606 Proinde
922 5538 1074 5606 nemo
1115 5524 1215 5606 sibi
1261 5525 1466 5606 frustra
1490 5526 1780 5606 blanditur.
1809 5531 1928 5606 Hoc
1974 5546 2091 5606 rur-
2190 5524 2428 5586 detrahit
2456 5524 2807 5599 personatus
2857 5539 3071 5601 histrio,
3121 5542 3217 5606 qui
3268 5542 3497 5592 nescivit
3544 5533 3768 5602 Cypriani

460 5610 586 5646 sum
617 5601 903 5647 mutuatus
945 5599 1029 5645 est
1070 5596 1137 5644 ad
1184 5595 1412 5645 verbum
1451 5610 1521 5647 ex
1562 5598 1682 5649 libr.
1723 5600 1986 5664 Cypriani
2026 5604 2091 5654 de
2189 5607 2398 5655 saaculo
2433 5595 2831 5658 m'onachatum
2861 5595 3110 5659 nondum
3138 5595 3347 5661 natum.
3380 5612 3586 5661 PauaL.

457 5667 652 5741 ιιιιξξίδι
682 5667 905 5741 “343L-
1038 5738 1080 5741 Α,
2250 5677 2350 5735 (31)
2400 5679 2579 5741 Neque
2619 5681 2760 5729 enim
2815 5682 2956 5730 locus
3002 5684 3252 5733 desertus.
3298 5683 3463 5732 Plane
3506 5684 3625 5729 sunt
3663 5677 3760 5726 hac

516 5738 619 5818 (29)
669 5738 905 5818 Deciana:
955 5738 1159 5819 quidem
1217 5754 1358 5819 usus,
1397 5744 1521 5819 _etc_.
1582 5742 1700 5819 Non
1756 5756 1853 5819 per
1902 5747 2087 5819 omnia
2186 5738 2499 5812 Erasmica,
2521 5754 2688 5815 atque
2711 5750 2851 5801 adeo
2878 5756 2934 5802 et
2963 5758 3125 5805 caute
3149 5753 3394 5819 legenda.
3423 5754 3626 5802 Pansa.

451 5805 837 5871 Cyprianicam
865 5819 984 5860 esse
1010 5806 1153 5859 hanc
1182 5811 1439 5874 martyris
1468 5814 1522 5861 et
1551 5812 1885 5863 confessoris
1927 5813 2086 5865 diﬂ‘e-
