4032 6180
235 233 330 291 981

1532 230 1620 288 DE
1663 221 1924 282 DUPLICI
1963 223 2322 286 MARTYRIO.

3482 240 3585 300 982

219 381 367 422 mus.
403 363 546 422 Sunt
573 366 629 420 et
656 363 796 419 falso
827 361 1027 429 viduae,
1051 378 1200 434 quze,
1231 360 1368 417 dum
1397 362 1593 416 vivunt
1623 361 1678 415 in
1718 359 1853 415 deli-
1875 363 1935 437 Α
1954 356 2023 412 Et
2042 357 2101 412 hi
2127 361 2224 428 qui
2249 363 2645 432 corruptibilem
2675 381 2922 423 coronam
2951 367 3218 438 ambiunt,
3245 371 3314 426 ab
3341 374 3586 430 omnibus

219 461 341 528 ciis,
369 460 590 517 Christo
617 463 861 516 mortua:
891 463 1042 514 sunt.
1078 459 1139 513 In
1181 473 1406 512 summa
1446 461 1662 523 tamen,
1696 457 1847 526 quis-

220 555 352 626 quis
383 570 512 609 vere
542 554 913 622 Christianus,
943 553 1216 624 cujusque
1256 554 1435 605 status
1476 554 1573 604 aut
1613 549 1848 614 ordinis,

217 647 394 703 habet
423 649 743 702 certamina
774 664 897 714 sua,
927 647 1096 700 habet
1126 662 1350 701 crucem
1381 660 1572 709 suam;
1604 660 1774 714 quam
1807 643 1851 697 si

219 744 505 814 patienter
551 742 718 808 tollit,
768 743 814 796 si
854 745 1178 795 constanter
1213 739 1473 807 sustinet,
1524 737 1852 794 testimonio

217 853 324 891 suo
371 837 651 908 gloriﬁcat
698 836 1022 904 Dominum,
1069 839 1294 889 tantum
1342 851 1415 888 ne
1460 833 1566 888 sibi
1607 832 1853 886 vindicet

215 931 455 987 laudem
493 931 786 987 bonorum
815 946 1053 1002 operum
1086 946 1098 984 :
1132 929 1241 984 hoc
1281 928 1438 983 enim
1465 944 1581 983 non
1613 928 1694 982 est
1727 927 1848 997 glo-

219 1025 442 1081 rificare
470 1027 668 1091 Deum,
695 1025 791 1079 sed
819 1025 1130 1080 clariﬁcare
1160 1023 1435 1094 seipsum.

291 1121 515 1175 XXXIII.
549 1119 724 1174 Habet
748 1118 1142 1191 unusquisque
1170 1117 1430 1172 ﬁdelium
1459 1132 1669 1187 agones
1696 1131 1849 1178 suos,

218 1213 397 1269 habet
437 1215 828 1268 adversarium
883 1213 1200 1276 diabolum,
1235 1211 1408 1266 habet
1449 1210 1850 1280 agonothctam

220 1309 429 1374 Deum,
464 1307 631 1360 habet
660 1309 950 1360 theatrum
996 1323 1110 1360 non
1151 1305 1338 1360 solum
1383 1305 1639 1360 Ecclesiae
1670 1309 1725 1356 et
1758 1319 1853 1355 au-

221 1402 514 1467 gelorum,
551 1401 650 1454 sed
692 1407 745 1454 et
789 1401 1148 1468 inﬁdelium;
1190 1398 1683 1471 quemadmodum
1720 1396 1854 1449 dicit

220 1497 429 1551 Paulus
460 1494 642 1566 901
682 1495 755 1548 ad
785 1493 1110 1548 Corinthios
1140 1511 1152 1547 :
1183 1494 1556 1563 Spectaculum
1591 1494 1734 1558 facti
1757 1506 1850 1543 su-

219 1606 342 1644 mus
369 1591 572 1642 mundo
599 1595 650 1642 et
694 1589 900 1657 angelis
931 1594 981 1642 et
1007 1589 1309 1642 hominibus
1341 1588 1379 1656 (l
1409 1587 1552 1652 Cor.,
1585 1601 1658 1651 ιν,
1693 1586 1764 1653 9).
1796 1583 1852 1637 Si

220 1683 525 1748 vincimus,
561 1683 875 1751 gloriantur
903 1682 1118 1752 angeli,
1150 1681 1468 1751 gloriantur
1493 1685 1549 1733 et
1594 1678 1851 1732 fidelium

223 1778 516 1842 Ecclesim,
565 1776 844 1846 gloriatur
886 1780 943 1829 et
987 1777 1104 1845 ipse
1157 1775 1412 1829 Christus
1467 1773 1522 1826 in
1583 1770 1854 1825 membris

221 1872 356 1925 suis.
384 1871 441 1925 Si
485 1871 768 1923 vincimur
810 1869 1043 1940 ignavia
1093 1872 1314 1933 nostra,
1343 1866 1664 1936 triumphat.
1690 1868 1851 1919 Sata-

221 1981 328 2020 nas
371 1982 498 2019 cum
527 1963 748 2034 angelis
775 1964 908 2030 suis,
953 1963 1225 2016 insultant
1263 1961 1428 2016 nobis
1459 1959 1760 2026 increduli,
1791 1975 1856 2011 ac

223 2061 402 2112 Deum
435 2058 796 2112 contumeliis
840 2057 1119 2122 afticiunt,
1165 2055 1465 2110 dicentes:
1511 2074 1538 2102 ι(
1571 2054 1710 2107 Ecce
1756 2051 1854 2123 qui

214 2154 436 2224 jactant
473 2169 532 2206 se
564 2152 886 2222 redemptos
913 2167 945 2203 a
975 2149 1278 2219 tyrannide
1306 2149 1552 2212 Satanae,
1585 2146 1684 2217 qui
1714 2163 1854 2216 pras-

223 2247 416 2300 dicant
463 2263 520 2299 se
564 2251 818 2298 nmrtuos
856 2244 1096 2309 mundo,
1141 2242 1518 2296 nihilominus
1549 2241 1858 2294 vincuntur

222 2359 258 2395 a
286 2339 692 2410 cupiditatibus
735 2338 851 2392 suis
897 2354 1066 2408 quam
1111 2354 1216 2391 nos
1261 2352 1406 2407 quos
1450 2335 1646 2389 dicunt
1671 2333 1858 2387 adhuc

225 2434 412 2488 teneri
437 2433 542 2486 sub
571 2449 750 2502 regno
781 2432 1038 2486 Satanas.
1065 2431 1210 2494 Quid
1242 2430 1470 2501 prodest
1497 2428 1607 2482 illis
1636 2426 1856 2496 baptis-

225 2545 377 2593 mus,
410 2544 522 2596 quo
565 2527 764 2580 dicunt
797 2526 927 2580 exui
958 2531 1209 2579 veterem
1256 2523 1549 2577 hominem
1602 2537 1731 2575 cum
1765 2538 1854 2573 ac-

226 2621 380 2675 tibus
423 2621 558 2686 suis,
603 2623 661 2673 et
705 2619 866 2674 indui
912 2635 1120 2673 novum
1167 2618 1265 2687 qui
1311 2616 1631 2670 secundum
1680 2616 1856 2668 Deum

226 2720 454 2768 creatus
480 2714 607 2768 est?
642 2713 789 2777 Quid
819 2713 1048 2784 prodest
1079 2711 1186 2765 illis
1211 2711 1454 2781 Spiritus
1480 2713 1726 2774 sanctus,
1756 2724 1856 2760 cu-

221 2811 316 2879 jus
345 2808 576 2862 arbilrio
607 2807 802 2861 dicunt
827 2824 884 2859 se
915 2805 1273 2876 temperari?
1301 2806 1410 2858 Cur
1433 2818 1662 2873 semper
1691 2801 1742 2854 in
1762 2816 1859 2854 ore

228 2903 446 2956 habent
478 2917 490 2954 :
527 2901 923 2970 Evangelium,
973 2899 1372 2969 Evangelium,
1406 2913 1536 2950 cum
1587 2901 1705 2950 tota
1744 2895 1861 2948 vita

228 2997 508 3066 discrepet
534 2995 602 3048 ab
633 2992 915 3064 Evangelii
947 2991 1284 3063 praeceptis?
1310 3011 1338 3040 »
1369 2990 1590 3054 Quanto
1632 2988 1861 3042 creditis

1954 467 2007 506 se
2036 453 2306 508 abstinent
2337 457 2378 523 (Ι
2413 458 2611 526 Thess,
2645 476 2679 525 I,
2712 464 2781 527 9;
2824 463 2867 515 II
2901 466 3058 530 Tim.,
3090 482 3147 533 ιι,
3177 471 3242 534 5;
3275 468 3293 520 I
3328 467 3469 532 Cor.,
3505 484 3578 534 IX,

1954 549 2066 612 25),
2095 547 2236 600 nihil
2278 565 2394 602 non
2435 550 2706 606 facientes
2737 557 2886 624 quod
2930 558 2997 610 ad
3038 559 3326 614 victoriam
3369 562 3580 616 condu-

1954 639 2028 694 cit
2059 656 2071 694 :
2105 641 2240 712 quid
2271 657 2376 696 nos
2405 644 2589 698 facere
2618 649 2879 701 convenit
2923 654 2981 704 ut
3010 667 3381 724 assequamur
3422 655 3579 710 illam

1953 732 2285 788 immortalis
2313 737 2438 791 vita:
2467 755 2732 794 coronam
2763 741 3247 815 incorruptibilcm
3276 755 3330 803 et
3350 749 3582 804 immar-

1952 828 2272 883 cescibilem
2304 829 2363 884 in
2392 831 2546 886 ccelis
2561 833 2587 886 ?

2022 931 2212 986 XXXV.
2246 933 2342 986 llic
2386 934 2433 988 si
2479 936 2608 1006 quis
2659 943 2824 1009 roget
2875 955 2987 1010 quo
3031 946 3190 1011 pacto
3233 944 3356 1014 quis
3403 947 3581 1016 possit

1953 1040 2069 1078 esse
2108 1033 2322 1097 martyr
2347 1028 2470 1082 sine
2502 1032 2796 1099 sanguinis
2837 1033 3111 1088 etl‘usione
3151 1053 3163 1088 :
3195 1038 3445 1108 quisquis
3474 1040 3580 1093 hoc

1955 1119 2148 1171 animo
2173 1121 2755 1192 sequiturjuslitiam,
2789 1130 2848 1179 ut
2880 1133 3120 1181 mortem
3163 1129 3324 1183 citius
3365 1131 3577 1186 admis-

1955 1227 2119 1265 surus
2170 1213 2240 1267 sit
2291 1232 2465 1285 quam
2531 1218 2662 1272 velit
2713 1237 2744 1272 a
2794 1221 3012 1289 justitia
3065 1221 3388 1291 deﬂectere,
3447 1225 3580 1281 huic

1955 1311 2219 1376 prompta
2265 1309 2516 1364 Voluntas
2563 1329 2662 1382 pro
2709 1315 2983 1384 martyrio
3021 1317 3402 1386 deputabitur.
3438 1322 3584 1374 Deus

1955 1401 2106 1453 enim
2140 1418 2247 1454 non
2279 1405 2525 1457 aestimat
2545 1423 2892 1476 quemquam
2925 1426 2991 1462 ex
3023 1417 3223 1464 eventu
3251 1415 3582 1478 rerum,sed

1955 1509 2019 1546 ex
2048 1495 2268 1550 alfectu.
2523 1500 2635 1551 Cur
2673 1501 2826 1554 enim
2870 1502 2962 1554 ille
3009 1505 3300 1558 fraudetur
3327 1508 3581 1576 martyrii

1955 1588 2154 1657 gloria,
2188 1606 2288 1659 per
2318 1607 2486 1660 quem
2541 1609 2653 1646 non
2702 1595 2860 1647 stetit
2900 1598 3206 1665 quominus
3249 1600 3581 1670 martyrium

1953 1682 2287 1750 peregerit?
2333 1685 2402 1738 Ut
2451 1688 2680 1750 contra,
2740 1689 3056 1742 mercedem
3113 1695 3384 1760 apostataa
3441 1694 3584 1747 feret

1957 1773 2212 1844 quisquis
2238 1777 2341 1830 hoc
2369 1778 2566 1832 animo
2594 1779 2748 1846 vivit,
2773 1787 2831 1834 ut
2864 1783 3148 1836 Christum
3181 1793 3491 1855 negaturus
3512 1789 3585 1840 sit

1954 1868 2000 1920 si
2037 1869 2266 1938 jactura
2321 1871 2630 1937 bonorum,
2684 1879 2783 1928 aut
2839 1877 3088 1946 corporis
3135 1879 3438 1945 cruciatus,
3489 1883 3587 1933 aut

1956 1979 2112 2016 mors
2143 1963 2214 2016 sit
2247 1965 2598 2034 accipienda.
2631 1967 2735 2030 Qui
2767 1968 2838 2022 ob
2867 1970 3160 2038 paululum
3196 1972 3453 2040 pecuniae
3485 1990 3584 2043 pe-

1949 2056 2122 2126 jerat,
2151 2074 2223 2111 an
2255 2058 2299 2111 is
2330 2059 2617 2113 verebitur
2643 2061 2928 2132 abnegare
2949 2063 3257 2132 Christum,
3283 2065 3326 2117 si
3359 2069 3477 2119 tota
3499 2082 3590 2120 res

1956 2150 2329 2219 periclitetur,
2359 2152 2406 2205 si
2449 2152 2773 2208 intentetur
2798 2154 3054 2222 infamia,
3089 2173 3285 2211 carcer
3311 2163 3365 2211 et
3393 2175 3544 2212 mors
3563 2161 3590 2213 ?

1960 2243 2065 2306 Qui
2094 2243 2165 2297 ob
2190 2245 2520 2299 febriculam
2553 2247 2621 2300 ad
2673 2247 3107 2302 incantatricum
3158 2251 3410 2305 remedia
3454 2268 3586 2306 con-

1956 2336 2103 2405 fugit
2154 2339 2282 2406 (33),
2326 2355 2399 2393 an
2451 2339 2497 2392 is
2543 2340 2704 2395 malit
2748 2342 3027 2396 cruciatus
3077 2347 3259 2397 morte
3317 2343 3588 2400 tristiores

1959 2431 2249 2500 perferre,
2295 2448 2467 2502 quam
2531 2433 2754 2488 Christo
2819 2435 3199 2491 renuntiare?
3262 2439 3424 2506 Imo,
3493 2438 3591 2509 qui

1959 2524 2122 2577 toties
2153 2525 2223 2578 ob
2263 2525 2490 2579 brevem
2533 2527 2718 2581 carnis
2766 2527 3324 2598 delectatiunculam,
3358 2531 3430 2585 ob
3475 2548 3591 2585 mo-

1961 2621 2314 2672 mentaneam
2346 2619 2615 2689 gloriam,
2647 2620 2840 2675 deﬁcit
2870 2638 2901 2674 α
2929 2622 3174 2688 Christo,
3206 2624 3382 2677 vitam
3411 2624 3588 2678 hahe-

1958 2709 2041 2763 bit
2090 2710 2259 2764 vilem
2306 2729 2410 2782 pro
2465 2713 2692 2768 Chisto?
2745 2715 2860 2768 Nec
2911 2715 3062 2768 hunc
3123 2720 3402 2786 tyrannus
3458 2717 3591 2772 fecit

1959 2809 2297 2873 apostatam,
2324 2807 2423 2860 sed
2462 2806 2533 2859 ad
2573 2812 2878 2876 tyrannum
2919 2808 3151 2861 accessit
3199 2814 3476 2879 apostata.
3514 2811 3583 2864 Ut

1959 2903 2149 2950 autem
2198 2901 2283 2952 est
2326 2899 2528 2953 similis
2555 2900 2810 2954 certandi
2857 2902 3023 2967 ratio,
3056 2902 3132 2955 ita
3175 2902 3374 2956 iisdem
3417 2903 3592 2958 armis

1962 2991 2202 3045 fratrum
2245 2992 2421 3046 animi
2455 2993 2880 3048 communiendi
2924 2999 3056 3049 sunt
3097 2996 3166 3049 ad
3217 2996 3319 3049 has
3367 3012 3590 3067 pugnas

227 3090 446 3162 pudore
489 3087 832 3143 suffunditur
864 3086 1129 3152 Ecclesia,
1175 3101 1305 3140 cum
1354 3085 1474 3138 haec
1518 3084 1937 3172 ingerunturc
1963 3085 2170 3156 quibus
2222 3086 2579 3140 ostendimus
2620 3088 3046 3143 conﬁrmandos
3099 3089 3170 3144 ad
3228 3091 3590 3161 martyrium.

228 3186 300 3238 ab
359 3183 644 3247 hostibus,
697 3198 801 3235 nec
858 3180 1038 3234 habet
1086 3197 1200 3250 quo
1256 3178 1478 3233 refellat
1527 3175 1858 3248 opprobria!

228 3279 429 3333 Nonne
479 3276 731 3330 videmus
780 3277 962 3328 totum
1007 3272 1269 3328 Ecclesiae
1314 3276 1522 3326 coetum
1561 3271 1863 3324 demittere

226 3372 415 3426 vultus
446 3373 554 3439 (32)
597 3376 767 3438 atque
815 3367 1176 3434 erubescere,
1222 3367 1444 3437 quoties
1482 3366 1672 3435 aliqua
1698 3364 1860 3431 virgo

225 3482 358 3535 qua:
386 3463 609 3517 Christo
657 3468 950 3532 nupserat,
998 3461 1217 3532 dilapsa
1249 3477 1319 3513 ex
1359 3459 1620 3529 angelico
1657 3461 1859 3511 contu-

225 3558 453 3618 bernio,
489 3557 696 3610 defecit
738 3557 807 3610 ad
843 3560 1101 3625 stuprum
1134 3558 1231 3607 aut
1269 3551 1646 3623 conjugium?
1671 3553 1860 3614 Quan-

223 3659 318 3707 tus
350 3668 558 3706 maeror
609 3657 844 3720 occupat
877 3650 1138 3703 omnium
1188 3652 1443 3701 nostrum
1489 3645 1730 3712 animos,
1764 3643 1862 3698 sed

225 3746 514 3818 praseipue
561 3751 874 3815 pastorum,
914 3743 959 3796 si
1001 3741 1229 3812 quando
1271 3740 1476 3795 Christi
1519 3739 1699 3804 miles,
1744 3743 1859 3791 tor-

229 3839 442 3893 mentis
468 3837 721 3903 inferior,
756 3836 1104 3891 renuntiavit
1144 3833 1475 3905 imperatori
1503 3833 1640 3887 suo!
1673 3833 1860 3895 Quan-

229 3939 319 3986 tus
348 3937 535 3985 autem
565 3947 631 3984 ex
666 3930 901 3984 adverso
932 3930 1152 3983 Satanm
1185 3927 1538 3997 triumphus!

299 4025 518 4078 XXXIV.
565 4027 784 4092 Itaque,
834 4023 1035 4076 fratres
1081 4019 1453 4087 dilectissimi,
1501 4019 1543 4072 si
1591 4034 1721 4072 vere
1777 4017 1862 4070 di-

229 4119 470 4188 ligimus
525 4119 725 4183 Deum,
777 4115 823 4170 si
873 4115 1122 4186 quotidie
1180 4115 1430 4185 petimus
1481 4129 1547 4166 ex
1595 4113 1788 4166 animo
1846 4127 1860 4164 :

224 4214 604 4279 Sanctiﬁcetur
632 4227 821 4264 nomen
866 4215 1045 4275 tuum;
1086 4225 1310 4262 summo
1354 4207 1542 4260 studio
1589 4205 1861 4274 advigila-

230 4323 383 4372 mus,
414 4321 512 4358 nec
541 4305 635 4358 ubi
666 4303 984 4374 polluamus
1013 4319 1224 4356 nomen
1258 4301 1430 4366 illius,
1461 4299 1560 4352 sed
1597 4302 1652 4352 et
1681 4300 1863 4352 morte

227 4404 284 4453 et
313 4399 425 4452 vita
455 4398 840 4466 glorificamus
863 4396 1226 4466 illum,juxta
1247 4393 1402 4448 beati
1424 4393 1582 4447 Pauli
1609 4392 1822 4444 monita
1849 4407 1862 4443 :

1965 3179 2126 3233 Fides
2150 3186 2234 3232 est
2261 3197 2388 3250 qua!
2418 3187 2633 3250 pugnat
2656 3186 2715 3234 et
2740 3185 2971 3252 superat
2993 3183 3049 3235 in
3081 3184 3426 3253 martyribus
3453 3201 3466 3238 :
3492 3200 3596 3238 nec

1964 3272 2261 3342 quisquam
2295 3273 2497 3327 defecit
2523 3275 2579 3327 in
2611 3276 2924 3341 tormentis,
2954 3276 3061 3329 nisi
3091 3276 3220 3330 tidei
3251 3276 3494 3332 defectu.

2035 3367 2245 3421 XXXVI.
2299 3366 2558 3421 Orandus
2605 3369 2782 3438 igitur
2830 3369 3054 3423 assidue
3103 3371 3266 3435 Deus,
3312 3374 3376 3424 ut
3424 3371 3596 3425 fidem

1964 3460 2022 3513 in
2054 3460 2218 3514 nobis
2241 3466 2450 3532 augeat
2479 3480 2492 3515 :
2526 3466 2610 3516 est
2640 3463 2796 3516 enim
2834 3464 2929 3517 Dei
2975 3461 3208 3529 donum,
3241 3463 3321 3517 illi
3359 3464 3600 3518 debetur

1965 3553 2150 3606 omnis
2198 3553 2449 3608 victorize
2494 3555 2698 3623 gloria.
2743 3558 3082 3626 lngeramus
3123 3557 3352 3610 illorum
3391 3556 3598 3610 animis

1965 3650 2022 3700 et
2066 3647 2373 3717 inligamus
2419 3665 2589 3718 quam
2642 3649 2994 3703 horrendum
3039 3650 3255 3704 crimen
3298 3650 3367 3704 sit
3410 3651 3600 3704 omnis

1964 3739 2303 3807 idololatria,
2329 3758 2503 3811 quam
2532 3758 2726 3796 severe
2758 3743 2956 3812 punita
2994 3743 3065 3796 sit
3102 3759 3134 3796 a
3171 3744 3288 3796 Deo
3317 3744 3419 3797 sub
3452 3745 3600 3815 Lege

1963 3838 2195 3888 vetere:
2243 3841 2378 3903 quot
2423 3835 2599 3888 millia
2642 3837 2942 3890 trucidarit
2984 3837 3196 3906 Moyses
3242 3836 3313 3889 ob
3360 3837 3600 3891 vitulum

1964 3944 2222 3980 aureum.
2254 3927 2465 3982 Deinde
2496 3934 2848 3998 proponatur
2891 3928 3234 3998 comparatio
3280 3929 3599 3984 manifestas

1964 4020 2320 4085 idololatriae,
2354 4036 2482 4073 cum
2515 4021 2841 4075 immolatur
2870 4021 3206 4087 simulacris,
3246 4027 3302 4076 et
3342 4022 3597 4088 occultae,

1964 4130 2116 4178 cum,
2145 4116 2475 4184 contempto
2505 4115 2641 4180 Deo,
2672 4114 2938 4168 obcditur
2958 4131 3063 4186 per
3084 4115 3601 4186 concupiscentiam

1965 4209 2202 4260 Satanae.
2242 4206 2447 4261 Deinde
2477 4208 2798 4262 conferatur
2839 4209 2989 4263 inter
3030 4225 3088 4262 se
3132 4211 3278 4264 Deus
3322 4209 3450 4262 fons
3477 4226 3598 4264 om-

1967 4299 2054 4351 nis
2096 4299 2253 4367 boni,
2285 4304 2343 4354 et
2383 4301 2636 4355 diabolus
2678 4303 2864 4356 omnis
2896 4303 3122 4358 malitiae
3169 4303 3452 4374 princeps.
3497 4302 3599 4357 Os-

1966 4393 2229 4447 tendatur
2285 4398 2340 4447 et
2406 4394 2761 4464 iumqualitas
2817 4396 3179 4450 contubernii
3239 4416 3251 4451 :
3315 4397 3374 4450 in
3427 4397 3605 4450 altera

229 4493 492 4545 Viventes
542 4490 661 4543 sine
711 4489 944 4560 querela
994 4492 1053 4542 ut
1099 4487 1380 4558 simplices
1426 4485 1526 4540 Iilii
1577 4485 1690 4550 Dei,
1741 4484 1863 4536 sine
1886 4463 1944 4536 Ι)
1972 4492 2131 4559 parte
2154 4491 2286 4540 sunt
2312 4487 2411 4541 filii
2443 4489 2558 4553 Dei,
2590 4489 2843 4542 concives
2866 4491 3231 4559 angelorum,
3262 4496 3322 4544 et
3346 4489 3606 4543 han-edes

227 4584 675 4655 reprehensione
705 4582 761 4636 in
786 4582 974 4636 medio
999 4581 1245 4635 nationis
1266 4596 1451 4651 pravas
1481 4583 1535 4632 et
1558 4594 1860 4649 perversze,

227 4678 377 4732 inter
421 4694 562 4747 quos
615 4678 907 4729 luceamus
957 4674 1098 4728 sicut
1156 4673 1464 4728 luminaria
1520 4673 1577 4726 in
1624 4672 1861 4737 mundo,

226 4770 465 4824 verbum
509 4770 636 4822 vitas
683 4769 1058 4835 continentes,
1091 4768 1163 4821 ad
1207 4767 1449 4838 gloriam
1489 4765 1693 4822 Christi
1734 4767 1862 4818 .lesu

228 4863 386 4932 regis
429 4869 485 4916 et
527 4862 884 4932 agonothetas
937 4861 1138 4927 nostri,
1187 4861 1285 4931 qui
1335 4876 1499 4914 suum
1552 4875 1670 4912 esse
1713 4858 1868 4913 ducit

231 4954 514 5026 quidquid
548 4955 606 5007 in
640 4954 913 5008 membris
941 4954 1118 5023 ipsius
1151 4953 1384 5023 geritur.
1422 4953 1708 5006 Patiamur
1734 4967 1865 5005 cum

234 5048 361 5110 illo,
395 5053 454 5102 ut
485 5064 614 5100 cum
665 5047 760 5100 illo
801 5047 1192 5117 gloriﬁcemur
1233 5047 1292 5100 in
1337 5047 1427 5100 die
1469 5045 1713 5100 Domini.
1758 5046 1868 5099 Nos

234 5142 329 5196 hic
373 5140 532 5194 illum
577 5139 951 5194 clariiicemus
1003 5140 1154 5210 apud
1195 5139 1480 5205 homines,
1523 5146 1585 5192 ut
1629 5139 1722 5193 ille
1771 5156 1870 5192 nos

237 5234 510 5290 clariticet
562 5233 817 5288 claritate
870 5251 969 5287 sua
1019 5250 1206 5288 coram
1259 5233 1481 5304 angelis
1537 5232 1670 5299 suis,
1719 5248 1869 5299 cum,

238 5334 301 5382 ut
328 5327 517 5397 inquit
545 5327 746 5380 beatus
783 5328 1010 5393 Paulus,
1049 5327 1264 5380 venerit
1291 5326 1595 5396 gloriﬁcari
1628 5326 1685 5379 in
1713 5343 1870 5379 sanc-

241 5421 314 5475 tis
368 5419 504 5473 suis.
559 5423 724 5475 Nemo
779 5426 1068 5474 coronatur
1123 5422 1231 5474 nisi
1280 5421 1513 5490 legitime
1566 5422 1874 5474 certaverit.

1963 4583 2147 4636 beatae
2175 4581 2649 4649 immortalitatis;
2688 4581 2742 4634 in
2783 4582 2966 4636 altera
3003 4583 3101 4636 filii
3143 4583 3338 4644 Belial,
3369 4582 3606 4635 societas

1967 4676 2226 4729 omnium
2259 4675 2585 4728 daemonum
2616 4678 2674 4728 et
2701 4674 2958 4728 hmredes
2999 4675 3300 4745 gehennae.
3329 4674 3602 4729 Confera-

1969 4772 2061 4820 tur
2087 4771 2142 4822 et
2183 4767 2370 4837 impar
2415 4768 2646 4821 malitim
2693 4783 2896 4836 genus,
2938 4773 3348 4838 comparentur
3391 4767 3608 4821 diversa

1967 4861 2269 4932 stipendia.
2319 4862 2443 4914 Haec
2490 4861 2530 4913 si
2586 4860 2743 4930 prius
2788 4859 3003 4914 fuerint
3043 4877 3334 4930 persuasa,
3377 4865 3431 4914 et
3469 4859 3604 4912 inti-

1973 4954 2082 5007 mis
2136 4954 2305 5007 intixa
2360 4953 2685 5018 visceribus,
2740 4953 2921 5006 facilis
2986 4954 3096 5007 erit
3149 4953 3396 5006 victoria.
3451 4953 3607 5006 Nunc

1972 5049 2111 5102 fides
2141 5048 2334 5102 multis
2361 5051 2521 5101 natat
2553 5047 2610 5100 in
2641 5046 2824 5113 labiis,
2857 5063 2985 5101 cum
3020 5047 3078 5100 in
3117 5047 3290 5101 corde
3328 5052 3424 5100 aut
3450 5046 3609 5100 nulla

1974 5142 2063 5209 sit,
2095 5144 2192 5194 aut
2219 5142 2594 5195 vehementer
2633 5141 2925 5211 langueat.
2961 5140 3100 5204 Quis
3137 5139 3291 5195 enim
3334 5157 3447 5194 non
3485 5156 3611 5210 pro-

1976 5236 2189 5296 titetnr,
2226 5235 2377 5305 quod
2413 5235 2470 5288 in
2506 5233 2938 5288 Deuteronomio
2982 5233 3231 5304 legimus
3265 5251 3278 5288 :
3311 5235 3480 5302 Audi,
3511 5236 3612 5288 Do-

1976 5331 2156 5382 minus
2202 5332 2337 5383 Deus
2377 5334 2502 5382 tuus
2545 5331 2801 5383 Dominus
2841 5344 2984 5383 unus
3027 5333 3136 5395 est;
3171 5332 3268 5382 et:
3321 5330 3610 5382 Dominum

1981 5425 2142 5476 Deum
2172 5427 2326 5476 tuum
2352 5423 2607 5477 adorabis
2636 5429 2686 5476 et
2717 5424 2805 5477 illi
2820 5423 2922 5476 soli
2945 5424 3139 5477 semitis
3162 5423 3432 5494 (Deuter.,
3459 5438 3532 5488 γι,
3556 5422 3608 5486 4,

1643 5515 1997 5584 Variorum
2026 5525 2224 5582 notas.

305 5615 402 5677 (32)
438 5615 710 5666 Demittere
730 5614 920 5664 vultus.
951 5613 1213 5676 Quidam,
1249 5628 1360 5664 non
1387 5619 1556 5675 recte,
1587 5614 1869 5664 dimittere.

237 5689 564 5819 Pisano“;
611 5756 672 5806 ob
714 5756 1024 5817 febriculam
1069 5757 1140 5806 ad
1190 5758 1598 5807 incantatricum
1647 5758 1881 5807 remedia

242 5829 502 5894 ron/agit.
541 5829 736 5883 Nescio
767 5842 892 5895 quas
934 5829 1178 5882 remedia
1210 5829 1636 5882 incantatricum
1679 5830 1884 5882 intelli-

1976 5620 2082 5681 gat.
2122 5617 2295 5667 Nemo
2334 5619 2514 5667 nescit
2556 5631 2652 5682 per
2695 5619 3054 5681 periammata
3106 5617 3161 5666 in
3205 5617 3616 5666 incantamenta

1977 5687 2192 5737 vetulas
2244 5688 2486 5739 remedia
2545 5689 2752 5752 passim
2815 5687 3262 5739 febricitantibus
3323 5685 3616 5752 spondere_

1983 5760 2205 5809 PAMEL.
