4082 6194
134 5862 143 5897 :

602 254 706 316 983
1241 254 1331 316 AD
1368 256 1592 315 OPERA
1630 252 1687 313 S.
1728 256 2042 315 CYPRIANI
2077 254 2376 314 GENUINA
2412 252 2696 311 APPEND.
2738 249 2807 307 ΙΙ.
2845 280 2915 291 -
2952 245 3424 307 SUPPOSITITIA.
3818 244 3911 305 98$

609 376 735 449 13)?
762 372 897 442 Quis
929 390 1042 431 non
1072 375 1327 447 quotidie
1354 375 1557 432 recitat
1584 393 1680 431 ore
1710 394 1723 432 :
1756 375 1935 431 Credo
1964 376 2021 431 in
2050 378 2229 431 Deum
2256 387 2310 459 Α
2334 372 2433 427 tibi
2471 387 2662 427 coram
2691 386 2789 425 ore
2826 368 2899 424 ad
2927 386 2987 425 os
3017 369 3367 440 loqueretur.
3396 366 3469 421 Ex
3498 363 3582 420 his
3604 364 3916 422 torrentibus

611 474 833 527 Patrem
877 470 1370 542 omnipotentem?
1412 471 1484 523 At
1528 488 1641 525 non
1689 470 1872 525 credit
1924 472 1985 524 in
2033 472 2232 537 Deum,
2338 482 2500 522 sume
2526 466 2625 520 tibi
2648 464 2886 536 lapides,
2903 464 3110 534 quibus
3132 462 3358 531 dejicias
3378 459 3675 530 superbum
3694 459 3915 516 Goliath.

612 567 709 635 qui
752 581 870 619 non
915 565 972 618 in
1021 581 1088 619 eo
1134 564 1253 618 solo
1299 565 1534 618 collocat
1586 564 1755 619 totius
1799 565 2079 618 felicitatis
2120 581 2236 619 sum
2336 560 2516 615 Habes
2547 560 2874 629 exemplum
2906 574 2937 610 a
2968 556 3209 611 Domino
3250 562 3367 622 tuo,
3407 553 3481 607 sic
3520 554 3609 607 ille
3647 554 3920 625 prostravit

610 659 875 713 fiduciam
927 658 1072 729 (34);
1121 674 1226 712 nec
1269 673 1450 712 unum
1493 658 1667 712 habet
1709 660 1887 712 Deum
1936 676 1999 712 ac
2045 658 2236 712 Domi—
2338 653 2631 708 diabolum
2665 672 2676 706 :
2708 668 2811 705 nec
2855 650 3090 721 dejicias
3125 649 3381 703 animum
3412 647 3455 701 si
3482 646 3678 717 saepius
3700 646 3916 714 invadat,

606 768 768 816 num,
799 752 895 823 qui
920 768 1023 823 per
1049 752 1478 819 scortationem,
1506 769 1611 823 per
1634 754 1831 807 luxum
1859 756 1916 807 et
1939 752 2236 806 avaritiam
2336 764 2399 802 ac
2439 747 2681 802 subinde
2713 745 3025 815 majoribus
3066 742 3346 798 machinis
3371 739 3733 812 aggrediatur
3757 756 3770 794 :
3798 739 3919 796 nihil

611 846 832 901 Satanae
862 846 992 900 facit
1020 846 1297 917 imperata
1325 863 1339 913 ;
1368 862 1474 900 nec
1500 847 1582 900 illi
1614 847 1719 901 soli
1748 846 1916 900 servit
1943 846 2038 917 qui
2066 845 2237 900 servit
2337 846 2519 913 potest
2543 842 2815 895 adversus
2842 856 2973 893 eum
3001 838 3101 910 qui
3139 839 3326 891 tecum
3365 838 3467 890 est.
3500 834 3596 889 Dic
3629 834 3757 888 illud
3782 835 3921 889 Joan-

608 941 814 1009 ventri,
848 940 945 1011 qui
989 939 1216 994 deditus
1265 945 1348 994 est
1386 939 1520 995 huic
1564 940 1801 1008 mundo,
1835 939 1932 1011 qui
1975 940 2031 994 in
2063 956 2236 1011 pravo
2336 935 2425 990 nis
2472 952 2485 990 :
2527 936 2708 1004 Major
2751 941 2825 990 est
2871 936 2969 1004 qui
2996 935 3055 987 in
3099 932 3254 987 nobis
3298 936 3394 993 est,
3423 944 3586 999 quam
3623 929 3712 997 qui
3750 930 3802 981 in
3833 931 3919 983 ista

606 1034 827 1106 positus
855 1037 958 1088 est.
2334 1031 2536 1084 mundo
2565 1031 2603 1100 (l
2634 1032 2816 1091 Joan.,
2843 1044 2920 1097 ιν,
2949 1027 3025 1098 4).
3069 1027 3375 1081 Succurrat
3410 1022 3550 1077 illud
3588 1020 3795 1076 Domini
3818 1021 3918 1076 dic-

676 1129 913 1183 XXXVII.
972 1127 1196 1182 Ethnici
1256 1131 1458 1198 putant
1512 1128 1701 1198 plures
1761 1144 1882 1182 esse
1949 1127 2113 1194 deos,
2182 1131 2238 1181 et
2336 1128 2501 1178 tum:
2542 1123 2822 1193 Conﬁdite,
2873 1123 3129 1192 quoniam
3174 1135 3267 1187 ego
3312 1120 3418 1173 vici
3455 1116 3715 1171 mundum
3745 1114 3918 1187 (10am,

609 1221 716 1275 hoc
742 1221 848 1275 tibi
874 1221 1079 1276 videris
1104 1223 1384 1292 perfectus
1413 1222 1785 1288 Christianus,
1817 1221 1971 1293 quod
1998 1237 2234 1292 persua-
2336 1234 2445 1285 xvi,
2475 1220 2583 1289 33).
2616 1218 2708 1271 His
2735 1216 3087 1271 orationibus
3118 1215 3165 1268 si
3193 1212 3402 1268 Christi
3430 1211 3593 1265 miles
3612 1209 3771 1263 fuerit
3792 1225 3924 1263 exer-

609 1330 736 1369 sum
779 1315 956 1371 babes
1005 1332 1181 1369 unum
1230 1331 1351 1370 esse
1395 1316 1614 1370 Deum?
1644 1316 1780 1387 quid
1827 1315 2016 1386 magni
2052 1315 2237 1369 facis?
2337 1312 2541 1366 citatus
2568 1312 2637 1366 ad
2666 1310 3014 1377 conﬂictum,
3047 1309 3102 1363 in
3135 1308 3254 1363 dies
3280 1304 3591 1377 comperiet
3617 1319 3770 1359 suum
3793 1306 3924 1357 anta-

609 1409 769 1464 ldcm
796 1409 1040 1463 credunt
1079 1409 1274 1474 .ludzei,
1316 1409 1414 1480 qui
1456 1409 1712 1480 quotidie
1756 1410 2150 1479 blasphemant
2177 1408 2235 1462 in
2339 1406 2613 1477 genistam
2646 1405 3003 1464 debiliorem.

610 1502 914 1573 synagogis
958 1503 1073 1557 suis
1106 1519 1118 1555 :
1150 1501 1344 1575 903
1376 1502 1529 1557 idem
1570 1504 1809 1558 credunt
1850 1504 2137 1558 daemones
2183 1506 2239 1558 et
2407 1500 2623 1554 XXXIX.
2679 1500 2789 1553 Nec
2838 1504 3033 1553 tamen
3090 1494 3454 1552 remittendus
3507 1497 3640 1550 sunt
3687 1493 3922 1563 excubiis,

607 1596 1074 1652 contremiscunt.
1108 1597 1164 1651 Si
1204 1613 1332 1651 vere
1373 1597 1556 1651 credis
1605 1596 1661 1651 in
1695 1598 1893 1665 Deum,
1924 1598 2092 1652 crede
2113 1598 2233 1667 jus-
2337 1594 2381 1647 si
2408 1593 2638 1663 quando
2663 1593 2843 1647 hostis
2882 1592 3166 1646 simulabit
3200 1590 3704 1662 tranquillitatem;
3732 1589 3819 1643 sed
3847 1588 3926 1642 ob-

607 1694 731 1745 tum
777 1693 834 1745 et
872 1707 1129 1745 veracem
1165 1708 1178 1744 :
1203 1691 1421 1760 justum
1468 1690 1524 1745 in
1577 1692 2007 1746 remunerandis
2046 1692 2151 1763 piis
2180 1695 2237 1746 et
2264 1760 2298 1763 _
2339 1703 2567 1741 servans
2610 1687 2762 1741 illius
2807 1686 3061 1754 insidias,
3089 1686 3242 1740 dicat
3279 1701 3411 1741 cum
3455 1685 3620 1739 beato
3659 1683 3922 1739 Habacuc:

603 1784 913 1855 puniendis
938 1784 1149 1855 impiis,
1180 1801 1435 1839 veracem
1476 1786 1534 1838 in
1577 1786 1889 1856 promissis.
1923 1786 2095 1840 Crede
2122 1760 2313 1839 nonB
2338 1783 2512 1851 Super
2559 1782 2860 1838 custodiam
2920 1797 3093 1836 meam
3152 1782 3343 1843 stabo,
3399 1784 3452 1835 et
3511 1779 3737 1849 gradum
3793 1780 3927 1845 ﬁgam

609 1894 733 1933 esse
778 1894 937 1949 spem
969 1879 1186 1946 salutis,
1217 1879 1331 1932 nisi
1372 1895 1477 1949 per
1516 1878 1719 1934 Filium
1758 1880 1900 1950 ejus,
1932 1895 2102 1950 quem
2132 1896 2236 1950 pro
2335 1891 2501 1946 super
2542 1882 2756 1946 petram
2790 1875 3040 1945 (Hahae,
3070 1890 3130 1941 ιι,
3174 1874 3247 1942 l),
3283 1871 3477 1945 904
3524 1871 3681 1927 omni
3717 1871 3928 1925 custodia

608 1972 777 2026 nobis
832 1970 1095 2025 omnibus
1141 1970 1377 2025 tradidit
1422 1972 1482 2025 in
1530 1977 1775 2026 mortem
1822 1988 1834 2027 :
1884 1973 2049 2027 crede
2094 1972 2237 2027 nihil
2336 1985 2553 2025 servans
2599 1985 2690 2023 cor
2736 1985 2909 2023 meum
2964 1971 3168 2039 (Prov.,
3212 1983 3287 2036 1v,
3335 1969 3455 2037 23),
3500 1983 3572 2020 ne
3621 1982 3724 2036 qua
3772 1967 3929 2036 pateat

606 2064 857 2120 accidere
886 2064 1020 2119 mali
1049 2081 1213 2135 posse
1258 2064 1328 2118 iis
1372 2064 1471 2136 qui
1512 2082 1569 2120 se
1611 2069 1755 2121 totos
1788 2065 1937 2121 illius
1962 2066 2238 2121 voluntati

609 2159 963 2214 tradiderunt
992 2161 1051 2212 et
1080 2159 1137 2212 in
1172 2158 1268 2212 illo
1309 2165 1697 2229 perseverant.
1734 2161 1844 2214 lloc
1884 2165 1967 2214 est
2010 2160 2237 2215 credere

604 2254 665 2308 in
696 2254 875 2308 Deum
918 2253 1157 2320 Patrem,
1203 2252 1310 2305 hoc
1356 2258 1441 2307 est
1481 2253 1710 2308 credere
1750 2253 1807 2308 in
1845 2254 2051 2309 Filium
2089 2254 2234 2325 ejus,

607 2346 714 2400 hoc
745 2349 829 2400 est
853 2345 1082 2400 credere
1108 2344 1166 2399 in
1199 2345 1473 2415 Spiritum
1504 2349 1789 2414 sanctum,
1820 2363 1999 2401 unum
2032 2348 2234 2417 Deum,

609 2443 670 2494 et
723 2439 1030 2494 Ecclesium
1075 2445 1346 2507 sanctam,
1393 2440 1696 2511 mysticum
1755 2440 1959 2495 Christi
2015 2457 2235 2512 corpus,

609 2539 766 2588 extra
815 2549 987 2604 quam
1048 2549 1165 2588 non
1220 2538 1305 2589 est
1355 2535 1545 2601 salus,
1597 2539 1655 2589 et
1704 2534 1765 2589 in
1819 2551 1931 2606 qua
1982 2551 2099 2590 non
2155 2539 2241 2589 est

609 2626 914 2697 Ρθτηίείθεο
2333 2629 2605 2698 perfectus
2636 2629 2707 2681 sit
2735 2628 2886 2681 homo
2916 2628 3034 2689 Dei,
3063 2627 3138 2680 ad
3167 2641 3317 2680 omne
3345 2640 3481 2694 opus
3515 2626 3705 2678 bonum
3731 2624 3926 2675 instruc-

678 2719 947 2775 XXXVIII.
974 2719 1238 2791 Quisquis
1278 2720 1337 2774 in
1381 2721 1473 2774 tali
1503 2724 1666 2791 petra
1692 2721 1867 2792 pedes
1895 2721 2074 2775 animi
2106 2723 2239 2777 ﬁxe-
2342 2727 2429 2775 tus
2474 2721 2537 2789 (ΙΙ
2583 2724 2743 2785 Tim.,
2776 2737 2856 2789 ιιι,
2892 2724 2977 2786 l6,
3013 2720 3116 2790 t7).
3150 2722 3230 2773 Ex
3270 2720 3376 2773 hac
3419 2718 3600 2789 igitur
3633 2713 3926 2786 colligendae

608 2814 701 2881 rit,
748 2814 1015 2868 adversus
1072 2829 1270 2869 omnes
1323 2814 1702 2869 tentationum
1760 2815 2018 2869 incursus
2069 2816 2241 2870 stabit
2339 2819 2472 2869 sunt
2509 2816 2831 2883 sententiae,
2879 2832 3023 2886 quas
3066 2815 3136 2868 ad
3178 2829 3415 2867 manum
3458 2818 3515 2867 et
3556 2812 3709 2865 velut
3744 2810 3797 2863 in
3827 2824 3930 2880 pro-

608 2907 936 2962 immobilis.
970 2909 1227 2978 Exempli
1274 2908 1496 2978 gratia:
1540 2908 1826 2963 lacessitus
1869 2926 1929 2963 es
1965 2909 2235 2979 convicio,
2339 2910 2526 2963 cinctu
2565 2908 2815 2979 habeas,
2864 2911 2930 2962 ut
2972 2908 3060 2963 his
3104 2909 3366 2979 protinus
3415 2913 3738 2977 serpentem
3788 2904 3930 2971 caput

611 3002 865 3072 suggerit
902 3001 1005 3055 tibi
1046 3018 1181 3056 caro
1206 3001 1468 3056 vindictae
1491 3002 1878 3073 cupiditatem,
1908 3002 2237 3074 priusquam
2341 3004 2660 3074 erigentem
2693 3003 2944 3073 dejicias.
2970 3002 3166 3056 Nullus
3195 3008 3278 3055 est
3297 3002 3450 3055 enim
3474 3000 3789 3054 animorum
3809 3010 3930 3050 mor-

608 3096 955 3166 respondeas
1007 3095 1084 3150 sic
1133 3096 1315 3165 cogita
1381 3102 1567 3151 tecum
1616 3114 1628 3151 :
1680 3097 1836 3151 Hunc
1894 3097 2466 3201 maledicumeus,
2497 3097 2587 3151 cui
2638 3114 2752 3151 non
2799 3113 3050 3168 praesens
3092 3096 3411 3150 remedium
3458 3094 3649 3149 divina
3678 3092 3929 3162 Scriptura

611 3189 904 3243 hominem
955 3189 1292 3244 subornavit
1334 3190 1608 3258 diabolus,
1649 3196 1711 3245 ut
1757 3207 1847 3244 me
1899 3191 2149 3261 dejiciat,
2177 3183 2746 3262 acusuppeditaret.
2792 3191 2931 3245 Hinc
2976 3190 3358 3261 comparanda
3404 3206 3508 3244 sua
3557 3187 3803 3258 exempla
3838 3183 3929 3256 pio-

613 3282 898 3352 dejectum
928 3284 1165 3352 perdat;
1200 3299 1295 3338 seu
1327 3284 1583 3338 ausculta
1628 3284 1761 3355 quid
1806 3284 2041 3339 suadeat
2064 3285 2241 3356 impe-
2339 3302 2489 3352 rum,
2524 3285 2619 3340 sed
2662 3286 2945 3356 prmcipue
2987 3283 3215 3352 Christi,
3259 3284 3464 3355 quibus
3509 3300 3570 3336 se
3607 3283 3829 3354 quisque
3860 3277 3928 3330 vel

611 3379 773 3430 ratur
810 3381 942 3430 tuus
980 3376 1071 3429 cui
1110 3376 1322 3431 militas
1360 3395 1374 3431 :
1421 3379 1594 3439 Beati,
1640 3378 1845 3448 inquit,
1884 3381 2057 3445 mites,
2104 3395 2237 3448 quo-
2339 3380 2557 3435 animet
2580 3379 2670 3433 vel
2698 3379 3041 3434 consoletur.

614 3472 761 3522 niam
801 3471 906 3537 ipsi
946 3470 1299 3538 possidebunt
1346 3476 1545 3524 terram
1588 3472 1824 3541 (Matth.,
1871 3488 1927 3541 v,
1976 3472 2071 3541 li);
2120 3477 2176 3527 et
2222 3489 2235 3527 :
2410 3475 2512 3528 XL.
2563 3473 2735 3528 Venio
2790 3489 2943 3527 nunc
2993 3474 3062 3527 ad
3121 3472 3214 3527 illa
3266 3472 3417 3526 mala
3464 3487 3594 3543 qua“:
3647 3470 3725 3524 vel
3775 3468 3926 3537 ipsam

613 3565 731 3616 Mea
758 3568 833 3616 est
863 3563 1128 3632 vindicta,
1162 3568 1211 3617 et
1240 3579 1332 3631 ego
1357 3565 1653 3619 retribuam
1683 3567 1889 3635 (Deut.,
1926 3582 2093 3633 xxxii,
2127 3567 2239 3635 35).
2342 3570 2605 3621 naturam
2638 3567 2890 3621 hominis
2930 3567 3300 3634 comitantur,
3330 3565 3417 3620 vel
3444 3564 3681 3620 fortuito
3706 3561 3928 3616 videntur

616 3655 763 3718 Quid
808 3656 1003 3709 suadet
1046 3656 1386 3710 fortissimus
1428 3657 1523 3711 ille
1564 3657 1771 3714 Christi
1817 3658 1928 3713 dux
1976 3660 2178 3713 Paulus
2225 3677 2238 3715 :
2341 3659 2558 3714 inferri.
2604 3661 2732 3715 Hcce
2780 3676 3005 3732 quoque
3049 3659 3174 3731 pius
3214 3660 3466 3728 animus,
3497 3662 3557 3713 ct
3600 3658 3672 3712 ad
3711 3669 3928 3727 pugnan-

611 3751 733 3805 Non
785 3752 1131 3819 nosmetipsos
1182 3752 1546 3813 vindicantes,
1594 3753 1914 3819 charissimi,
1969 3754 2062 3807 sed
2115 3754 2242 3808 date
2343 3753 2478 3807 dum
2518 3753 2845 3817 instructus,
2892 3753 2998 3807 sibi
3043 3756 3225 3808 vertet
3268 3752 3326 3807 in
3379 3751 3681 3806 materiam
3720 3761 3925 3803 coronae.

616 3844 786 3897 locum
814 3845 911 3897 irae
936 3842 1130 3913 (Rom,
1162 3860 1257 3912 xu,
1285 3845 1396 3914 19).
1432 3844 1700 3899 Diabolus
1743 3845 1879 3899 dicit
1919 3865 1932 3901 :
1978 3867 2005 3895 ‹‹
2034 3847 2241 3902 Fruere
2344 3847 2612 3917 Exemplo
2647 3847 2872 3913 faciam,
2912 3847 3060 3917 quod
3104 3847 3252 3914 dico,
3286 3846 3515 3901 clarius.
3548 3843 3826 3899 Excutitur
3846 3838 3927 3892 ali-

615 3935 887 4003 viudicta,
935 3941 991 3991 et
1033 3936 1205 4007 perde
1244 3938 1420 3991 vitam
1470 3943 1764 3993 teternam.
1800 3961 1827 3987 ››
1875 3941 2019 3994 Deus
2059 3939 2239 3995 dicit:
2343 3939 2471 4011 quis
2516 3940 2874 3994 facultatibus
2928 3940 3063 4006 suis,
3116 3940 3233 3994 sive
3286 3940 3458 4006 bello,
3495 3939 3612 3994 sive
3650 3933 3926 4003 naufragio.

619 4050 646 4081 α
686 4030 856 4084 Vince
898 4031 955 4084 in
998 4030 1150 4085 bono
1190 4033 1429 4097 malum,
1476 4036 1534 4085 et
1580 4032 1698 4087 noli
1738 4032 1996 4088 resistere
2041 4035 2239 4089 malo:
2346 4033 2461 4087 sive
2494 4033 2712 4104 rapina.
2742 4034 2820 4087 Ne
2858 4034 3121 4105 protinus
3163 4034 3255 4088 hic
3291 4034 3505 4103 cogitet
3545 4034 3821 4103 laqueum,
3853 4025 3929 4079 aut

615 4127 673 4177 et
701 4124 893 4194 accipe
935 4139 1066 4178 cum
1113 4124 1250 4177 Filio
1295 4141 1422 4179 meo
1466 4126 1882 4195 possessionem
1932 4129 2095 4198 regni
2141 4144 2244 4182 αοε-
2347 4126 2630 4181 rationem
2658 4128 2824 4181 malis
2859 4127 3077 4181 artibus
3106 4127 3388 4182 sarciendi
3423 4127 3577 4197 quod
3617 4124 3810 4196 periit;
3850 4117 3925 4173 sed

615 4216 789 4270 lastis.
820 4238 848 4265 »
878 4217 1002 4271 Mox
1042 4217 1251 4288 dispice
1286 4218 1393 4271 utri
1430 4220 1617 4289 potius
1662 4220 1930 4290 expediat
1959 4221 2246 4292 obtempe-
2346 4220 2426 4273 ita
2456 4236 2646 4273 secum
2682 4220 2951 4292 loquatur
2980 4236 2993 4274 :
3027 4242 3054 4269 ‹‹
3087 4222 3358 4275 Dominus
3398 4223 3485 4273 est
3532 4220 3629 4290 qui
3673 4219 3837 4273 tentat
3858 4225 3925 4265 me

615 4325 763 4363 rare.
797 4309 935 4363 Dicit
966 4309 1065 4364 tibi
1093 4327 1196 4381 per
1215 4313 1729 4383 concupiscentiam
1760 4317 1916 4368 tuam
1946 4315 2242 4370 diabolus:
2346 4329 2419 4367 an
2446 4313 2681 4384 diligam
2728 4314 2916 4384 ipsum
2970 4329 3032 4367 ex
3074 4317 3192 4367 toto
3236 4315 3425 4368 corde.
3471 4316 3596 4384 Ipse
3636 4310 3796 4375 dedit,
3834 4308 3926 4376 ipse

620 4422 648 4450 ‹‹
687 4402 987 4470 Moechare,
1011 4403 1277 4459 etfruere
1300 4405 1646 4476 temporaria
1667 4407 1917 4477 corporis
1935 4409 2243 4478 voluptate,
2347 4406 2597 4468 abstulit,
2633 4407 2709 4461 sit
2751 4424 2964 4462 nomen
3010 4407 3231 4461 Domini
3276 4407 3663 4462 benedictum.
3696 4424 3722 4455 ιο
3755 4400 3927 4457 Gratias

620 4500 677 4548 et
721 4501 842 4549 esto
883 4511 1041 4550 meus
1082 4513 1273 4551 servus
1313 4504 1369 4551 et
1410 4500 1660 4553 COiltBl‘eS
1698 4501 2000 4570 gehennae.
2040 4521 2068 4551 io
2102 4491 2477 4571 AudiDagat
2515 4501 2667 4571 quod
2707 4500 2990 4571 acceperit
3032 4517 3099 4554 ex
3150 4500 3377 4555 Domini
3425 4499 3785 4570 benignitate,
3824 4492 3925 4561 agat

617 4587 803 4659 potius
831 4590 965 4659 quid
999 4589 1147 4645 dicat
1172 4591 1272 4644 tibi
1309 4592 1457 4645 Deus
1486 4609 1499 4647 :
1532 4614 1559 4641 ‹‹
1588 4593 1801 4664 Sperne
1846 4594 2245 4664 temporariam
2349 4594 2558 4666 gratias
2590 4594 2738 4665 quod
2771 4593 3028 4647 amiserit
3055 4594 3125 4647 ad
3154 4594 3553 4665 probationem
3583 4590 3732 4646 ﬁdei:
3761 4588 3813 4644 Si
3834 4587 3925 4640 hac

619 4683 994 4753 voluptatem,
1034 4688 1093 4738 et
1120 4685 1315 4755 accipe
1346 4687 1696 4757 centuplum,
1742 4687 1907 4741 bonae
1949 4689 2243 4741 conscien-
2348 4687 2552 4742 dixerit
2602 4704 2669 4741 eo
2730 4687 2928 4741 animo
2994 4704 3108 4758 quo
3164 4687 3304 4741 dixit
3365 4690 3597 4741 sanctus
3651 4683 3779 4748 Job,
3824 4691 3924 4732 cum

618 4776 712 4830 tias
746 4777 1017 4845 gaudium
1062 4779 1121 4832 in
1163 4780 1269 4833 hoc
1307 4780 1540 4846 saeculo,
1579 4784 1636 4834 et
1665 4781 1841 4833 vitam
1882 4785 2157 4835 aeternam
2188 4782 2245 4835 in
2348 4781 2444 4835 illo
2507 4781 2834 4835 mercedem
2902 4782 3161 4852 accipiet.
3222 4782 3490 4834 Dominus
3543 4779 3791 4841 aestimat,
3836 4786 3921 4826 non

617 4869 812 4923 futuro
845 4887 858 4924 :
892 4892 921 4920 ››
950 4875 1007 4924 et
1039 4872 1299 4942 expende
1329 4874 1442 4927 utri
1464 4873 1652 4944 potius
1685 4879 1758 4927 sit
1786 4874 2243 4929 auscultandum.
2348 4878 2635 4946 quantum
2666 4874 2795 4946 quis
2832 4876 3049 4946 perdat,
3081 4875 3175 4929 sed
3214 4890 3387 4946 quam
3426 4874 3705 4945 patienter
3734 4887 3746 4923 :
3772 4879 3923 4938 quem-

617 4964 889 5033 Suggerit
931 4964 1032 5018 tibi
1063 4981 1165 5035 per
1202 4967 1386 5020 carnis
1424 4967 1688 5021 affectum
1727 4968 1904 5021 veluti
1945 4985 2049 5039 per
2074 4969 2244 5022 Evam
2348 4967 2656 5023 admodum
2695 4985 2810 5023 non
2854 4968 3080 5040 respicit
3120 4974 3397 5040 quantum
3441 4967 3644 5039 aliquis
3690 4962 3922 5033 largiatur

619 5056 869 5111 Satanas
892 5074 904 5111 :
927 5080 954 5107 «
985 5058 1113 5113 Vive
1141 5060 1461 5127 genialiter.
1492 5081 1519 5109 »
1546 5063 1621 5114 Ex
1649 5062 1883 5116 adverso
1905 5061 2043 5115 dicit
2065 5062 2250 5116 Chris-
2348 5062 2669 5132 egentibus,
2694 5063 2789 5117 sed
2808 5078 2919 5133 quo
2942 5062 3157 5117 animo.
3187 5063 3360 5117 Habet
3380 5062 3587 5133 aliquis
3603 5059 3770 5114 ﬁlium
3791 5052 3920 5108 unice

615 5154 709 5201 tus
753 5166 765 5203 :
810 5152 966 5205 Beati
1000 5154 1099 5220 qui
1134 5154 1336 5219 lugent,
1379 5157 1637 5222 quoniam
1684 5157 1793 5224 ipsi
1833 5157 2249 5210 consolationem
2347 5155 2579 5209 charum
2613 5172 2625 5209 :
2669 5173 2736 5209 eo
2765 5161 2820 5209 te
2860 5172 3013 5210 mors
3043 5156 3207 5210 orbat
3248 5160 3616 5227 prazmatura,
3645 5143 3920 5225 pestilentia

620 5244 883 5311 accipient
914 5244 1048 5316 (35).
1068 5245 1153 5299 Ad
1177 5247 1445 5301 eumdem
1475 5247 1715 5302 modum
1734 5248 1804 5302 de
1830 5248 2046 5303 caeteris
2071 5252 2254 5303 tenta-
2348 5249 2556 5320 spoliat
2579 5254 2634 5303 te
2662 5249 3028 5318 charissimis,
3060 5266 3288 5321 sponsa,
3319 5249 3533 5316 liberis,
3563 5246 3777 5309 amicis;
3806 5241 3919 5295 ferto

2338 2063 2524 2118 aditus
2578 2062 2970 2117 obambulanti
3036 2062 3430 2133 quaerentique
3479 2076 3650 2131 quem
3711 2058 3925 2113 devoret.

2336 2157 2707 2212 Tutissimum
2757 2160 2952 2211 autem
3011 2156 3198 2211 cordis
3259 2155 3683 2209 munimentum
3744 2157 3820 2207 est
3862 2168 3929 2205 so-

2336 2251 2545 2306 brietas
2602 2267 2728 2305 cum
2788 2249 3021 2305 instanti
3088 2250 3383 2316 oratione,
3427 2247 3669 2319 jugique
3720 2246 3930 2317 Scriptu-

2337 2361 2533 2400 rarum
2581 2345 2948 2399 meditatione
2989 2359 3002 2397 :
3057 2344 3239 2398 Omnis
3296 2345 3439 2397 enim
3489 2343 3770 2412 Scriptura
3815 2340 3929 2393 dici-

2336 2441 2486 2494 nitus
2520 2441 2812 2509 inspirata,
2844 2440 3000 2493 utilis
3038 2441 3115 2493 est
3157 2438 3233 2491 ad
3279 2437 3601 2501 docendum,
3629 2435 3701 2489 ad
3733 2447 3929 2503 arguen-

2338 2534 2488 2595 dum,
2520 2534 2595 2587 ad
2631 2533 3049 2603 corripiendum,
3079 2532 3155 2587 ad
3178 2532 3539 2587 erudiendum
3565 2532 3625 2583 in
3640 2529 3859 2597 justitia,
3882 2530 3929 2579 ut

621 5334 895 5402 tionibus,
921 5337 1101 5407 objice
1130 5339 1403 5394 tentatori
1428 5342 1688 5411 clypeum
1717 5341 2162 5412 Scripturarum,
2191 5343 2249 5396 in
2350 5344 2652 5414 patienter,
2689 5346 2747 5397 et
2783 5343 2870 5398 dic
2900 5360 2914 5397 :
2948 5364 2976 5393 «
3006 5343 3247 5398 Domino
3279 5344 3360 5399 ita
3396 5344 3599 5410 visum,
3628 5345 3682 5397 et
3721 5337 3793 5391 sic
3826 5333 3916 5387 for-

620 5427 824 5498 quibus
854 5430 950 5483 tibi
982 5431 1231 5503 loquitur
1258 5435 1407 5489 Deus
1438 5450 1551 5488 non
1590 5432 1811 5490 minore
1840 5434 1970 5503 fide,
2005 5452 2176 5506 quam
2204 5436 2247 5490 si
2352 5435 2512 5489 lassis
2552 5441 2608 5490 et
2656 5436 2817 5490 nobis
2855 5436 3204 5507 expediebat
3245 5442 3299 5492 et
3347 5437 3586 5503 nostris;
3629 5433 3698 5488 sit
3738 5437 3916 5485 nomen

2008 5523 2357 5587 Variorum
2387 5529 2583 5585 notae.

681 5612 781 5683 (374)
817 5616 995 5667 Totius
1018 5616 1291 5679 felicitatis
1317 5633 1424 5668 suae
1458 5618 1722 5682 ﬁduciam.
1759 5618 2030 5683 Corrupte
2067 5624 2117 5669 et
2147 5619 2240 5670 hic
2340 5633 2396 5680 v,
2429 5622 2496 5679 5).
2532 5619 2631 5669 Est
2657 5621 2824 5669 etiam
2849 5620 2971 5670 haec
3001 5620 3214 5670 Erasmi
3250 5620 3445 5671 verslo.
3478 5620 3685 5669 PAMBL-

606 5682 835 5741 Quidam
864 5687 1206 5751 infelicitatis,
1241 5692 1370 5752 quia
1412 5691 1575 5739 etiam
1610 5689 1777 5752 paulo
1816 5682 1945 5753 post
1979 5691 2235 5739 omiserat
2403 5690 2497 5751 (36)
2532 5690 2700 5739 Veluti
2719 5690 2978 5753 pleuritis.
3003 5692 3176 5754 Magis
3200 5691 3383 5756 placet
3400 5690 3505 5741 hoc
3532 5684 3908 5756 Morellii,quatn

596 5769 788 5808 vocem
819 5772 889 5819 es,
918 5765 1002 5809 est
1029 5763 1194 5810 etiam
1232 5750 1337 5810 hoc
1364 5766 1524 5810 caute
1558 5750 1873 5824 legendum.
1911 5761 2128 5810 PAMBL.
2338 5761 2485 5825 quod
2527 5750 2807 5811 habebant
2856 5763 3008 5825 prius
3056 5750 3271 5826 excusi,
3312 5761 3575 5827 pleuretis,
3608 5761 3697 5808 aut
3742 5750 3906 5804 Manul-

658 5830 747 5892 ’35)
798 5832 1055 5893 Quoniam
1104 5832 1206 5897 ipsi
1240 5832 1650 5882 consolationem
1693 5834 1953 5894 accipient
1989 5831 2225 5893 (Matth,
2332 5832 2609 5895 plcuresis.
2637 5834 2859 5883 PAMEL.
