4082 6194
284 216 388 279 985

1430 227 1746 290 CYPRIANI
1785 232 2194 292 ANTIOCHENI
2233 236 2498 293 ORATIO.

3543 229 3644 291 986

283 345 512 402 Domini
541 345 926 406 benedictum.
961 374 988 401 ››
1030 350 1176 408 Sunt
1205 353 1260 408 et
1295 355 1477 410 morbi
1519 357 1614 428 qui
1657 375 1773 413 non
1807 359 1911 414 mi-
1938 374 1995 446 Α
2017 361 2373 431 argumentis
2407 378 2514 416 non
2550 360 2874 416 desinemus
2915 378 3016 416 nos
3057 358 3297 416 invicem
3335 357 3641 426 exhortari,

283 457 399 522 nus
440 448 659 498 atroces
715 445 929 499 habent
977 446 1284 515 cruciatus,
1337 465 1508 519 quam
1565 452 1678 506 ulla
1731 459 1917 524 potest

281 535 496 591 inferre
566 542 844 592 tortorum
920 541 1151 611 saevitia,
1200 543 1371 598 veluti
1437 544 1696 614 pleuritis
1764 548 1912 618 (36),

283 629 560 698 ischiasis,
620 632 888 704 podagra,
945 635 1238 706 paralysis,
1291 637 1558 708 calculus,
1612 656 1811 695 renum
1860 645 1916 696 et

281 725 486 778 vesicae
517 725 886 780 exulceratio.
921 729 1046 783 Tale
1075 729 1118 782 si
1147 730 1280 800 quid
1322 731 1611 802 acciderit,
1646 751 1717 788 ne
1756 751 1915 790 mens

283 822 649 889 exasperetur
676 819 750 873 ad
783 820 1222 892 impatientiam,
1247 841 1318 878 ne
1342 825 1540 897 lingua
1566 830 1830 899 erumpat
1856 829 1912 884 in

281 928 447 966 voces
477 913 858 983 blasphemas,
890 916 984 970 sed
1016 933 1146 971 cum
1184 918 1356 974 beato
1386 920 1556 974 David
1587 923 1644 975 et
1674 923 1792 976 lleli
1823 939 1910 977 sa-

282 1005 514 1060 cerdote
547 1006 732 1062 dicat:
759 1011 1010 1064 Dominus
1037 1014 1134 1079 est,
1162 1014 1335 1079 [αι-ἰαί
1360 1014 1503 1083 quod
1532 1015 1722 1070 bonum
1750 1023 1826 1070 est
1853 1019 1912 1071 in

279 1101 639 1172 oculisipsius
664 1103 704 1172 (Ι
748 1106 899 1172 Reg.,
929 1120 1006 1170 ιιι,
1043 1104 1151 1172 t8).
1181 1107 1259 1160 Ita
1290 1109 1434 1161 mala
1467 1125 1598 1179 quae
1627 1127 1738 1163 non
1773 1111 1912 1164 infe-

279 1199 489 1248 runtur
524 1195 595 1248 ob
624 1195 828 1250 Christi
865 1198 1299 1267 professionem,
1330 1205 1616 1256 vertamus
1652 1203 1812 1257 nobis
1852 1203 1908 1258 in

280 1303 578 1355 coronam,
614 1292 670 1343 et
703 1291 924 1346 Christo
955 1293 1013 1345 in
1053 1293 1313 1364 gloriam.
1343 1298 1419 1349 Ac
1449 1296 1544 1350 ﬁet
1584 1297 1820 1352 fortasse
1851 1304 1912 1353 ut

282 1382 577 1444 Dominus,
611 1389 801 1437 nostra
837 1386 1140 1440 tolerantia
1171 1388 1528 1458 propitiatus,
1557 1398 1656 1444 aut
1692 1392 1912 1446 auferat

279 1473 616 1531 afﬂictiones
641 1482 739 1531 aut
768 1479 1030 1549 mitiget;
1060 1481 1211 1550 quod
1243 1481 1290 1535 si
1323 1499 1434 1536 non
1465 1484 1545 1551 ﬁt,
1580 1487 1771 1539 tamen
1802 1486 1911 1540 hac

277 1569 501 1624 ratione
523 1570 795 1624 faciemus
819 1573 1045 1643 utquod
1072 1575 1264 1628 animo
1280 1575 1599 1647 impatienti
1617 1579 1811 1633 fuisset
1830 1578 1910 1632 in-

277 1662 594 1730 tolerabile,
619 1664 719 1718 ﬁat
740 1665 1012 1736 patientia
1039 1667 1255 1723 mitius.
1281 1670 1373 1724 llis
1393 1674 1562 1742 atque
1579 1672 1908 1743 hujusmodi

2016 455 2084 508 ad
2124 453 2516 508 illustrandam
2561 455 2783 509 Domini
2825 456 3085 526 gloriam,
3135 455 3294 525 cujus
3327 453 3557 508 titulum
3586 455 3644 506 et

2016 548 2259 618 insignia
2288 549 2556 619 gerimus.
2592 550 2924 603 Praestemus
2954 549 3030 603 illi
3069 549 3405 620 martyrium
3445 548 3501 601 in
3540 563 3640 600 suo

2017 641 2256 712 quisque
2304 645 2452 696 statu
2502 648 2558 697 et
2611 642 2831 710 ordine,
2882 659 2994 697 non
3044 645 3223 696 solum
3254 642 3312 696 in
3363 639 3635 708 adversis,

2013 751 2213 789 verum
2244 735 2415 790 etiam
2450 735 2506 789 in
2536 736 2844 807 prosperis.
2872 737 2927 789 In
2957 735 3146 807 905
3175 733 3422 789 adversis
3452 749 3636 804 agno-

2015 845 2234 882 scamus
2261 845 2514 884 amorem
2543 830 2719 900 patris
2747 829 3080 899 tlagellantis
3110 845 3214 882 nos
3242 829 3311 882 ad
3340 827 3641 882 correctio-

2015 939 2168 989 nem,
2201 929 2257 977 et
2298 923 2509 994 gratias
2551 939 2786 994 agamus
2830 921 3092 978 charitati
3140 938 3250 992 qua
3291 920 3477 991 diligit
3515 935 3635 985 nos,

2013 1019 2076 1070 ut
2126 1017 2290 1086 ﬁlios,
2334 1034 2476 1088 quos
2516 1017 2774 1071 abdicare
2819 1033 2933 1072 non
2976 1016 3114 1083 vult,
3163 1015 3255 1070 sed
3308 1013 3637 1069 emendatos

2012 1111 2285 1182 recipere.
2317 1113 2377 1164 ln
2419 1111 2706 1182 prosperis
2751 1127 2912 1182 aeque
2959 1110 3170 1182 gratias
3212 1125 3449 1179 agamus
3491 1107 3638 1160 illius

2010 1204 2270 1273 bonitati,
2305 1222 2416 1276 qua
2462 1205 2785 1259 consolatur
2825 1221 2929 1259 nos
2971 1210 3031 1257 ut
3078 1202 3459 1257 tentationum
3499 1215 3639 1272 pan-

2012 1298 2118 1352 dus
2147 1298 2338 1371 906
2374 1300 2656 1369 possimus
2686 1299 3001 1366 sustinere;
3030 1297 3110 1352 ita
3145 1297 3243 1352 ﬁet
3274 1302 3335 1351 ut
3370 1297 3492 1350 tota
3524 1293 3639 1348 vita

2009 1396 2196 1446 nostra
2228 1393 2370 1446 nihil
2399 1393 2552 1446 aliud
2591 1393 2662 1447 sit
2686 1408 2859 1463 quam
2902 1391 3307 1458 testimonium,
3341 1389 3637 1443 declarans

2010 1486 2160 1556 apud
2178 1486 2471 1540 credentes
2490 1492 2544 1540 et
2563 1485 2885 1540 incredulos
2914 1483 3274 1555 sapientiam,
3299 1481 3634 1546 bonitatem,

2009 1579 2456 1634 misericordiam
2483 1596 2546 1633 ac
2577 1578 2872 1634 veritatem
2898 1578 2997 1633 Dei
3026 1577 3222 1646 Patris,
3250 1582 3308 1631 et
3335 1575 3458 1630 Filii
3484 1573 3635 1628 illius

2007 1674 2158 1743 Jesu,
2187 1677 2243 1728 et
2267 1672 2508 1744 Spiritus
2532 1672 2726 1728 sancti.
2762 1675 2963 1727 Amen.

281 1853 3635 1888 Μ

631 2007 1216 2154 ORATIO
1291 2011 2033 2154 CYPRIANI
2119 2012 3108 2156 ANTIOCHENI
3191 1992 3279 2080 (ί)

1555 2277 1557 2279 ί
1596 2243 1752 2311 PRO
1795 2244 2333 2311 MARTYRIBUS.

348 2614 575 2684 llagios,
611 2615 834 2686 hagios,
873 2617 1093 2688 hagios,
1135 2626 1327 2674 sancte
1358 2626 1704 2689 sanctorum,
1740 2625 1979 2708 PaterB
2004 2624 2276 2690 sanctam,
2319 2638 2542 2693 puram,
2592 2619 2860 2687 sobriam,
2907 2623 3140 2687 castam,
3185 2618 3388 2671 contra
3433 2628 3634 2708 omnes

270 2712 504 2776 patrum
557 2713 902 2778 nostrorum,
960 2713 1106 2767 Deus
1165 2714 1467 2781 Abraham,
1525 2718 1668 2769 Deus
1725 2719 1899 2785 Isaac,

268 2802 422 2855 Deus
444 2803 639 2871 Jacob,
679 2805 822 2858 Deus
857 2807 1262 2876 apostolorum,
1291 2810 1435 2863 Deus
1471 2811 1901 2880 prophetarum,

270 2896 421 2949 Deus
469 2896 782 2966 virginum,
830 2899 979 2953 Deus
1020 2899 1167 2955 bene
1208 2902 1548 2970 viventium,
1595 2905 1740 2957 Deus
1779 2921 1903 2958 cre-

268 2989 553 3056 dentium,
598 2992 744 3046 Dcus
774 2998 828 3047 et
857 2994 1023 3047 Pater
1051 2995 1274 3050 Domini
1307 2997 1486 3050 nostri
1523 2999 1654 3051 Jesu
1697 2998 1900 3052 Christi

271 3083 395 3139 Filii
425 3083 504 3137 tui
537 3101 549 3137 :
580 3089 635 3137 te
679 3085 1007 3141 invocamus
1037 3089 1336 3160 supplices,
1366 3088 1584 3160 pariter
1613 3095 1670 3144 et
1696 3091 1901 3162 depre-

268 3193 489 3243 camur,
541 3178 639 3232 Fili
695 3179 1003 3250 unigenite,
1047 3183 1144 3252 qui
1195 3198 1262 3236 ex
1315 3199 1412 3237 ore
1458 3183 1728 3239 Altissimi
1780 3201 1905 3256 pro-

267 3274 496 3324 creatus
533 3288 591 3324 es
629 3279 758 3328 ante
795 3273 995 3328 mundi
1031 3275 1481 3346 dispositionem,
1514 3282 1569 3333 et
1608 3295 1674 3332 ex
1716 3279 1902 3334 Mariae

269 3371 478 3418 sancta:
508 3365 749 3436 Virginis
785 3373 951 3422 utero
985 3386 1086 3438 per
1124 3370 1454 3440 mysterium
1488 3371 1694 3440 editus,
1727 3390 1900 3427 oran-

269 3458 421 3511 tibus
453 3459 634 3527 nobis,
666 3461 844 3514 sancti
884 3461 1154 3515 desiderii
1192 3463 1437 3532 spiritale
1479 3465 1901 3520 incrementum

269 3557 323 3606 et
356 3553 746 3623 integritatem
777 3554 963 3608 cordis
990 3561 1258 3626 praestare
1291 3557 1549 3628 dignare,
1584 3564 1644 3613 ut
1680 3559 1901 3615 lavacro

267 3645 504 3699 salutari
571 3650 890 3701 recreatum
959 3654 1153 3718 pectus
1203 3667 1234 3704 a
1301 3650 1519 3705 delictis
1586 3653 1903 3707 carnalibus

265 3739 558 3793 incolume
613 3741 892 3811 persistat.
941 3742 1189 3797 Petimus
1242 3743 1352 3798 ﬁde
1407 3743 1648 3811 illibata,
1707 3753 1902 3800 mente

269 3833 632 3903 incorrupta,
692 3835 989 3890 devotione
1053 3837 1325 3904 robusta,
1395 3839 1725 3908 operatione
1801 3857 1902 3893 seu

269 3927 571 3981 dilectione
615 3928 903 3998 continua,
936 3933 1000 3984 ut
1037 3932 1096 3984 in
1142 3932 1390 3986 Ecclesia
1430 3938 1623 3986 sancta
1671 3937 1763 3987 tua
1802 3951 1903 3988 nos

2004 2716 2236 2771 insidias
2264 2715 2450 2770 seaculi
2479 2715 2719 2786 gloriosa
2759 2714 2873 2768 ﬁde
2913 2714 3235 2783 degentem,
3278 2716 3476 2764 contra
3510 2707 3630 2761 dia-

2004 2809 2119 2864 boli
2159 2810 2340 2864 minas
2389 2815 2445 2863 et
2483 2809 2733 2863 carnales
2772 2807 3064 2862 illecebras
3107 2805 3392 2858 munitum
3437 2805 3633 2872 pectus

2005 2903 2300 2970 concedas,
2343 2919 2415 2956 ne
2459 2901 2690 2956 violenti
2736 2907 2791 2955 et
2837 2899 3063 2954 cruenti
3108 2897 3286 2952 hostis
3327 2894 3633 2950 lethalibus

2003 2997 2222 3068 laqueis
2260 2996 2636 3066 implicenmr,
2672 3001 2730 3048 ut
2764 2993 2994 3064 signum
3036 2991 3229 3046 salutis
3279 2994 3508 3044 aeternae
3548 2987 3633 3041 in-

2005 3091 2230 3144 colume
2271 3092 2623 3161 perferamus
2665 3089 2762 3161 (4).
2806 3088 2956 3143 Pelle
2983 3104 3015 3140 a
3043 3085 3208 3141 nobis
3255 3098 3488 3138 omnem
3523 3098 3626 3135 sae-

2005 3185 2115 3239 culi
2176 3185 2428 3240 illuviem
2495 3199 2842 3254 omnemque
2902 3181 3108 3236 diaboli
3177 3177 3630 3250 persuasionem.

2008 3279 2351 3350 Laqueetur,
2381 3277 2659 3345 concidat,
2689 3283 2744 3337 et
2778 3280 3080 3348 superetur
3107 3291 3140 3328 a
3171 3272 3353 3335 nobis,
3384 3275 3441 3326 et
3473 3286 3630 3324 amo-

2005 3375 2225 3438 veatur,
2255 3373 2399 3426 sicut
2427 3389 2459 3425 a
2486 3373 2646 3426 Sarra
2683 3371 2890 3425 famula
2920 3374 3017 3424 tua
3046 3368 3372 3432 Asmodeus,
3407 3365 3632 3419 daemon

2004 3466 2405 3537 nequissimus,
2433 3465 2746 3519 exstinctus
2773 3480 2872 3534 per
2893 3463 3162 3533 angelum
3191 3466 3351 3514 tuum
3378 3463 3635 3511 sanctum

2009 3560 2277 3631 Raphael.
2320 3561 2387 3614 Et
2423 3559 2567 3614 sicut
2610 3557 2801 3612 Tobiae
2849 3556 3105 3620 adfuisti,
3143 3555 3221 3609 ita
3264 3552 3405 3607 mihi
3443 3551 3636 3605 adesse

2005 3654 2277 3723 digneris.
2308 3655 2375 3706 Et
2403 3656 2462 3707 ut
2501 3652 2682 3707 tribus
2720 3650 2911 3723 pueris
2942 3651 3001 3704 in
3036 3648 3281 3717 camino,
3324 3652 3379 3700 et
3422 3643 3636 3699 Danieli

2008 3747 2454 3801 misericordiam
2496 3745 2847 3817 praestitisti,
2896 3745 2977 3797 sic
3033 3744 3182 3797 circa
3233 3757 3338 3795 nos
3393 3740 3636 3793 famulos

2005 3845 2132 3894 tuos
2162 3841 2346 3894 facere
2377 3840 2649 3911 digneris.
2683 3839 2790 3903 Qui
2829 3843 3082 3892 mortuos
3122 3833 3421 3900 suscitasti,
3458 3849 3635 3886 caecos

2005 3934 2354 4000 illuminasti,
2385 3933 2574 3987 surdis
2618 3933 2898 3999 auditum,
2941 3930 3116 3984 mutis
3145 3927 3393 3998 eloquia,
3422 3925 3638 3979 claudis

267 4020 479 4074 ﬂorere
529 4022 820 4092 permittas
865 4039 876 4077 :
919 4023 1191 4094 quoniam
1247 4025 1347 4079 tibi
1394 4026 1671 4081 ﬂectimus
1721 4044 1906 4097 genua
1926 4007 1980 4080 C
2008 4044 2282 4099 gressum,
2313 4025 2552 4097 leprosis
2581 4026 2885 4080 sanitatem
2919 4022 3141 4088 dedisti,
3165 4021 3242 4077 ita
3268 4027 3324 4076 et
3348 4019 3420 4075 da
3447 4019 3634 4074 famu-

270 4119 328 4168 et
375 4131 674 4168 curvamus
719 4116 994 4186 cervices,
1048 4118 1136 4172 cui
1190 4119 1381 4190 angeli
1440 4123 1496 4174 et
1555 4121 1901 4191 archangeli,

270 4207 455 4261 millia
497 4209 737 4263 millium
789 4217 1126 4282 martyrum,
1169 4213 1374 4266 chorus
1417 4213 1810 4284 apostolorum
1849 4219 1906 4269 et

269 4302 686 4373 prophetarum
751 4305 929 4374 gloria
983 4307 1298 4372 exsultant,
1362 4306 1451 4359 cui
1514 4323 1714 4360 omnes
1775 4323 1903 4359 aves

269 4402 487 4449 canunt
525 4397 738 4463 laudes,
784 4397 998 4468 lingua:
1041 4399 1381 4453 conﬁtentur
1416 4400 1748 4468 caelestium,
1794 4404 1905 4454 ter-

268 4489 536 4542 restrium
568 4491 999 4546 etinfernorum
1032 4510 1044 4547 :
1077 4492 1179 4546 tibi
1219 4509 1419 4546 omnes
1455 4509 1618 4563 aqua:
1663 4493 1721 4546 in
1763 4493 1902 4548 caelo

269 4587 326 4637 et
367 4583 471 4636 sub
513 4583 654 4638 cmlo
702 4585 1075 4655 conﬁtentur;
1117 4591 1171 4640 te
1221 4585 1571 4640 insensibilia
1603 4587 1854 4641 sentiunt
1888 4602 1898 4638 :

268 4683 328 4731 tu
375 4695 435 4730 es
483 4679 653 4746 solus,
711 4684 766 4732 et
820 4684 1024 4748 praeter
1073 4685 1126 4734 te
1183 4685 1240 4733 et
1283 4685 1436 4733 extra
1480 4683 1536 4734 te
1594 4697 1781 4734 nemo.
1830 4683 1902 4735 Te

267 4788 636 4841 quaesumus,
691 4772 948 4841 Domine,
1002 4775 1164 4828 Pater
1211 4773 1594 4844 omnipotens,
1648 4773 1744 4844 qui
1797 4775 1899 4828 soli

269 4865 410 4918 l-‘ilio
451 4865 846 4937 conspicabilis
885 4883 943 4920 es
984 4868 1083 4935 (2),
1125 4867 1284 4937 cujus
1325 4867 1515 4937 angeli
1558 4873 1614 4922 et
1655 4867 1900 4921 archan-

2004 4121 2070 4175 lis
2103 4121 2232 4189 tuis,
2262 4119 2362 4191 qui
2393 4127 2447 4175 te
2477 4122 2596 4174 tota
2632 4119 2840 4173 virtute
2870 4117 3080 4173 mentis
3111 4115 3390 4171 credimus
3415 4119 3632 4182 natum,

2004 4231 2257 4286 passum,
2325 4217 2631 4269 venturum
2688 4213 2948 4284 judicare
3013 4211 3166 4265 vivos
3227 4212 3285 4264 et
3350 4214 3627 4263 mortuos.

2002 4308 2210 4361 Assiste
2241 4307 2418 4373 nobis,
2448 4307 2594 4361 sicut
2619 4307 2889 4377 apostolis
2928 4305 2986 4359 in
3031 4304 3283 4363 vinculis.
3317 4303 3535 4357 Theclze
3573 4301 3632 4354 in

2005 4400 2249 4472 ignibus,
2295 4401 2462 4454 Paulo
2497 4401 2555 4454 in
2597 4399 3101 4470 persecutionibus,
3146 4400 3311 4452 Petro
3359 4397 3415 4449 in
3457 4394 3635 4449 flucti-

2004 4496 2128 4548 bus.
2161 4494 2265 4558 Qui
2305 4495 2467 4548 sedes
2497 4511 2667 4564 super
2695 4499 2913 4563 septem
2957 4493 3196 4546 thronos
3231 4491 3304 4543 ad
3339 4491 3632 4543 dexteram

2003 4588 2200 4654 Patris,
2232 4587 2444 4657 respice
2479 4604 2578 4640 nos
2608 4592 2660 4640 et
2706 4586 2877 4639 libera
2919 4601 3021 4638 nos
3059 4584 3129 4637 de
3168 4589 3396 4638 internae
3436 4579 3635 4635 mortis

2003 4681 2234 4735 interitu
2285 4697 2298 4734 :
2355 4697 2498 4734 unus
2541 4681 2598 4733 in
2650 4696 2788 4746 uno,
2842 4681 3006 4734 Pater
3046 4677 3104 4731 in
3149 4676 3322 4743 Filio,
3365 4674 3535 4728 Filius
3576 4673 3633 4726 in

2005 4776 2190 4841 Patre,
2220 4774 2462 4844 Spiritus
2503 4779 2750 4840 sanctus,
2787 4789 2888 4842 per
2929 4787 3101 4841 quem
3140 4774 3198 4824 et
3234 4785 3360 4823 cum
3401 4784 3512 4838 quo
3552 4771 3637 4820 est

2007 4868 2104 4922 tibi
2137 4868 2191 4921 in
2231 4873 2428 4921 sancta
2474 4866 2714 4921 Ecclesia
2756 4867 2954 4932 honor,
3002 4865 3198 4929 virtus,
3239 4862 3477 4928 claritas,
3520 4877 3636 4914 ma-

271 4958 388 5027 geli
430 4959 828 5030 obtemperant
877 4960 1000 5021 tibi,
1052 4959 1291 5014 Domine
1337 4962 1530 5028 Pater;
1577 4965 1630 5014 te
1675 4977 1901 5015 oramus
1993 4961 2192 5032 jestas,
2233 4965 2500 5032 potestas,
2538 4959 2882 5025 benedictio,
2927 4958 3342 5024 immortalitas,
3385 4959 3444 5009 et
3483 4971 3636 5009 nunc

271 5057 334 5106 ut
384 5052 595 5106 tribuas
641 5055 804 5108 nobis
850 5058 1099 5108 mentem
1152 5055 1466 5124 integram,
1510 5055 1897 5109 innocentiam

267 5163 477 5217 puram
536 5149 635 5219 (3),
705 5149 1088 5202 sinceritatem
1134 5148 1438 5215 devotam,
1495 5149 1899 5203 conscientiam

2002 5058 2060 5109 et
2092 5055 2147 5108 in
2182 5061 2484 5120 internum,
2515 5071 2739 5124 semper
2769 5058 2826 5107 et
2858 5054 2914 5107 in
2945 5052 3139 5107 omnia
3166 5051 3372 5105 saecula
3401 5051 3633 5103 szeculo-

2001 5165 2155 5202 rum.
2180 5153 2389 5203 Amen.

1645 5273 1994 5336 Variorum
2040 5277 2235 5335 notae.

331 5381 397 5442 (t)
441 5381 708 5442 Cypriani
739 5380 1060 5430 Ant-ioclzeni.
1085 5381 1223 5442 Quis
1240 5381 1418 5431 fuerat
1442 5382 1543 5432 iste
1571 5381 1899 5445 Cyprianus,

263 5451 651 5502 Antiochenus
673 5465 868 5515 magus
889 5455 940 5500 et
969 5453 1201 5501 Justinse
1220 5454 1479 5514 amasius,
1503 5452 1643 5501 intra
1665 5452 1896 5503 dicetur.

265 5523 562 5653 Ofgnﬁoli
591 5593 700 5656 ﬁlia
743 5593 1116 5656 conspicabilis
1158 5608 1227 5644 es.
1278 5594 1402 5644 Mss.
1449 5606 1641 5643 omnes
1684 5598 1739 5642 et
1783 5597 1891 5643 vet.

263 5677 388 5714 exc.
422 5663 828 5725 conspcclabilis.
857 5665 1062 5714 Verum
1086 5664 1222 5714 illud
1249 5665 1448 5728 placet,
1471 5665 1621 5730 quod
1643 5665 1895 5714 similiter

263 5735 467 5784 dixerit
508 5735 840 5788 Prudentius
871 5752 882 5784 :
914 5750 1093 5788 coram
1129 5735 1336 5798 refulsit
1374 5749 1466 5787 ore
1498 5735 1888 5800 conspicabilis.

265 5807 490 5857 PAMEL.

2068 5381 2133 5442 (3)
2195 5382 2563 5431 Innocentiam
2616 5393 2830 5444 puram.
2890 5378 3139 5430 Morellio
3198 5389 3390 5426 rursus
3447 5388 3639 5438 accep-

2001 5456 2112 5501 tam
2162 5451 2433 5502 debemus
2480 5463 2675 5501 vocem
2726 5465 2936 5514 puram,
2976 5454 3030 5501 et
3074 5449 3242 5514 paulo
3289 5451 3414 5512 post
3443 5459 3633 5496 vocem

1999 5523 2178 5583 hostis,
2212 5523 2309 5572 ubi
2359 5523 2560 5585 legitur
2608 5522 2812 5572 cruenti
2869 5521 3051 5578 hostis,
3097 5520 3230 5570 alibi
3281 5517 3618 5585 desidem

1999 5595 2224 5724 “illam
2260 5665 2463 5728 signum
2499 5663 2690 5714 salutis
2731 5668 2938 5713 acterna
2979 5662 3252 5712 incolume
3287 5655 3632 5728 per/eramus-

1992 5735 2197 5786 Iisdem
2227 5725 2368 5799 pene
2401 5735 2579 5784 verbis
2609 5735 2784 5784 utitur
2814 5736 3120 5785 etiamnum
3151 5731 3408 5786 Ecclesia
3441 5725 3496 5774 in
3531 5733 3636 5771 caa-

1989 5807 2252 5859 remoniis
2279 5806 2561 5874 Baptismi.
2592 5807 2814 5858 PAMEL.
