4082 6194
499 255 596 319 991
1058 264 1147 323 AD
1187 265 1412 324 OPERA
1451 267 1504 323 S.
1544 266 1859 325 CYPRIANI
1897 266 2196 325 GENUINA
2235 265 2520 324 APPEND.
2559 266 2627 324 Il.
2659 296 2727 310 --
2761 263 3234 325 SUPPOSlTlTIA.
3733 270 3821 325 992

508 384 594 437 est
631 384 884 438 montem
923 383 1060 440 Sion
1094 386 1380 442 caelestem
1415 404 1533 442 esse
1584 393 1641 441 et
1687 387 2026 458 spiritalem,
2095 393 2150 443 et
2171 390 2440 472 Apartes
2464 385 2687 440 futuras
2724 384 3086 457 designabat,
3116 382 3688 456 partemidololatram
3710 403 3820 457 per-

511 481 772 532 montem
817 477 946 532 Sina
972 480 1046 552 (9)
1071 496 1193 535 esse
1227 485 1541 535 terrenum.
1573 481 1724 536 Nihil
1763 481 1921 535 enim
1965 486 2151 553 potest

510 571 667 642 quod
696 570 758 624 in
783 573 938 626 terra
971 579 1074 640 est,
1106 590 1227 628 esse
1256 579 1537 642 sanctum,
1566 590 1698 629 cum
1729 577 1876 628 totus
1904 576 2154 630 mundus

511 664 661 718 mala
707 665 852 719 facta
893 666 1120 735 habeat,
1151 671 1206 722 et
1244 685 1276 722 a
1318 667 1539 722 diabolo
1587 669 1656 723 sit
1699 669 2036 738 maculatus,
2068 669 2150 723 di-

508 760 668 812 cente
691 759 822 812 Jesu
856 775 868 813 :
903 761 1033 816 Odit
1061 777 1141 816 me
1169 763 1438 830 saeculum,
1471 768 1522 815 et
1549 777 1641 830 ego
1691 763 1782 816 odi
1806 763 1951 816 illud
1981 762 2095 833 (10)
2135 769 2152 805 -'

508 850 645 920 quia
683 851 831 906 facta
863 852 1016 907 illius
1061 857 1228 908 sunt‘
1271 855 1440 909 mala.
1491 856 1569 908 Ex
1614 871 1730 926 qua
1773 872 1834 909 re
1866 856 2149 927 quidquid

507 950 592 997 est
644 943 701 998 in
758 946 864 1000 hoc
927 948 1133 1002 saeculo
1201 951 1468 1018 terreno,
1524 952 1782 1003 sanctum
1851 965 1974 1004 esse
2033 966 2148 1004 non

515 1041 719 1110 potest.

587 1133 686 1186 III.
727 1132 861 1187 Sion
905 1139 1101 1188 autem
1149 1135 1169 1170 ²
1215 1138 1471 1190 montem
1509 1153 1578 1190 ex
1624 1138 1956 1210 prophetico
1996 1138 2144 1194 dicto

511 1228 733 1281 constat
775 1243 895 1281 esse
929 1233 1186 1282 sanctum
1218 1233 1274 1283 et
1319 1229 1634 1300 spiritalem
1667 1231 1760 1284 :in
1791 1249 1905 1303 quo
1945 1236 2143 1288 monte

509 1319 753 1389 Spiritus
799 1323 1066 1376 sanctus3
1111 1323 1282 1376 Filius
1327 1324 1420 1378 Dei
1477 1325 1585 1393 (11)
1654 1341 1747 1378 rex
1804 1327 2144 1380 constitutus

513 1416 618 1479 est,
649 1414 992 1468 annuntians
1033 1417 1386 1470 voluntatem
1413 1422 1468 1471 et
1510 1418 1822 1488 imperium
1860 1419 1960 1473 Dei
1990 1422 2008 1455 5
2038 1423 2135 1475 l’a-

510 1505 614 1559 tris
657 1507 860 1560 sui:et
909 1509 1041 1562 Sina
1085 1515 1346 1564 montem
1393 1513 1686 1565 terrenum
1731 1527 1851 1566 esse
1886 1512 1942 1566 in
1985 1513 2143 1568 arida

512 1601 664 1652 terra
703 1599 1096 1671 constitutum,
1133 1603 1232 1674 qui
1265 1611 1350 1658 est
1383 1604 1441 1658 in
1484 1604 1645 1675 Syria
1686 1606 2002 1675 Palaestina,
2042 1607 2141 1660 ubi

513 1697 595 1745 est
623 1697 772 1746 terra
815 1694 1030 1763 Iudaea,
1062 1696 1155 1750 ubi
1197 1702 1281 1752 est
1309 1703 1364 1752 et
1397 1697 1620 1752 civitas5
1651 1698 1747 1754 illa
1786 1699 2139 1754 interfectrix

512 1786 921 1856 prophetarum
953 1805 967 1843 :
995 1794 1126 1844 ante
1150 1791 1311 1861 cujus
1342 1798 1563 1862 portam
1592 1793 1844 1848 Christus
1874 1810 1908 1848 a
1929 1793 2138 1848 Judaeis
2159 1769 2216 1841 B

511 1878 818 1934 cruxiﬁxus
847 1885 933 1936 est
966 1881 1024 1936 in
1066 1883 1233 1938 horto
1270 1901 1282 1938 :
1315 1901 1444 1955 quae
1475 1885 1667 1940 civitas
1705 1886 1910 1941 dicitur
1951 1888 2143 1942 Hieru-

511 1971 686 2026 salem
718 1990 819 2044 per
840 1976 1039 2029 Isaiam
1061 1978 1425 2048 prephetam,
1463 1979 1792 2050 spiritaliter
1822 1995 1952 2035 vero
1985 1997 2143 2034 exse-

511 2071 668 2120 crata
705 2073 762 2121 et
808 2068 1092 2124 derelicta.
1143 2071 1251 2125 Nec
1299 2071 1604 2140 immerito,
1639 2073 1769 2144 quia
1796 2077 1855 2127 et
1901 2075 2046 2128 Deus
2075 2091 2143 2128 ex

512 2159 717 2214 eodem
750 2168 940 2217 monte
981 2163 1119 2218 Sina
1161 2167 1411 2232 terreno,
1435 2183 1536 2236 per
1581 2168 1810 2237 Moysen
1853 2167 2038 2222 adhuc
2084 2168 2143 2221 in

513 2268 684 2308 carne
743 2259 973 2310 terreno
1037 2261 1091 2311 et
1155 2259 1364 2322 carnali
1422 2260 1607 2329 legem
1660 2277 1693 2314 a
1761 2261 1872 2315 Deo
1930 2262 2146 2332 accepit

517 2346 630 2400 illis
669 2348 1026 2414 tradendam,
1056 2350 1249 2421 digitis
1285 2351 1454 2407 sacris
1503 2353 1776 2423 scriptam
1812 2353 1871 2407 in
1903 2354 2141 2422 duabus,

521 2437 702 2512 911
760 2441 962 2496 tabulis
1011 2443 1246 2513 lapideis
1290 2444 1441 2515 (licet
1491 2445 1680 2516 digitis
1721 2447 1913 2514 sacris,
1957 2452 2148 2501 tamen

517 2533 711 2603 digitis
737 2535 794 2587 in
822 2535 1007 2606 ﬁgura
1037 2537 1222 2590 carnis
1261 2539 1390 2608 (l2),
1427 2539 1589 2610 quasi
1617 2539 1822 2610 populo
1853 2540 2064 2594 carnali
2091 2543 2150 2595 et

519 2624 855 2695 durissimo;
885 2629 1028 2684 sicut
1049 2629 1283 2685 fuerunt
1310 2631 1520 2686 tabulae
1543 2632 1785 2704 lapidem
1807 2632 2145 2700 durissimas,

518 2719 578 2772 in
608 2721 812 2790 quibus
843 2722 1044 2776 tabulis
1071 2725 1278 2794 Legem
1305 2729 1664 2796 acceperunt.
1696 2726 1824 2780 Ideo
1851 2727 1911 2780 in
1931 2727 2149 2781 duabus

512 2813 646 2884 quia
699 2816 1043 2886 signiﬁcaret
1093 2818 1368 2873 unitatem
1425 2819 1620 2890 populi
1673 2820 1842 2874 dividi
1903 2821 1959 2874 in
2011 2822 2150 2876 duas

513 2913 720 2977 partes,
744 2916 966 2979 partem
988 2927 1114 2981 qua:
1141 2913 1409 2979 salvatur,
1438 2917 1495 2966 et
1526 2917 1742 2984 partem
1789 2914 2150 2969 incredulam

515 3017 644 3072 quae
685 3003 868 3072 perit;
917 3002 1140 3059 dicente
1194 3006 1398 3076 angelo
1445 3007 1513 3060 ad
1557 3006 1866 3077 Rebeccam
1919 3024 2150 3062 uxorem

2258 479 2458 547 ditam,
2491 485 2549 534 et
2587 485 2810 550 partem
2852 478 3137 533 credulam
3183 479 3456 532 viventem
3507 495 3600 548 per
3637 480 3824 549 tidem;

2256 573 2401 627 hanc
2459 589 2631 627 unam
2695 577 2912 644 partem
2977 573 3234 642 gentium
3301 572 3548 643 designat
3587 573 3640 626 in
3684 577 3820 630 utero

2253 667 2514 722 Ecclesiae
2560 683 2896 738 permanere
2937 666 2994 720 in
3039 666 3464 736 generationem
3506 673 3751 722 mter-nam
3780 669 3826 725 in

2251 759 2434 831 ﬁgura
2455 761 2721 816 Rebecca:
2739 777 2752 827 ;
2773 764 2830 814 et
2852 765 3069 831 partem
3095 759 3297 832 populi
3316 758 3619 813 inﬁdelium
3643 762 3826 818 iudico-

2249 865 2375 904 lum
2415 867 2448 904 a
2491 857 2686 904 ventre
2735 855 2868 904 tunc
2920 849 3188 903 Rebecca:
3231 848 3421 913 dividi,
3473 853 3528 902 et
3564 851 3828 918 separaria

2249 939 2541 994 nativitate
2570 937 2851 993 Ecclesiae.
2893 940 3020 992 Haec
3052 937 3157 992 fuit
3176 937 3559 1009 praeﬁguratio
3582 937 3634 992 in
3661 939 3826 993 Genesi

2248 1044 2348 1098 per
2399 1028 2666 1098 angelum
2728 1027 3062 1098 spiritaliter
3121 1026 3478 1080 annuntiata.
3549 1026 3665 1080 Haec
3719 1042 3824 1082 vero

2246 1118 2478 1172 domina
2507 1117 2784 1172 montium
2813 1117 2986 1171 talem
3014 1117 3225 1171 habent
3251 1115 3744 1187 interpretationem
3773 1118 3817 1170 in

2244 1207 2440 1278 lingua
2459 1207 2674 1273 Latina,
2705 1210 2766 1260 ut
2793 1207 3147 1261 demonstret
3173 1206 3488 1274 veritatem,
3519 1207 3610 1277 qui
3642 1205 3740 1260 sint
3765 1206 3812 1260 hi

2243 1297 2356 1352 duo
2392 1301 2613 1351 montes
2650 1297 2784 1351 Sina
2823 1297 2910 1350 vel
2941 1296 3101 1361 Sion,
3131 1295 3281 1366 quod
3309 1293 3541 1366 quidem
3567 1299 3680 1364 post
3702 1311 3815 1366 pau-

2243 1385 2424 1440 lulum
2463 1387 2665 1440 dicturi
2701 1402 2913 1439 sutnus.
2963 1387 3039 1440 lta
3086 1384 3242 1437 enim
3285 1383 3436 1437 hanc
3475 1383 3700 1436 veritatis
3735 1373 3831 1454 (13)

2241 1475 2772 1545 interpretationem
2818 1471 3205 1544 probavimus,
3235 1471 3305 1526 de
3329 1470 3606 1541 principio
3637 1472 3830 1541 generis

2239 1563 2478 1618 humani
2504 1563 2849 1616 venientem.
2880 1563 2965 1616 Ita
2992 1561 3062 1615 ab
3086 1559 3248 1614 initio
3279 1558 3483 1612 mundi
3511 1564 3566 1612 et
3592 1558 3821 1630 deinceps

2239 1669 2439 1706 omnes
2490 1651 2753 1706 homines
2805 1653 3136 1716 nascentes,
3196 1647 3268 1702 de
3315 1653 3572 1717 tempore
3618 1654 3669 1702 et
3704 1649 3823 1702 iacto

2242 1741 2470 1796 nomina
2493 1758 2524 1794 a
2553 1739 2882 1812 parentibus
2924 1740 3040 1792 suis
3084 1737 3443 1809 accipiebant
3469 1737 3598 1809 (non
3627 1739 3822 1808 quidem

2243 1848 2306 1885 ex
2335 1847 2413 1898 se,
2437 1830 2538 1884 sed
2555 1830 2712 1883 aDeo
2727 1833 2919 1882 mente
2953 1827 3413 1897 impellebantur,
3434 1827 3825 1898 qui,antequam

2242 1922 2402 1989 ﬁant,
2449 1920 2724 1991 praescius
2767 1922 2852 1971 est
2885 1917 3236 1985 futurorum)
3267 1919 3329 1968 ut
3367 1915 3560 1986 quales
3602 1923 3710 1985 post
3732 1933 3830 1969 cre-

2244 2014 2505 2064 mentum
2533 2009 2713 2062 astatis
2759 2023 2878 2061 sua!
2916 2007 3091 2060 futuri
3137 2012 3344 2071 essent,
3391 2006 3682 2076 posteriori
3724 2012 3834 2059 tem-

2244 2114 2380 2168 pore
2428 2097 2611 2151 verbis
2653 2099 2710 2150 et
2748 2095 3069 2149 nominibus
3115 2094 3404 2148 Hebraicis
3454 2094 3834 2178 designaretur;

2245 2193 2302 2242 et
2332 2187 2466 2258 quid
2511 2185 2748 2256 singulis
2796 2186 3051 2239 futurum
3078 2189 3226 2238 esset
3264 2184 3648 2256 interpretatio
3687 2186 3833 2238 nomi-

2246 2291 2385 2330 num
2415 2274 2748 2346 designaret
2774 2273 3104 2340 veritatem;
3137 2272 3304 2327 sicuti
3350 2277 3488 2328 tunc
3521 2272 3760 2344 temporis
3786 2273 3830 2326 in

2247 2364 2578 2436 patriarcbis
2621 2363 2972 2434 completum
3011 2368 3115 2427 est,
3153 2361 3474 2416 secundum
3498 2361 3657 2432 primi
3680 2362 3825 2415 homi-

2248 2455 2335 2508 nis
2367 2469 2596 2508 carnem
2626 2453 2697 2506 de
2724 2457 2890 2507 terrae
2919 2451 3058 2505 limo
3087 2466 3228 2519 esse,
3268 2466 3337 2504 ex
3363 2449 3486 2522 ipso
3527 2450 3829 2522 protoplasto

2247 2542 2558 2615 probamus
2583 2542 2902 2600 veritatem.

2322 2633 2408 2687 IV.
2441 2632 2658 2686 Nomen
2685 2629 2902 2700 accepit
2920 2645 2953 2683 ει
2971 2631 3081 2684 Deo
3102 2629 3300 2684 Adam.
3335 2629 3661 2683 Hebraicum
3683 2628 3831 2683 Adam

2251 2726 2309 2780 in
2340 2724 2454 2798 91
2474 2724 2536 2798 2
2589 2724 2784 2778 Latino
2832 2724 3241 2794 interpretatur
3281 2726 3437 2777 terra
3467 2741 3590 2777 caro
3618 2723 3761 2788 facta,
3781 2739 3830 2776 eo

2250 2821 2401 2892 quod
2431 2836 2500 2874 ex
2535 2822 2779 2890 quatuor
2825 2816 3152 2872 cardinibus
3193 2817 3345 2871 orbis
3378 2821 3648 2872 terrarum
3678 2833 3832 2887 pugno

2249 2913 2680 2984 comprehendit
2722 2913 2855 2982 (14),
2929 2913 3075 2964 sicut
3137 2911 3416 2981 scriptum
3459 2917 3540 2965 est
3596 2929 3607 2963 :
3660 2911 3834 2964 Psaimo

2249 3023 2462 3062 mensus
2492 3022 2608 3062 sum
2655 3007 2863 3068 cwlum,
2911 3011 2962 3059 et
3001 3020 3187 3074 pugno
3233 3005 3610 3073 comprehendi
3653 3009 3831 3063 tenam,

519 3096 674 3148 Isaac
703 3112 716 3149 :
751 3116 778 3146 α
807 3097 941 3151 Duas
973 3102 1174 3168 gentes
1212 3099 1270 3152 in
1302 3105 1462 3154 utero
1493 3105 1587 3154 tuo
1627 3103 1779 3168 sunt,
1811 3105 1869 3156 et
1897 3102 2010 3156 duo
2046 3118 2145 3172 po-
2169 3129 2225 3204 C
2250 3105 2300 3156 et
2321 3103 2458 3169 ﬁnxi
2487 3101 2746 3154 hominem
2785 3114 2852 3153 ea:
2885 3100 3033 3152 omni
3083 3099 3208 3152 limo
3248 3102 3408 3152 terra
3436 3114 3449 3152 :
3493 3099 3565 3152 ad
3601 3100 3834 3164 imaginem

513 3189 633 3258 puli
665 3189 736 3243 de
777 3197 970 3245 ventre
1006 3195 1102 3245 tuo
1134 3192 1484 3260 dividentur,
1520 3199 1574 3248 et
1601 3195 1840 3264 populus
1868 3196 2145 3266 populum
2175 3189 2225 3204 ν
2256 3197 2353 3248 Dei
2375 3196 2484 3261 feci
2527 3194 2700 3247 illum.
2745 3190 3009 3262 Oportuit
3038 3191 3200 3245 illum
3226 3208 3296 3245 ex
3325 3191 3438 3245 illis
3479 3197 3704 3262 quatuor
3736 3205 3831 3242 car-

521 3282 836 3353 superabit,
869 3289 929 3338 et
967 3286 1148 3354 major
1191 3287 1400 3340 serviet
1432 3287 1661 3342 minori.
1685 3309 1713 3336 ››
1744 3287 1994 3343 Rebecca
2021 3305 2154 3343 vero

515 3374 765 3444 ﬁguram
821 3378 1088 3447 portabat
1149 3379 1450 3446 Ecclesiae,
1497 3379 1639 3434 sicut
1695 3383 1841 3436 Isaac
1894 3381 1982 3434 vir
2037 3383 2158 3452 ejus

513 3473 715 3538 typum
742 3469 802 3523 in
831 3486 889 3524 se
911 3471 1177 3540 portabat
1218 3471 1446 3526 Christi.
1488 3474 1654 3544 Ergo,
1682 3490 1814 3528 cum
1847 3474 2002 3542 dicit,
2025 3476 2147 3530 dux

507 3568 688 3631 gentes
722 3565 778 3617 in
813 3568 962 3618 utero
1007 3570 1098 3618 tuo
1137 3571 1286 3626 sunt,
1319 3566 1455 3637 quia
1500 3572 1556 3621 et
1597 3567 1666 3621 de
1716 3567 1984 3638 gentibus
2014 3569 2157 3624 duas

2255 3287 2482 3341 dinibus
2525 3285 2675 3340 orbis
2723 3288 2890 3339 terrai
2939 3300 3155 3339 nomen
3199 3285 3256 3338 in
3290 3301 3352 3338 se
3402 3288 3622 3355 portare
3666 3283 3831 3337 Adam.

2263 3379 2584 3435 Invenimus
2611 3379 2670 3432 in
2702 3377 3008 3448 Scripturis
3026 3393 3130 3449 per
3159 3377 3420 3448 singulos
3448 3377 3693 3432 cardines
3717 3374 3832 3429 orbis

2255 3480 2421 3529 terra:
2449 3490 2567 3528 esse
2597 3489 2630 3526 a
2653 3471 2963 3528 Conditore
3013 3471 3213 3526 mundi
3243 3478 3493 3542 quatuor
3542 3471 3712 3525 stellas
3732 3485 3831 3522 con-

2257 3569 2476 3622 stitutas
2516 3566 2570 3621 in
2616 3565 2857 3638 singulis
2887 3565 3230 3620 cardinibus.
3262 3567 3450 3620 Prima
3491 3565 3659 3632 stella,
3681 3562 3831 3617 orien-

1920 3711 2128 3777 Variae
2165 3712 2499 3776 lectiones.

583 3839 763 3912 {Sunt
784 3841 928 3893 facta
950 3842 1103 3893 illius
1119 3845 1259 3894 F033.
1291 3845 1404 3894 Hic.
1451 3848 1577 3896 Vici.
1642 3847 1663 3880 ³
1695 3849 1778 3898 Sic
1810 3851 1953 3899 F033.
1984 3850 2099 3898 Mic.
2134 3851 2236 3901 νίς.
2271 3851 2396 3912 Imp.
2423 3847 2544 3899 Non
2575 3851 2688 3898 tam
2717 3860 2809 3898 ex.
2880 3848 2897 3877 ³
2929 3846 3139 3910 Spiritu
3179 3850 3378 3898 sancto
3412 3850 3550 3898 F033.
3577 3847 3680 3895 Hic.
3714 3844 3832 3894 Vici.

512 3904 534 3942 ⁸
562 3911 656 3960 Sic
685 3913 828 3962 F033.
862 3913 984 3964 Hic.
1026 3916 1113 3964 Vic
1161 3914 1290 3977 Imp.
1323 3915 1424 3966 Dei
1441 3920 1496 3966 et
1531 3918 1719 3968 Patris.
1790 3919 1809 3950 ⁵
1833 3920 1918 3968 Sic
1943 3923 2077 3971 νοις.
2103 3921 2226 3970 Mic.
2268 3904 2396 3971 Vict.
2421 3921 2547 3983 Imp.
2577 3918 2681 3970 Ubi
2707 3923 2792 3968 est
2824 3904 3038 3969 civitas.

1915 4064 2266 4129 Variorum
2294 4070 2490 4128 nota.

575 4189 642 4250 (9)
667 4186 730 4235 Et
756 4190 977 4236 montem
1021 4187 1170 4237 Sina.
1209 4189 1426 4252 Adjicio
1452 4193 1699 4253 montem,
1741 4203 1809 4241 ex
1847 4189 2144 4242 Cambron.

514 4261 636 4310 cod.
668 4274 735 4310 ex
779 4261 974 4312 eodem
1010 4263 1234 4324 reposui
1282 4263 1439 4323 illud,
1470 4281 1498 4309 α
1542 4278 1669 4314 cum
1713 4270 1863 4315 totus
1903 4266 2149 4315 mundus

513 4331 657 4379 mala
688 4331 832 4381 facta
862 4332 1080 4393 habeat,
1115 4339 1168 4383 et
1199 4347 1229 4383 a
1273 4334 1514 4396 diabolo,
1541 4353 1569 4380 »
1595 4349 1693 4398 pro
1722 4349 1788 4386 eo
1827 4337 1976 4399 quod
2013 4343 2146 4398 erat,

512 4416 556 4521 (ἑ
572 4415 702 4451 cum
730 4407 877 4452 totus
905 4403 1149 4454 mundus
1179 4410 1398 4468 propter
1445 4405 1591 4456 mala
1622 4408 1765 4457 facta
1793 4421 1825 4456 a
1860 4406 2098 4459 diabolo.
2121 4426 2150 4455 ››

560 4485 736 4521 suae.

560 4485 736 4522 AMEL.

577 4514 838 4604 [iii—(im
866 4549 912 4593 et
940 4559 1029 4608 ego
1061 4545 1210 4595 illud.
1243 4547 1562 4607 Cambron.,
1599 4549 1803 4597 omisso
1833 4549 1982 4612 quia,
2015 4514 2225 4615 legitD

511 4619 558 4663 et
607 4628 696 4677 ego
735 4616 824 4665 odi
867 4615 1039 4678 illud;
1084 4621 1342 4667 neutrum
1377 4619 1577 4681 placet,
1612 4619 1742 4683 quia
1786 4619 1948 4682 longe
1989 4621 2149 4671 aliter

511 4684 885 4750 Evangelista,
925 4688 1060 4749 Quia
1103 4701 1195 4750 ego
1240 4689 1592 4739 testimonium
1634 4689 1885 4753 perhibeo
1931 4690 1994 4740 de
2034 4691 2144 4741 illo.

508 4757 732 4806 PAMEL.

575 4829 674 4890 (ll)
720 4829 954 4890 Spiritus
995 4835 1212 4880 sanctus
1257 4831 1431 4880 Filius
1469 4833 1577 4880 Dei.
1630 4832 1711 4881 De
1745 4831 1851 4882 hac
1897 4836 2152 4896 veterum

511 4898 776 4964 loquendi
808 4901 1061 4962 formula,
1090 4901 1213 4950 vide
1244 4915 1408 4964 supra
1441 4903 1666 4962 librum,
1693 4903 1837 4963 Quod
1869 4903 2012 4952 idola
2040 4917 2148 4953 non

509 4972 618 5020 sint
645 4972 740 5020 dii.
771 4971 955 5034 Quare
984 4973 1124 5021 nihil
1145 4986 1366 5024 movere
1393 4974 1597 5024 debent
1616 4975 1899 5036 lectorem,
1921 4979 2016 5024 aut
2043 4977 2144 5025 ista

510 5042 666 5094 hunc
696 5050 793 5094 aut
817 5044 928 5093 duo
959 5045 1169 5092 similes
1193 5045 1333 5094 inira
1365 5045 1582 5096 docere.
1617 5047 1808 5110 Neque
1834 5047 1982 5095 enim
2020 5050 2147 5097 ante

510 5114 589 5163 ha
602 5127 662 5165 re
675 5129 754 5165 ses
784 5114 851 5164 de
876 5115 1083 5178 Spiritu
1113 5120 1306 5165 sancto
1327 5122 1563 5177 exortas,
1587 5122 1699 5166 tam
1725 5121 1890 5168 caute
1913 5119 2147 5182 scripse-

509 5187 641 5234 runt
667 5190 892 5236 veteres.
933 5187 1151 5235 PAMEL.

577 5258 676 5315 (12)
735 5258 873 5306 Licet
925 5258 1106 5320 digitis
1149 5258 1341 5316 sacris,
1393 5262 1570 5307 tamen
1627 5258 1813 5322 digitis
1859 5261 1914 5306 in
1971 5259 2146 5323 ﬁgura

511 5328 710 5376 σαι-πίε.
751 5328 1031 5378 Manutius
1062 5329 1267 5378 omissa
1299 5343 1435 5378 voce
1476 5329 1608 5385 licet,
1635 5334 1690 5379 et
1723 5330 1892 5380 semel
1931 5335 2146 5380 tantum

509 5400 748 5448 recitans
772 5413 943 5450 voces
983 5400 1124 5460 illas,
1153 5400 1341 5463 digitis
1389 5403 1577 5458 διιεῖ-ές,
1611 5402 1776 5462 paulo
1819 5403 1971 5464 prius
2003 5410 2146 5452 certa

509 5470 712 5534 posuit.
771 5470 977 5520 Verum
1028 5471 1269 5533 vulgata:
1335 5471 1556 5519 lectioni
1612 5473 1968 5521 consentiunt
2014 5487 2146 5524 mss.

506 5541 677 5590 nostri
701 5554 713 5598 ;
753 5545 810 5590 et
837 5542 883 5590 si
917 5541 1232 5605 parenthesi
1260 5541 1382 5591 haec
1412 5541 1788 5601 includantur,
1815 5555 2014 5592 sensus
2043 5545 2147 5592 erit

508 5613 853 5677 perspicuus.
893 5614 1114 5664 PAMEL.

569 5684 667 5745 (i3)
728 5685 811 5734 lia
868 5686 1010 5734 enim
1067 5685 1198 5734 hanc
1246 5686 1504 5746 veritatis,
1565 5689 1668 5735 etc.
1735 5685 1941 5734 Locum
1995 5685 2146 5736 hunc

509 5756 1028 5819 depravatissimum
1091 5770 1159 5807 ex
1212 5757 1386 5808 codic.
1436 5770 1566 5807 mss.
1612 5758 1806 5821 partim
1865 5756 2142 5821 Alﬂigem.

502 5827 647 5880 Dun.
699 5827 964 5881 Marchin.
1014 5831 1070 5880 et
1121 5831 1226 5878 vet.
1280 5841 1422 5892 exc.,
1473 5830 1674 5894 partim
1727 5826 2139 5880 Cambronensi

2249 4197 2353 4248 ista
2405 4192 2660 4242 restitui:
2707 4207 2736 4239 (κ
2784 4191 2860 4240 Ita
2915 4189 2985 4239 ab
3037 4188 3199 4238 initio
3251 4186 3451 4237 mundi
3503 4191 3554 4236 et
3611 4185 3828 4246 deinceps

2249 4276 2444 4312 omnes
2482 4261 2739 4312 homines
2780 4265 3093 4320 nascentes,
3121 4260 3189 4310 de
3224 4264 3475 4322 tempore
3514 4261 3569 4308 et
3603 4258 3730 4306 iacto
3761 4266 3829 4301 no-

2250 4336 2398 4383 mina
2445 4348 2475 4383 a
2503 4333 2830 4398 parentibus
2861 4334 2978 4382 suis
3011 4331 3361 4394 accipiebant
3387 4333 3515 4393 (non
3559 4327 3753 4393 quidem
3781 4337 3826 4373 ex

2251 4420 2330 4464 se,
2367 4405 2464 4456 sed
2502 4420 2533 4454 a
2575 4407 2692 4455 Deo
2737 4408 2922 4455 mente
2969 4402 3421 4467 impellebantur,
3449 4403 3545 4466 qui
3586 4404 3826 4462 antequam

2249 4476 2404 4538 ﬂant,
2453 4479 2719 4541 praescius
2775 4481 2858 4526 est
2897 4476 3199 4536 futurum),
3251 4479 3314 4524 ut
3369 4476 3560 4539 quales
3601 4477 3707 4535 post
3737 4482 3821 4519 cre-

2248 4555 2499 4598 mentum
2531 4550 2710 4598 (etatis
2735 4561 2850 4597 sum
2882 4547 3047 4596 futuri
3085 4551 3288 4606 essent,
3316 4545 3599 4610 posteriori
3630 4549 3821 4610 tempore

2247 4619 2430 4669 verbis
2460 4625 2513 4670 et
2543 4619 2864 4668 nominibus
2904 4618 3194 4668 Hebraicis
3231 4609 3612 4682 designaretur
3651 4621 3697 4664 et
3721 4609 3818 4675 quid

2247 4690 2481 4754 singulis
2507 4690 2754 4739 futurum
2781 4693 2944 4749 esset,
2977 4689 3350 4752 interpretatio
3374 4688 3654 4738 nominum
3682 4683 3819 4742 desig-

2247 4765 2406 4810 naret
2431 4762 2738 4812 veritatem.
2759 4777 2788 4808 »
2819 4762 3033 4810 ΡΑΜει..

2310 4833 2409 4893 (14)
2440 4833 2522 4881 Ea:
2570 4837 2802 4895 quatuor
2849 4830 3158 4880 cardinibus
3201 4830 3342 4880 orbis
3392 4836 3646 4878 terrarum
3683 4831 3819 4886 pugno

2247 4903 2653 4966 comprehendit.
2697 4904 2834 4953 Hinc
2871 4916 2939 4952 ex
2983 4901 3202 4952 lacunis
3243 4901 3596 4951 rabbinorum
3639 4896 3816 4967 hausta:

2248 4973 2303 5022 in
2343 4961 2520 5035 Pirkc,
2561 4973 2626 5023 R.
2662 4973 2875 5024 Eliezer
2913 4973 3155 5024 dicitur:
3193 4989 3223 5021 ς
3259 4973 3488 5036 Ιηοωρίῐ
3528 4971 3666 5020 Deus
3703 4961 3819 5014 colli-

2246 5057 2375 5109 gere
2420 5043 2708 5107 pulverem
2754 5045 2916 5108 primi
2946 5043 3209 5103 hominis,
3240 5057 3271 5094 e
3311 5047 3545 5107 quatuor
3576 5044 3716 5109 terra!
3747 5043 3818 5109 fm-

2245 5102 2549 5180 gulisfvid.
2586 5102 2836 5177 rubrum,
2875 5116 3116 5177 nigrum,
3156 5102 3380 5187 album,
3397 5111 3636 5187 viridem.
3674 5102 3818 5187 iiut)?!

2245 5188 2430 5251 pulvis
2465 5188 2644 5238 iactus
2687 5191 2772 5238 est
2812 5188 3118 5251 sanguinis,
3160 5187 3320 5250 niger
3361 5185 3461 5234 fuit
3503 5195 3594 5247 pro
3639 5185 3818 5251 visceri:

2246 5244 2552 5320 iul-9,8113%
2593 5272 2691 5322 pro
2729 5244 2948 5308 ossibus
2991 5263 3044 5308 et
3086 5244 3290 5316 nervis,
3339 5244 3525 5305 viridis
3567 5244 3817 5322 factust-1l

2246 5343 2466 5392 corpus.
2493 5321 2608 5379 Cur
2644 5330 2984 5393 congesserit
3029 5329 3315 5392 pulverem
3357 5329 3479 5389 ejus
3523 5337 3585 5399 ex
3627 5321 3818 5399 attat“?r

2245 5391 2439 5450 mundi
2494 5401 2710 5461 angulis
2729 5391 2773 5450 ‘iv
2804 5403 2935 5464 quia
2985 5391 3197 5450 dixerat
3259 5402 3480 5448 sanctus
3528 5391 3814 5464 benedictus,

2245 5474 2363 5522 sive
2411 5459 2591 5523 iverit“
2617 5473 2785 5523 homo
2822 5459 2892 5523 ex
2939 5473 3152 5522 oriente
3197 5472 3252 5519 in
3297 5467 3644 5519 occidentem,
3670 5459 3739 5506 vel
3765 5466 3816 5503 ei

2247 5543 2539 5593 occidente
2589 5545 2641 5592 in
2682 5546 2969 5603 orientem,
2997 5556 3096 5592 seu
3152 5543 3206 5590 in
3257 5547 3633 5604 quemcunque
3671 5531 3813 5579 locum

2245 5613 2608 5674 contenderit,
2641 5619 2694 5664 et
2729 5617 2935 5665 venerit
2963 5615 3232 5663 terminus
3259 5615 3374 5676 ejus
3402 5613 3462 5660 ut
3497 5605 3744 5670 separetur
3762 5606 3813 5676 ex‘

2245 5684 2354 5735 hoc
2378 5666 2607 5745 mundo,
2635 5699 2706 5734 ne
2731 5689 2847 5735 tum
2886 5689 3025 5735 terra
3053 5684 3201 5734 dicat
3228 5700 3238 5731 :
3268 5666 3325 5732 lii
3366 5684 3465 5730 isto
3502 5666 3614 5728 loco
3641 5684 3732 5723 non
3756 5666 3812 5718 est

2246 5770 2276 5805 a
2307 5769 2395 5805 me
2422 5755 2606 5820 pulvis
2631 5757 2875 5822 corporis
2901 5759 2999 5818 tui,
3031 5761 3135 5807 etc.
3167 5774 3194 5802 »
3225 5755 3407 5812 Oxon.

3979 5613 3985 5682 l
