4082 6194
236 316 342 379 994

1307 315 1509 380 LIBER
1548 322 1635 380 DE
1673 323 2005 380 MONTIBUS
2042 314 2194 379 SINA
2233 314 2318 379 ET
2356 320 2524 381 SION.

3504 329 3604 387 993

232 449 368 503 talis
418 448 623 503 dicitur
674 456 896 515 ἀνατολή,
949 448 1224 515 secunda,
1284 448 1666 517 occidentalis,
1717 446 2229 532 6001;,Aplebunt,
2279 448 2528 503 viventes
2573 449 2630 504 in
2681 454 2963 507 aeternum
3012 451 3070 507 in
3115 455 3321 509 szecula
3365 457 3605 511 saeculo-

233 543 405 597 tertia
450 543 633 609 stella,
676 542 974 614 aquilonis,
1003 552 1189 613 ἄρκτος,
1217 546 1423 613 quarta
1464 542 1643 609 stella,
1691 542 1864 595 meri-

231 636 425 703 diana,
470 635 677 691 dicitur
728 645 1016 709 μεσημϐρία.
1074 638 1151 690 Ex
1205 636 1529 691 nominibus
1578 637 1865 689 stellarum

232 746 481 785 numero
519 735 767 801 quatuor
813 730 884 784 de
923 730 1165 801 singulis
1206 730 1497 785 stellarum
1539 730 1867 784 nominibus

228 824 371 877 tolle
398 823 653 893 singulas
680 824 895 878 litteras
922 823 1289 894 principales,
1330 824 1400 877 de
1432 824 1597 877 stella
1626 823 1868 877 Anatole

230 932 285 982 α,
316 917 387 970 de
431 916 587 971 stella
632 917 786 987 Dysis
830 918 885 984 d,
930 916 999 970 de
1041 917 1203 970 stella
1249 919 1445 970 Arctos
1492 933 1545 983 (ι,
1594 916 1665 969 de
1707 916 1866 969 stella

229 1009 571 1063 Mesembria
602 1026 685 1073 m;
727 1010 785 1063 in
827 1010 914 1063 his
962 1016 1209 1080 quatuor
1249 1010 1449 1063 litteris
1486 1008 1867 1063 cardinalibus

227 1101 406 1155 habes
434 1118 641 1155 nomen
684 1103 865 1156 Adam
896 1104 1027 1173 (15).
1057 1104 1194 1157 Nam
1236 1108 1293 1157 et
1328 1104 1387 1156 in
1428 1118 1679 1156 numero
1708 1105 1865 1155 certo

228 1211 335 1265 per
407 1201 653 1265 quatuor
709 1196 925 1249 litteras
981 1197 1201 1250 Graecas
1262 1212 1472 1251 nomen
1530 1196 1867 1265 designatur

226 1294 376 1357 ἀδὰμ,
406 1289 505 1354 ita,
548 1314 579 1343 α
608 1297 711 1359 μία,
754 1289 807 1343 id
848 1296 931 1344 est
970 1307 1144 1343 unum
1189 1290 1301 1359 (16)
1344 1297 1370 1344 δ
1410 1296 1637 1359 τέσσαρα,
1683 1287 1735 1341 id
1784 1293 1868 1341 est

227 1384 492 1452 quatuor,
547 1407 578 1437 α
619 1390 724 1451 μία,
772 1383 830 1437 id
890 1389 974 1437 est
1034 1399 1254 1449 unum,
1309 1407 1343 1453 μ
1381 1389 1751 1453 τεσσαράκοντα,
1810 1381 1863 1435 id

226 1481 315 1529 est
364 1477 762 1546 quadraginta.
809 1477 934 1542 Fac,
981 1482 1036 1530 et
1075 1476 1331 1531 invenies
1374 1491 1679 1529 numerum
1727 1492 1861 1544 qua-

225 1570 641 1640 dragenarium
688 1570 1004 1624 senarium.
1039 1570 1135 1624 Hic
1181 1586 1452 1625 numerus
1490 1585 1611 1623 xuv
1654 1568 1866 1638 passio-

223 1680 360 1718 nem
394 1663 581 1717 carnis
608 1663 746 1717 Adae
790 1664 1073 1734 designat,
1112 1680 1288 1735 quam
1326 1678 1555 1716 carnem
1598 1663 1654 1715 in
1702 1679 1761 1716 se
1806 1662 1865 1714 li-

223 1757 491 1827 guralem
538 1757 651 1827 (17)
697 1756 953 1813 Christus
999 1757 1266 1827 portavit,
1318 1760 1374 1809 et
1420 1771 1546 1809 eam
1598 1755 1656 1808 in
1706 1755 1863 1825 ligno

1969 557 2117 593 rum.
2152 542 2219 593 Et
2240 540 2367 595 ideo
2394 543 2583 596 Enoch
2610 543 3018 615 interpretatur
3042 549 3352 603 innovatus.
3386 549 3602 603 Deinde

1966 634 2068 687 Job
2104 634 2312 703 justus,
2364 635 2459 705 qui
2498 640 2627 690 ante
2672 638 2822 691 diem
2861 639 3062 708 judicii
3098 642 3307 695 meruit
3349 644 3603 711 vocele-

1968 727 2105 780 dicis
2136 728 2376 796 laudari,
2412 734 2467 782 et
2509 729 2655 788 ideo.
2701 730 2926 785 diabolo
2967 732 3179 787 devicto
3217 739 3274 787 et
3318 742 3601 806 superato,

1965 819 2070 874 Job
2120 820 2533 891 interpretatur
2574 824 2920 878 charissimus
2962 828 3072 879 Dei.
3120 829 3294 897 ZEque
3335 834 3387 883 et
3424 829 3601 882 Abra-

1968 912 2098 966 ham
2162 913 2220 966 in
2277 930 2377 967 sua
2431 915 2723 969 nativitate
2781 933 2813 970 a
2866 918 3190 987 parentibus
3233 922 3344 974 suis
3390 923 3599 975 Abram

1966 1009 2197 1059 vocatus
2244 1014 2362 1074 est;
2414 1013 2659 1062 tentatus
2700 1026 2829 1064 vero
2872 1027 2904 1064 a
2946 1011 3079 1077 Deo,
3125 1013 3305 1067 fidelis
3340 1014 3606 1068 inventus

1967 1106 2069 1165 est,
2105 1105 2162 1153 et
2203 1116 2236 1153 a
2276 1101 2386 1153 Deo
2424 1101 2751 1155 benedictus
2793 1106 2958 1172 pater
3001 1106 3305 1160 multarum
3347 1107 3604 1176 gentium

1968 1192 2303 1246 constitutus
2342 1200 2446 1258 est,
2485 1198 2541 1248 et
2580 1195 2728 1261 ideo,
2759 1196 3063 1251 immutato
3100 1215 3133 1251 a
3170 1200 3286 1253 Deo
3338 1200 3596 1267 nomine,

1965 1285 2245 1339 Abraham
2278 1291 2502 1340 vocatus
2533 1292 2635 1353 est,
2682 1295 2734 1343 et
2768 1289 3184 1361 interpretatur
3204 1299 3364 1362 pater
3400 1295 3601 1348 multo-

1965 1395 2087 1433 rum
2118 1381 2461 1448 populorum.

2039 1474 2124 1526 Vl.
2155 1475 2289 1526 Ecce
2335 1474 2562 1527 interim
2602 1474 2671 1527 de
2717 1476 2910 1529 multis
2954 1477 3383 1547 probationibus
3426 1497 3603 1550 pauca

1965 1564 2233 1633 diximus,
2265 1570 2328 1619 ut
2354 1566 2421 1619 ad
2468 1567 2714 1621 duorum
2748 1570 3029 1623 montium
3074 1572 3371 1626 nominum
3406 1590 3602 1643 perve-

1967 1658 2207 1726 nientes,
2234 1658 2737 1729 interpretationes
2765 1679 2959 1716 eorum
2992 1664 3270 1719 montium
3298 1667 3601 1721 nominum

1967 1750 2298 1821 probemus,
2353 1753 2596 1823 qualiter
2654 1754 2954 1824 designata
3020 1764 3152 1811 sunt
3216 1758 3287 1812 ad
3349 1766 3601 1814 nostram

223 1850 550 1921 suspendit.
582 1851 718 1914 Quae
759 1867 891 1904 caro
926 1867 959 1905 a
989 1851 1103 1905 Deo
1129 1852 1297 1904 Patre
1337 1852 1466 1903 Jesu
1509 1848 1752 1902 vocitata
1782 1853 1863 1901 est
1890 1838 1941 1909 Β
1971 1844 2438 1914 instructionem;
2471 1853 2534 1901 ut
2559 1863 2621 1900 ex
2652 1847 2756 1901 hac
2779 1848 3251 1920 interpretatione
3283 1854 3603 1918 nominum,

223 1943 473 2014 Spiritus
503 1948 748 2009 sanctus,
781 1944 880 2015 qui
913 1946 983 1999 de
1026 1944 1163 1998 ccelo
1196 1942 1535 2009 descendit;
1584 1942 1868 2006 Christus,

224 2036 287 2091 id
340 2043 427 2091 est
470 2043 673 2091 unctus
712 2038 808 2091 Dei
840 2038 968 2103 vivi,
994 2055 1026 2091 a
1057 2039 1170 2091 Deo
1210 2042 1453 2090 vocatus
1489 2038 1604 2101 est;
1636 2035 1868 2105 spiritus

224 2130 389 2184 carni
445 2132 673 2198 mistus,
727 2133 887 2186 Jesus
938 2130 1212 2185 Christus.
1264 2130 1362 2183 Hic
1407 2145 1546 2199 ergo
1596 2145 1867 2182 numerus

224 2242 347 2280 xLVI
379 2226 488 2295 (18)
518 2226 842 2296 passionem
885 2225 1163 2292 declarat,
1195 2241 1262 2278 eo
1301 2223 1455 2294 quod
1499 2228 1658 2277 sexto
1690 2221 1868 2276 mille-

223 2320 373 2373 simo
422 2335 593 2385 anno,
638 2320 782 2373 hora
830 2322 984 2373 sexta
1039 2335 1260 2389 passus,
1314 2334 1347 2371 a
1396 2316 1638 2371 mortuis
1685 2332 1866 2369 resur-

224 2428 389 2483 gens,
441 2412 892 2483 quadragesima
946 2412 1040 2467 die
1095 2412 1152 2465 in
1209 2411 1383 2465 ccelos
1437 2409 1721 2475 ascendit,
1778 2408 1866 2461 vel

221 2506 361 2577 quia
391 2505 658 2560 Salomon
688 2506 1075 2577 quadraginta
1106 2522 1205 2559 sex
1242 2505 1405 2558 annis
1430 2503 1713 2573 templum
1750 2503 1866 2555 Deo

221 2599 609 2653 fabricaverit.
658 2601 721 2653 In
768 2600 929 2669 cujus
980 2599 1178 2669 templi
1223 2598 1662 2652 similitudinem
1706 2597 1865 2649 Jesus

221 2709 463 2747 carnem
492 2709 650 2747 suam
680 2710 801 2746 esse
824 2693 983 2760 dixit,
1016 2692 1209 2747 dicens
1231 2691 1527 2746 Pharisaais
1553 2707 1566 2743 :
1592 2692 1865 2744 Destruite

221 2790 427 2855 [unum
474 2788 623 2842 istud
669 2788 799 2855 (19),
837 2792 891 2841 et
929 2802 1021 2855 ego
1063 2790 1122 2841 in
1166 2786 1338 2840 tribus
1382 2786 1569 2839 diebus
1617 2785 1863 2838 excitabo

220 2882 389 2936 illud.
421 2884 488 2936 Et
516 2881 787 2935 Pharisaei
810 2881 1079 2935 dicebant
1110 2896 1123 2934 :
1152 2879 1540 2948 Quadraginta
1568 2894 1661 2931 sex
1688 2877 1863 2931 annis

224 2976 573 3031 rediticatum
604 2978 689 3029 est
716 2975 911 3029 fanum
942 2974 1114 3041 istud,
1156 2979 1213 3027 et
1246 2973 1339 3027 hic
1366 2971 1423 3026 in
1452 2971 1633 3025 tribus
1661 2970 1864 3024 diebus

225 3069 505 3124 excitabit
533 3068 716 3123 illud?
748 3068 976 3123 Dicebat
1002 3072 1195 3122 autem
1223 3068 1383 3122 Jesus
1412 3067 1610 3119 fanum
1639 3064 1707 3119 de
1739 3080 1859 3117 cor-

225 3180 367 3235 pore
402 3180 522 3217 suo.

302 3256 497 3329 913
528 3258 587 3311 V.
619 3256 832 3311 Deinde
871 3256 1033 3323 Abel,
1069 3255 1215 3310 filius
1264 3255 1415 3321 Adae,
1457 3268 1666 3306 nomen
1714 3267 1867 3304 acce-

226 3352 317 3425 pit
358 3350 719 3418 Hebraicum,
748 3350 1060 3421 designans
1097 3352 1296 3417 fratris
1334 3348 1766 3413 interfectionem
1813 3350 1869 3398 et

218 3450 521 3517 parentum
548 3446 768 3500 luctum.
818 3445 958 3498 ltem
1004 3443 1223 3505 Enoch,
1270 3441 1369 3513 qui
1414 3444 1547 3495 ante
1590 3438 1867 3493 diluvium

227 3542 350 3595 Deo
374 3540 565 3609 justus
608 3538 973 3608 complacuit,
1004 3543 1060 3591 et
1099 3537 1229 3591 ideo
1276 3534 1347 3589 de
1390 3534 1501 3588 isto
1548 3532 1764 3587 mundo
1807 3532 1866 3585 in

226 3635 423 3689 carnis
463 3649 579 3686 sua:
620 3630 913 3686 nativitate
956 3631 1115 3685 vivus
1157 3628 1467 3684 translatus
1513 3633 1598 3681 est
1639 3627 1696 3679 in
1743 3627 1866 3680 loco

223 3728 329 3785 ubi
382 3728 526 3782 Deus
577 3727 707 3794 scit;
765 3742 832 3780 ex
885 3742 998 3796 quo
1043 3724 1201 3790 loco,
1254 3723 1314 3777 in
1371 3719 1863 3777 consummatione

224 3821 456 3890 mundi,
480 3820 740 3875 innovari
784 3819 958 3873 habet
996 3820 1055 3873 in
1096 3818 1204 3872 hoc
1232 3816 1469 3883 mundo,
1502 3815 1659 3870 unde
1688 3812 1865 3867 etiam

224 3917 542 3974 translatus
586 3918 670 3969 est
719 3914 789 3968 ad
841 3913 1311 3968 confundendum
1363 3916 1420 3965 et
1460 3907 1866 3965 revincendum

222 4010 662 4067 Antichristum.
690 4012 734 4063 A
775 4024 888 4079 quo
934 4008 1218 4063 interfecti
1262 4003 1533 4077 martyris
1564 4018 1666 4057 sua
1706 4016 1861 4055 com-

1886 3200 1941 3275 C

1973 1938 2365 2008 intelligamus
2395 1945 2652 1993 montem
2687 1943 2819 1995 Sina
2848 1959 2967 1996 esse
2996 1947 3311 2011 terrenum,
3354 1950 3410 1999 et
3444 1963 3603 1999 monv

1968 2034 2084 2084 tem
2113 2031 2245 2085 Sion
2285 2049 2405 2085 esse
2434 2033 2740 2087 caelestem.
2775 2035 3118 2104 Spiritaliter
3158 2036 3599 2108 interpretatum

1969 2124 2120 2191 Sina,
2184 2129 2413 2197 teruatio
2474 2134 2679 2181 aeterna
2732 2134 2788 2181 et
2837 2129 3050 2198 odium;
3120 2134 3178 2184 et
3224 2148 3388 2185 mons
3443 2131 3601 2202 Sion,

1971 2222 2196 2271 tentatio
2237 2221 2661 2275 eaacerbationis
2706 2221 2814 2291 (20)
2858 2226 2914 2275 et
2953 2225 3266 2292 speculutio.
3318 2226 3392 2278 Ita
3438 2226 3604 2279 intel-

1968 2312 2163 2382 ligitur
2197 2328 2325 2366 cum
2371 2312 2579 2367 dicitur
2620 2330 2787 2368 mons
2827 2315 2982 2385 Sina,
3025 2318 3259 2371 tentatio
3294 2323 3502 2373 interna
3550 2322 3609 2373 et

1966 2406 2178 2470 odium,
2214 2422 2281 2459 eo
2317 2407 2465 2477 quod
2509 2423 2575 2460 ex
2620 2425 2687 2463 eo
2730 2413 2922 2462 monte
2964 2411 3179 2480 Moyses
3220 2412 3403 2481 legem
3439 2429 3602 2467 acce-~

1966 2499 2116 2569 perit
2167 2500 2374 2569 populo
2416 2500 2719 2556 durissimo
2769 2508 2825 2556 et
2874 2504 3221 2558 contumaci.
3275 2506 3381 2559 Per
3429 2523 3605 2577 quam

1965 2592 2151 2662 legem
2182 2594 2384 2647 tentati
2419 2610 2452 2647 a
2482 2594 2594 2649 Deo
2637 2598 2875 2663 aeterno,
2916 2596 3132 2651 inventi
3171 2602 3305 2652 sunt
3347 2598 3452 2670 (21)
3489 2617 3607 2654 non

1966 2702 2129 2755 posse
2198 2686 2464 2740 eamdem
2526 2688 2712 2758 legem
2772 2690 3049 2745 sustinere
3113 2691 3171 2745 in
3233 2698 3599 2763 perpetuum,

1968 2780 2172 2833 exinde
2202 2780 2315 2833 Deo
2360 2780 2419 2833 in
2467 2781 2661 2835 odium
2709 2783 2966 2838 conversi
3012 2788 3161 2837 sunt.
3214 2784 3347 2840 ldeo
3391 2786 3449 2840 in
3496 2803 3603 2840 no-

1964 2872 2118 2927 mine
2151 2874 2361 2927 mentis
2402 2874 2553 2940 Sina,
2585 2875 2740 2929 unde
2783 2876 2974 2946 legem
3016 2884 3371 2948 acceperant,
3418 2879 3603 2933 inter-

1964 2966 2208 3037 pretatio
2260 2968 2511 3021 nominis
2557 2968 2877 3038 designavit
2921 2972 3198 3041 populum
3244 2975 3530 3027 tentatum
3573 2992 3607 3028 a

1966 3060 2100 3126 Deo,
2146 3065 2202 3115 et
2241 3061 2299 3114 in
2343 3060 2542 3115 odium
2591 3066 2867 3117 aeternum
2909 3081 3029 3119 esse
3075 3081 3377 3121 conversos
3421 3083 3433 3121 :
3478 3066 3604 3123 ideo

1968 3153 2177 3207 dicitur
2224 3154 2354 3210 Sina
2398 3155 2632 3210 tentatio
2678 3160 2887 3211 zrterna
2927 3164 2983 3212 et
3024 3158 3238 3213 odium.
3278 3160 3609 3215 Invenimus

1968 3246 2123 3301 enim
2176 3248 2235 3301 in
2286 3248 2588 3318 Scripturis
2638 3266 2731 3304 eos
2782 3268 2902 3305 esse
2961 3268 2993 3305 a
3042 3253 3153 3307 Deo
3204 3256 3470 3308 tentatos.
3526 3257 3609 3309 Ita

1967 3340 2218 3410 positum
2250 3341 2477 3396 dicente
2506 3342 2746 3397 Domino
2777 3344 2847 3399 ad
2878 3344 3101 3416 Moysen
3133 3362 3146 3400 :
3172 3348 3348 3402 Exeat
3366 3348 3608 3418 populus

1970 3433 2095 3500 iste,
2128 3439 2185 3488 et
2221 3435 2451 3506 colligat
2496 3436 2602 3489 sibi
2639 3438 2908 3492 diurnum
2950 3439 3007 3493 in
3054 3439 3231 3509 diem,
3274 3445 3330 3495 et
3374 3442 3607 3497 tentabo

1970 3543 2069 3582 eos
2098 3544 2170 3582 an
2215 3529 2431 3599 possint
2470 3530 2653 3601 legem
2696 3548 2881 3586 meam
2930 3533 3210 3588 sustinere
3254 3551 3327 3589 an
3366 3551 3517 3603 non;
3553 3540 3608 3590 et

1968 3623 2171 3676 tentati
2212 3640 2243 3675 a
2292 3623 2406 3678 Deo
2450 3640 2554 3694 per
2592 3624 2800 3695 legem,
2831 3626 3048 3681 inventi
3093 3634 3225 3681 sunt
3259 3628 3330 3682 ab
3371 3646 3439 3683 ea
3478 3628 3607 3699 lege

1968 3716 2167 3771 alieni.
2216 3716 2427 3771 Exinde
2480 3719 2596 3772 Deo
2654 3718 2713 3772 in
2769 3720 2965 3774 odium
3024 3725 3305 3776 aeternum
3356 3726 3609 3777 conve:~.~i

1969 3814 2121 3877 sunt,
2153 3813 2207 3863 et
2249 3812 2533 3881 completa
2576 3818 2660 3865 est
2696 3812 3085 3883 interpretatio
3133 3814 3284 3870 Sina.
3314 3817 3610 3872 Manifesta

1966 3920 2099 3957 vero
2129 3908 2186 3957 et
2210 3907 2438 3975 Moysen
2470 3906 2603 3975 (22),
2633 3921 2733 3975 per
2763 3922 2935 3976 quem
2963 3924 3062 3961 eos
3090 3909 3235 3962 Deus
3266 3926 3369 3979 per
3402 3912 3610 3981 Legem

1966 3998 2225 4067 tentavit,
2272 3998 2330 4052 in
2379 3998 2572 4052 Latino
2618 3998 3029 4070 interpretatur
3084 4001 3349 4057 similiter
3395 4005 3607 4075 Moyses

1619 4110 1970 4174 Variorum
2000 4110 2193 4169 notae.

293 4246 390 4309 (l5)
454 4245 690 4306 Quatuor
765 4240 948 4292 litteris
1013 4240 1380 4293 cardinatibus
1444 4238 1603 4289 habes
1685 4248 1871 4285 nomen

225 4326 417 4375 Adam.
470 4324 715 4373 Nescivit
770 4322 1072 4373 cabbalista
1116 4326 1303 4373 noster
1350 4321 1407 4369 in
1456 4317 1684 4369 nomine
1737 4322 1870 4371 mu

225 4408 342 4454 tres
385 4407 601 4453 tantum
648 4403 871 4465 reperiri
906 4403 1133 4453 litteras.
1172 4401 1304 4460 Sed,
1335 4400 1381 4449 si
1427 4410 1705 4461 nugarum
1739 4396 1871 4444 ista-

228 4488 359 4524 rum
411 4475 585 4537 magis
642 4474 876 4523 idoneus
926 4479 1121 4524 auctor
1172 4476 1558 4537 exspectetur,
1616 4467 1872 4518 consulat

228 4547 411 4596 lector
448 4550 656 4594 tomum
701 4558 911 4594 nonum
955 4559 1183 4609 operum
1236 4545 1299 4593 D.
1348 4540 1662 4605 Augustini,
1714 4542 1868 4588 tract.

2035 4232 2135 4296 (20)
2189 4233 2252 4285 Et
2302 4247 2448 4283 mons
2498 4232 2625 4285 Sion
2677 4232 2897 4285 tentatio
2939 4234 3378 4289 exacerbationis.
3420 4232 3612 4290 Adde-

1970 4304 2105 4354 bant
2158 4306 2272 4361 alii.
2336 4308 2545 4355 aeternae
2564 4320 2583 4367 ;
2639 4319 2835 4357 verum
2883 4312 3034 4359 recte
3087 4309 3275 4359 omisit
3326 4310 3610 4361 Manutius

1971 4387 2099 4495 (lium
2172 4376 2469 4427 Cambron.
2545 4376 2690 4439 cod.,
2763 4378 2896 4441 quia
2965 4392 3131 4442 supra
3201 4394 3315 4431 non
3392 4382 3609 4447 legitur.

2017 4460 2191 4497 AMEL.

2035 4518 2133 4579 (21)
2166 4520 2368 4569 Inventi
2391 4525 2531 4569 sunt.
2564 4518 2648 4569 Ex
2675 4522 3001 4571 auctoritate
3024 4518 3274 4585 ejusdem
3300 4517 3423 4574 cod.
3453 4520 3613 4575 omisi

230 4618 314 4678 10,
373 4619 428 4665 in
480 4617 691 4679 Evang.
740 4617 923 4679 Joan.,
986 4590 1084 4667 ubi
1138 4616 1261 4666 haec
1316 4590 1500 4663 omnia
1552 4613 1867 4661 occurrunt.

1974 4590 2302 4651 particulam
2328 4596 2395 4650 et,
2420 4591 2777 4656 superﬂuam.
2811 4592 3025 4642 pAMEL.

2037 4663 2129 4683 IQJ\
2206 4661 2473 4683 11-...⁹Ι--ι..
2542 4676 2662 4683 -.-ηρ
2728 4668 2769 4683 ,ι
2840 4664 3025 4683 ll--.---

232 4689 427 4739 Oxon.

294 4762 397 4823 (18)
429 4761 487 4808 Id
516 4766 589 4811 est
614 4775 797 4821 unum,
829 4764 934 4812 etc.
964 4760 1108 4812 Tum
1144 4758 1275 4819 hoc,
1303 4762 1421 4806 tum
1456 4768 1583 4819 quia
1613 4766 1871 4831 sequun-t

231 4837 345 4893 tur,
380 4832 433 4880 id
462 4836 533 4881 est
563 4838 813 4896 quatuor,
849 4836 901 4882 et
934 4832 989 4881 id
1018 4834 1088 4879 est
1136 4844 1310 4891 unum,
1343 4833 1396 4877 et
1438 4838 1677 4885 rursum,
1710 4823 1765 4873 id
1801 4826 1871 4896 est

230 4893 625 4969 quadraginta,
685 4904 921 4966 ascripta
973 4905 1129 4952 erant
1177 4902 1233 4950 in
1295 4899 1416 4950 cod.
1457 4898 1750 4969 ms.7Dun.
1802 4893 1871 4969 ad

230 4967 749 5037 interpretationem
786 4974 1107 5025 Grazcarum
1152 4985 1374 5032 vocum,
1402 4971 1457 5019 in
1491 4968 1612 5019 aliis
1654 4980 1785 5015 mss.
1818 4967 1874 5013 et

230 5050 343 5096 vet.
400 5059 523 5095 exc.
581 5048 806 5096 omnino
861 5044 1334 5096 desiderabantur.
1388 5040 1474 5091 Ad
1528 5038 1872 5089 intellectum

228 5122 421 5167 tamen
450 5118 712 5180 majorem
740 5119 1056 5181 putavimus
1082 5115 1386 5165 retinenda.
1414 5114 1633 5162 PAMEL.

298 5190 403 5251 (l7)
452 5188 620 5249 Quam
664 5202 874 5239 carnem
908 5192 965 5238 in
1009 5202 1063 5238 se
1109 5185 1399 5250 ﬁguratam.
1430 5184 1577 5234 Sane
1624 5184 1679 5231 et
1714 5181 1873 5229 caute

229 5259 346 5311 hoc
396 5260 821 5323 intelligendum
879 5264 1027 5312 recte
1078 5259 1367 5309 annotavit
1411 5255 1707 5305 Manutius.
1756 5252 1873 5301 Pa—

231 5340 377 5383 HEL.

303 5405 403 5467 (l8)
436 5403 534 5453 Hic
566 5417 817 5455 numerus
864 5405 941 5455 46.
969 5404 1212 5468 Ligneus
1260 5401 1354 5451 hic
1398 5401 1726 5464 supputator
1768 5409 1872 5468 nu-

229 5487 455 5525 merum
488 5478 551 5527 46
575 5477 800 5528 conﬁcit
826 5490 896 5528 ex
930 5467 1162 5526 numero
1189 5474 1352 5537 6,000,
1384 5484 1617 5521 numero
1654 5470 1685 5519 6
1714 5471 1766 5519 et
1792 5467 1871 5517 40.

230 5547 461 5598 PAMEL.

298 5620 402 5681 (19)
461 5622 721 5671 Destrui'te
766 5621 953 5686 fanum
1006 5619 1161 5671 istud.
1217 5616 1453 5670 Gravius
1502 5614 1741 5678 phanum
1823 5612 1878 5661 et

229 5690 333 5744 hic
389 5696 445 5742 et
500 5692 586 5745 bis
647 5698 879 5759 postea:
926 5705 1121 5743 verum
1174 5689 1312 5742 illud
1370 5689 1690 5741 constanter
1740 5696 1871 5733 mss.

227 5778 450 5829 omnes,
479 5776 536 5820 et
579 5783 693 5821 non
740 5770 933 5826 Festus
974 5772 1165 5832 modo,
1196 5766 1293 5820 sed
1323 5769 1375 5817 et
1421 5765 1595 5814 Varro
1642 5760 1709 5811 de
1748 5761 1805 5811 L.
1836 5759 1877 5809 L

2035 4663 2131 4722 (22)
2194 4661 2478 4723 Manifesta
2540 4676 2664 4711 vero
2722 4668 2769 4712 et
2828 4664 3063 4725 Moysen,
3116 4669 3222 4715 etc.
3275 4662 3356 4715 Ad
3412 4660 3616 4730 Moysis

1971 4746 2197 4795 nomen,
2228 4734 2273 4781 si
2305 4748 2477 4782 sonus
2522 4738 2819 4797 spectetur,
2849 4735 3112 4784 accedere
3157 4736 3375 4787 videtur
3416 4739 3613 4798 Massa,

1972 4805 2121 4867 quod
2168 4805 2529 4854 tentationem
2586 4805 2828 4854 denotat.
2874 4804 3061 4856 Oxon.
3098 4832 3158 4843 -—-
3208 4804 3390 4857 Locus
3439 4821 3615 4872 usque

1974 4874 2112 4925 adeo
2164 4879 2476 4938 corruptus,
2514 4880 2579 4924 ut
2631 4875 2844 4925 mederi
2901 4890 2969 4925 ex
3023 4891 3153 4926 mss.
3204 4891 3316 4928 non
3375 4880 3611 4930 licuerit.

1972 4949 2057 4999 Ex
2113 4949 2227 4999 illis
2281 4950 2429 4999 enim
2489 4953 2729 5013 quatuor
2790 4952 3147 5000 consentiunt
3208 4966 3336 5002 cum
3396 4954 3617 5003 excusis

1972 5020 2241 5084 vulgatis,
2297 5022 2444 5070 sicut
2498 5022 2666 5070 etiam
2707 5024 2921 5072 veteres
2977 5024 3191 5085 excusi,
3245 5030 3615 5089 prasterquam

1974 5090 2123 5154 quod
2167 5091 2351 5154 legant
2389 5093 2611 5154 Moyses,
2653 5091 2937 5155 quomodo
2983 5097 3035 5142 et
3084 5093 3366 5144 Morellius
3422 5096 3613 5158 legens

1974 5165 2143 5213 etiam
2187 5161 2515 5223 Mam’festat,
2548 5162 2845 5213 Cambron.
2878 5165 3000 5213 cod.
3034 5179 3163 5215 vero
3205 5166 3370 5229 longe
3413 5167 3610 5217 aliter:

1975 5252 2001 5279 ‹‹
2049 5234 2334 5283 Manifesta
2388 5248 2518 5284 vero
2571 5235 2745 5297 Moysi
2799 5238 2852 5285 et
2903 5237 3125 5297 Aaroni,
3176 5250 3272 5301 per
3324 5252 3463 5302 quos
3519 5250 3616 5294 eos

1975 5306 2125 5356 Deus
2176 5318 2274 5367 per
2325 5304 2505 5369 legem
2554 5306 2803 5365 tentavit,
2848 5306 2904 5354 in
2962 5308 3156 5357 Latino
3204 5309 3611 5372 interpretatur.

1975 5375 2240 5426 Similiter
2296 5376 2351 5424 in
2433 5380 2620 5426 monte
2684 5378 2876 5426 tentati
2946 5392 2977 5427 a
3038 5379 3155 5428 Deo
3210 5380 3421 5429 inventi
3483 5384 3617 5428 sunt

1975 5448 2164 5509 alieni,
2209 5466 2237 5493 »
2281 5450 2386 5497 etc.
2433 5448 2705 5498 Fortassis
2755 5450 2830 5497 ita
2879 5450 3220 5514 legendum:
3268 5469 3295 5497 ‹‹
3345 5452 3413 5501 Et
3460 5466 3615 5502 com-

1975 5521 2121 5584 pleta
2178 5525 2262 5570 est
2320 5521 2697 5585 interpretatio
2756 5520 2919 5582 Sina,
2978 5523 3269 5573 manifesta
3329 5524 3504 5586 Moysi
3561 5527 3616 5573 et

1975 5592 2181 5642 Aaroni
2233 5606 2328 5656 per
2370 5606 2510 5656 quos
2556 5606 2651 5643 eos
2704 5593 2853 5643 Deus
2908 5606 3003 5657 per
3054 5595 3234 5657 legem
3283 5597 3536 5654 tentavit,
3586 5611 3614 5639 »

1978 5665 2197 5715 omissis
2260 5666 2477 5715 caeteris
2548 5665 2857 5727 omnibus;
2938 5666 3391 5731 quandoquidem
3462 5666 3615 5728 prius

1978 5734 2173 5786 eadem
2202 5735 2370 5786 verba
2414 5737 2523 5786 sint
2566 5736 2761 5802 posita,
2798 5739 2965 5803 atque
3004 5736 3142 5788 adeo
3190 5735 3282 5787 hic
3326 5734 3616 5789 videantur

228 5837 286 5889 ι).
318 5851 376 5895 v,
407 5806 459 5891 ei
489 5843 677 5895 Livius
711 5806 995 5899 ι’ἀθοῗιίι)
1049 5854 1107 5906 x,
1149 5808 1378 5894 arando
1438 5836 1657 5887 dictum
1683 5834 1867 5885 fanum

1981 5806 2281 5875 superﬂua.
2309 5807 2531 5861 Pansa.

234 5911 456 5967 volunt.
