4082 6194
507 281 608 340 99-3

1062 279 1148 333 AD
1183 275 1405 331 OPEBA
1463 274 1516 328 S.
1572 269 1886 329 CYPRIANI
1921 264 2222 326 GENUINA
2279 265 2560 324 APPEND.
2616 267 2682 322 ll.
2723 298 2791 308 -
2821 262 3294 325 SUPPOSITITIA.

3721 281 3806 337 996

508 415 736 470 tentatio
766 412 866 466 Dei
892 414 952 463 et
994 409 1257 471 inventio,
1298 403 1491 477 914
1532 419 1633 474 per
1674 418 1846 472 quem
1876 399 2078 454 tentati
2110 416 2143 452 α
2164 395 2514 482 Avidebunt
2538 397 2596 450 in
2625 400 2839 451 aeterna
2869 396 3059 469 915
3093 399 3300 452 saecula
3326 402 3636 459 sieculorum
3664 407 3811 481 impe-

511 511 626 562 Deo
666 503 881 559 inventi
912 507 1043 555 sunt
1085 501 1259 554 alieni
1299 516 1332 552 a
1369 498 1531 567 Legis
1571 495 1986 561 observatione,
2022 493 2149 547 ideo

510 603 569 654 in
615 605 900 652 reternum
953 595 1064 648 Deo
1124 594 1183 647 in
1254 593 1449 646 odium
1515 589 1769 643 conversi
1829 594 1978 641 sunt.
2038 590 2148 641 lloc

511 693 705 748 odium
735 692 791 744 in
833 691 956 759 ipso
989 704 1197 758 genere
1239 685 1567 739 Judmorum
1615 683 1888 752 scriptum
1927 680 2147 733 iuveni-

514 803 658 850 mus,
683 785 905 838 dicente
937 784 1086 834 lsaac
1109 779 1180 833 de
1203 778 1423 831 duobus
1443 776 1555 829 suis
1582 776 1728 840 ﬁliis,
1760 775 1902 827 Esau
1929 775 2148 843 majore

515 886 567 931 et
595 878 757 930 .lncub
788 877 1004 929 minore
1037 890 1049 926 :
1082 872 1242 926 Jacob
1269 871 1457 930 dilexi,
1493 871 1633 921 Esau
1664 874 1846 921 autem
1885 867 2006 920 odio
2047 867 2144 918 ha-

512 974 625 1026 bui.
685 973 828 1024 Esau
879 983 1013 1021 vero
1064 965 1251 1035 major
1299 964 1512 1034 pilosus
1567 962 1675 1013 fuit
1719 963 1888 1025 totus,
1941 959 2144 1029 inquit,

515 1065 677 1136 quasi
709 1063 929 1116 corium
959 1061 1226 1130 pilosum,
1269 1057 1326 1110 in
1368 1057 1548 1126 figura
1579 1053 1770 1124 populi
1803 1052 2054 1122 majoris,
2089 1052 2147 1105 in

509 1157 804 1228 impietate
850 1154 1179 1207 delictorum
1231 1166 1459 1203 suorum
1507 1147 1818 1200 constituti.
1868 1147 1934 1199 Et
1978 1144 2146 1200 Iacob

508 1251 615 1304 fuit
646 1249 788 1303 lenis
821 1252 875 1300 et
899 1247 1106 1306 minor,
1137 1246 1192 1297 in
1225 1245 1406 1313 figura
1447 1241 1637 1311 populi
1666 1238 2016 1306 novellioris,
2048 1237 2147 1308 qui

513 1362 578 1397 ex
616 1343 748 1396 dicti
793 1340 1083 1394 audientia
1117 1353 1215 1408 per
1246 1335 1597 1389 credulitatis
1638 1335 1805 1387 iidem
1843 1349 1908 1386 ex
1951 1348 2141 1403 aspre-

513 1438 646 1491 dine
679 1433 866 1489 sreculi
894 1434 951 1486 in
981 1431 1274 1485 lenitatem
1307 1445 1610 1483 conversus
1641 1431 1726 1481 est
1763 1427 1836 1480 ad
1859 1427 2144 1480 Christum

511 1531 694 1584 Deum
727 1533 783 1582 et
818 1526 910 1580 Dei
939 1526 1160 1580 Filium.

581 1624 690 1676 VII.
740 1623 879 1675 Ecce
933 1618 1300 1689 probavimus
1354 1633 1459 1688 per
1503 1615 1923 1686 Scripturarum
1971 1614 2140 1668 ﬁdem

504 1716 778 1788 populum
844 1713 1127 1782 majorem
1185 1717 1243 1763 et
1303 1708 1665 1763 vetustiorem
1733 1724 1852 1762 esse
1914 1708 2028 1761 Deo
2080 1707 2138 1760 in

2249 496 2492 544 ratorem
2535 491 2592 544 et
2628 507 2825 561 regem
2864 508 3053 546 suum.
3103 493 3309 546 Verum
3356 494 3412 548 in
3446 496 3558 565 ipsa
3595 504 3811 569 passione

2249 583 2507 652 pendens
2546 583 2603 636 in
2647 583 2821 654 ligno,
2863 585 3004 638 duas
3052 592 3244 655 partes
3287 589 3476 657 populi
3519 595 3812 662 prospiciens

2249 677 2649 745 speculabatur
2687 679 2754 731 de
2789 678 2901 731 alto
2942 678 3120 748 ligno.
3157 681 3289 734 Pars
3334 684 3534 751 populi,
3571 688 3661 755 qui
3695 691 3813 745 vide-

2248 777 2376 825 rant
2404 771 2640 824 virtutes
2669 771 2790 840 ejus
2829 771 3123 826 mirabiles
3167 779 3221 826 et
3264 774 3503 844 deiﬁcas,
3545 781 3812 848 patientem

2249 863 2408 917 illum
2455 863 2690 932 injurias
2729 864 2983 918 dolentes
3014 865 3316 935 plorabant
3354 883 3367 920 :
3411 870 3498 922 alii
3529 887 3645 926 vero
3669 877 3814 930 Judai

2248 957 2579 1025 irridentes,
2630 957 2699 1011 de
2760 957 3038 1012 arundine
3096 965 3266 1029 caput
3332 961 3452 1030 ejus
3507 967 3815 1032 quassabant,

2247 1050 2711 1120 blasphemantes
2758 1056 2814 1104 et
2848 1051 3103 1105 dicentes
3133 1070 3148 1106 :
3183 1074 3209 1102 «
3239 1058 3371 1120 Ave,
3403 1072 3494 1108 rex
3523 1058 3817 1129 indecorum,

2249 1143 2344 1196 ubi
2384 1147 2470 1196 est
2500 1149 2659 1213 pater
2680 1145 2853 1198 tuus?
2880 1144 3082 1199 Veniat
3108 1151 3164 1199 et
3202 1146 3404 1201 liberet
3437 1151 3486 1200 te
3525 1151 3590 1203 de
3615 1168 3766 1206 cruce.
3796 1176 3815 1200 η

2246 1236 2459 1290 Exinde
2489 1239 2857 1291 exacerbatus
2884 1239 3052 1292 Pater
3096 1239 3232 1294 fecit
3272 1241 3474 1295 coelum
3513 1244 3752 1313 patefieri,
3777 1253 3819 1300 et

2245 1330 2492 1384 tonitrua
2525 1331 2677 1384 facta
2705 1338 2862 1400 sunt,
2891 1337 2947 1386 et
2974 1333 3223 1387 tenebrae
3261 1335 3673 1405 insustinibiles;
3700 1343 3822 1394 terra

2245 1428 2550 1488 commota,
2623 1425 2905 1494 patefacta
2966 1430 3102 1479 sunt
3163 1427 3459 1497 sepulcra.
3523 1436 3575 1483 et
3631 1448 3821 1502 corpora

2244 1533 2347 1570 sua
2375 1517 2674 1586 ejecerunt
2705 1521 2834 1589 (25),
2867 1525 2924 1572 et
2962 1519 3112 1572 foras
3151 1536 3185 1572 a
3228 1537 3286 1573 se
3338 1521 3636 1591 miserunt;
3671 1526 3820 1578 velum

2244 1611 2440 1680 templi
2496 1611 2733 1664 scissum
2787 1615 2902 1680 est;
2966 1619 3024 1666 et
3072 1629 3103 1666 a
3154 1618 3314 1668 tanto
3363 1615 3584 1685 fragore
3631 1619 3738 1671 coeli
3781 1624 3824 1670 et

2245 1709 2410 1758 terra}
2461 1707 2641 1770 motu,
2676 1721 2876 1758 omnes
2920 1707 3019 1776 qui
3061 1707 3285 1761 stabant
3329 1715 3461 1763 ante
3503 1709 3725 1779 lignum,
3751 1713 3826 1766 alii

509 1809 702 1863 odium
775 1821 1154 1870 conversum,
1227 1803 1537 1857 secundum
1607 1771 2518 1871 interpretationemBdolentes,
2588 1799 2684 1852 alii
2735 1815 2870 1852 vero
2928 1799 3392 1870 blasphemantes
3449 1807 3504 1856 et
3552 1803 3822 1870 illudentes,

506 1901 715 1957 montis
769 1899 905 1954 Sina
957 1897 1211 1962 dicentis,
1256 1895 1490 1950 tentatio
1549 1901 1763 1949 aeterna
1819 1900 1874 1947 et
1923 1894 2138 1947 odium.

512 1997 689 2065 dique
721 1993 850 2048 Sion
899 1991 1109 2046 montis
1149 1991 1226 2043 ita
1273 1991 1686 2059 interpretatur
1727 1988 1967 2041 tentatio
2015 2004 2143 2040 exa-

509 2086 851 2142 cerbationis
889 2084 1000 2155 (23)
1039 2087 1095 2137 et
1134 2082 1467 2154 speculatio.
1517 2082 1642 2134 Hinc
1685 2097 1819 2134 vero
1840 2081 2144 2150 .interpre-

509 2181 652 2235 tatio
679 2180 874 2235 Latina
901 2178 1040 2247 ligni
1069 2177 1214 2230 sacri
1246 2175 1568 2246 passionem
1611 2174 1890 2244 designat,
1925 2174 2142 2228 dicente

504 2273 806 2329 Salomone
854 2272 925 2325 de
979 2271 1100 2340 ipsa
1144 2269 1408 2340 passione
1457 2267 1749 2321 Dominica
1791 2283 1803 2320 :
1856 2288 1882 2313 ‹‹
1931 2270 2139 2321 Contu-

504 2367 682 2422 melia
715 2369 770 2419 et
801 2369 1088 2418 tormento
1125 2363 1547 2430 interrogemus
1575 2361 1757 2425 illum,
1797 2365 1860 2413 ut
1899 2361 2142 2413 sciamus

509 2458 888 2515 reverentiam
930 2457 1079 2509 illius
1125 2461 1180 2508 et
1220 2455 1524 2524 probemus
1569 2453 1903 2524 patientiam
1943 2454 2139 2524 ipsius,

508 2557 565 2606 et
600 2556 892 2606 tentemus
925 2566 1053 2619 quae
1099 2555 1369 2602 eventura
1418 2553 1550 2600 sunt
1593 2547 1676 2600 illi
1714 2546 1844 2616 (24).
1887 2547 1940 2600 Si
1985 2549 2138 2600 enim

503 2663 633 2700 vere
680 2644 854 2700 Filius
913 2643 1007 2696 Dei
1067 2648 1169 2706 est,
1222 2640 1490 2711 suscipiet
1546 2640 1726 2707 illum,
1775 2646 1831 2692 et
1878 2640 2142 2694 liberabit

499 2755 632 2794 eum
678 2739 745 2792 de
777 2736 1043 2790 manibus
1084 2734 1541 2802 contrariorum;
1579 2737 1766 2786 morte
1813 2733 2141 2804 turpissima

498 2833 950 2887 condemnemus
983 2829 1166 2882 illum.
1219 2829 1343 2882 llzec
1390 2827 1787 2897 cogitaverunt
1824 2831 1881 2880 et
1921 2844 2144 2880 eri-ave.

497 2929 661 2994 runt;
721 2923 1026 2979 exczecavit
1087 2922 1213 2975 illos
1279 2921 1500 2975 malitia
1567 2921 1862 2990 ipsorum,
1916 2927 1972 2975 et
2024 2939 2134 2974 nou

495 3021 900 3074 intellexerunt
964 3021 1310 3070 sacramenta
1365 3015 1482 3069 Dei.
1548 3036 1575 3063 ››
1635 3017 1774 3068 Ecce
1829 3019 2140 3069 tentatores

496 3114 721 3168 Iudaeos
778 3129 790 3166 ε
852 3111 989 3165 item
1042 3111 1316 3180 scriptum
1368 3113 1452 3161 est
1501 3125 1513 3160 :

496 3209 678 3263 Deum
710 3206 768 3260 in
806 3207 928 3260 loco
971 3204 1262 3274 inaquoso.
1309 3224 1334 3250 ››
1370 3202 1674 3272 Speculum
1715 3220 1850 3258 vero
1881 3204 2130 3260 altitudi-

494 3317 628 3357 nem
681 3299 820 3370 ligni
863 3298 1129 3363 declarat,
1173 3296 1396 3350 dicente
1451 3296 1802 3352 Salomone:
1846 3321 1872 3347 ‹‹
1922 3301 2128 3352 Ροςυο-

493 3397 630 3450 runt
682 3410 772 3447 me
814 3393 964 3447 velut
1010 3390 1324 3444 custodiam
1372 3390 1633 3460 pomarii,
1681 3411 1707 3439 ››
1755 3409 1820 3445 eo
1864 3392 2016 3462 quod
2073 3394 2130 3447 in

495 3488 662 3542 horto
693 3485 747 3539 in
782 3485 938 3555 ligno
979 3483 1227 3538 conﬁxus
1257 3483 1406 3537 inter
1445 3483 1584 3537 duos
1624 3484 1878 3538 latrones
1911 3503 2126 3556 pepen-

493 3582 576 3636 dit
622 3597 635 3635 :
683 3583 740 3634 et
783 3579 853 3632 de
906 3578 1203 3632 altitudine
1254 3576 1396 3647 ligni
1457 3576 1655 3630 ambos
1700 3579 2026 3648 speculatur
2069 3579 2126 3633 in

490 3674 673 3744 ﬁgura
714 3674 958 3726 duorum
1009 3670 1352 3741 populorum
1402 3671 1874 3740 malefactorum;
1920 3673 2126 3727 Gentes

490 3769 550 3824 in
582 3767 773 3821 smculi
808 3767 955 3819 mala
999 3766 1138 3819 facta
1164 3765 1440 3835 jacentes,
1470 3769 1527 3818 et
1550 3765 1773 3819 Judteos
1801 3767 2121 3821 interfecto-

493 3879 580 3918 res
598 3861 1039 3932 prophetarum.
1083 3858 1144 3911 Hi
1177 3862 1310 3912 sunt
1335 3860 1444 3911 duo
1474 3859 1666 3929 populi
1700 3861 2119 3926 malefactores;

493 3973 739 4027 quorum
771 3956 1012 4024 ligurem
1044 3953 1099 4007 in
1131 3969 1187 4006 se
1217 3953 1530 4023 portabant
1561 3954 1674 4006 duo
1699 3955 1945 4008 latrones
1977 3955 2125 4010 inter

491 4068 634 4122 quos
666 4048 935 4120 pependit
972 4050 1263 4101 innocens.
1297 4048 1450 4101 Unus
1481 4047 1954 4117 blasphemabat;
1983 4050 2122 4104 alius

487 4161 619 4198 vero
642 4143 930 4198 confessus
957 4148 1042 4196 est
1081 4140 1213 4212 quia
1241 4141 1518 4194 innocens
1556 4140 1822 4211 injuriam
1867 4143 2117 4212 patieba-

489 4241 600 4292 tur.
629 4239 786 4291 Jesus
810 4240 1001 4289 autem
1028 4235 1222 4288 ambos
1260 4235 1664 4304 speculabatur
1691 4235 1762 4289 de
1803 4235 1960 4306 ligno
1988 4255 2116 4308 spe-

488 4329 789 4396 culatorio,
834 4329 1230 4399 blasphemum
1280 4331 1342 4381 et
1380 4327 1797 4398 confessorem;
1839 4332 2119 4385 confesso-

488 4440 606 4478 rem
658 4423 894 4478 salvavit
947 4426 1004 4477 et
1052 4421 1451 4493 blasphemum
1509 4421 1778 4492 perdidit,
1832 4424 1994 4478 sicuti
2047 4426 2115 4480 de

486 4517 710 4572 duobus
739 4517 958 4588 populis
990 4513 1144 4570 fecit.

559 4613 690 4670 VIII.
735 4613 1132 4665 Persecutores
1160 4609 1438 4677 derelicti,
1473 4611 1570 4681 qui
1610 4607 1666 4665 in
1708 4616 1934 4667 aeternae
1967 4630 2114 4667 mor-

484 4706 555 4760 tls
580 4704 858 4758 sententia
889 4703 995 4758 sibi
1030 4720 1144 4758 non
1185 4702 1557 4770 crediderint,
1597 4703 1642 4758 si
1686 4705 1763 4758 sic
1801 4705 1872 4760 de
1914 4708 2118 4762 saeculo

484 4798 749 4867 exierint,
783 4797 1027 4869 perient.
1075 4797 1284 4852 Gentes
1330 4813 1462 4852 vero
1508 4799 1576 4852 ad
1624 4817 1682 4854 se
1721 4816 2012 4855 converszn
2053 4803 2114 4856 ti-

481 4891 614 4948 dem
666 4890 774 4946 sibi
830 4891 1110 4948 habentes
1164 4890 1296 4964 quia
1346 4891 1515 4947 Filius
1573 4893 1671 4948 Dei
1733 4900 1836 4962 est,
1894 4896 2117 4950 salvatus

2243 1892 2508 1961 prostrati
2553 1892 2610 1946 in
2648 1892 2851 1946 faciem
2895 1893 3005 1963 (26)
3035 1895 3365 1963 jacuerunt,
3413 1903 3705 1952 trementes
3729 1902 3823 1952 L10-

2245 2001 2419 2055 quam
2449 1986 2678 2040 mortui.
2716 1987 2871 2040 Tunc
2907 1987 3088 2041 Judaei
3134 1988 3542 2043 intellexerunt
3581 2007 3636 2044 se
3677 1991 3824 2044 Offen-

2244 2078 2391 2132 disse
2441 2081 2640 2146 Deum,
2691 2083 2749 2132 et
2795 2081 2853 2132 in
2903 2081 3114 2134 luctum
3154 2083 3416 2136 conversi
3455 2088 3613 2150 sunt;
3656 2091 3703 2138 et
3745 2087 3824 2138 fuit

2243 2173 2618 2226 exacerbatio.
2653 2175 2727 2226 Eo
2773 2173 2925 2226 enim
2968 2180 3224 2244 tempore
3272 2191 3390 2245 quo
3437 2176 3494 2229 in
3534 2177 3679 2248 ligno
3718 2195 3822 2230 eun-

2243 2267 2387 2319 tixus
2432 2266 2722 2336 pependit,
2776 2267 2897 2320 dies
2939 2268 3172 2321 fuerunt
3217 2285 3568 2339 azymorum,
3610 2273 3697 2342 qui
3723 2276 3826 2325 sunt

2244 2360 2365 2414 dies
2412 2361 2540 2413 festi
2593 2360 2944 2414 Iudaeorum.
3003 2363 3081 2414 lio
3138 2363 3228 2416 die
3286 2367 3607 2417 metuentes
3652 2366 3826 2419 factum

2243 2471 2362 2508 esse
2410 2460 2575 2508 terrae
2623 2460 2864 2522 motum,
2905 2462 2962 2509 et
3003 2456 3124 2509 caeli
3165 2457 3480 2526 fragorem,
3523 2460 3759 2528 prostrati
3785 2459 3828 2512 in

2244 2548 2472 2612 faciem,
2523 2547 2579 2600 in
2636 2551 2787 2602 terra
2840 2549 3199 2619 plangentes,
3251 2552 3310 2604 in
3352 2552 3571 2605 luctum
3615 2553 3827 2606 εοιιτρι·›ἱ

2243 2645 2408 2708 sunt;
2438 2647 2495 2694 et
2521 2643 2578 2694 in
2624 2641 2741 2711 ipsa
2790 2659 2892 2695 sua
2933 2643 3188 2712 passione
3231 2645 3544 2715 complevit
3584 2646 3830 2717 pr0plieli-

2242 2750 2370 2786 cum
2398 2733 2610 2787 dictum
2645 2753 2657 2788 :
2694 2755 2719 2784 α
2749 2738 2815 2789 Et
2853 2743 3179 2790 convertam
3209 2737 3329 2790 dies
3370 2738 3546 2792 festos
3582 2755 3756 2792 eorum
3786 2740 3826 2791 in

2241 2827 2479 2892 luctum,
2515 2815 2596 2881 iet
2649 2829 2869 2882 cantica
2918 2845 3118 2883 eorum
3174 2830 3231 2883 in
3287 2831 3763 2887 lamentationem.
3802 2853 3825 2878 ιι

2240 2926 2384 2976 Ante
2419 2924 2592 2986 enim,
2629 2939 2758 2975 cum
2787 2923 2995 2993 captivi
3027 2923 3242 2978 detenti
3267 2931 3458 2979 essent
3485 2926 3540 2979 in
3571 2925 3825 2995 Babylone,

2241 3016 2504 3071 dicebant
2544 3017 2656 3070 illis
2703 3016 2990 3086 Babylonii
3025 3033 3037 3071 :
3079 3018 3308 3072 Cantute
3345 3021 3504 3074 nobis
3549 3023 3741 3075 cantica
3779 3021 3827 3072 «te

1575 3129 1597 3156 α
1657 3111 1720 3164 Et
1775 3111 2217 3208 tentaveruntc
2241 3115 2465 3168 canticis
2514 3112 2663 3166 Sion.
2715 3112 2785 3164 Et
2836 3113 3016 3165 Judaei
3063 3112 3446 3167 lamentantes
3491 3114 3825 3185 captivitatem

2239 3223 2396 3261 suam
2427 3206 2689 3260 dicebant
2722 3205 3060 3275 Babyloniis,
3089 3213 3151 3260 nt
3176 3206 3455 3274 diximus,
3489 3209 3826 3265 lamentantes

2232 3319 2292 3356 se
2327 3319 2338 3355 :
2371 3301 2640 3367 Quomodo
2681 3300 3019 3354 cantabimus
3059 3303 3326 3355 canticum
3362 3305 3585 3357 Domini
3618 3307 3672 3357 in
3713 3311 3825 3358 terra

2230 3396 2411 3450 aliena
2429 3398 2456 3448 ?

2301 3490 2385 3542 IX.
2441 3489 2575 3542 Ecce
2632 3491 2916 3558 quatenus
2972 3489 3253 3560 completa
3321 3494 3410 3544 est
3473 3491 3822 3563 interpretatio

2228 3582 2438 3636 montis
2475 3582 2627 3648 Sion,
2663 3582 2903 3636 tentatio
2946 3583 3398 3636 exacerbationis
3437 3592 3494 3640 et
3535 3585 3820 3656 speculatio.

2225 3676 2380 3731 Unde
2439 3675 2806 3729 manifestum
2862 3678 2948 3729 est
2999 3681 3252 3730 montem
3325 3677 3465 3732 Sion
3527 3679 3661 3750 ligni
3707 3677 3821 3732 sacri

2225 3787 2472 3841 regnum
2520 3785 2638 3823 esse
2699 3768 2755 3822 in
2820 3769 3119 3823 sanctitate
3166 3771 3583 3841 justilicatum,
3634 3773 3820 3826 dicente

2226 3863 2396 3918 David
2444 3881 2458 3918 :
2506 3865 2843 3919 Annuntiute
2891 3880 3113 3931 regnum
3158 3867 3259 3919 Dei
3303 3869 3362 3919 in
3415 3868 3674 3934 gentibus,
3715 3868 3820 3935 quia

2223 3961 2480 4015 Dominus
2504 3959 2753 4026 regnavit
2777 3975 2812 4010 α
2839 3959 3006 4024 ligno,
3037 3963 3088 4011 et
3117 3963 3374 4012 transivit
3405 3963 3460 4013 in
3489 3961 3735 4030 gentibus.
3761 3959 3818 4012 De

2222 4070 2337 4125 quo
2368 4069 2544 4123 regno
2583 4052 2723 4121 ligni
2774 4052 2978 4120 regalis
3015 4052 3164 4105 idem
3214 4054 3500 4124 prepbeta
3531 4055 3655 4108 dicit
3685 4072 3695 4108 :
3731 4055 3818 4118 Ego

2221 4154 2400 4203 autem
2430 4149 2755 4201 constitutus
2780 4161 2898 4199 sum
2924 4161 3021 4200 rem
3056 4146 3124 4199 ab
3161 4163 3218 4201 eo
3246 4162 3410 4216 super
3454 4151 3582 4205 Sion
3625 4154 3816 4203 montem

2217 4248 2464 4298 sanctum
2506 4241 2617 4310 ejus
2659 4242 2998 4294 annuntians
3038 4243 3323 4311 imperium
3360 4245 3495 4312 ejus.
3533 4243 3680 4306 Quod
3723 4241 3813 4294 dic-

2218 4341 2340 4391 tum
2403 4333 2796 4405 propheticum
2861 4350 2962 4404 per
3011 4334 3282 4389 Pontium
3337 4336 3591 4390 Pilatum
3641 4336 3693 4389 in
3739 4348 3814 4387 sua

2220 4430 2478 4501 passione
2543 4428 2795 4499 pendens
2872 4428 2926 4481 in
3002 4427 3156 4499 ligno
3222 4431 3552 4501 complevit.
3618 4429 3814 4484 Pontius

2137 4503 2452 4592 DPilatus,
2500 4522 2748 4593 impulsa
2799 4527 2990 4575 mente
3044 4523 3155 4592 (27)
3201 4541 3232 4576 a
3293 4523 3440 4590 Deo,
3495 4524 3703 4594 accepit
3749 4526 3812 4573 ta-

2219 4618 2435 4686 bulam,
2473 4620 2531 4670 et
2559 4617 2786 4670 titulum
2819 4617 3042 4686 scripsit
3073 4616 3252 4670 ll‘lbtlS
3292 4619 3526 4688 linguis,
3562 4617 3810 4678 llebraice,

2219 4712 2406 4767 Graece
2453 4715 2509 4766 et
2550 4711 2745 4765 Latine
2779 4726 2792 4763 :
2834 4713 2984 4765 Iesus
3013 4713 3327 4767 Nazarenus
3365 4728 3467 4766 rea:
3504 4713 3808 4772 Judzeorum;

2221 4813 2277 4862 et
2304 4807 2363 4860 in
2392 4805 2574 4877 capite
2601 4804 2744 4876 ligni
2778 4804 2948 4858 clavis
2985 4804 3240 4858 tabulam
3273 4821 3403 4859 cum
3434 4806 3664 4861 nomine
3688 4801 3810 4873 regis

2216 4902 2542 4958 Iudaeorum
2571 4898 2802 4954 conﬁxit
2831 4915 2844 4954 :
2878 4904 2936 4954 et
2964 4904 3098 4954 tunc
3126 4900 3514 4956 manifestavit
3551 4896 3804 4973 propheti-

1881 5053 2229 5126 Variorum
2258 5064 2449 5124 notas.

539 5173 638 5237 (23)
693 5169 921 5223 Teutatio
977 5167 1413 5222 exacerbationis.
1474 5171 1710 5226 Videtur
1769 5192 1908 5231 sono
1955 5184 2110 5234 vocis

477 5256 678 5317 deptus
703 5268 732 5302 a
754 5255 884 5307 me:
915 5252 1194 5302 derivasse
1224 5254 1459 5315 scriptor
1496 5252 1588 5304 hic
1625 5269 1791 5307 suum
1831 5260 2109 5326 interpre-

475 5336 801 5382 tamentum.
835 5333 1024 5383 Oxon.

538 5403 634 5465 (es)
656 5403 719 5451 Et
745 5407 993 5453 tentemus
1023 5416 1141 5467 qum
1167 5409 1412 5454 eventura
1442 5411 1566 5454 sunt
1593 5406 1692 5456 illi.
1723 5407 1930 5462 Iterum
1957 5413 2106 5464 istud

472 5487 542 5524 ex
569 5473 863 5524 Cambron.
907 5474 1032 5524 cod.
1071 5489 1169 5539 pro
1216 5490 1332 5539 quae
1358 5481 1586 5525 ventura
1627 5485 1786 5542 sunt;
1829 5488 1913 5532 est
1955 5485 2103 5534 enim

471 5546 666 5598 Graece
691 5545 836 5609 apud
868 5546 1036 5607 LXX,
1065 5564 1123 5594 τα
1163 5547 1208 5594 ἐν
1246 5548 1456 5596 ἐκϐασει.
1496 5548 1770 5602 Omittunt
1803 5568 1933 5605 vero
1968 5571 2099 5606 mss.

470 5617 726 5668 voculam
751 5623 814 5678 et,
845 5618 1010 5682 paulo
1036 5621 1175 5681 post.

534 5690 626 5752 (25)
665 5690 730 5738 Et
773 5703 1000 5751 corpora
1052 5703 1150 5738 sua
1195 5691 1450 5753 ejcrerunt
1492 5697 1540 5741 et
1587 5693 1732 5756 foras
1774 5711 1807 5745 α
1850 5713 1902 5746 se
1951 5701 2101 5749 mise-

467 5765 610 5809 runt.
670 5760 878 5810 Locum
931 5761 1189 5810 mutilum
1241 5763 1321 5812 sic
1376 5766 1759 5828 supplevimus
1806 5782 1874 5819 ex
1935 5772 2100 5822 Cam-

469 5829 624 5883 bron.
689 5835 743 5883 et
804 5830 1039 5884 Cauchii
1095 5832 1255 5884 codd.
1319 5834 1543 5902 Vulgati
1609 5837 1890 5892 habebant
1955 5842 2097 5895 dun-

2210 5186 2360 5234 taxat
2409 5199 2419 5232 :
2479 5187 2524 5232 et
2584 5193 2813 5244 corpora
2869 5195 2904 5230 a
2953 5181 3140 5244 seipse,
3196 5193 3293 5242 pro
3349 5191 3470 5250 quo
3529 5191 3638 5227 non
3689 5170 3806 5250 male

2211 5257 2418 5306 Manut.
2483 5268 2613 5305 cum
2669 5253 2793 5302 aliis
2851 5267 3006 5314 mss.,
3054 5256 3105 5300 et
3160 5264 3384 5314 corpora
3443 5249 3593 5312 foras
3645 5247 3804 5296 emisit.

2209 5328 2678 5462 Ρῒέῗὶῗιρνοειναιί
2728 5398 2778 5444 in
2817 5396 3022 5458 faciem.
3067 5394 3190 5446 Hoc
3239 5393 3418 5444 habeo
3472 5407 3540 5444 ex
3579 5387 3804 5441 omnibus

2205 5483 2333 5520 mss.
2369 5485 2464 5534 pro
2496 5470 2754 5532 prostrati
2786 5469 2843 5516 in
2873 5467 3024 5530 facie.
3055 5467 3276 5516 PAMEL.

2267 5530 2384 5604 (ξπ
2423 5530 2640 5591 Pontius
2683 5541 2891 5590 Pilatus
2947 5540 3177 5604 impulsa
3230 5543 3410 5588 mente.
3466 5537 3607 5588 Cum
3653 5530 3802 5604 codex

2204 5602 2497 5664 Remboldi
2545 5613 2881 5676 negligentia
2919 5602 3209 5675 Ope—rarum
3261 5610 3491 5660 haberet
3538 5602 3799 5676 impolluta,

2202 5699 2311 5734 non
2349 5685 2493 5734 male
2521 5671 2759 5748 reposuit
2787 5697 2855 5734 ex
2880 5671 3195 5746 conjectura
3221 5683 3501 5746 Erasmus,
3532 5677 3716 5744 infusa.
3742 5671 3799 5723 At

2201 5756 2339 5808 illud
2369 5757 2675 5821 genuinum
2701 5760 2799 5808 est.
2833 5756 3052 5808 PAMEL.
