  <div class='ocr_page' id='page_1' title='image "/cluster/home/n/w/nwhite01/storage/ocr_20150623/4/hvd.32044073549446/502.png"; bbox 0 0 4082 6194; ppageno 0'>
   <div class='ocr_carea' id='block_1_1' title="bbox 236 311 338 368">
    <p class='ocr_par' dir='ltr' id='par_1_1' title="bbox 236 311 338 368">
     <span class='ocr_line' id='line_1_1' title="bbox 236 311 338 368; baseline -0.039 -1"><span class='ocrx_word' id='word_1_1' title='bbox 236 311 338 368; x_wconf 75' lang='lat'><strong>997</strong></span> 
     </span>
    </p>
   </div>
   <div class='ocr_carea' id='block_1_2' title="bbox 1290 303 2510 364">
    <p class='ocr_par' dir='ltr' id='par_1_2' title="bbox 1290 303 2510 364">
     <span class='ocr_line' id='line_1_2' title="bbox 1290 303 2510 364; baseline -0.001 -2"><span class='ocrx_word' id='word_1_2' title='bbox 1290 304 1489 364; x_wconf 81' lang='lat' dir='ltr'><strong>LIBER</strong></span> <span class='ocrx_word' id='word_1_3' title='bbox 1526 305 1613 362; x_wconf 88' lang='lat' dir='ltr'><strong>DE</strong></span> <span class='ocrx_word' id='word_1_4' title='bbox 1647 306 1981 363; x_wconf 84' lang='lat' dir='ltr'><strong>MONTIBUS</strong></span> <span class='ocrx_word' id='word_1_5' title='bbox 2018 303 2172 361; x_wconf 79' lang='lat' dir='ltr'><strong>SINA</strong></span> <span class='ocrx_word' id='word_1_6' title='bbox 2214 306 2297 362; x_wconf 87' lang='lat' dir='ltr'><strong>ET</strong></span> <span class='ocrx_word' id='word_1_7' title='bbox 2344 307 2510 362; x_wconf 79' lang='lat' dir='ltr'><strong>SION.</strong></span> 
     </span>
    </p>
   </div>
   <div class='ocr_carea' id='block_1_3' title="bbox 3489 311 3590 369">
    <p class='ocr_par' dir='ltr' id='par_1_3' title="bbox 3489 311 3590 369">
     <span class='ocr_line' id='line_1_3' title="bbox 3489 311 3590 369; baseline 0.02 -2"><span class='ocrx_word' id='word_1_8' title='bbox 3489 311 3590 369; x_wconf 84' lang='lat'><strong>998</strong></span> 
     </span>
    </p>
   </div>
   <div class='ocr_carea' id='block_1_4' title="bbox 235 431 3594 515">
    <p class='ocr_par' dir='ltr' id='par_1_4' title="bbox 235 431 3594 515">
     <span class='ocr_line' id='line_1_4' title="bbox 235 431 3594 515; baseline 0.001 -25"><span class='ocrx_word' id='word_1_9' title='bbox 235 452 368 490; x_wconf 88' lang='lat' dir='ltr'><strong>cum</strong></span> <span class='ocrx_word' id='word_1_10' title='bbox 409 434 644 500; x_wconf 91' lang='lat' dir='ltr'><strong>dictum,</strong></span> <span class='ocrx_word' id='word_1_11' title='bbox 676 451 742 488; x_wconf 92' lang='lat' dir='ltr'><strong>eo</strong></span> <span class='ocrx_word' id='word_1_12' title='bbox 787 433 938 505; x_wconf 90' lang='lat' dir='ltr'><strong>quod</strong></span> <span class='ocrx_word' id='word_1_13' title='bbox 981 433 1308 504; x_wconf 79' lang='lat' dir='ltr'><strong>spiritaliter</strong></span> <span class='ocrx_word' id='word_1_14' title='bbox 1349 449 1512 486; x_wconf 88' lang='lat' dir='ltr'><strong>mons</strong></span> <span class='ocrx_word' id='word_1_15' title='bbox 1555 432 1684 487; x_wconf 88' lang='lat' dir='ltr'><strong>Sion</strong></span> <span class='ocrx_word' id='word_1_16' title='bbox 1726 448 1862 485; x_wconf 81' lang='lat' dir='ltr'><strong>crux</strong></span> <span class='ocrx_word' id='word_1_17' title='bbox 1887 431 2102 515; x_wconf 77' lang='lat' dir='ltr'><strong>Agali,</strong></span> <span class='ocrx_word' id='word_1_18' title='bbox 2153 435 2201 485; x_wconf 89' lang='lat' dir='ltr'><strong>et</strong></span> <span class='ocrx_word' id='word_1_19' title='bbox 2253 432 2473 486; x_wconf 63' lang='lat' dir='ltr'><strong>verbum</strong></span> <span class='ocrx_word' id='word_1_20' title='bbox 2524 435 2740 488; x_wconf 78' lang='lat' dir='ltr'><strong>Domini</strong></span> <span class='ocrx_word' id='word_1_21' title='bbox 2787 434 2855 488; x_wconf 88' lang='lat' dir='ltr'><strong>ab</strong></span> <span class='ocrx_word' id='word_1_22' title='bbox 2909 433 3272 505; x_wconf 76' lang='lat' dir='ltr'><strong>Hierusalem,</strong></span> <span class='ocrx_word' id='word_1_23' title='bbox 3330 453 3457 508; x_wconf 78' lang='lat' dir='ltr'><strong>qua:</strong></span> <span class='ocrx_word' id='word_1_24' title='bbox 3510 443 3594 492; x_wconf 89' lang='lat' dir='ltr'><strong>est</strong></span> 
     </span>
    </p>
   </div>
   <div class='ocr_carea' id='block_1_5' title="bbox 233 525 1864 599">
    <p class='ocr_par' dir='ltr' id='par_1_5' title="bbox 233 525 1864 599">
     <span class='ocr_line' id='line_1_5' title="bbox 233 525 1864 599; baseline -0.004 -15"><span class='ocrx_word' id='word_1_25' title='bbox 233 533 339 595; x_wconf 88' lang='lat' dir='ltr'><strong>est,</strong></span> <span class='ocrx_word' id='word_1_26' title='bbox 391 544 519 599; x_wconf 64' lang='lat' dir='ltr'><strong>quae</strong></span> <span class='ocrx_word' id='word_1_27' title='bbox 568 533 652 582; x_wconf 90' lang='lat' dir='ltr'><strong>est</strong></span> <span class='ocrx_word' id='word_1_28' title='bbox 693 527 871 580; x_wconf 88' lang='lat' dir='ltr'><strong>virtus</strong></span> <span class='ocrx_word' id='word_1_29' title='bbox 908 525 1028 580; x_wconf 90' lang='lat' dir='ltr'><strong>Dei.</strong></span> <span class='ocrx_word' id='word_1_30' title='bbox 1076 527 1340 596; x_wconf 81' lang='lat' dir='ltr'><strong>Apostolo</strong></span> <span class='ocrx_word' id='word_1_31' title='bbox 1395 525 1613 580; x_wconf 87' lang='lat' dir='ltr'><strong>dicente</strong></span> <span class='ocrx_word' id='word_1_32' title='bbox 1656 542 1668 578; x_wconf 74' lang='grc' dir='ltr'><strong>ε</strong></span> <span class='ocrx_word' id='word_1_33' title='bbox 1717 525 1864 579; x_wconf 71' lang='lat' dir='ltr'><strong>Orum</strong></span> 
     </span>
    </p>
   </div>
   <div class='ocr_carea' id='block_1_6' title="bbox 231 619 1859 682">
    <p class='ocr_par' dir='ltr' id='par_1_6' title="bbox 231 619 1859 682">
     <span class='ocr_line' id='line_1_6' title="bbox 231 619 1859 682; baseline -0.002 -6"><span class='ocrx_word' id='word_1_34' title='bbox 231 622 436 677; x_wconf 82' lang='lat' dir='ltr'><strong>Christi</strong></span> <span class='ocrx_word' id='word_1_35' title='bbox 459 637 563 676; x_wconf 87' lang='lat' dir='ltr'><strong>non</strong></span> <span class='ocrx_word' id='word_1_36' title='bbox 592 621 923 676; x_wconf 67' lang='lat' dir='ltr'><strong>credentibus</strong></span> <span class='ocrx_word' id='word_1_37' title='bbox 966 621 1202 674; x_wconf 79' lang='lat' dir='ltr'><strong>stultitia</strong></span> <span class='ocrx_word' id='word_1_38' title='bbox 1244 626 1341 682; x_wconf 88' lang='lat' dir='ltr'><strong>est,</strong></span> <span class='ocrx_word' id='word_1_39' title='bbox 1373 619 1712 674; x_wconf 72' lang='lat' dir='ltr'><strong>credentibus</strong></span> <span class='ocrx_word' id='word_1_40' title='bbox 1755 635 1859 672; x_wconf 86' lang='lat' dir='ltr'><strong>au-</strong></span> 
     </span>
    </p>
   </div>
   <div class='ocr_carea' id='block_1_7' title="bbox 233 711 1862 786">
    <p class='ocr_par' dir='ltr' id='par_1_7' title="bbox 233 711 1862 786">
     <span class='ocr_line' id='line_1_7' title="bbox 233 711 1862 786; baseline -0.002 -17"><span class='ocrx_word' id='word_1_41' title='bbox 233 722 338 770; x_wconf 87' lang='lat' dir='ltr'><strong>tem</strong></span> <span class='ocrx_word' id='word_1_42' title='bbox 365 731 499 770; x_wconf 81' lang='lat' dir='ltr'><strong>crua:</strong></span> <span class='ocrx_word' id='word_1_43' title='bbox 530 713 719 786; x_wconf 79' lang='grc'><strong>916</strong></span> <span class='ocrx_word' id='word_1_44' title='bbox 758 717 931 768; x_wconf 77' lang='lat' dir='ltr'><strong>virtus</strong></span> <span class='ocrx_word' id='word_1_45' title='bbox 957 719 1034 768; x_wconf 89' lang='lat' dir='ltr'><strong>est</strong></span> <span class='ocrx_word' id='word_1_46' title='bbox 1064 715 1191 780; x_wconf 91' lang='lat' dir='ltr'><strong>Dei;</strong></span> <span class='ocrx_word' id='word_1_47' title='bbox 1223 719 1277 767; x_wconf 89' lang='lat' dir='ltr'><strong>et</strong></span> <span class='ocrx_word' id='word_1_48' title='bbox 1302 713 1509 767; x_wconf 82' lang='lat' dir='ltr'><strong>iterum</strong></span> <span class='ocrx_word' id='word_1_49' title='bbox 1538 711 1673 766; x_wconf 80' lang='lat' dir='ltr'><strong>dicit</strong></span> <span class='ocrx_word' id='word_1_50' title='bbox 1700 729 1712 766; x_wconf 91' lang='lat'>:</span> <span class='ocrx_word' id='word_1_51' title='bbox 1755 716 1862 768; x_wconf 88' lang='lat' dir='ltr'><strong>Nos</strong></span> 
     </span>
    </p>
   </div>
   <div class='ocr_carea' id='block_1_8' title="bbox 234 806 1858 871">
    <p class='ocr_par' dir='ltr' id='par_1_8' title="bbox 234 806 1858 871">
     <span class='ocr_line' id='line_1_8' title="bbox 234 806 1858 871; baseline -0.002 -11"><span class='ocrx_word' id='word_1_52' title='bbox 234 815 422 862; x_wconf 86' lang='lat' dir='ltr'><strong>autem</strong></span> <span class='ocrx_word' id='word_1_53' title='bbox 468 810 862 862; x_wconf 85' lang='lat' dir='ltr'><strong>annuntiamus</strong></span> <span class='ocrx_word' id='word_1_54' title='bbox 903 808 1050 861; x_wconf 82' lang='lat' dir='ltr'><strong>vobis</strong></span> <span class='ocrx_word' id='word_1_55' title='bbox 1094 806 1382 871; x_wconf 81' lang='lat' dir='ltr'><strong>Christum,</strong></span> <span class='ocrx_word' id='word_1_56' title='bbox 1412 811 1463 860; x_wconf 85' lang='lat' dir='ltr'><strong>et</strong></span> <span class='ocrx_word' id='word_1_57' title='bbox 1508 808 1652 861; x_wconf 86' lang='lat' dir='ltr'><strong>hunc</strong></span> <span class='ocrx_word' id='word_1_58' title='bbox 1689 808 1858 859; x_wconf 79' lang='lat' dir='ltr'><strong>cruci-</strong></span> 
     </span>
    </p>
   </div>
   <div class='ocr_carea' id='block_1_9' title="bbox 227 900 1862 970">
    <p class='ocr_par' dir='ltr' id='par_1_9' title="bbox 227 900 1862 970">
     <span class='ocr_line' id='line_1_9' title="bbox 227 900 1862 970; baseline -0.002 -15"><span class='ocrx_word' id='word_1_59' title='bbox 227 905 443 970; x_wconf 70' lang='lat' dir='ltr'><strong>ﬁxum:</strong></span> <span class='ocrx_word' id='word_1_60' title='bbox 485 901 690 956; x_wconf 73' lang='lat' dir='ltr'><strong>Judteis</strong></span> <span class='ocrx_word' id='word_1_61' title='bbox 737 901 961 970; x_wconf 83' lang='lat' dir='ltr'><strong>quidem</strong></span> <span class='ocrx_word' id='word_1_62' title='bbox 1003 900 1339 961; x_wconf 86' lang='lat' dir='ltr'><strong>scandalum,</strong></span> <span class='ocrx_word' id='word_1_63' title='bbox 1390 900 1640 966; x_wconf 86' lang='lat' dir='ltr'><strong>gentibus</strong></span> <span class='ocrx_word' id='word_1_64' title='bbox 1684 904 1862 951; x_wconf 85' lang='lat' dir='ltr'><strong>autem</strong></span> 
     </span>
    </p>
   </div>
   <div class='ocr_carea' id='block_1_10' title="bbox 228 991 1864 1064">
    <p class='ocr_par' dir='ltr' id='par_1_10' title="bbox 228 991 1864 1064">
     <span class='ocr_line' id='line_1_10' title="bbox 228 991 1864 1064; baseline -0.003 -15"><span class='ocrx_word' id='word_1_65' title='bbox 228 997 526 1050; x_wconf 82' lang='lat' dir='ltr'><strong>stultitiam</strong></span> <span class='ocrx_word' id='word_1_66' title='bbox 549 1015 562 1047; x_wconf 92' lang='lat'><strong>:</strong></span> <span class='ocrx_word' id='word_1_67' title='bbox 591 997 722 1064; x_wconf 80' lang='lat' dir='ltr'><strong>ipsis</strong></span> <span class='ocrx_word' id='word_1_68' title='bbox 748 1000 927 1048; x_wconf 80' lang='lat' dir='ltr'><strong>autem</strong></span> <span class='ocrx_word' id='word_1_69' title='bbox 973 996 1174 1048; x_wconf 76' lang='lat' dir='ltr'><strong>vocatis</strong></span> <span class='ocrx_word' id='word_1_70' title='bbox 1219 993 1422 1047; x_wconf 66' lang='lat' dir='ltr'><strong>Judaei;</strong></span> <span class='ocrx_word' id='word_1_71' title='bbox 1444 997 1494 1047; x_wconf 90' lang='lat' dir='ltr'><strong>et</strong></span> <span class='ocrx_word' id='word_1_72' title='bbox 1520 991 1734 1050; x_wconf 63' lang='lat' dir='ltr'><strong>Graecis.</strong></span> <span class='ocrx_word' id='word_1_73' title='bbox 1767 994 1864 1045; x_wconf 87' lang='lat' dir='ltr'><strong>Dei</strong></span> 
     </span>
    </p>
   </div>
   <div class='ocr_carea' id='block_1_11' title="bbox 229 1085 1860 1157">
    <p class='ocr_par' dir='ltr' id='par_1_11' title="bbox 229 1085 1860 1157">
     <span class='ocr_line' id='line_1_11' title="bbox 229 1085 1860 1157; baseline -0.004 -15"><span class='ocrx_word' id='word_1_74' title='bbox 229 1091 489 1142; x_wconf 83' lang='lat' dir='ltr'><strong>virtutem</strong></span> <span class='ocrx_word' id='word_1_75' title='bbox 513 1094 560 1142; x_wconf 89' lang='lat' dir='ltr'><strong>et</strong></span> <span class='ocrx_word' id='word_1_76' title='bbox 603 1090 701 1142; x_wconf 86' lang='lat' dir='ltr'><strong>Dei</strong></span> <span class='ocrx_word' id='word_1_77' title='bbox 751 1090 1100 1157; x_wconf 83' lang='lat' dir='ltr'><strong>sapientiam.</strong></span> <span class='ocrx_word' id='word_1_78' title='bbox 1149 1087 1238 1141; x_wconf 93' lang='lat' dir='ltr'><strong>Sic</strong></span> <span class='ocrx_word' id='word_1_79' title='bbox 1279 1102 1410 1140; x_wconf 87' lang='lat' dir='ltr'><strong>vero</strong></span> <span class='ocrx_word' id='word_1_80' title='bbox 1443 1091 1499 1139; x_wconf 91' lang='lat' dir='ltr'><strong>et</strong></span> <span class='ocrx_word' id='word_1_81' title='bbox 1546 1085 1692 1139; x_wconf 90' lang='lat' dir='ltr'><strong>alius</strong></span> <span class='ocrx_word' id='word_1_82' title='bbox 1737 1101 1860 1154; x_wconf 82' lang='lat' dir='ltr'><strong>pro-</strong></span> 
     </span>
    </p>
   </div>
   <div class='ocr_carea' id='block_1_12' title="bbox 231 1178 1859 1252">
    <p class='ocr_par' dir='ltr' id='par_1_12' title="bbox 231 1178 1859 1252">
     <span class='ocr_line' id='line_1_12' title="bbox 231 1178 1859 1252; baseline -0.002 -18"><span class='ocrx_word' id='word_1_83' title='bbox 231 1182 407 1252; x_wconf 82' lang='lat' dir='ltr'><strong>pheta</strong></span> <span class='ocrx_word' id='word_1_84' title='bbox 462 1183 572 1251; x_wconf 78' lang='lat'><strong>(28)</strong></span> <span class='ocrx_word' id='word_1_85' title='bbox 631 1181 880 1234; x_wconf 81' lang='lat' dir='ltr'><strong>declarat</strong></span> <span class='ocrx_word' id='word_1_86' title='bbox 940 1181 1159 1250; x_wconf 91' lang='lat' dir='ltr'><strong>lignum</strong></span> <span class='ocrx_word' id='word_1_87' title='bbox 1217 1179 1495 1249; x_wconf 86' lang='lat' dir='ltr'><strong>passionis</strong></span> <span class='ocrx_word' id='word_1_88' title='bbox 1546 1178 1859 1232; x_wconf 69' lang='lat' dir='ltr'><strong>Dominicaa</strong></span> 
     </span>
    </p>
   </div>
   <div class='ocr_carea' id='block_1_13' title="bbox 233 1270 1854 1343">
    <p class='ocr_par' dir='ltr' id='par_1_13' title="bbox 233 1270 1854 1343">
     <span class='ocr_line' id='line_1_13' title="bbox 233 1270 1854 1343; baseline -0.002 -16"><span class='ocrx_word' id='word_1_89' title='bbox 233 1291 359 1328; x_wconf 90' lang='lat' dir='ltr'><strong>esse</strong></span> <span class='ocrx_word' id='word_1_90' title='bbox 390 1278 647 1328; x_wconf 79' lang='lat' dir='ltr'><strong>montem</strong></span> <span class='ocrx_word' id='word_1_91' title='bbox 686 1275 818 1328; x_wconf 86' lang='lat' dir='ltr'><strong>Sion</strong></span> <span class='ocrx_word' id='word_1_92' title='bbox 863 1278 1141 1338; x_wconf 89' lang='lat' dir='ltr'><strong>sanctum,</strong></span> <span class='ocrx_word' id='word_1_93' title='bbox 1173 1272 1231 1326; x_wconf 92' lang='lat' dir='ltr'><strong>in</strong></span> <span class='ocrx_word' id='word_1_94' title='bbox 1273 1271 1480 1343; x_wconf 87' lang='lat' dir='ltr'><strong>Spiritu</strong></span> <span class='ocrx_word' id='word_1_95' title='bbox 1513 1272 1594 1325; x_wconf 90' lang='lat' dir='ltr'><strong>ita</strong></span> <span class='ocrx_word' id='word_1_96' title='bbox 1622 1270 1813 1324; x_wconf 85' lang='lat' dir='ltr'><strong>dicens</strong></span> <span class='ocrx_word' id='word_1_97' title='bbox 1842 1287 1854 1324; x_wconf 92' lang='lat'>:</span> 
     </span>
    </p>
   </div>
   <div class='ocr_carea' id='block_1_14' title="bbox 229 1365 1860 1434">
    <p class='ocr_par' dir='ltr' id='par_1_14' title="bbox 229 1365 1860 1434">
     <span class='ocr_line' id='line_1_14' title="bbox 229 1365 1860 1434; baseline -0.003 -12"><span class='ocrx_word' id='word_1_98' title='bbox 229 1368 363 1433; x_wconf 83' lang='lat' dir='ltr'><strong>Quis</strong></span> <span class='ocrx_word' id='word_1_99' title='bbox 413 1369 662 1422; x_wconf 85' lang='lat' dir='ltr'><strong>ascendet</strong></span> <span class='ocrx_word' id='word_1_100' title='bbox 696 1370 754 1420; x_wconf 86' lang='lat' dir='ltr'><strong>in</strong></span> <span class='ocrx_word' id='word_1_101' title='bbox 793 1371 1018 1422; x_wconf 87' lang='lat' dir='ltr'><strong>montem</strong></span> <span class='ocrx_word' id='word_1_102' title='bbox 1067 1369 1293 1432; x_wconf 85' lang='lat' dir='ltr'><strong>Domini,</strong></span> <span class='ocrx_word' id='word_1_103' title='bbox 1327 1372 1426 1419; x_wconf 90' lang='lat' dir='ltr'><strong>aut</strong></span> <span class='ocrx_word' id='word_1_104' title='bbox 1466 1367 1587 1434; x_wconf 85' lang='lat' dir='ltr'><strong>quis</strong></span> <span class='ocrx_word' id='word_1_105' title='bbox 1612 1365 1780 1418; x_wconf 88' lang='lat' dir='ltr'><strong>stabit</strong></span> <span class='ocrx_word' id='word_1_106' title='bbox 1803 1367 1860 1418; x_wconf 87' lang='lat' dir='ltr'><strong>in</strong></span> 
     </span>
    </p>
   </div>
   <div class='ocr_carea' id='block_1_15' title="bbox 232 1458 1856 1530">
    <p class='ocr_par' dir='ltr' id='par_1_15' title="bbox 232 1458 1856 1530">
     <span class='ocr_line' id='line_1_15' title="bbox 232 1458 1856 1530; baseline -0.004 -14"><span class='ocrx_word' id='word_1_107' title='bbox 232 1463 350 1516; x_wconf 88' lang='lat' dir='ltr'><strong>loco</strong></span> <span class='ocrx_word' id='word_1_108' title='bbox 411 1468 597 1516; x_wconf 88' lang='lat' dir='ltr'><strong>sancto</strong></span> <span class='ocrx_word' id='word_1_109' title='bbox 645 1462 806 1530; x_wconf 86' lang='lat' dir='ltr'><strong>ejus?</strong></span> <span class='ocrx_word' id='word_1_110' title='bbox 858 1463 1112 1514; x_wconf 88' lang='lat' dir='ltr'><strong>Innocens</strong></span> <span class='ocrx_word' id='word_1_111' title='bbox 1160 1461 1448 1525; x_wconf 87' lang='lat' dir='ltr'><strong>manibus;</strong></span> <span class='ocrx_word' id='word_1_112' title='bbox 1486 1459 1712 1513; x_wconf 86' lang='lat' dir='ltr'><strong>dextera</strong></span> <span class='ocrx_word' id='word_1_113' title='bbox 1759 1458 1856 1510; x_wconf 83' lang='lat' dir='ltr'><strong>lae-</strong></span> 
     </span>
    </p>
   </div>
   <div class='ocr_carea' id='block_1_16' title="bbox 229 1553 1860 1626">
    <p class='ocr_par' dir='ltr' id='par_1_16' title="bbox 229 1553 1860 1626">
     <span class='ocr_line' id='line_1_16' title="bbox 229 1553 1860 1626; baseline -0.003 -18"><span class='ocrx_word' id='word_1_114' title='bbox 229 1571 420 1626; x_wconf 86' lang='lat' dir='ltr'><strong>vaque</strong></span> <span class='ocrx_word' id='word_1_115' title='bbox 477 1554 744 1621; x_wconf 83' lang='lat' dir='ltr'><strong>extensis,</strong></span> <span class='ocrx_word' id='word_1_116' title='bbox 797 1554 964 1608; x_wconf 82' lang='lat' dir='ltr'><strong>clavis</strong></span> <span class='ocrx_word' id='word_1_117' title='bbox 997 1553 1142 1620; x_wconf 83' lang='lat' dir='ltr'><strong>ﬁxis,</strong></span> <span class='ocrx_word' id='word_1_118' title='bbox 1190 1553 1575 1606; x_wconf 85' lang='lat' dir='ltr'><strong>innocentiam</strong></span> <span class='ocrx_word' id='word_1_119' title='bbox 1628 1553 1860 1606; x_wconf 88' lang='lat' dir='ltr'><strong>demon-</strong></span> 
     </span>
    </p>
   </div>
   <div class='ocr_carea' id='block_1_17' title="bbox 227 1646 1859 1703">
    <p class='ocr_par' dir='ltr' id='par_1_17' title="bbox 227 1646 1859 1703">
     <span class='ocr_line' id='line_1_17' title="bbox 227 1646 1859 1703; baseline -0.003 -1"><span class='ocrx_word' id='word_1_120' title='bbox 227 1655 433 1702; x_wconf 85' lang='lat' dir='ltr'><strong>strans.</strong></span> <span class='ocrx_word' id='word_1_121' title='bbox 489 1648 622 1703; x_wconf 88' lang='lat' dir='ltr'><strong>Ideo</strong></span> <span class='ocrx_word' id='word_1_122' title='bbox 691 1647 827 1702; x_wconf 87' lang='lat' dir='ltr'><strong>dicit</strong></span> <span class='ocrx_word' id='word_1_123' title='bbox 878 1663 892 1702; x_wconf 90' lang='lat'><strong>:</strong></span> <span class='ocrx_word' id='word_1_124' title='bbox 947 1650 1202 1702; x_wconf 87' lang='lat' dir='ltr'><strong>Innocens</strong></span> <span class='ocrx_word' id='word_1_125' title='bbox 1267 1647 1517 1701; x_wconf 87' lang='lat' dir='ltr'><strong>manibus</strong></span> <span class='ocrx_word' id='word_1_126' title='bbox 1563 1650 1614 1700; x_wconf 91' lang='lat' dir='ltr'><strong>et</strong></span> <span class='ocrx_word' id='word_1_127' title='bbox 1660 1646 1859 1698; x_wconf 85' lang='lat' dir='ltr'><strong>mundo</strong></span> 
     </span>
    </p>
   </div>
   <div class='ocr_carea' id='block_1_18' title="bbox 230 1741 1858 1812">
    <p class='ocr_par' dir='ltr' id='par_1_18' title="bbox 230 1741 1858 1812">
     <span class='ocr_line' id='line_1_18' title="bbox 230 1741 1858 1812; baseline -0.003 -16"><span class='ocrx_word' id='word_1_128' title='bbox 230 1743 414 1810; x_wconf 85' lang='lat' dir='ltr'><strong>corde,</strong></span> <span class='ocrx_word' id='word_1_129' title='bbox 443 1745 543 1812; x_wconf 87' lang='lat' dir='ltr'><strong>qui</strong></span> <span class='ocrx_word' id='word_1_130' title='bbox 566 1757 672 1797; x_wconf 89' lang='lat' dir='ltr'><strong>non</strong></span> <span class='ocrx_word' id='word_1_131' title='bbox 710 1745 915 1811; x_wconf 81' lang='lat' dir='ltr'><strong>accepit</strong></span> <span class='ocrx_word' id='word_1_132' title='bbox 938 1744 998 1794; x_wconf 89' lang='lat' dir='ltr'><strong>in</strong></span> <span class='ocrx_word' id='word_1_133' title='bbox 1027 1756 1167 1795; x_wconf 72' lang='lat' dir='ltr'><strong>vano</strong></span> <span class='ocrx_word' id='word_1_134' title='bbox 1195 1741 1437 1794; x_wconf 88' lang='lat' dir='ltr'><strong>animam</strong></span> <span class='ocrx_word' id='word_1_135' title='bbox 1464 1752 1638 1804; x_wconf 87' lang='lat' dir='ltr'><strong>suam,</strong></span> <span class='ocrx_word' id='word_1_136' title='bbox 1674 1745 1723 1792; x_wconf 91' lang='lat' dir='ltr'><strong>et</strong></span> <span class='ocrx_word' id='word_1_137' title='bbox 1754 1755 1858 1791; x_wconf 90' lang='lat' dir='ltr'><strong>non</strong></span> 
     </span>
    </p>
   </div>
   <div class='ocr_carea' id='block_1_19' title="bbox 1965 524 2234 581">
    <p class='ocr_par' dir='ltr' id='par_1_19' title="bbox 1965 524 2234 581">
     <span class='ocr_line' id='line_1_19' title="bbox 1965 524 2234 581; baseline 0.007 -3"><span class='ocrx_word' id='word_1_138' title='bbox 1965 524 2234 581; x_wconf 83' lang='lat' dir='ltr'><strong>Ecclesia.</strong></span> 
     </span>
    </p>
   </div>
   <div class='ocr_carea' id='block_1_20' title="bbox 2033 617 3587 688">
    <p class='ocr_par' dir='ltr' id='par_1_20' title="bbox 2033 617 3587 688">
     <span class='ocr_line' id='line_1_20' title="bbox 2033 617 3587 688; baseline 0.005 -16"><span class='ocrx_word' id='word_1_139' title='bbox 2033 620 2088 672; x_wconf 88' lang='lat' dir='ltr'><strong>X.</strong></span> <span class='ocrx_word' id='word_1_140' title='bbox 2119 621 2258 674; x_wconf 88' lang='lat' dir='ltr'><strong>Caro</strong></span> <span class='ocrx_word' id='word_1_141' title='bbox 2285 617 2441 688; x_wconf 82' lang='lat' dir='ltr'><strong>ligno</strong></span> <span class='ocrx_word' id='word_1_142' title='bbox 2473 618 2690 672; x_wconf 83' lang='lat' dir='ltr'><strong>conﬁxa</strong></span> <span class='ocrx_word' id='word_1_143' title='bbox 2728 620 2917 675; x_wconf 84' lang='lat' dir='ltr'><strong>emisit</strong></span> <span class='ocrx_word' id='word_1_144' title='bbox 2961 623 3197 677; x_wconf 82' lang='lat' dir='ltr'><strong>verbum</strong></span> <span class='ocrx_word' id='word_1_145' title='bbox 3235 625 3587 679; x_wconf 89' lang='lat' dir='ltr'><strong>Dominicum</strong></span> 
     </span>
    </p>
   </div>
   <div class='ocr_carea' id='block_1_21' title="bbox 1963 712 3586 788">
    <p class='ocr_par' dir='ltr' id='par_1_21' title="bbox 1963 712 3586 788">
     <span class='ocr_line' id='line_1_21' title="bbox 1963 712 3586 788; baseline 0.004 -23"><span class='ocrx_word' id='word_1_146' title='bbox 1963 712 2153 765; x_wconf 78' lang='lat' dir='ltr'><strong>dicens</strong></span> <span class='ocrx_word' id='word_1_147' title='bbox 2179 729 2191 765; x_wconf 93' lang='lat'>:</span> <span class='ocrx_word' id='word_1_148' title='bbox 2222 713 2362 776; x_wconf 86' lang='lat' dir='ltr'><strong>Heli,</strong></span> <span class='ocrx_word' id='word_1_149' title='bbox 2399 712 2554 768; x_wconf 83' lang='lat' dir='ltr'><strong>Heli!</strong></span> <span class='ocrx_word' id='word_1_150' title='bbox 2586 713 2654 765; x_wconf 88' lang='lat' dir='ltr'><strong>Et</strong></span> <span class='ocrx_word' id='word_1_151' title='bbox 2679 712 3059 784; x_wconf 75' lang='lat' dir='ltr'><strong>adimpletum</strong></span> <span class='ocrx_word' id='word_1_152' title='bbox 3086 721 3169 770; x_wconf 90' lang='lat' dir='ltr'><strong>est</strong></span> <span class='ocrx_word' id='word_1_153' title='bbox 3196 719 3586 788; x_wconf 88' lang='lat' dir='ltr'><strong>propheticum</strong></span> 
     </span>
    </p>
   </div>
   <div class='ocr_carea' id='block_1_22' title="bbox 1963 806 3589 876">
    <p class='ocr_par' dir='ltr' id='par_1_22' title="bbox 1963 806 3589 876">
     <span class='ocr_line' id='line_1_22' title="bbox 1963 806 3589 876; baseline 0.005 -18"><span class='ocrx_word' id='word_1_154' title='bbox 1963 806 2220 876; x_wconf 78' lang='lat' dir='ltr'><strong>Spiritale</strong></span> <span class='ocrx_word' id='word_1_155' title='bbox 2251 811 2384 859; x_wconf 83' lang='lat' dir='ltr'><strong>ante</strong></span> <span class='ocrx_word' id='word_1_156' title='bbox 2411 806 2621 858; x_wconf 90' lang='lat' dir='ltr'><strong>dictum</strong></span> <span class='ocrx_word' id='word_1_157' title='bbox 2654 846 2666 860; x_wconf 97' lang='lat'><strong>.</strong></span> <span class='ocrx_word' id='word_1_158' title='bbox 2703 809 2776 860; x_wconf 88' lang='lat' dir='ltr'><strong>De</strong></span> <span class='ocrx_word' id='word_1_159' title='bbox 2800 809 2928 863; x_wconf 86' lang='lat' dir='ltr'><strong>Sion</strong></span> <span class='ocrx_word' id='word_1_160' title='bbox 2966 811 3103 863; x_wconf 63' lang='lat' dir='ltr'><strong>exstet</strong></span> <span class='ocrx_word' id='word_1_161' title='bbox 3134 811 3236 876; x_wconf 73' lang='lat' dir='ltr'><strong>lem,</strong></span> <span class='ocrx_word' id='word_1_162' title='bbox 3280 816 3330 864; x_wconf 91' lang='lat' dir='ltr'><strong>et</strong></span> <span class='ocrx_word' id='word_1_163' title='bbox 3370 814 3589 866; x_wconf 69' lang='lat' dir='ltr'><strong>vw&#39;bum</strong></span> 
     </span>
    </p>
   </div>
   <div class='ocr_carea' id='block_1_23' title="bbox 1964 904 3586 976">
    <p class='ocr_par' dir='ltr' id='par_1_23' title="bbox 1964 904 3586 976">
     <span class='ocr_line' id='line_1_23' title="bbox 1964 904 3586 976; baseline 0.002 -19"><span class='ocrx_word' id='word_1_164' title='bbox 1964 907 2181 957; x_wconf 87' lang='lat' dir='ltr'><strong>Domini</strong></span> <span class='ocrx_word' id='word_1_165' title='bbox 2228 904 2294 956; x_wconf 83' lang='lat' dir='ltr'><strong>ab</strong></span> <span class='ocrx_word' id='word_1_166' title='bbox 2351 906 2702 965; x_wconf 78' lang='lat' dir='ltr'><strong>Hierusalem,</strong></span> <span class='ocrx_word' id='word_1_167' title='bbox 2764 905 3110 959; x_wconf 84' lang='lat' dir='ltr'><strong>Hierusalem</strong></span> <span class='ocrx_word' id='word_1_168' title='bbox 3167 907 3302 960; x_wconf 81' lang='lat' dir='ltr'><strong>dicit</strong></span> <span class='ocrx_word' id='word_1_169' title='bbox 3358 909 3462 976; x_wconf 86' lang='lat'><strong>(30)</strong></span> <span class='ocrx_word' id='word_1_170' title='bbox 3517 910 3586 962; x_wconf 82' lang='lat' dir='ltr'><strong>do</strong></span> 
     </span>
    </p>
   </div>
   <div class='ocr_carea' id='block_1_24' title="bbox 1962 997 3582 1070">
    <p class='ocr_par' dir='ltr' id='par_1_24' title="bbox 1962 997 3582 1070">
     <span class='ocr_line' id='line_1_24' title="bbox 1962 997 3582 1070; baseline 0.002 -20"><span class='ocrx_word' id='word_1_171' title='bbox 1962 997 2101 1051; x_wconf 72' lang='lat' dir='ltr'><strong>cmlo</strong></span> <span class='ocrx_word' id='word_1_172' title='bbox 2151 997 2613 1063; x_wconf 87' lang='lat' dir='ltr'><strong>descendentem,</strong></span> <span class='ocrx_word' id='word_1_173' title='bbox 2658 1014 2863 1052; x_wconf 87' lang='lat' dir='ltr'><strong>novam</strong></span> <span class='ocrx_word' id='word_1_174' title='bbox 2907 999 3214 1064; x_wconf 76' lang='lat' dir='ltr'><strong>civitatem,</strong></span> <span class='ocrx_word' id='word_1_175' title='bbox 3249 1001 3582 1070; x_wconf 82' lang='lat' dir='ltr'><strong>quadratam</strong></span> 
     </span>
    </p>
   </div>
   <div class='ocr_carea' id='block_1_25' title="bbox 1960 1089 3582 1162">
    <p class='ocr_par' dir='ltr' id='par_1_25' title="bbox 1960 1089 3582 1162">
     <span class='ocr_line' id='line_1_25' title="bbox 1960 1089 3582 1162; baseline 0.003 -20"><span class='ocrx_word' id='word_1_176' title='bbox 1960 1107 2066 1160; x_wconf 90' lang='lat' dir='ltr'><strong>per</strong></span> <span class='ocrx_word' id='word_1_177' title='bbox 2099 1096 2342 1160; x_wconf 88' lang='lat' dir='ltr'><strong>quatuor</strong></span> <span class='ocrx_word' id='word_1_178' title='bbox 2371 1089 2557 1161; x_wconf 77' lang='grc'><strong>917</strong></span> <span class='ocrx_word' id='word_1_179' title='bbox 2596 1091 2912 1162; x_wconf 75' lang='lat' dir='ltr'><strong>Evangelia,</strong></span> <span class='ocrx_word' id='word_1_180' title='bbox 2944 1093 3246 1147; x_wconf 81' lang='lat' dir='ltr'><strong>habentem</strong></span> <span class='ocrx_word' id='word_1_181' title='bbox 3288 1093 3582 1148; x_wconf 81' lang='lat' dir='ltr'><strong>duodecim</strong></span> 
     </span>
    </p>
   </div>
   <div class='ocr_carea' id='block_1_26' title="bbox 1961 1183 3584 1255">
    <p class='ocr_par' dir='ltr' id='par_1_26' title="bbox 1961 1183 3584 1255">
     <span class='ocr_line' id='line_1_26' title="bbox 1961 1183 3584 1255; baseline 0.002 -19"><span class='ocrx_word' id='word_1_182' title='bbox 1961 1183 2335 1237; x_wconf 80' lang='lat' dir='ltr'><strong>fundamenta</strong></span> <span class='ocrx_word' id='word_1_183' title='bbox 2399 1184 2704 1237; x_wconf 87' lang='lat' dir='ltr'><strong>duodecim</strong></span> <span class='ocrx_word' id='word_1_184' title='bbox 2783 1186 3223 1255; x_wconf 86' lang='lat' dir='ltr'><strong>prophetarum,</strong></span> <span class='ocrx_word' id='word_1_185' title='bbox 3287 1186 3584 1240; x_wconf 83' lang='lat' dir='ltr'><strong>duodecim</strong></span> 
     </span>
    </p>
   </div>
   <div class='ocr_carea' id='block_1_27' title="bbox 1961 1277 3586 1350">
    <p class='ocr_par' dir='ltr' id='par_1_27' title="bbox 1961 1277 3586 1350">
     <span class='ocr_line' id='line_1_27' title="bbox 1961 1277 3586 1350; baseline 0.001 -20"><span class='ocrx_word' id='word_1_186' title='bbox 1961 1281 2150 1348; x_wconf 79' lang='lat' dir='ltr'><strong>portas</strong></span> <span class='ocrx_word' id='word_1_187' title='bbox 2215 1277 2524 1333; x_wconf 87' lang='lat' dir='ltr'><strong>duodecim</strong></span> <span class='ocrx_word' id='word_1_188' title='bbox 2567 1279 2987 1346; x_wconf 83' lang='lat' dir='ltr'><strong>apostolorum;</strong></span> <span class='ocrx_word' id='word_1_189' title='bbox 3043 1295 3145 1348; x_wconf 85' lang='lat' dir='ltr'><strong>per</strong></span> <span class='ocrx_word' id='word_1_190' title='bbox 3194 1296 3438 1350; x_wconf 87' lang='lat' dir='ltr'><strong>quorum</strong></span> <span class='ocrx_word' id='word_1_191' title='bbox 3490 1297 3586 1332; x_wconf 87' lang='lat' dir='ltr'><strong>an-</strong></span> 
     </span>
    </p>
   </div>
   <div class='ocr_carea' id='block_1_28' title="bbox 1959 1369 3583 1426">
    <p class='ocr_par' dir='ltr' id='par_1_28' title="bbox 1959 1369 3583 1426">
     <span class='ocr_line' id='line_1_28' title="bbox 1959 1369 3583 1426; baseline 0.002 -3"><span class='ocrx_word' id='word_1_192' title='bbox 1959 1369 2381 1423; x_wconf 87' lang='lat' dir='ltr'><strong>nuutiationem</strong></span> <span class='ocrx_word' id='word_1_193' title='bbox 2434 1369 2738 1424; x_wconf 86' lang='lat' dir='ltr'><strong>Christiani</strong></span> <span class='ocrx_word' id='word_1_194' title='bbox 2797 1370 2850 1423; x_wconf 92' lang='lat' dir='ltr'><strong>in</strong></span> <span class='ocrx_word' id='word_1_195' title='bbox 2919 1371 3061 1424; x_wconf 87' lang='lat' dir='ltr'><strong>hanc</strong></span> <span class='ocrx_word' id='word_1_196' title='bbox 3089 1372 3368 1426; x_wconf 89' lang='lat' dir='ltr'><strong>civitatem</strong></span> <span class='ocrx_word' id='word_1_197' title='bbox 3426 1389 3583 1426; x_wconf 90' lang='lat' dir='ltr'><strong>sanc-</strong></span> 
     </span>
    </p>
   </div>
   <div class='ocr_carea' id='block_1_29' title="bbox 1959 1464 3588 1535">
    <p class='ocr_par' dir='ltr' id='par_1_29' title="bbox 1959 1464 3588 1535">
     <span class='ocr_line' id='line_1_29' title="bbox 1959 1464 3588 1535; baseline 0.003 -19"><span class='ocrx_word' id='word_1_198' title='bbox 1959 1468 2078 1517; x_wconf 87' lang='lat' dir='ltr'><strong>tam</strong></span> <span class='ocrx_word' id='word_1_199' title='bbox 2133 1469 2191 1517; x_wconf 89' lang='lat' dir='ltr'><strong>et</strong></span> <span class='ocrx_word' id='word_1_200' title='bbox 2266 1479 2474 1517; x_wconf 88' lang='lat' dir='ltr'><strong>novam</strong></span> <span class='ocrx_word' id='word_1_201' title='bbox 2535 1464 2912 1530; x_wconf 90' lang='lat' dir='ltr'><strong>introierunt,</strong></span> <span class='ocrx_word' id='word_1_202' title='bbox 2982 1482 3109 1535; x_wconf 68' lang='lat' dir='ltr'><strong>qua:</strong></span> <span class='ocrx_word' id='word_1_203' title='bbox 3167 1466 3431 1535; x_wconf 84' lang='lat' dir='ltr'><strong>spiritalis</strong></span> <span class='ocrx_word' id='word_1_204' title='bbox 3502 1472 3588 1522; x_wconf 86' lang='lat' dir='ltr'><strong>est</strong></span> 
     </span>
    </p>
   </div>
   <div class='ocr_carea' id='block_1_30' title="bbox 1958 1557 2224 1610">
    <p class='ocr_par' dir='ltr' id='par_1_30' title="bbox 1958 1557 2224 1610">
     <span class='ocr_line' id='line_1_30' title="bbox 1958 1557 2224 1610; baseline 0 -1"><span class='ocrx_word' id='word_1_205' title='bbox 1958 1557 2224 1610; x_wconf 88' lang='lat' dir='ltr'><strong>Ecclesia.</strong></span> 
     </span>
    </p>
   </div>
   <div class='ocr_carea' id='block_1_31' title="bbox 2030 1650 3582 1722">
    <p class='ocr_par' dir='ltr' id='par_1_31' title="bbox 2030 1650 3582 1722">
     <span class='ocr_line' id='line_1_31' title="bbox 2030 1650 3582 1722; baseline 0.003 -18"><span class='ocrx_word' id='word_1_206' title='bbox 2030 1652 2117 1704; x_wconf 77' lang='lat' dir='ltr'><strong>XI.</strong></span> <span class='ocrx_word' id='word_1_207' title='bbox 2151 1651 2290 1704; x_wconf 87' lang='lat' dir='ltr'><strong>Ecce</strong></span> <span class='ocrx_word' id='word_1_208' title='bbox 2333 1650 2697 1721; x_wconf 87' lang='lat' dir='ltr'><strong>probavimus</strong></span> <span class='ocrx_word' id='word_1_209' title='bbox 2722 1667 2824 1721; x_wconf 88' lang='lat' dir='ltr'><strong>per</strong></span> <span class='ocrx_word' id='word_1_210' title='bbox 2868 1650 3124 1705; x_wconf 90' lang='lat' dir='ltr'><strong>omnium</strong></span> <span class='ocrx_word' id='word_1_211' title='bbox 3166 1650 3582 1722; x_wconf 86' lang='lat' dir='ltr'><strong>Scripturarnm</strong></span> 
     </span>
    </p>
   </div>
   <div class='ocr_carea' id='block_1_32' title="bbox 1961 1744 3585 1814">
    <p class='ocr_par' dir='ltr' id='par_1_32' title="bbox 1961 1744 3585 1814">
     <span class='ocr_line' id='line_1_32' title="bbox 1961 1744 3585 1814; baseline 0.001 -17"><span class='ocrx_word' id='word_1_212' title='bbox 1961 1745 2288 1798; x_wconf 84' lang='lat' dir='ltr'><strong>dciticarum</strong></span> <span class='ocrx_word' id='word_1_213' title='bbox 2345 1745 2514 1798; x_wconf 85' lang='lat' dir='ltr'><strong>iidem</strong></span> <span class='ocrx_word' id='word_1_214' title='bbox 2569 1744 2714 1798; x_wconf 91' lang='lat' dir='ltr'><strong>duos</strong></span> <span class='ocrx_word' id='word_1_215' title='bbox 2771 1749 3014 1814; x_wconf 89' lang='lat' dir='ltr'><strong>montes,</strong></span> <span class='ocrx_word' id='word_1_216' title='bbox 3044 1745 3180 1799; x_wconf 87' lang='lat' dir='ltr'><strong>Sina</strong></span> <span class='ocrx_word' id='word_1_217' title='bbox 3234 1745 3293 1798; x_wconf 90' lang='lat' dir='ltr'><strong>in</strong></span> <span class='ocrx_word' id='word_1_218' title='bbox 3330 1752 3480 1800; x_wconf 91' lang='lat' dir='ltr'><strong>terra</strong></span> <span class='ocrx_word' id='word_1_219' title='bbox 3527 1752 3585 1800; x_wconf 91' lang='lat' dir='ltr'><strong>et</strong></span> 
     </span>
    </p>
   </div>
   <div class='ocr_carea' id='block_1_33' title="bbox 215 1810 3582 1909">
    <p class='ocr_par' dir='ltr' id='par_1_33' title="bbox 215 1810 3582 1909">
     <span class='ocr_line' id='line_1_33' title="bbox 215 1810 3582 1909; baseline 0.001 -19"><span class='ocrx_word' id='word_1_220' title='bbox 215 1810 698 1906; x_wconf 40' lang='lat' dir='ltr'><strong>jurauit&#39;subdole</strong></span> <span class='ocrx_word' id='word_1_221' title='bbox 726 1810 847 1904; x_wconf 16' lang='lat'><strong>(27),</strong></span> <span class='ocrx_word' id='word_1_222' title='bbox 870 1837 1118 1905; x_wconf 66' lang='lat' dir='ltr'><strong>proximo</strong></span> <span class='ocrx_word' id='word_1_223' title='bbox 1154 1849 1272 1900; x_wconf 91' lang='lat' dir='ltr'><strong>suo,</strong></span> <span class='ocrx_word' id='word_1_224' title='bbox 1318 1835 1404 1886; x_wconf 86' lang='lat' dir='ltr'><strong>hic</strong></span> <span class='ocrx_word' id='word_1_225' title='bbox 1439 1835 1666 1902; x_wconf 86' lang='lat' dir='ltr'><strong>accipiet</strong></span> <span class='ocrx_word' id='word_1_226' title='bbox 1712 1833 1858 1886; x_wconf 88' lang='lat' dir='ltr'><strong>bene-</strong></span> <span class='ocrx_word' id='word_1_227' title='bbox 1878 1810 1935 1880; x_wconf 82' lang='lat' dir='ltr'><strong>B</strong></span> <span class='ocrx_word' id='word_1_228' title='bbox 1959 1838 2092 1892; x_wconf 89' lang='lat' dir='ltr'><strong>Sion</strong></span> <span class='ocrx_word' id='word_1_229' title='bbox 2123 1838 2179 1891; x_wconf 90' lang='lat' dir='ltr'><strong>in</strong></span> <span class='ocrx_word' id='word_1_230' title='bbox 2211 1838 2372 1904; x_wconf 75' lang='lat' dir='ltr'><strong>coelo,</strong></span> <span class='ocrx_word' id='word_1_231' title='bbox 2402 1838 2644 1892; x_wconf 91' lang='lat' dir='ltr'><strong>duorum</strong></span> <span class='ocrx_word' id='word_1_232' title='bbox 2661 1810 3154 1892; x_wconf 85' lang='lat' dir='ltr'><strong>Testamentorum</strong></span> <span class='ocrx_word' id='word_1_233' title='bbox 3189 1844 3416 1908; x_wconf 88' lang='lat' dir='ltr'><strong>portare</strong></span> <span class='ocrx_word' id='word_1_234' title='bbox 3442 1841 3582 1909; x_wconf 78' lang='lat' dir='ltr'><strong>figu-</strong></span> 
     </span>
    </p>
   </div>
   <div class='ocr_carea' id='block_1_34' title="bbox 227 1927 1851 1992">
    <p class='ocr_par' dir='ltr' id='par_1_34' title="bbox 227 1927 1851 1992">
     <span class='ocr_line' id='line_1_34' title="bbox 227 1927 1851 1992; baseline -0.004 -8"><span class='ocrx_word' id='word_1_235' title='bbox 227 1931 517 1984; x_wconf 84' lang='lat' dir='ltr'><strong>dictionem</strong></span> <span class='ocrx_word' id='word_1_236' title='bbox 551 1946 586 1984; x_wconf 89' lang='lat' dir='ltr'><strong>a</strong></span> <span class='ocrx_word' id='word_1_237' title='bbox 618 1933 872 1992; x_wconf 85' lang='lat' dir='ltr'><strong>Domino,</strong></span> <span class='ocrx_word' id='word_1_238' title='bbox 923 1934 974 1983; x_wconf 86' lang='lat' dir='ltr'><strong>et</strong></span> <span class='ocrx_word' id='word_1_239' title='bbox 1023 1928 1442 1983; x_wconf 83' lang='lat' dir='ltr'><strong>misericordiam</strong></span> <span class='ocrx_word' id='word_1_240' title='bbox 1488 1943 1522 1980; x_wconf 92' lang='lat' dir='ltr'><strong>a</strong></span> <span class='ocrx_word' id='word_1_241' title='bbox 1561 1929 1665 1980; x_wconf 91' lang='lat' dir='ltr'><strong>Deo</strong></span> <span class='ocrx_word' id='word_1_242' title='bbox 1708 1927 1851 1979; x_wconf 81' lang='lat' dir='ltr'><strong>salu-</strong></span> 
     </span>
    </p>
   </div>
   <div class='ocr_carea' id='block_1_35' title="bbox 230 2020 1856 2093">
    <p class='ocr_par' dir='ltr' id='par_1_35' title="bbox 230 2020 1856 2093">
     <span class='ocr_line' id='line_1_35' title="bbox 230 2020 1856 2093; baseline -0.004 -15"><span class='ocrx_word' id='word_1_243' title='bbox 230 2026 345 2078; x_wconf 85' lang='lat' dir='ltr'><strong>tari</strong></span> <span class='ocrx_word' id='word_1_244' title='bbox 376 2039 490 2078; x_wconf 91' lang='lat' dir='ltr'><strong>suo.</strong></span> <span class='ocrx_word' id='word_1_245' title='bbox 529 2023 727 2078; x_wconf 89' lang='lat' dir='ltr'><strong>Omnis</strong></span> <span class='ocrx_word' id='word_1_246' title='bbox 773 2021 956 2093; x_wconf 89' lang='lat' dir='ltr'><strong>passio</strong></span> <span class='ocrx_word' id='word_1_247' title='bbox 992 2022 1294 2077; x_wconf 89' lang='lat' dir='ltr'><strong>hominum</strong></span> <span class='ocrx_word' id='word_1_248' title='bbox 1327 2020 1384 2074; x_wconf 92' lang='lat' dir='ltr'><strong>in</strong></span> <span class='ocrx_word' id='word_1_249' title='bbox 1429 2024 1637 2074; x_wconf 89' lang='lat' dir='ltr'><strong>terram</strong></span> <span class='ocrx_word' id='word_1_250' title='bbox 1675 2020 1856 2082; x_wconf 86' lang='lat' dir='ltr'><strong>cadet,</strong></span> 
     </span>
    </p>
   </div>
   <div class='ocr_carea' id='block_1_36' title="bbox 228 2114 1860 2187">
    <p class='ocr_par' dir='ltr' id='par_1_36' title="bbox 228 2114 1860 2187">
     <span class='ocr_line' id='line_1_36' title="bbox 228 2114 1860 2187; baseline -0.004 -15"><span class='ocrx_word' id='word_1_251' title='bbox 228 2118 352 2172; x_wconf 65' lang='lat' dir='ltr'><strong>haec</strong></span> <span class='ocrx_word' id='word_1_252' title='bbox 399 2118 517 2171; x_wconf 85' lang='lat' dir='ltr'><strong>sola</strong></span> <span class='ocrx_word' id='word_1_253' title='bbox 561 2117 744 2187; x_wconf 84' lang='lat' dir='ltr'><strong>passio</strong></span> <span class='ocrx_word' id='word_1_254' title='bbox 780 2117 960 2170; x_wconf 89' lang='lat' dir='ltr'><strong>crucis</strong></span> <span class='ocrx_word' id='word_1_255' title='bbox 1002 2119 1244 2170; x_wconf 83' lang='lat' dir='ltr'><strong>stantem</strong></span> <span class='ocrx_word' id='word_1_256' title='bbox 1284 2115 1675 2169; x_wconf 87' lang='lat' dir='ltr'><strong>demonstrat:</strong></span> <span class='ocrx_word' id='word_1_257' title='bbox 1710 2114 1860 2167; x_wconf 89' lang='lat' dir='ltr'><strong>unde</strong></span> 
     </span>
    </p>
   </div>
   <div class='ocr_carea' id='block_1_37' title="bbox 226 2208 1858 2278">
    <p class='ocr_par' dir='ltr' id='par_1_37' title="bbox 226 2208 1858 2278">
     <span class='ocr_line' id='line_1_37' title="bbox 226 2208 1858 2278; baseline -0.004 -13"><span class='ocrx_word' id='word_1_258' title='bbox 226 2226 431 2265; x_wconf 84' lang='lat' dir='ltr'><strong>verum</strong></span> <span class='ocrx_word' id='word_1_259' title='bbox 469 2210 712 2265; x_wconf 89' lang='lat' dir='ltr'><strong>dicimus</strong></span> <span class='ocrx_word' id='word_1_260' title='bbox 754 2214 1009 2264; x_wconf 84' lang='lat' dir='ltr'><strong>mentem</strong></span> <span class='ocrx_word' id='word_1_261' title='bbox 1047 2212 1304 2262; x_wconf 90' lang='lat' dir='ltr'><strong>sanctum</strong></span> <span class='ocrx_word' id='word_1_262' title='bbox 1335 2208 1555 2278; x_wconf 82' lang='lat' dir='ltr'><strong>lignum</strong></span> <span class='ocrx_word' id='word_1_263' title='bbox 1579 2223 1700 2261; x_wconf 89' lang='lat' dir='ltr'><strong>esse</strong></span> <span class='ocrx_word' id='word_1_264' title='bbox 1727 2225 1858 2278; x_wconf 87' lang='lat' dir='ltr'><strong>pas-</strong></span> 
     </span>
    </p>
   </div>
   <div class='ocr_carea' id='block_1_38' title="bbox 228 2301 1858 2360">
    <p class='ocr_par' dir='ltr' id='par_1_38' title="bbox 228 2301 1858 2360">
     <span class='ocr_line' id='line_1_38' title="bbox 228 2301 1858 2360; baseline -0.003 -2"><span class='ocrx_word' id='word_1_265' title='bbox 228 2306 430 2360; x_wconf 89' lang='lat' dir='ltr'><strong>sionis.</strong></span> <span class='ocrx_word' id='word_1_266' title='bbox 457 2304 592 2358; x_wconf 91' lang='lat' dir='ltr'><strong>Inde</strong></span> <span class='ocrx_word' id='word_1_267' title='bbox 619 2304 894 2358; x_wconf 89' lang='lat' dir='ltr'><strong>innocens</strong></span> <span class='ocrx_word' id='word_1_268' title='bbox 920 2303 1190 2357; x_wconf 86' lang='lat' dir='ltr'><strong>manibus</strong></span> <span class='ocrx_word' id='word_1_269' title='bbox 1217 2305 1276 2356; x_wconf 91' lang='lat' dir='ltr'><strong>et</strong></span> <span class='ocrx_word' id='word_1_270' title='bbox 1307 2301 1526 2355; x_wconf 89' lang='lat' dir='ltr'><strong>mundo</strong></span> <span class='ocrx_word' id='word_1_271' title='bbox 1556 2301 1724 2354; x_wconf 90' lang='lat' dir='ltr'><strong>corde</strong></span> <span class='ocrx_word' id='word_1_272' title='bbox 1747 2317 1858 2354; x_wconf 90' lang='lat' dir='ltr'><strong>non</strong></span> 
     </span>
    </p>
   </div>
   <div class='ocr_carea' id='block_1_39' title="bbox 225 2394 1858 2465">
    <p class='ocr_par' dir='ltr' id='par_1_39' title="bbox 225 2394 1858 2465">
     <span class='ocr_line' id='line_1_39' title="bbox 225 2394 1858 2465; baseline -0.004 -12"><span class='ocrx_word' id='word_1_273' title='bbox 225 2399 356 2454; x_wconf 88' lang='lat' dir='ltr'><strong>fuit.</strong></span> <span class='ocrx_word' id='word_1_274' title='bbox 403 2400 513 2453; x_wconf 82' lang='lat' dir='ltr'><strong>Nec</strong></span> <span class='ocrx_word' id='word_1_275' title='bbox 551 2398 706 2452; x_wconf 90' lang='lat' dir='ltr'><strong>enim</strong></span> <span class='ocrx_word' id='word_1_276' title='bbox 745 2397 992 2452; x_wconf 89' lang='lat' dir='ltr'><strong>mundus</strong></span> <span class='ocrx_word' id='word_1_277' title='bbox 1035 2396 1224 2461; x_wconf 90' lang='lat' dir='ltr'><strong>corde,</strong></span> <span class='ocrx_word' id='word_1_278' title='bbox 1258 2412 1324 2450; x_wconf 90' lang='lat' dir='ltr'><strong>eo</strong></span> <span class='ocrx_word' id='word_1_279' title='bbox 1357 2395 1508 2465; x_wconf 91' lang='lat' dir='ltr'><strong>quod</strong></span> <span class='ocrx_word' id='word_1_280' title='bbox 1534 2394 1858 2465; x_wconf 63' lang='lat' dir='ltr'><strong>Egyptiam</strong></span> 
     </span>
    </p>
   </div>
   <div class='ocr_carea' id='block_1_40' title="bbox 229 2488 1856 2562">
    <p class='ocr_par' dir='ltr' id='par_1_40' title="bbox 229 2488 1856 2562">
     <span class='ocr_line' id='line_1_40' title="bbox 229 2488 1856 2562; baseline -0.004 -15"><span class='ocrx_word' id='word_1_281' title='bbox 229 2492 388 2547; x_wconf 88' lang='lat' dir='ltr'><strong>calce</strong></span> <span class='ocrx_word' id='word_1_282' title='bbox 419 2491 754 2562; x_wconf 88' lang='lat' dir='ltr'><strong>percusserit</strong></span> <span class='ocrx_word' id='word_1_283' title='bbox 789 2493 846 2544; x_wconf 89' lang='lat' dir='ltr'><strong>in</strong></span> <span class='ocrx_word' id='word_1_284' title='bbox 883 2492 1144 2561; x_wconf 71' lang='lat' dir='ltr'><strong>IEgypto,</strong></span> <span class='ocrx_word' id='word_1_285' title='bbox 1174 2491 1230 2542; x_wconf 89' lang='lat' dir='ltr'><strong>et</strong></span> <span class='ocrx_word' id='word_1_286' title='bbox 1254 2488 1680 2542; x_wconf 82' lang='lat' dir='ltr'><strong>mortiﬁcaverit</strong></span> <span class='ocrx_word' id='word_1_287' title='bbox 1705 2503 1856 2554; x_wconf 85' lang='lat' dir='ltr'><strong>eum,</strong></span> 
     </span>
    </p>
   </div>
   <div class='ocr_carea' id='block_1_41' title="bbox 226 2580 1860 2650">
    <p class='ocr_par' dir='ltr' id='par_1_41' title="bbox 226 2580 1860 2650">
     <span class='ocr_line' id='line_1_41' title="bbox 226 2580 1860 2650; baseline -0.005 -9"><span class='ocrx_word' id='word_1_288' title='bbox 226 2592 284 2641; x_wconf 84' lang='lat' dir='ltr'><strong>et</strong></span> <span class='ocrx_word' id='word_1_289' title='bbox 314 2585 582 2640; x_wconf 88' lang='lat' dir='ltr'><strong>manibus</strong></span> <span class='ocrx_word' id='word_1_290' title='bbox 620 2584 734 2638; x_wconf 87' lang='lat' dir='ltr'><strong>suis</strong></span> <span class='ocrx_word' id='word_1_291' title='bbox 757 2601 888 2638; x_wconf 90' lang='lat' dir='ltr'><strong>eum</strong></span> <span class='ocrx_word' id='word_1_292' title='bbox 933 2584 993 2637; x_wconf 92' lang='lat' dir='ltr'><strong>in</strong></span> <span class='ocrx_word' id='word_1_293' title='bbox 1032 2599 1216 2637; x_wconf 86' lang='lat' dir='ltr'><strong>arena</strong></span> <span class='ocrx_word' id='word_1_294' title='bbox 1267 2582 1524 2636; x_wconf 88' lang='lat' dir='ltr'><strong>obruerit</strong></span> <span class='ocrx_word' id='word_1_295' title='bbox 1557 2599 1572 2650; x_wconf 87' lang='lat'><strong>;</strong></span> <span class='ocrx_word' id='word_1_296' title='bbox 1607 2580 1860 2637; x_wconf 85' lang='lat' dir='ltr'><strong>Christus</strong></span> 
     </span>
    </p>
   </div>
   <div class='ocr_carea' id='block_1_42' title="bbox 225 2675 1857 2747">
    <p class='ocr_par' dir='ltr' id='par_1_42' title="bbox 225 2675 1857 2747">
     <span class='ocr_line' id='line_1_42' title="bbox 225 2675 1857 2747; baseline -0.004 -13"><span class='ocrx_word' id='word_1_297' title='bbox 225 2685 425 2734; x_wconf 86' lang='lat' dir='ltr'><strong>autem</strong></span> <span class='ocrx_word' id='word_1_298' title='bbox 455 2679 514 2732; x_wconf 91' lang='lat' dir='ltr'><strong>in</strong></span> <span class='ocrx_word' id='word_1_299' title='bbox 545 2685 803 2733; x_wconf 89' lang='lat' dir='ltr'><strong>montem</strong></span> <span class='ocrx_word' id='word_1_300' title='bbox 835 2681 1094 2731; x_wconf 88' lang='lat' dir='ltr'><strong>sanctum</strong></span> <span class='ocrx_word' id='word_1_301' title='bbox 1140 2676 1396 2730; x_wconf 89' lang='lat' dir='ltr'><strong>ascendit</strong></span> <span class='ocrx_word' id='word_1_302' title='bbox 1429 2676 1652 2747; x_wconf 92' lang='lat' dir='ltr'><strong>lignum</strong></span> <span class='ocrx_word' id='word_1_303' title='bbox 1696 2675 1857 2746; x_wconf 87' lang='lat' dir='ltr'><strong>regni</strong></span> 
     </span>
    </p>
   </div>
   <div class='ocr_carea' id='block_1_43' title="bbox 227 2769 1858 2841">
    <p class='ocr_par' dir='ltr' id='par_1_43' title="bbox 227 2769 1858 2841">
     <span class='ocr_line' id='line_1_43' title="bbox 227 2769 1858 2841; baseline -0.002 -14"><span class='ocrx_word' id='word_1_304' title='bbox 227 2773 338 2840; x_wconf 85' lang='lat' dir='ltr'><strong>sui,</strong></span> <span class='ocrx_word' id='word_1_305' title='bbox 371 2776 438 2826; x_wconf 91' lang='lat' dir='ltr'><strong>ut</strong></span> <span class='ocrx_word' id='word_1_306' title='bbox 466 2779 786 2827; x_wconf 90' lang='lat' dir='ltr'><strong>moreretur</strong></span> <span class='ocrx_word' id='word_1_307' title='bbox 806 2789 834 2825; x_wconf 89' lang='lat' dir='ltr'><strong>a</strong></span> <span class='ocrx_word' id='word_1_308' title='bbox 854 2771 1082 2838; x_wconf 63' lang='lat' dir='ltr'><strong>Judasis,</strong></span> <span class='ocrx_word' id='word_1_309' title='bbox 1111 2786 1439 2841; x_wconf 86' lang='lat' dir='ltr'><strong>quanquam</strong></span> <span class='ocrx_word' id='word_1_310' title='bbox 1469 2770 1586 2840; x_wconf 91' lang='lat' dir='ltr'><strong>ipse</strong></span> <span class='ocrx_word' id='word_1_311' title='bbox 1608 2769 1858 2841; x_wconf 88' lang='lat' dir='ltr'><strong>aliquem</strong></span> 
     </span>
    </p>
   </div>
   <div class='ocr_carea' id='block_1_44' title="bbox 225 2863 1859 2931">
    <p class='ocr_par' dir='ltr' id='par_1_44' title="bbox 225 2863 1859 2931">
     <span class='ocr_line' id='line_1_44' title="bbox 225 2863 1859 2931; baseline -0.002 -10"><span class='ocrx_word' id='word_1_312' title='bbox 225 2868 534 2922; x_wconf 90' lang='lat' dir='ltr'><strong>hominum</strong></span> <span class='ocrx_word' id='word_1_313' title='bbox 575 2882 688 2920; x_wconf 90' lang='lat' dir='ltr'><strong>non</strong></span> <span class='ocrx_word' id='word_1_314' title='bbox 723 2864 1168 2931; x_wconf 86' lang='lat' dir='ltr'><strong>mortificaverit,</strong></span> <span class='ocrx_word' id='word_1_315' title='bbox 1199 2863 1304 2918; x_wconf 91' lang='lat' dir='ltr'><strong>nisi</strong></span> <span class='ocrx_word' id='word_1_316' title='bbox 1343 2864 1525 2918; x_wconf 89' lang='lat' dir='ltr'><strong>solum</strong></span> <span class='ocrx_word' id='word_1_317' title='bbox 1569 2863 1859 2918; x_wconf 91' lang='lat' dir='ltr'><strong>diabolum</strong></span> 
     </span>
    </p>
   </div>
   <div class='ocr_carea' id='block_1_45' title="bbox 226 2957 1858 3030">
    <p class='ocr_par' dir='ltr' id='par_1_45' title="bbox 226 2957 1858 3030">
     <span class='ocr_line' id='line_1_45' title="bbox 226 2957 1858 3030; baseline -0.002 -15"><span class='ocrx_word' id='word_1_318' title='bbox 226 2959 528 3015; x_wconf 91' lang='lat' dir='ltr'><strong>inimicum</strong></span> <span class='ocrx_word' id='word_1_319' title='bbox 582 2960 803 3030; x_wconf 87' lang='lat' dir='ltr'><strong>generis</strong></span> <span class='ocrx_word' id='word_1_320' title='bbox 866 2958 1126 3012; x_wconf 86' lang='lat' dir='ltr'><strong>humani.</strong></span> <span class='ocrx_word' id='word_1_321' title='bbox 1199 2957 1412 3012; x_wconf 84' lang='lat' dir='ltr'><strong>Exinde</strong></span> <span class='ocrx_word' id='word_1_322' title='bbox 1477 2958 1536 3011; x_wconf 90' lang='lat' dir='ltr'><strong>in</strong></span> <span class='ocrx_word' id='word_1_323' title='bbox 1601 2963 1858 3012; x_wconf 86' lang='lat' dir='ltr'><strong>montem</strong></span> 
     </span>
    </p>
   </div>
   <div class='ocr_carea' id='block_1_46' title="bbox 226 3051 1857 3122">
    <p class='ocr_par' dir='ltr' id='par_1_46' title="bbox 226 3051 1857 3122">
     <span class='ocr_line' id='line_1_46' title="bbox 226 3051 1857 3122; baseline -0.004 -12"><span class='ocrx_word' id='word_1_324' title='bbox 226 3055 488 3110; x_wconf 84' lang='lat' dir='ltr'><strong>ascendit</strong></span> <span class='ocrx_word' id='word_1_325' title='bbox 529 3055 799 3108; x_wconf 89' lang='lat' dir='ltr'><strong>innocens</strong></span> <span class='ocrx_word' id='word_1_326' title='bbox 843 3056 902 3106; x_wconf 90' lang='lat' dir='ltr'><strong>et</strong></span> <span class='ocrx_word' id='word_1_327' title='bbox 937 3052 1184 3105; x_wconf 90' lang='lat' dir='ltr'><strong>mundus</strong></span> <span class='ocrx_word' id='word_1_328' title='bbox 1229 3051 1420 3119; x_wconf 85' lang='lat' dir='ltr'><strong>corde;</strong></span> <span class='ocrx_word' id='word_1_329' title='bbox 1473 3057 1529 3105; x_wconf 89' lang='lat' dir='ltr'><strong>et</strong></span> <span class='ocrx_word' id='word_1_330' title='bbox 1563 3051 1692 3106; x_wconf 90' lang='lat' dir='ltr'><strong>ideo</strong></span> <span class='ocrx_word' id='word_1_331' title='bbox 1730 3069 1857 3122; x_wconf 86' lang='lat' dir='ltr'><strong>pro-</strong></span> 
     </span>
    </p>
   </div>
   <div class='ocr_carea' id='block_1_47' title="bbox 221 3146 1934 3244">
    <p class='ocr_par' dir='ltr' id='par_1_47' title="bbox 221 3146 1934 3244">
     <span class='ocr_line' id='line_1_47' title="bbox 221 3146 1934 3244; baseline -0.001 -44"><span class='ocrx_word' id='word_1_332' title='bbox 221 3151 401 3221; x_wconf 87' lang='lat' dir='ltr'><strong>pheta</strong></span> <span class='ocrx_word' id='word_1_333' title='bbox 444 3147 579 3202; x_wconf 88' lang='lat' dir='ltr'><strong>dicit</strong></span> <span class='ocrx_word' id='word_1_334' title='bbox 618 3163 630 3200; x_wconf 89' lang='lat'><strong>:</strong></span> <span class='ocrx_word' id='word_1_335' title='bbox 680 3148 808 3213; x_wconf 85' lang='lat' dir='ltr'><strong>Quis</strong></span> <span class='ocrx_word' id='word_1_336' title='bbox 845 3146 1090 3200; x_wconf 87' lang='lat' dir='ltr'><strong>ascendit</strong></span> <span class='ocrx_word' id='word_1_337' title='bbox 1132 3148 1191 3199; x_wconf 88' lang='lat' dir='ltr'><strong>in</strong></span> <span class='ocrx_word' id='word_1_338' title='bbox 1226 3151 1457 3199; x_wconf 89' lang='lat' dir='ltr'><strong>montem</strong></span> <span class='ocrx_word' id='word_1_339' title='bbox 1512 3148 1758 3211; x_wconf 88' lang='lat' dir='ltr'><strong>Domini,</strong></span> <span class='ocrx_word' id='word_1_340' title='bbox 1810 3151 1934 3244; x_wconf 76' lang='lat' dir='ltr'><strong>etC</strong></span> 
     </span>
    </p>
   </div>
   <div class='ocr_carea' id='block_1_48' title="bbox 223 3239 1854 3313">
    <p class='ocr_par' dir='ltr' id='par_1_48' title="bbox 223 3239 1854 3313">
     <span class='ocr_line' id='line_1_48' title="bbox 223 3239 1854 3313; baseline -0.001 -17"><span class='ocrx_word' id='word_1_341' title='bbox 223 3247 347 3313; x_wconf 85' lang='lat' dir='ltr'><strong>quis</strong></span> <span class='ocrx_word' id='word_1_342' title='bbox 378 3243 549 3296; x_wconf 85' lang='lat' dir='ltr'><strong>stabit</strong></span> <span class='ocrx_word' id='word_1_343' title='bbox 586 3243 645 3294; x_wconf 87' lang='lat' dir='ltr'><strong>in</strong></span> <span class='ocrx_word' id='word_1_344' title='bbox 689 3241 797 3294; x_wconf 90' lang='lat' dir='ltr'><strong>loco</strong></span> <span class='ocrx_word' id='word_1_345' title='bbox 831 3245 1018 3294; x_wconf 86' lang='lat' dir='ltr'><strong>sancto</strong></span> <span class='ocrx_word' id='word_1_346' title='bbox 1047 3240 1208 3308; x_wconf 84' lang='lat' dir='ltr'><strong>ejus?</strong></span> <span class='ocrx_word' id='word_1_347' title='bbox 1237 3241 1496 3293; x_wconf 87' lang='lat' dir='ltr'><strong>Innocens</strong></span> <span class='ocrx_word' id='word_1_348' title='bbox 1538 3239 1785 3293; x_wconf 87' lang='lat' dir='ltr'><strong>manibus</strong></span> <span class='ocrx_word' id='word_1_349' title='bbox 1807 3246 1854 3294; x_wconf 88' lang='lat' dir='ltr'><strong>et</strong></span> 
     </span>
    </p>
   </div>
   <div class='ocr_carea' id='block_1_49' title="bbox 222 3333 1854 3390">
    <p class='ocr_par' dir='ltr' id='par_1_49' title="bbox 222 3333 1854 3390">
     <span class='ocr_line' id='line_1_49' title="bbox 222 3333 1854 3390; baseline -0.002 0"><span class='ocrx_word' id='word_1_350' title='bbox 222 3337 431 3390; x_wconf 88' lang='lat' dir='ltr'><strong>mundo</strong></span> <span class='ocrx_word' id='word_1_351' title='bbox 473 3336 646 3390; x_wconf 88' lang='lat' dir='ltr'><strong>corde.</strong></span> <span class='ocrx_word' id='word_1_352' title='bbox 682 3336 748 3388; x_wconf 86' lang='lat' dir='ltr'><strong>Et</strong></span> <span class='ocrx_word' id='word_1_353' title='bbox 783 3334 1082 3388; x_wconf 88' lang='lat' dir='ltr'><strong>declaravit</strong></span> <span class='ocrx_word' id='word_1_354' title='bbox 1128 3335 1381 3386; x_wconf 90' lang='lat' dir='ltr'><strong>montem</strong></span> <span class='ocrx_word' id='word_1_355' title='bbox 1422 3333 1553 3387; x_wconf 90' lang='lat' dir='ltr'><strong>Sion</strong></span> <span class='ocrx_word' id='word_1_356' title='bbox 1600 3339 1854 3388; x_wconf 86' lang='lat' dir='ltr'><strong>sanctum</strong></span> 
     </span>
    </p>
   </div>
   <div class='ocr_carea' id='block_1_50' title="bbox 223 3427 1856 3497">
    <p class='ocr_par' dir='ltr' id='par_1_50' title="bbox 223 3427 1856 3497">
     <span class='ocr_line' id='line_1_50' title="bbox 223 3427 1856 3497; baseline -0.001 -13"><span class='ocrx_word' id='word_1_357' title='bbox 223 3447 350 3484; x_wconf 86' lang='lat' dir='ltr'><strong>esse</strong></span> <span class='ocrx_word' id='word_1_358' title='bbox 381 3433 634 3484; x_wconf 85' lang='lat' dir='ltr'><strong>sanctam</strong></span> <span class='ocrx_word' id='word_1_359' title='bbox 666 3445 892 3482; x_wconf 89' lang='lat' dir='ltr'><strong>crucem</strong></span> <span class='ocrx_word' id='word_1_360' title='bbox 912 3469 925 3495; x_wconf 94' lang='lat'><strong>,</strong></span> <span class='ocrx_word' id='word_1_361' title='bbox 959 3427 1182 3481; x_wconf 88' lang='lat' dir='ltr'><strong>dicente</strong></span> <span class='ocrx_word' id='word_1_362' title='bbox 1221 3443 1386 3497; x_wconf 66' lang='lat' dir='ltr'><strong>usque</strong></span> <span class='ocrx_word' id='word_1_363' title='bbox 1415 3427 1695 3497; x_wconf 85' lang='lat' dir='ltr'><strong>propheta</strong></span> <span class='ocrx_word' id='word_1_364' title='bbox 1739 3444 1753 3480; x_wconf 90' lang='lat'><strong>:</strong></span> <span class='ocrx_word' id='word_1_365' title='bbox 1787 3432 1856 3482; x_wconf 89' lang='lat' dir='ltr'><strong>De</strong></span> 
     </span>
    </p>
   </div>
   <div class='ocr_carea' id='block_1_51' title="bbox 217 3521 1852 3584">
    <p class='ocr_par' dir='ltr' id='par_1_51' title="bbox 217 3521 1852 3584">
     <span class='ocr_line' id='line_1_51' title="bbox 217 3521 1852 3584; baseline -0.001 -6"><span class='ocrx_word' id='word_1_366' title='bbox 217 3527 351 3582; x_wconf 84' lang='lat' dir='ltr'><strong>Sion</strong></span> <span class='ocrx_word' id='word_1_367' title='bbox 409 3526 547 3578; x_wconf 69' lang='lat' dir='ltr'><strong>eariet</strong></span> <span class='ocrx_word' id='word_1_368' title='bbox 625 3524 728 3584; x_wconf 74' lang='lat' dir='ltr'><strong>lem,</strong></span> <span class='ocrx_word' id='word_1_369' title='bbox 782 3529 832 3576; x_wconf 90' lang='lat' dir='ltr'><strong>et</strong></span> <span class='ocrx_word' id='word_1_370' title='bbox 871 3523 1089 3576; x_wconf 78' lang='lat' dir='ltr'><strong>verbum</strong></span> <span class='ocrx_word' id='word_1_371' title='bbox 1137 3523 1349 3576; x_wconf 87' lang='lat' dir='ltr'><strong>Domini</strong></span> <span class='ocrx_word' id='word_1_372' title='bbox 1395 3521 1464 3574; x_wconf 93' lang='lat' dir='ltr'><strong>ab</strong></span> <span class='ocrx_word' id='word_1_373' title='bbox 1494 3523 1852 3577; x_wconf 85' lang='lat' dir='ltr'><strong>Hierusalem.</strong></span> 
     </span>
    </p>
   </div>
   <div class='ocr_carea' id='block_1_52' title="bbox 221 3614 1853 3672">
    <p class='ocr_par' dir='ltr' id='par_1_52' title="bbox 221 3614 1853 3672">
     <span class='ocr_line' id='line_1_52' title="bbox 221 3614 1853 3672; baseline -0.001 0"><span class='ocrx_word' id='word_1_374' title='bbox 221 3620 339 3672; x_wconf 82' lang='lat' dir='ltr'><strong>ch</strong></span> <span class='ocrx_word' id='word_1_375' title='bbox 393 3617 841 3670; x_wconf 87' lang='lat' dir='ltr'><strong>Christianorum</strong></span> <span class='ocrx_word' id='word_1_376' title='bbox 878 3631 1012 3668; x_wconf 83' lang='lat' dir='ltr'><strong>crux</strong></span> <span class='ocrx_word' id='word_1_377' title='bbox 1075 3618 1161 3668; x_wconf 89' lang='lat' dir='ltr'><strong>est</strong></span> <span class='ocrx_word' id='word_1_378' title='bbox 1201 3617 1392 3668; x_wconf 86' lang='lat' dir='ltr'><strong>sancta</strong></span> <span class='ocrx_word' id='word_1_379' title='bbox 1445 3614 1668 3670; x_wconf 91' lang='lat' dir='ltr'><strong>Christo</strong></span> <span class='ocrx_word' id='word_1_380' title='bbox 1717 3616 1853 3670; x_wconf 89' lang='lat' dir='ltr'><strong>Filio</strong></span> 
     </span>
    </p>
   </div>
   <div class='ocr_carea' id='block_1_53' title="bbox 218 3708 1856 3780">
    <p class='ocr_par' dir='ltr' id='par_1_53' title="bbox 218 3708 1856 3780">
     <span class='ocr_line' id='line_1_53' title="bbox 218 3708 1856 3780; baseline -0.002 -14"><span class='ocrx_word' id='word_1_381' title='bbox 218 3711 320 3766; x_wconf 90' lang='lat' dir='ltr'><strong>Dei</strong></span> <span class='ocrx_word' id='word_1_382' title='bbox 350 3710 480 3778; x_wconf 86' lang='lat' dir='ltr'><strong>vivi,</strong></span> <span class='ocrx_word' id='word_1_383' title='bbox 517 3710 735 3764; x_wconf 88' lang='lat' dir='ltr'><strong>dicente</strong></span> <span class='ocrx_word' id='word_1_384' title='bbox 762 3725 923 3780; x_wconf 69' lang='lat' dir='ltr'><strong>aeque</strong></span> <span class='ocrx_word' id='word_1_385' title='bbox 968 3708 1249 3779; x_wconf 86' lang='lat' dir='ltr'><strong>propheta</strong></span> <span class='ocrx_word' id='word_1_386' title='bbox 1275 3722 1288 3762; x_wconf 91' lang='lat'>:</span> <span class='ocrx_word' id='word_1_387' title='bbox 1321 3708 1432 3762; x_wconf 80' lang='lat' dir='ltr'><strong>Lea:</strong></span> <span class='ocrx_word' id='word_1_388' title='bbox 1458 3712 1555 3762; x_wconf 86' lang='lat' dir='ltr'><strong>tua</strong></span> <span class='ocrx_word' id='word_1_389' title='bbox 1593 3708 1654 3763; x_wconf 85' lang='lat' dir='ltr'><strong>in</strong></span> <span class='ocrx_word' id='word_1_390' title='bbox 1682 3709 1856 3763; x_wconf 87' lang='lat' dir='ltr'><strong>medio</strong></span> 
     </span>
    </p>
   </div>
   <div class='ocr_carea' id='block_1_54' title="bbox 217 3801 1852 3866">
    <p class='ocr_par' dir='ltr' id='par_1_54' title="bbox 217 3801 1852 3866">
     <span class='ocr_line' id='line_1_54' title="bbox 217 3801 1852 3866; baseline -0.002 -6"><span class='ocrx_word' id='word_1_391' title='bbox 217 3807 428 3860; x_wconf 71' lang='lat' dir='ltr'><strong>ventris</strong></span> <span class='ocrx_word' id='word_1_392' title='bbox 471 3807 592 3858; x_wconf 89' lang='lat' dir='ltr'><strong>mei.</strong></span> <span class='ocrx_word' id='word_1_393' title='bbox 641 3806 942 3858; x_wconf 86' lang='lat' dir='ltr'><strong>Percussus</strong></span> <span class='ocrx_word' id='word_1_394' title='bbox 969 3802 1026 3855; x_wconf 92' lang='lat' dir='ltr'><strong>in</strong></span> <span class='ocrx_word' id='word_1_395' title='bbox 1056 3802 1251 3855; x_wconf 89' lang='lat' dir='ltr'><strong>lateris</strong></span> <span class='ocrx_word' id='word_1_396' title='bbox 1295 3807 1493 3856; x_wconf 87' lang='lat' dir='ltr'><strong>ventre</strong></span> <span class='ocrx_word' id='word_1_397' title='bbox 1525 3801 1594 3855; x_wconf 91' lang='lat' dir='ltr'><strong>de</strong></span> <span class='ocrx_word' id='word_1_398' title='bbox 1634 3802 1852 3866; x_wconf 88' lang='lat' dir='ltr'><strong>lancea,</strong></span> 
     </span>
    </p>
   </div>
   <div class='ocr_carea' id='block_1_55' title="bbox 220 3895 1856 3969">
    <p class='ocr_par' dir='ltr' id='par_1_55' title="bbox 220 3895 1856 3969">
     <span class='ocr_line' id='line_1_55' title="bbox 220 3895 1856 3969; baseline -0.002 -16"><span class='ocrx_word' id='word_1_399' title='bbox 220 3898 459 3969; x_wconf 87' lang='lat' dir='ltr'><strong>sanguis</strong></span> <span class='ocrx_word' id='word_1_400' title='bbox 483 3901 538 3951; x_wconf 91' lang='lat' dir='ltr'><strong>et</strong></span> <span class='ocrx_word' id='word_1_401' title='bbox 569 3913 716 3968; x_wconf 89' lang='lat' dir='ltr'><strong>aqua</strong></span> <span class='ocrx_word' id='word_1_402' title='bbox 766 3897 966 3950; x_wconf 89' lang='lat' dir='ltr'><strong>mistus</strong></span> <span class='ocrx_word' id='word_1_403' title='bbox 1005 3895 1270 3967; x_wconf 85' lang='lat' dir='ltr'><strong>profusus</strong></span> <span class='ocrx_word' id='word_1_404' title='bbox 1310 3895 1541 3965; x_wconf 88' lang='lat' dir='ltr'><strong>ﬂuebat,</strong></span> <span class='ocrx_word' id='word_1_405' title='bbox 1570 3896 1720 3949; x_wconf 91' lang='lat' dir='ltr'><strong>unde</strong></span> <span class='ocrx_word' id='word_1_406' title='bbox 1750 3896 1856 3950; x_wconf 88' lang='lat' dir='ltr'><strong>sibi</strong></span> 
     </span>
    </p>
   </div>
   <div class='ocr_carea' id='block_1_56' title="bbox 224 3988 1852 4061">
    <p class='ocr_par' dir='ltr' id='par_1_56' title="bbox 224 3988 1852 4061">
     <span class='ocr_line' id='line_1_56' title="bbox 224 3988 1852 4061; baseline -0.002 -15"><span class='ocrx_word' id='word_1_407' title='bbox 224 3991 537 4046; x_wconf 82' lang='lat' dir='ltr'><strong>Ecclesiam</strong></span> <span class='ocrx_word' id='word_1_408' title='bbox 569 3995 822 4044; x_wconf 80' lang='lat' dir='ltr'><strong>sanctam</strong></span> <span class='ocrx_word' id='word_1_409' title='bbox 877 3989 1190 4056; x_wconf 72' lang='lat' dir='ltr'><strong>fabricavit,</strong></span> <span class='ocrx_word' id='word_1_410' title='bbox 1231 3988 1289 4042; x_wconf 90' lang='lat' dir='ltr'><strong>in</strong></span> <span class='ocrx_word' id='word_1_411' title='bbox 1329 4005 1443 4060; x_wconf 91' lang='lat' dir='ltr'><strong>qua</strong></span> <span class='ocrx_word' id='word_1_412' title='bbox 1486 3989 1678 4060; x_wconf 88' lang='lat' dir='ltr'><strong>legem</strong></span> <span class='ocrx_word' id='word_1_413' title='bbox 1725 4007 1852 4061; x_wconf 82' lang='lat' dir='ltr'><strong>pas-</strong></span> 
     </span>
    </p>
   </div>
   <div class='ocr_carea' id='block_1_57' title="bbox 219 4082 1852 4154">
    <p class='ocr_par' dir='ltr' id='par_1_57' title="bbox 219 4082 1852 4154">
     <span class='ocr_line' id='line_1_57' title="bbox 219 4082 1852 4154; baseline -0.001 -14"><span class='ocrx_word' id='word_1_414' title='bbox 219 4086 403 4140; x_wconf 85' lang='lat' dir='ltr'><strong>sionis</strong></span> <span class='ocrx_word' id='word_1_415' title='bbox 453 4101 569 4139; x_wconf 68' lang='lat' dir='ltr'><strong>sum</strong></span> <span class='ocrx_word' id='word_1_416' title='bbox 607 4083 997 4150; x_wconf 89' lang='lat' dir='ltr'><strong>consecrabat,</strong></span> <span class='ocrx_word' id='word_1_417' title='bbox 1055 4082 1279 4137; x_wconf 89' lang='lat' dir='ltr'><strong>dicente</strong></span> <span class='ocrx_word' id='word_1_418' title='bbox 1333 4083 1456 4154; x_wconf 90' lang='lat' dir='ltr'><strong>ipso</strong></span> <span class='ocrx_word' id='word_1_419' title='bbox 1497 4099 1510 4137; x_wconf 87' lang='lat'><strong>:</strong></span> <span class='ocrx_word' id='word_1_420' title='bbox 1564 4085 1667 4150; x_wconf 86' lang='lat' dir='ltr'><strong>Qui</strong></span> <span class='ocrx_word' id='word_1_421' title='bbox 1712 4087 1852 4144; x_wconf 86' lang='lat' dir='ltr'><strong>sitit.</strong></span> 
     </span>
    </p>
   </div>
   <div class='ocr_carea' id='block_1_58' title="bbox 216 4177 1854 4248">
    <p class='ocr_par' dir='ltr' id='par_1_58' title="bbox 216 4177 1854 4248">
     <span class='ocr_line' id='line_1_58' title="bbox 216 4177 1854 4248; baseline -0.002 -13"><span class='ocrx_word' id='word_1_422' title='bbox 216 4182 409 4235; x_wconf 78' lang='lat' dir='ltr'><strong>veniat</strong></span> <span class='ocrx_word' id='word_1_423' title='bbox 449 4185 500 4232; x_wconf 89' lang='lat' dir='ltr'><strong>et</strong></span> <span class='ocrx_word' id='word_1_424' title='bbox 534 4179 698 4232; x_wconf 88' lang='lat' dir='ltr'><strong>bibat.</strong></span> <span class='ocrx_word' id='word_1_425' title='bbox 746 4179 848 4245; x_wconf 88' lang='lat' dir='ltr'><strong>Qui</strong></span> <span class='ocrx_word' id='word_1_426' title='bbox 873 4177 1040 4232; x_wconf 87' lang='lat' dir='ltr'><strong>credit</strong></span> <span class='ocrx_word' id='word_1_427' title='bbox 1066 4179 1123 4230; x_wconf 90' lang='lat' dir='ltr'><strong>in</strong></span> <span class='ocrx_word' id='word_1_428' title='bbox 1160 4193 1262 4241; x_wconf 86' lang='lat' dir='ltr'><strong>me,</strong></span> <span class='ocrx_word' id='word_1_429' title='bbox 1294 4179 1428 4231; x_wconf 82' lang='lat' dir='ltr'><strong>sicut</strong></span> <span class='ocrx_word' id='word_1_430' title='bbox 1470 4179 1737 4248; x_wconf 82' lang='lat' dir='ltr'><strong>scriptum</strong></span> <span class='ocrx_word' id='word_1_431' title='bbox 1754 4184 1854 4241; x_wconf 87' lang='lat' dir='ltr'><strong>est,</strong></span> 
     </span>
    </p>
   </div>
   <div class='ocr_carea' id='block_1_59' title="bbox 213 4275 1854 4349">
    <p class='ocr_par' dir='ltr' id='par_1_59' title="bbox 213 4275 1854 4349">
     <span class='ocr_line' id='line_1_59' title="bbox 213 4275 1854 4349; baseline -0.003 -16"><span class='ocrx_word' id='word_1_432' title='bbox 213 4281 446 4349; x_wconf 81' lang='lat' dir='ltr'><strong>ﬂumina</strong></span> <span class='ocrx_word' id='word_1_433' title='bbox 485 4278 552 4332; x_wconf 90' lang='lat' dir='ltr'><strong>de</strong></span> <span class='ocrx_word' id='word_1_434' title='bbox 591 4283 777 4332; x_wconf 79' lang='lat' dir='ltr'><strong>centre</strong></span> <span class='ocrx_word' id='word_1_435' title='bbox 827 4276 938 4345; x_wconf 82' lang='lat' dir='ltr'><strong>ejus</strong></span> <span class='ocrx_word' id='word_1_436' title='bbox 980 4279 1142 4344; x_wconf 82' lang='lat' dir='ltr'><strong>ﬂuent</strong></span> <span class='ocrx_word' id='word_1_437' title='bbox 1193 4292 1350 4344; x_wconf 70' lang='lat' dir='ltr'><strong>aqua:</strong></span> <span class='ocrx_word' id='word_1_438' title='bbox 1400 4277 1556 4330; x_wconf 67' lang='lat' dir='ltr'><strong>vivz.</strong></span> <span class='ocrx_word' id='word_1_439' title='bbox 1606 4277 1748 4330; x_wconf 89' lang='lat' dir='ltr'><strong>Item</strong></span> <span class='ocrx_word' id='word_1_440' title='bbox 1796 4275 1854 4328; x_wconf 90' lang='lat' dir='ltr'><strong>in</strong></span> 
     </span>
    </p>
   </div>
   <div class='ocr_carea' id='block_1_60' title="bbox 218 4369 1856 4439">
    <p class='ocr_par' dir='ltr' id='par_1_60' title="bbox 218 4369 1856 4439">
     <span class='ocr_line' id='line_1_60' title="bbox 218 4369 1856 4439; baseline -0.004 -11"><span class='ocrx_word' id='word_1_441' title='bbox 218 4372 504 4428; x_wconf 87' lang='lat' dir='ltr'><strong>Psalmis:</strong></span> <span class='ocrx_word' id='word_1_442' title='bbox 535 4375 603 4426; x_wconf 87' lang='lat' dir='ltr'><strong>Et</strong></span> <span class='ocrx_word' id='word_1_443' title='bbox 649 4374 751 4426; x_wconf 84' lang='lat' dir='ltr'><strong>erit</strong></span> <span class='ocrx_word' id='word_1_444' title='bbox 776 4371 925 4425; x_wconf 83' lang='lat' dir='ltr'><strong>velut</strong></span> <span class='ocrx_word' id='word_1_445' title='bbox 974 4371 1180 4438; x_wconf 85' lang='lat' dir='ltr'><strong>lignum</strong></span> <span class='ocrx_word' id='word_1_446' title='bbox 1215 4369 1360 4439; x_wconf 88' lang='lat' dir='ltr'><strong>quod</strong></span> <span class='ocrx_word' id='word_1_447' title='bbox 1412 4369 1731 4438; x_wconf 86' lang='lat' dir='ltr'><strong>plantatum</strong></span> <span class='ocrx_word' id='word_1_448' title='bbox 1780 4374 1856 4423; x_wconf 87' lang='lat' dir='ltr'><strong>est</strong></span> 
     </span>
    </p>
   </div>
   <div class='ocr_carea' id='block_1_61' title="bbox 214 4463 1852 4534">
    <p class='ocr_par' dir='ltr' id='par_1_61' title="bbox 214 4463 1852 4534">
     <span class='ocr_line' id='line_1_61' title="bbox 214 4463 1852 4534; baseline -0.003 -13"><span class='ocrx_word' id='word_1_449' title='bbox 214 4482 373 4522; x_wconf 84' lang='lat' dir='ltr'><strong>secus</strong></span> <span class='ocrx_word' id='word_1_450' title='bbox 419 4467 672 4520; x_wconf 83' lang='lat' dir='ltr'><strong>decursus</strong></span> <span class='ocrx_word' id='word_1_451' title='bbox 718 4481 1004 4534; x_wconf 86' lang='lat' dir='ltr'><strong>aquarum,</strong></span> <span class='ocrx_word' id='word_1_452' title='bbox 1050 4464 1194 4533; x_wconf 85' lang='lat' dir='ltr'><strong>quod</strong></span> <span class='ocrx_word' id='word_1_453' title='bbox 1221 4466 1464 4531; x_wconf 82' lang='lat' dir='ltr'><strong>fructum</strong></span> <span class='ocrx_word' id='word_1_454' title='bbox 1509 4479 1664 4517; x_wconf 85' lang='lat' dir='ltr'><strong>suum</strong></span> <span class='ocrx_word' id='word_1_455' title='bbox 1697 4463 1852 4516; x_wconf 75' lang='lat' dir='ltr'><strong>dabit</strong></span> 
     </span>
    </p>
   </div>
   <div class='ocr_carea' id='block_1_62' title="bbox 1959 1931 3583 2001">
    <p class='ocr_par' dir='ltr' id='par_1_62' title="bbox 1959 1931 3583 2001">
     <span class='ocr_line' id='line_1_62' title="bbox 1959 1931 3583 2001; baseline 0 -17"><span class='ocrx_word' id='word_1_456' title='bbox 1959 1948 2104 1999; x_wconf 90' lang='lat' dir='ltr'><strong>ram,</strong></span> <span class='ocrx_word' id='word_1_457' title='bbox 2135 1931 2342 1985; x_wconf 82' lang='lat' dir='ltr'><strong>veteris</strong></span> <span class='ocrx_word' id='word_1_458' title='bbox 2389 1931 2539 1998; x_wconf 88' lang='lat' dir='ltr'><strong>Sina,</strong></span> <span class='ocrx_word' id='word_1_459' title='bbox 2569 1937 2624 1985; x_wconf 88' lang='lat' dir='ltr'><strong>et</strong></span> <span class='ocrx_word' id='word_1_460' title='bbox 2661 1947 2777 1985; x_wconf 90' lang='lat' dir='ltr'><strong>non</strong></span> <span class='ocrx_word' id='word_1_461' title='bbox 2823 1931 2976 1985; x_wconf 91' lang='lat' dir='ltr'><strong>Sion.</strong></span> <span class='ocrx_word' id='word_1_462' title='bbox 3009 1934 3086 1986; x_wconf 84' lang='lat' dir='ltr'><strong>Ex</strong></span> <span class='ocrx_word' id='word_1_463' title='bbox 3129 1931 3334 2001; x_wconf 88' lang='lat' dir='ltr'><strong>quibus</strong></span> <span class='ocrx_word' id='word_1_464' title='bbox 3363 1932 3583 1986; x_wconf 88' lang='lat' dir='ltr'><strong>duobus</strong></span> 
     </span>
    </p>
   </div>
   <div class='ocr_carea' id='block_1_63' title="bbox 1959 2024 3586 2096">
    <p class='ocr_par' dir='ltr' id='par_1_63' title="bbox 1959 2024 3586 2096">
     <span class='ocr_line' id='line_1_63' title="bbox 1959 2024 3586 2096; baseline 0.001 -18"><span class='ocrx_word' id='word_1_465' title='bbox 1959 2025 2264 2090; x_wconf 87' lang='lat' dir='ltr'><strong>montibus,</strong></span> <span class='ocrx_word' id='word_1_466' title='bbox 2312 2024 2567 2078; x_wconf 82' lang='lat' dir='ltr'><strong>videlicet</strong></span> <span class='ocrx_word' id='word_1_467' title='bbox 2616 2025 2836 2079; x_wconf 90' lang='lat' dir='ltr'><strong>duobus</strong></span> <span class='ocrx_word' id='word_1_468' title='bbox 2876 2025 3246 2092; x_wconf 85' lang='lat' dir='ltr'><strong>testamentis,</strong></span> <span class='ocrx_word' id='word_1_469' title='bbox 3286 2025 3586 2096; x_wconf 85' lang='lat' dir='ltr'><strong>posteriori</strong></span> 
     </span>
    </p>
   </div>
   <div class='ocr_carea' id='block_1_64' title="bbox 1960 2117 3584 2189">
    <p class='ocr_par' dir='ltr' id='par_1_64' title="bbox 1960 2117 3584 2189">
     <span class='ocr_line' id='line_1_64' title="bbox 1960 2117 3584 2189; baseline 0.001 -17"><span class='ocrx_word' id='word_1_470' title='bbox 1960 2125 2222 2189; x_wconf 88' lang='lat' dir='ltr'><strong>tempore</strong></span> <span class='ocrx_word' id='word_1_471' title='bbox 2253 2119 2672 2172; x_wconf 89' lang='lat' dir='ltr'><strong>demonstratos</strong></span> <span class='ocrx_word' id='word_1_472' title='bbox 2703 2121 2760 2171; x_wconf 89' lang='lat' dir='ltr'><strong>et</strong></span> <span class='ocrx_word' id='word_1_473' title='bbox 2787 2117 3101 2172; x_wconf 85' lang='lat' dir='ltr'><strong>declaratos</strong></span> <span class='ocrx_word' id='word_1_474' title='bbox 3127 2117 3403 2174; x_wconf 88' lang='lat' dir='ltr'><strong>habemus</strong></span> <span class='ocrx_word' id='word_1_475' title='bbox 3442 2119 3584 2173; x_wconf 88' lang='lat' dir='ltr'><strong>duos</strong></span> 
     </span>
    </p>
   </div>
   <div class='ocr_carea' id='block_1_65' title="bbox 1962 2211 3584 2284">
    <p class='ocr_par' dir='ltr' id='par_1_65' title="bbox 1962 2211 3584 2284">
     <span class='ocr_line' id='line_1_65' title="bbox 1962 2211 3584 2284; baseline 0.001 -19"><span class='ocrx_word' id='word_1_476' title='bbox 1962 2213 2201 2284; x_wconf 86' lang='lat' dir='ltr'><strong>populos</strong></span> <span class='ocrx_word' id='word_1_477' title='bbox 2233 2229 2246 2265; x_wconf 84' lang='lat'><strong>:</strong></span> <span class='ocrx_word' id='word_1_478' title='bbox 2273 2217 2523 2266; x_wconf 87' lang='lat' dir='ltr'><strong>veterem</strong></span> <span class='ocrx_word' id='word_1_479' title='bbox 2552 2217 2608 2265; x_wconf 89' lang='lat' dir='ltr'><strong>et</strong></span> <span class='ocrx_word' id='word_1_480' title='bbox 2636 2211 2881 2281; x_wconf 86' lang='lat' dir='ltr'><strong>priorem</strong></span> <span class='ocrx_word' id='word_1_481' title='bbox 2911 2212 3260 2277; x_wconf 65' lang='lat' dir='ltr'><strong>Iudaeorum,</strong></span> <span class='ocrx_word' id='word_1_482' title='bbox 3289 2217 3346 2265; x_wconf 89' lang='lat' dir='ltr'><strong>et</strong></span> <span class='ocrx_word' id='word_1_483' title='bbox 3373 2229 3584 2266; x_wconf 83' lang='lat' dir='ltr'><strong>novum</strong></span> 
     </span>
    </p>
   </div>
   <div class='ocr_carea' id='block_1_66' title="bbox 1960 2305 3585 2376">
    <p class='ocr_par' dir='ltr' id='par_1_66' title="bbox 1960 2305 3585 2376">
     <span class='ocr_line' id='line_1_66' title="bbox 1960 2305 3585 2376; baseline 0 -16"><span class='ocrx_word' id='word_1_484' title='bbox 1960 2311 2016 2360; x_wconf 90' lang='lat' dir='ltr'><strong>et</strong></span> <span class='ocrx_word' id='word_1_485' title='bbox 2072 2306 2445 2376; x_wconf 84' lang='lat' dir='ltr'><strong>posteriorem</strong></span> <span class='ocrx_word' id='word_1_486' title='bbox 2505 2305 2779 2374; x_wconf 89' lang='lat' dir='ltr'><strong>populum</strong></span> <span class='ocrx_word' id='word_1_487' title='bbox 2834 2305 3318 2359; x_wconf 86' lang='lat' dir='ltr'><strong>Christianorum:</strong></span> <span class='ocrx_word' id='word_1_488' title='bbox 3363 2306 3585 2360; x_wconf 66' lang='lat' dir='ltr'><strong>Judteos</strong></span> 
     </span>
    </p>
   </div>
   <div class='ocr_carea' id='block_1_67' title="bbox 1961 2397 3586 2470">
    <p class='ocr_par' dir='ltr' id='par_1_67' title="bbox 1961 2397 3586 2470">
     <span class='ocr_line' id='line_1_67' title="bbox 1961 2397 3586 2470; baseline 0.001 -17"><span class='ocrx_word' id='word_1_489' title='bbox 1961 2403 2238 2465; x_wconf 88' lang='lat' dir='ltr'><strong>terrenos,</strong></span> <span class='ocrx_word' id='word_1_490' title='bbox 2287 2399 2383 2468; x_wconf 90' lang='lat' dir='ltr'><strong>qui</strong></span> <span class='ocrx_word' id='word_1_491' title='bbox 2429 2401 2640 2451; x_wconf 90' lang='lat' dir='ltr'><strong>terram</strong></span> <span class='ocrx_word' id='word_1_492' title='bbox 2683 2397 3018 2468; x_wconf 86' lang='lat' dir='ltr'><strong>promissam</strong></span> <span class='ocrx_word' id='word_1_493' title='bbox 3051 2416 3079 2452; x_wconf 91' lang='lat' dir='ltr'><strong>a</strong></span> <span class='ocrx_word' id='word_1_494' title='bbox 3102 2399 3219 2453; x_wconf 90' lang='lat' dir='ltr'><strong>Deo</strong></span> <span class='ocrx_word' id='word_1_495' title='bbox 3245 2405 3586 2470; x_wconf 88' lang='lat' dir='ltr'><strong>acceperunt</strong></span> 
     </span>
    </p>
   </div>
   <div class='ocr_carea' id='block_1_68' title="bbox 1961 2491 3587 2562">
    <p class='ocr_par' dir='ltr' id='par_1_68' title="bbox 1961 2491 3587 2562">
     <span class='ocr_line' id='line_1_68' title="bbox 1961 2491 3587 2562; baseline -0.001 -16"><span class='ocrx_word' id='word_1_496' title='bbox 1961 2492 2242 2557; x_wconf 87' lang='lat' dir='ltr'><strong>carnales;</strong></span> <span class='ocrx_word' id='word_1_497' title='bbox 2287 2495 2344 2545; x_wconf 89' lang='lat' dir='ltr'><strong>et</strong></span> <span class='ocrx_word' id='word_1_498' title='bbox 2381 2491 2723 2547; x_wconf 87' lang='lat' dir='ltr'><strong>Christianos</strong></span> <span class='ocrx_word' id='word_1_499' title='bbox 2763 2491 3035 2558; x_wconf 65' lang='lat' dir='ltr'><strong>caelestes,</strong></span> <span class='ocrx_word' id='word_1_500' title='bbox 3069 2492 3166 2562; x_wconf 90' lang='lat' dir='ltr'><strong>qui</strong></span> <span class='ocrx_word' id='word_1_501' title='bbox 3208 2507 3388 2562; x_wconf 86' lang='lat' dir='ltr'><strong>regna</strong></span> <span class='ocrx_word' id='word_1_502' title='bbox 3425 2493 3587 2547; x_wconf 67' lang='lat' dir='ltr'><strong>caelo-</strong></span> 
     </span>
    </p>
   </div>
   <div class='ocr_carea' id='block_1_69' title="bbox 1961 2583 3584 2654">
    <p class='ocr_par' dir='ltr' id='par_1_69' title="bbox 1961 2583 3584 2654">
     <span class='ocr_line' id='line_1_69' title="bbox 1961 2583 3584 2654; baseline -0.001 -14"><span class='ocrx_word' id='word_1_503' title='bbox 1961 2603 2086 2640; x_wconf 91' lang='lat' dir='ltr'><strong>rum</strong></span> <span class='ocrx_word' id='word_1_504' title='bbox 2117 2602 2147 2638; x_wconf 91' lang='lat' dir='ltr'><strong>a</strong></span> <span class='ocrx_word' id='word_1_505' title='bbox 2187 2587 2296 2640; x_wconf 90' lang='lat' dir='ltr'><strong>Deo</strong></span> <span class='ocrx_word' id='word_1_506' title='bbox 2343 2583 2616 2654; x_wconf 84' lang='lat' dir='ltr'><strong>promissa</strong></span> <span class='ocrx_word' id='word_1_507' title='bbox 2655 2585 2938 2654; x_wconf 87' lang='lat' dir='ltr'><strong>accepturi</strong></span> <span class='ocrx_word' id='word_1_508' title='bbox 2977 2588 3111 2638; x_wconf 85' lang='lat' dir='ltr'><strong>sunt</strong></span> <span class='ocrx_word' id='word_1_509' title='bbox 3157 2585 3216 2638; x_wconf 91' lang='lat' dir='ltr'><strong>in</strong></span> <span class='ocrx_word' id='word_1_510' title='bbox 3254 2585 3444 2639; x_wconf 89' lang='lat' dir='ltr'><strong>futuro</strong></span> <span class='ocrx_word' id='word_1_511' title='bbox 3485 2603 3584 2639; x_wconf 68' lang='lat' dir='ltr'><strong>ste-</strong></span> 
     </span>
    </p>
   </div>
   <div class='ocr_carea' id='block_1_70' title="bbox 1960 2677 3581 2748">
    <p class='ocr_par' dir='ltr' id='par_1_70' title="bbox 1960 2677 3581 2748">
     <span class='ocr_line' id='line_1_70' title="bbox 1960 2677 3581 2748; baseline -0.001 -14"><span class='ocrx_word' id='word_1_512' title='bbox 1960 2680 2106 2734; x_wconf 92' lang='lat' dir='ltr'><strong>culo.</strong></span> <span class='ocrx_word' id='word_1_513' title='bbox 2161 2680 2301 2734; x_wconf 90' lang='lat' dir='ltr'><strong>Caro</strong></span> <span class='ocrx_word' id='word_1_514' title='bbox 2347 2677 2505 2731; x_wconf 88' lang='lat' dir='ltr'><strong>enim</strong></span> <span class='ocrx_word' id='word_1_515' title='bbox 2563 2677 3015 2732; x_wconf 85' lang='lat' dir='ltr'><strong>Christianorum</strong></span> <span class='ocrx_word' id='word_1_516' title='bbox 3067 2677 3335 2748; x_wconf 87' lang='lat' dir='ltr'><strong>spiritalis</strong></span> <span class='ocrx_word' id='word_1_517' title='bbox 3376 2681 3434 2730; x_wconf 93' lang='lat' dir='ltr'><strong>et</strong></span> <span class='ocrx_word' id='word_1_518' title='bbox 3471 2679 3581 2732; x_wconf 88' lang='lat' dir='ltr'><strong>im-</strong></span> 
     </span>
    </p>
   </div>
   <div class='ocr_carea' id='block_1_71' title="bbox 1959 2771 2364 2828">
    <p class='ocr_par' dir='ltr' id='par_1_71' title="bbox 1959 2771 2364 2828">
     <span class='ocr_line' id='line_1_71' title="bbox 1959 2771 2364 2828; baseline -0.01 0"><span class='ocrx_word' id='word_1_519' title='bbox 1959 2772 2217 2828; x_wconf 78' lang='lat' dir='ltr'><strong>mortalis</strong></span> <span class='ocrx_word' id='word_1_520' title='bbox 2243 2771 2364 2825; x_wconf 89' lang='lat' dir='ltr'><strong>erit.</strong></span> 
     </span>
    </p>
   </div>
   <div class='ocr_carea' id='block_1_72' title="bbox 2029 2861 3583 2936">
    <p class='ocr_par' dir='ltr' id='par_1_72' title="bbox 2029 2861 3583 2936">
     <span class='ocr_line' id='line_1_72' title="bbox 2029 2861 3583 2936; baseline -0.001 -15"><span class='ocrx_word' id='word_1_521' title='bbox 2029 2868 2142 2922; x_wconf 80' lang='lat' dir='ltr'><strong>XII.</strong></span> <span class='ocrx_word' id='word_1_522' title='bbox 2172 2865 2292 2919; x_wconf 84' lang='lat' dir='ltr'><strong>Alia</strong></span> <span class='ocrx_word' id='word_1_523' title='bbox 2321 2861 2652 2936; x_wconf 84' lang='lat' dir='ltr'><strong>probatione</strong></span> <span class='ocrx_word' id='word_1_524' title='bbox 2680 2863 2929 2918; x_wconf 86' lang='lat' dir='ltr'><strong>veritatis</strong></span> <span class='ocrx_word' id='word_1_525' title='bbox 2961 2864 3020 2917; x_wconf 90' lang='lat' dir='ltr'><strong>in</strong></span> <span class='ocrx_word' id='word_1_526' title='bbox 3049 2863 3352 2934; x_wconf 86' lang='lat' dir='ltr'><strong>Scripturis</strong></span> <span class='ocrx_word' id='word_1_527' title='bbox 3377 2865 3583 2934; x_wconf 88' lang='lat' dir='ltr'><strong>posita,</strong></span> 
     </span>
    </p>
   </div>
   <div class='ocr_carea' id='block_1_73' title="bbox 1961 2956 3583 3028">
    <p class='ocr_par' dir='ltr' id='par_1_73' title="bbox 1961 2956 3583 3028">
     <span class='ocr_line' id='line_1_73' title="bbox 1961 2956 3583 3028; baseline -0.001 -13"><span class='ocrx_word' id='word_1_528' title='bbox 1961 2978 2025 3015; x_wconf 83' lang='lat' dir='ltr'><strong>ex</strong></span> <span class='ocrx_word' id='word_1_529' title='bbox 2053 2976 2123 3014; x_wconf 92' lang='lat' dir='ltr'><strong>ea</strong></span> <span class='ocrx_word' id='word_1_530' title='bbox 2150 2959 2388 3012; x_wconf 88' lang='lat' dir='ltr'><strong>veritate</strong></span> <span class='ocrx_word' id='word_1_531' title='bbox 2422 2957 2627 3012; x_wconf 78' lang='lat' dir='ltr'><strong>caelesti</strong></span> <span class='ocrx_word' id='word_1_532' title='bbox 2662 2956 2977 3026; x_wconf 85' lang='lat' dir='ltr'><strong>spiritalem</strong></span> <span class='ocrx_word' id='word_1_533' title='bbox 3005 2956 3241 3011; x_wconf 89' lang='lat' dir='ltr'><strong>facimus</strong></span> <span class='ocrx_word' id='word_1_534' title='bbox 3266 2958 3583 3028; x_wconf 86' lang='lat' dir='ltr'><strong>figurarum</strong></span> 
     </span>
    </p>
   </div>
   <div class='ocr_carea' id='block_1_74' title="bbox 1961 3050 3583 3124">
    <p class='ocr_par' dir='ltr' id='par_1_74' title="bbox 1961 3050 3583 3124">
     <span class='ocr_line' id='line_1_74' title="bbox 1961 3050 3583 3124; baseline -0.001 -15"><span class='ocrx_word' id='word_1_535' title='bbox 1961 3053 2478 3124; x_wconf 85' lang='lat' dir='ltr'><strong>comparationem,</strong></span> <span class='ocrx_word' id='word_1_536' title='bbox 2525 3051 2594 3104; x_wconf 93' lang='lat' dir='ltr'><strong>de</strong></span> <span class='ocrx_word' id='word_1_537' title='bbox 2650 3051 2817 3121; x_wconf 84' lang='lat' dir='ltr'><strong>hujus</strong></span> <span class='ocrx_word' id='word_1_538' title='bbox 2869 3050 3067 3105; x_wconf 91' lang='lat' dir='ltr'><strong>mundi</strong></span> <span class='ocrx_word' id='word_1_539' title='bbox 3124 3053 3583 3107; x_wconf 87' lang='lat' dir='ltr'><strong>conversatione.</strong></span> 
     </span>
    </p>
   </div>
   <div class='ocr_carea' id='block_1_75' title="bbox 1960 3144 3585 3216">
    <p class='ocr_par' dir='ltr' id='par_1_75' title="bbox 1960 3144 3585 3216">
     <span class='ocr_line' id='line_1_75' title="bbox 1960 3144 3585 3216; baseline -0.001 -14"><span class='ocrx_word' id='word_1_540' title='bbox 1960 3147 2212 3202; x_wconf 82' lang='lat' dir='ltr'><strong>Diximus</strong></span> <span class='ocrx_word' id='word_1_541' title='bbox 2256 3144 2431 3210; x_wconf 89' lang='lat' dir='ltr'><strong>enim,</strong></span> <span class='ocrx_word' id='word_1_542' title='bbox 2469 3145 2670 3197; x_wconf 87' lang='lat' dir='ltr'><strong>montis</strong></span> <span class='ocrx_word' id='word_1_543' title='bbox 2716 3145 2898 3198; x_wconf 85' lang='lat' dir='ltr'><strong>sancti</strong></span> <span class='ocrx_word' id='word_1_544' title='bbox 2951 3144 3106 3211; x_wconf 85' lang='lat' dir='ltr'><strong>Sion,</strong></span> <span class='ocrx_word' id='word_1_545' title='bbox 3163 3145 3313 3216; x_wconf 85' lang='lat' dir='ltr'><strong>quod</strong></span> <span class='ocrx_word' id='word_1_546' title='bbox 3361 3146 3585 3215; x_wconf 76' lang='lat' dir='ltr'><strong>lignum</strong></span> 
     </span>
    </p>
   </div>
   <div class='ocr_carea' id='block_1_76' title="bbox 1961 3237 3582 3312">
    <p class='ocr_par' dir='ltr' id='par_1_76' title="bbox 1961 3237 3582 3312">
     <span class='ocr_line' id='line_1_76' title="bbox 1961 3237 3582 3312; baseline -0.001 -17"><span class='ocrx_word' id='word_1_547' title='bbox 1961 3242 2153 3312; x_wconf 85' lang='lat' dir='ltr'><strong>regale</strong></span> <span class='ocrx_word' id='word_1_548' title='bbox 2210 3246 2266 3294; x_wconf 91' lang='lat' dir='ltr'><strong>et</strong></span> <span class='ocrx_word' id='word_1_549' title='bbox 2320 3255 2568 3300; x_wconf 88' lang='lat' dir='ltr'><strong>sacrum,</strong></span> <span class='ocrx_word' id='word_1_550' title='bbox 2633 3238 2869 3291; x_wconf 85' lang='lat' dir='ltr'><strong>haberet</strong></span> <span class='ocrx_word' id='word_1_551' title='bbox 2919 3237 3457 3308; x_wconf 85' lang='lat' dir='ltr'><strong>interpretationem</strong></span> <span class='ocrx_word' id='word_1_552' title='bbox 3512 3241 3582 3293; x_wconf 90' lang='lat' dir='ltr'><strong>de</strong></span> 
     </span>
    </p>
   </div>
   <div class='ocr_carea' id='block_1_77' title="bbox 1959 3331 3585 3401">
    <p class='ocr_par' dir='ltr' id='par_1_77' title="bbox 1959 3331 3585 3401">
     <span class='ocr_line' id='line_1_77' title="bbox 1959 3331 3585 3401; baseline 0 -12"><span class='ocrx_word' id='word_1_553' title='bbox 1959 3334 2253 3401; x_wconf 90' lang='lat' dir='ltr'><strong>Hebraico,</strong></span> <span class='ocrx_word' id='word_1_554' title='bbox 2304 3332 2362 3386; x_wconf 91' lang='lat' dir='ltr'><strong>in</strong></span> <span class='ocrx_word' id='word_1_555' title='bbox 2406 3333 2661 3386; x_wconf 61' lang='lat' dir='ltr'><strong>Graecum</strong></span> <span class='ocrx_word' id='word_1_556' title='bbox 2714 3332 2800 3385; x_wconf 90' lang='lat' dir='ltr'><strong>vel</strong></span> <span class='ocrx_word' id='word_1_557' title='bbox 2851 3332 3115 3385; x_wconf 83' lang='lat' dir='ltr'><strong>Latinum</strong></span> <span class='ocrx_word' id='word_1_558' title='bbox 3162 3331 3296 3401; x_wconf 82' lang='grc'>(31),</span> <span class='ocrx_word' id='word_1_559' title='bbox 3357 3336 3585 3389; x_wconf 88' lang='lat' dir='ltr'><strong>tentatio</strong></span> 
     </span>
    </p>
   </div>
   <div class='ocr_carea' id='block_1_78' title="bbox 1955 3429 3581 3502">
    <p class='ocr_par' dir='ltr' id='par_1_78' title="bbox 1955 3429 3581 3502">
     <span class='ocr_line' id='line_1_78' title="bbox 1955 3429 3581 3502; baseline -0.002 -14"><span class='ocrx_word' id='word_1_560' title='bbox 1955 3433 2380 3488; x_wconf 72' lang='lat' dir='ltr'><strong>exacerbationis</strong></span> <span class='ocrx_word' id='word_1_561' title='bbox 2407 3430 2494 3484; x_wconf 87' lang='lat' dir='ltr'><strong>vel</strong></span> <span class='ocrx_word' id='word_1_562' title='bbox 2523 3431 2837 3499; x_wconf 85' lang='lat' dir='ltr'><strong>speculatio,</strong></span> <span class='ocrx_word' id='word_1_563' title='bbox 2869 3445 2934 3483; x_wconf 90' lang='lat' dir='ltr'><strong>eo</strong></span> <span class='ocrx_word' id='word_1_564' title='bbox 2963 3429 3117 3500; x_wconf 91' lang='lat' dir='ltr'><strong>quod</strong></span> <span class='ocrx_word' id='word_1_565' title='bbox 3153 3429 3224 3482; x_wconf 90' lang='lat' dir='ltr'><strong>de</strong></span> <span class='ocrx_word' id='word_1_566' title='bbox 3267 3429 3422 3501; x_wconf 84' lang='lat' dir='ltr'><strong>ligno</strong></span> <span class='ocrx_word' id='word_1_567' title='bbox 3451 3448 3581 3502; x_wconf 90' lang='lat' dir='ltr'><strong>spe-</strong></span> 
     </span>
    </p>
   </div>
   <div class='ocr_carea' id='block_1_79' title="bbox 1955 3527 3260 3586">
    <p class='ocr_par' dir='ltr' id='par_1_79' title="bbox 1955 3527 3260 3586">
     <span class='ocr_line' id='line_1_79' title="bbox 1955 3527 3260 3586; baseline -0.002 -1"><span class='ocrx_word' id='word_1_568' title='bbox 1955 3531 2251 3586; x_wconf 88' lang='lat' dir='ltr'><strong>culabatur</strong></span> <span class='ocrx_word' id='word_1_569' title='bbox 2278 3534 2412 3584; x_wconf 85' lang='lat' dir='ltr'><strong>ante</strong></span> <span class='ocrx_word' id='word_1_570' title='bbox 2444 3545 2500 3582; x_wconf 90' lang='lat' dir='ltr'><strong>se</strong></span> <span class='ocrx_word' id='word_1_571' title='bbox 2529 3533 2736 3582; x_wconf 88' lang='lat' dir='ltr'><strong>stantes</strong></span> <span class='ocrx_word' id='word_1_572' title='bbox 2763 3527 2943 3581; x_wconf 88' lang='lat' dir='ltr'><strong>bonos</strong></span> <span class='ocrx_word' id='word_1_573' title='bbox 2973 3529 3029 3581; x_wconf 88' lang='lat' dir='ltr'><strong>et</strong></span> <span class='ocrx_word' id='word_1_574' title='bbox 3059 3528 3260 3582; x_wconf 88' lang='lat' dir='ltr'><strong>malos.</strong></span> 
     </span>
    </p>
   </div>
   <div class='ocr_carea' id='block_1_80' title="bbox 2026 3621 3584 3691">
    <p class='ocr_par' dir='ltr' id='par_1_80' title="bbox 2026 3621 3584 3691">
     <span class='ocr_line' id='line_1_80' title="bbox 2026 3621 3584 3691; baseline -0.003 -14"><span class='ocrx_word' id='word_1_575' title='bbox 2026 3626 2166 3678; x_wconf 83' lang='lat' dir='ltr'><strong>XIII.</strong></span> <span class='ocrx_word' id='word_1_576' title='bbox 2202 3625 2285 3677; x_wconf 88' lang='lat' dir='ltr'><strong>Ita</strong></span> <span class='ocrx_word' id='word_1_577' title='bbox 2332 3622 2653 3676; x_wconf 90' lang='lat' dir='ltr'><strong>invenimus</strong></span> <span class='ocrx_word' id='word_1_578' title='bbox 2680 3621 2868 3691; x_wconf 88' lang='lat' dir='ltr'><strong>ipsum</strong></span> <span class='ocrx_word' id='word_1_579' title='bbox 2913 3621 3267 3676; x_wconf 88' lang='lat' dir='ltr'><strong>Salvatorem</strong></span> <span class='ocrx_word' id='word_1_580' title='bbox 3296 3637 3402 3691; x_wconf 87' lang='lat' dir='ltr'><strong>per</strong></span> <span class='ocrx_word' id='word_1_581' title='bbox 3427 3623 3584 3677; x_wconf 85' lang='lat' dir='ltr'><strong>Satn-</strong></span> 
     </span>
    </p>
   </div>
   <div class='ocr_carea' id='block_1_81' title="bbox 1956 3716 3583 3787">
    <p class='ocr_par' dir='ltr' id='par_1_81' title="bbox 1956 3716 3583 3787">
     <span class='ocr_line' id='line_1_81' title="bbox 1956 3716 3583 3787; baseline -0.002 -16"><span class='ocrx_word' id='word_1_582' title='bbox 1956 3733 2190 3772; x_wconf 87' lang='lat' dir='ltr'><strong>mouem</strong></span> <span class='ocrx_word' id='word_1_583' title='bbox 2253 3716 2362 3787; x_wconf 82' lang='lat'><strong>(32)</strong></span> <span class='ocrx_word' id='word_1_584' title='bbox 2413 3717 2686 3786; x_wconf 82' lang='lat' dir='ltr'><strong>speculum</strong></span> <span class='ocrx_word' id='word_1_585' title='bbox 2755 3716 3163 3769; x_wconf 84' lang='lat' dir='ltr'><strong>immaculatum</strong></span> <span class='ocrx_word' id='word_1_586' title='bbox 3232 3717 3414 3770; x_wconf 81' lang='lat' dir='ltr'><strong>Patris</strong></span> <span class='ocrx_word' id='word_1_587' title='bbox 3465 3735 3583 3770; x_wconf 57' lang='lat' dir='ltr'><strong>esse</strong></span> 
     </span>
    </p>
   </div>
   <div class='ocr_carea' id='block_1_82' title="bbox 1957 3806 3586 3879">
    <p class='ocr_par' dir='ltr' id='par_1_82' title="bbox 1957 3806 3586 3879">
     <span class='ocr_line' id='line_1_82' title="bbox 1957 3806 3586 3879; baseline -0.001 -14"><span class='ocrx_word' id='word_1_588' title='bbox 1957 3811 2193 3875; x_wconf 89' lang='lat' dir='ltr'><strong>dictum,</strong></span> <span class='ocrx_word' id='word_1_589' title='bbox 2221 3827 2287 3862; x_wconf 90' lang='lat' dir='ltr'><strong>eo</strong></span> <span class='ocrx_word' id='word_1_590' title='bbox 2328 3809 2476 3879; x_wconf 89' lang='lat' dir='ltr'><strong>quod</strong></span> <span class='ocrx_word' id='word_1_591' title='bbox 2519 3808 2762 3878; x_wconf 88' lang='lat' dir='ltr'><strong>Spiritus</strong></span> <span class='ocrx_word' id='word_1_592' title='bbox 2811 3814 3035 3862; x_wconf 85' lang='lat' dir='ltr'><strong>sanctus</strong></span> <span class='ocrx_word' id='word_1_593' title='bbox 3066 3806 3166 3861; x_wconf 88' lang='lat' dir='ltr'><strong>Dei</strong></span> <span class='ocrx_word' id='word_1_594' title='bbox 3207 3808 3380 3862; x_wconf 80' lang='lat' dir='ltr'><strong>Filius</strong></span> <span class='ocrx_word' id='word_1_595' title='bbox 3411 3811 3586 3878; x_wconf 82' lang='lat' dir='ltr'><strong>gemi-</strong></span> 
     </span>
    </p>
   </div>
   <div class='ocr_carea' id='block_1_83' title="bbox 1955 3900 3582 3970">
    <p class='ocr_par' dir='ltr' id='par_1_83' title="bbox 1955 3900 3582 3970">
     <span class='ocr_line' id='line_1_83' title="bbox 1955 3900 3582 3970; baseline -0.002 -10"><span class='ocrx_word' id='word_1_596' title='bbox 1955 3908 2152 3960; x_wconf 86' lang='lat' dir='ltr'><strong>natum</strong></span> <span class='ocrx_word' id='word_1_597' title='bbox 2185 3920 2242 3957; x_wconf 90' lang='lat' dir='ltr'><strong>se</strong></span> <span class='ocrx_word' id='word_1_598' title='bbox 2269 3903 2484 3970; x_wconf 52' lang='lat' dir='ltr'><strong>videat;</strong></span> <span class='ocrx_word' id='word_1_599' title='bbox 2516 3903 2682 3955; x_wconf 88' lang='lat' dir='ltr'><strong>Pater</strong></span> <span class='ocrx_word' id='word_1_600' title='bbox 2719 3901 2775 3954; x_wconf 93' lang='lat' dir='ltr'><strong>in</strong></span> <span class='ocrx_word' id='word_1_601' title='bbox 2817 3901 2954 3954; x_wconf 87' lang='lat' dir='ltr'><strong>Filio</strong></span> <span class='ocrx_word' id='word_1_602' title='bbox 2987 3903 3043 3954; x_wconf 88' lang='lat' dir='ltr'><strong>et</strong></span> <span class='ocrx_word' id='word_1_603' title='bbox 3087 3900 3257 3954; x_wconf 83' lang='lat' dir='ltr'><strong>Filius</strong></span> <span class='ocrx_word' id='word_1_604' title='bbox 3303 3901 3362 3955; x_wconf 89' lang='lat' dir='ltr'><strong>in</strong></span> <span class='ocrx_word' id='word_1_605' title='bbox 3397 3903 3582 3958; x_wconf 80' lang='lat' dir='ltr'><strong>Patre.</strong></span> 
     </span>
    </p>
   </div>
   <div class='ocr_carea' id='block_1_84' title="bbox 1959 3993 3581 4068">
    <p class='ocr_par' dir='ltr' id='par_1_84' title="bbox 1959 3993 3581 4068">
     <span class='ocr_line' id='line_1_84' title="bbox 1959 3993 3581 4068; baseline -0.003 -16"><span class='ocrx_word' id='word_1_606' title='bbox 1959 3999 2185 4068; x_wconf 82' lang='lat' dir='ltr'><strong>utrique</strong></span> <span class='ocrx_word' id='word_1_607' title='bbox 2221 4014 2280 4051; x_wconf 89' lang='lat' dir='ltr'><strong>se</strong></span> <span class='ocrx_word' id='word_1_608' title='bbox 2312 3996 2368 4048; x_wconf 91' lang='lat' dir='ltr'><strong>in</strong></span> <span class='ocrx_word' id='word_1_609' title='bbox 2399 4011 2456 4048; x_wconf 89' lang='lat' dir='ltr'><strong>se</strong></span> <span class='ocrx_word' id='word_1_610' title='bbox 2502 3994 2720 4061; x_wconf 90' lang='lat' dir='ltr'><strong>vident,</strong></span> <span class='ocrx_word' id='word_1_611' title='bbox 2756 3994 2880 4048; x_wconf 90' lang='lat' dir='ltr'><strong>ideo</strong></span> <span class='ocrx_word' id='word_1_612' title='bbox 2908 3993 3200 4064; x_wconf 89' lang='lat' dir='ltr'><strong>speculum</strong></span> <span class='ocrx_word' id='word_1_613' title='bbox 3254 3994 3581 4048; x_wconf 88' lang='lat' dir='ltr'><strong>immacula-</strong></span> 
     </span>
    </p>
   </div>
   <div class='ocr_carea' id='block_1_85' title="bbox 1955 4087 3583 4158">
    <p class='ocr_par' dir='ltr' id='par_1_85' title="bbox 1955 4087 3583 4158">
     <span class='ocr_line' id='line_1_85' title="bbox 1955 4087 3583 4158; baseline -0.003 -11"><span class='ocrx_word' id='word_1_614' title='bbox 1955 4097 2101 4148; x_wconf 84' lang='lat' dir='ltr'><strong>tum.</strong></span> <span class='ocrx_word' id='word_1_615' title='bbox 2146 4091 2288 4144; x_wconf 85' lang='lat' dir='ltr'><strong>Nam</strong></span> <span class='ocrx_word' id='word_1_616' title='bbox 2339 4091 2397 4143; x_wconf 89' lang='lat' dir='ltr'><strong>et</strong></span> <span class='ocrx_word' id='word_1_617' title='bbox 2435 4104 2537 4142; x_wconf 87' lang='lat' dir='ltr'><strong>nos</strong></span> <span class='ocrx_word' id='word_1_618' title='bbox 2581 4087 2678 4158; x_wconf 92' lang='lat' dir='ltr'><strong>qui</strong></span> <span class='ocrx_word' id='word_1_619' title='bbox 2726 4087 2806 4140; x_wconf 90' lang='lat' dir='ltr'><strong>illi</strong></span> <span class='ocrx_word' id='word_1_620' title='bbox 2852 4087 3156 4154; x_wconf 87' lang='lat' dir='ltr'><strong>credimus,</strong></span> <span class='ocrx_word' id='word_1_621' title='bbox 3201 4087 3480 4144; x_wconf 87' lang='lat' dir='ltr'><strong>Christum</strong></span> <span class='ocrx_word' id='word_1_622' title='bbox 3525 4088 3583 4143; x_wconf 90' lang='lat' dir='ltr'><strong>in</strong></span> 
     </span>
    </p>
   </div>
   <div class='ocr_carea' id='block_1_86' title="bbox 1955 4180 3585 4254">
    <p class='ocr_par' dir='ltr' id='par_1_86' title="bbox 1955 4180 3585 4254">
     <span class='ocr_line' id='line_1_86' title="bbox 1955 4180 3585 4254; baseline -0.002 -14"><span class='ocrx_word' id='word_1_623' title='bbox 1955 4185 2120 4240; x_wconf 91' lang='lat' dir='ltr'><strong>nobis</strong></span> <span class='ocrx_word' id='word_1_624' title='bbox 2166 4186 2443 4254; x_wconf 89' lang='lat' dir='ltr'><strong>tanquam</strong></span> <span class='ocrx_word' id='word_1_625' title='bbox 2495 4181 2552 4235; x_wconf 93' lang='lat' dir='ltr'><strong>in</strong></span> <span class='ocrx_word' id='word_1_626' title='bbox 2594 4181 2820 4252; x_wconf 88' lang='lat' dir='ltr'><strong>speculo</strong></span> <span class='ocrx_word' id='word_1_627' title='bbox 2871 4181 3150 4247; x_wconf 88' lang='lat' dir='ltr'><strong>videmus,</strong></span> <span class='ocrx_word' id='word_1_628' title='bbox 3199 4180 3257 4235; x_wconf 90' lang='lat' dir='ltr'><strong>in</strong></span> <span class='ocrx_word' id='word_1_629' title='bbox 3310 4181 3435 4252; x_wconf 91' lang='lat' dir='ltr'><strong>ipso</strong></span> <span class='ocrx_word' id='word_1_630' title='bbox 3480 4200 3585 4237; x_wconf 89' lang='lat' dir='ltr'><strong>nos</strong></span> 
     </span>
    </p>
   </div>
   <div class='ocr_carea' id='block_1_87' title="bbox 1957 4274 3586 4347">
    <p class='ocr_par' dir='ltr' id='par_1_87' title="bbox 1957 4274 3586 4347">
     <span class='ocr_line' id='line_1_87' title="bbox 1957 4274 3586 4347; baseline -0.001 -14"><span class='ocrx_word' id='word_1_631' title='bbox 1957 4279 2274 4333; x_wconf 88' lang='lat' dir='ltr'><strong>instruente</strong></span> <span class='ocrx_word' id='word_1_632' title='bbox 2302 4281 2358 4331; x_wconf 90' lang='lat' dir='ltr'><strong>et</strong></span> <span class='ocrx_word' id='word_1_633' title='bbox 2384 4280 2650 4330; x_wconf 90' lang='lat' dir='ltr'><strong>monente</strong></span> <span class='ocrx_word' id='word_1_634' title='bbox 2679 4275 2735 4329; x_wconf 90' lang='lat' dir='ltr'><strong>in</strong></span> <span class='ocrx_word' id='word_1_635' title='bbox 2776 4274 3024 4346; x_wconf 90' lang='lat' dir='ltr'><strong>Epistola</strong></span> <span class='ocrx_word' id='word_1_636' title='bbox 3052 4275 3285 4330; x_wconf 85' lang='lat' dir='ltr'><strong>Joannis</strong></span> <span class='ocrx_word' id='word_1_637' title='bbox 3324 4275 3586 4347; x_wconf 86' lang='lat' dir='ltr'><strong>discipuli</strong></span> 
     </span>
    </p>
   </div>
   <div class='ocr_carea' id='block_1_88' title="bbox 1956 4365 3584 4438">
    <p class='ocr_par' dir='ltr' id='par_1_88' title="bbox 1956 4365 3584 4438">
     <span class='ocr_line' id='line_1_88' title="bbox 1956 4365 3584 4438; baseline -0.002 -15"><span class='ocrx_word' id='word_1_638' title='bbox 1956 4368 2039 4423; x_wconf 91' lang='lat' dir='ltr'><strong>sui</strong></span> <span class='ocrx_word' id='word_1_639' title='bbox 2075 4367 2182 4438; x_wconf 84' lang='lat'><strong>(33)</strong></span> <span class='ocrx_word' id='word_1_640' title='bbox 2205 4365 2276 4420; x_wconf 90' lang='lat' dir='ltr'><strong>ad</strong></span> <span class='ocrx_word' id='word_1_641' title='bbox 2305 4365 2579 4436; x_wconf 90' lang='lat' dir='ltr'><strong>populum</strong></span> <span class='ocrx_word' id='word_1_642' title='bbox 2618 4382 2628 4417; x_wconf 94' lang='lat'>:</span> <span class='ocrx_word' id='word_1_643' title='bbox 2663 4367 2750 4420; x_wconf 91' lang='lat' dir='ltr'><strong>Ita</strong></span> <span class='ocrx_word' id='word_1_644' title='bbox 2789 4380 2870 4420; x_wconf 91' lang='lat' dir='ltr'><strong>me</strong></span> <span class='ocrx_word' id='word_1_645' title='bbox 2908 4367 2965 4418; x_wconf 92' lang='lat' dir='ltr'><strong>in</strong></span> <span class='ocrx_word' id='word_1_646' title='bbox 3008 4365 3160 4418; x_wconf 83' lang='lat' dir='ltr'><strong>vobis</strong></span> <span class='ocrx_word' id='word_1_647' title='bbox 3206 4365 3400 4427; x_wconf 81' lang='lat' dir='ltr'><strong>videte,</strong></span> <span class='ocrx_word' id='word_1_648' title='bbox 3449 4381 3584 4434; x_wconf 82' lang='lat' dir='ltr'><strong>quo-</strong></span> 
     </span>
    </p>
   </div>
   <div class='ocr_carea' id='block_1_89' title="bbox 1956 4459 3580 4529">
    <p class='ocr_par' dir='ltr' id='par_1_89' title="bbox 1956 4459 3580 4529">
     <span class='ocr_line' id='line_1_89' title="bbox 1956 4459 3580 4529; baseline -0.002 -13"><span class='ocrx_word' id='word_1_649' title='bbox 1956 4461 2111 4516; x_wconf 90' lang='lat' dir='ltr'><strong>modo</strong></span> <span class='ocrx_word' id='word_1_650' title='bbox 2147 4461 2267 4529; x_wconf 90' lang='lat' dir='ltr'><strong>quis</strong></span> <span class='ocrx_word' id='word_1_651' title='bbox 2293 4463 2526 4514; x_wconf 78' lang='lat' dir='ltr'><strong>vestrum</strong></span> <span class='ocrx_word' id='word_1_652' title='bbox 2575 4474 2628 4512; x_wconf 89' lang='lat' dir='ltr'><strong>se</strong></span> <span class='ocrx_word' id='word_1_653' title='bbox 2656 4459 2801 4512; x_wconf 82' lang='lat' dir='ltr'><strong>videt</strong></span> <span class='ocrx_word' id='word_1_654' title='bbox 2845 4459 2902 4511; x_wconf 88' lang='lat' dir='ltr'><strong>in</strong></span> <span class='ocrx_word' id='word_1_655' title='bbox 2941 4474 3088 4526; x_wconf 86' lang='lat' dir='ltr'><strong>aqua</strong></span> <span class='ocrx_word' id='word_1_656' title='bbox 3118 4464 3211 4512; x_wconf 87' lang='lat' dir='ltr'><strong>aut</strong></span> <span class='ocrx_word' id='word_1_657' title='bbox 3241 4460 3300 4512; x_wconf 87' lang='lat' dir='ltr'><strong>in</strong></span> <span class='ocrx_word' id='word_1_658' title='bbox 3325 4459 3538 4528; x_wconf 82' lang='lat' dir='ltr'><strong>speculo</strong></span> <span class='ocrx_word' id='word_1_659' title='bbox 3567 4473 3580 4512; x_wconf 86' lang='lat'><strong>:</strong></span> 
     </span>
    </p>
   </div>
   <div class='ocr_carea' id='block_1_90' title="bbox 213 4538 3584 4630">
    <p class='ocr_par' dir='ltr' id='par_1_90' title="bbox 213 4538 3584 4630">
     <span class='ocr_line' id='line_1_90' title="bbox 213 4538 3584 4630; baseline -0.002 -16"><span class='ocrx_word' id='word_1_660' title='bbox 213 4564 280 4615; x_wconf 84' lang='lat' dir='ltr'><strong>in</strong></span> <span class='ocrx_word' id='word_1_661' title='bbox 311 4565 545 4630; x_wconf 73' lang='lat' dir='ltr'><strong>tempore</strong></span> <span class='ocrx_word' id='word_1_662' title='bbox 567 4576 682 4614; x_wconf 91' lang='lat' dir='ltr'><strong>suo.</strong></span> <span class='ocrx_word' id='word_1_663' title='bbox 711 4560 846 4613; x_wconf 84' lang='lat' dir='ltr'><strong>Ecce</strong></span> <span class='ocrx_word' id='word_1_664' title='bbox 873 4558 1109 4612; x_wconf 88' lang='lat' dir='ltr'><strong>verbum</strong></span> <span class='ocrx_word' id='word_1_665' title='bbox 1141 4557 1537 4628; x_wconf 87' lang='lat' dir='ltr'><strong>propheticum</strong></span> <span class='ocrx_word' id='word_1_666' title='bbox 1561 4599 1573 4623; x_wconf 96' lang='lat'><strong>,</strong></span> <span class='ocrx_word' id='word_1_667' title='bbox 1605 4557 1848 4610; x_wconf 87' lang='lat' dir='ltr'><strong>fructum</strong></span> <span class='ocrx_word' id='word_1_668' title='bbox 1869 4538 1929 4610; x_wconf 86' lang='grc' dir='ltr'>Ῑ)</span> <span class='ocrx_word' id='word_1_669' title='bbox 1953 4561 2008 4610; x_wconf 91' lang='lat' dir='ltr'><strong>et</strong></span> <span class='ocrx_word' id='word_1_670' title='bbox 2053 4554 2357 4609; x_wconf 80' lang='lat' dir='ltr'><strong>conﬁrmat</strong></span> <span class='ocrx_word' id='word_1_671' title='bbox 2395 4551 2813 4606; x_wconf 86' lang='lat' dir='ltr'><strong>Salomonicum</strong></span> <span class='ocrx_word' id='word_1_672' title='bbox 2862 4551 3078 4605; x_wconf 88' lang='lat' dir='ltr'><strong>dictum</strong></span> <span class='ocrx_word' id='word_1_673' title='bbox 3122 4551 3190 4606; x_wconf 89' lang='lat' dir='ltr'><strong>de</strong></span> <span class='ocrx_word' id='word_1_674' title='bbox 3240 4568 3299 4606; x_wconf 89' lang='lat' dir='ltr'><strong>se</strong></span> <span class='ocrx_word' id='word_1_675' title='bbox 3333 4551 3528 4606; x_wconf 90' lang='lat' dir='ltr'><strong>dicens</strong></span> <span class='ocrx_word' id='word_1_676' title='bbox 3569 4591 3584 4619; x_wconf 93' lang='lat'><strong>,</strong></span> 
     </span>
    </p>
   </div>
   <div class='ocr_carea' id='block_1_91' title="bbox 213 4650 1849 4723">
    <p class='ocr_par' dir='ltr' id='par_1_91' title="bbox 213 4650 1849 4723">
     <span class='ocr_line' id='line_1_91' title="bbox 213 4650 1849 4723; baseline -0.002 -15"><span class='ocrx_word' id='word_1_677' title='bbox 213 4653 652 4709; x_wconf 86' lang='lat' dir='ltr'><strong>resurrectionis</strong></span> <span class='ocrx_word' id='word_1_678' title='bbox 689 4653 780 4707; x_wconf 90' lang='lat' dir='ltr'><strong>die</strong></span> <span class='ocrx_word' id='word_1_679' title='bbox 819 4652 985 4707; x_wconf 90' lang='lat' dir='ltr'><strong>tertia</strong></span> <span class='ocrx_word' id='word_1_680' title='bbox 1037 4651 1368 4723; x_wconf 84' lang='lat' dir='ltr'><strong>spiritatiter</strong></span> <span class='ocrx_word' id='word_1_681' title='bbox 1413 4650 1849 4721; x_wconf 88' lang='lat' dir='ltr'><strong>intelligendum</strong></span> 
     </span>
    </p>
   </div>
   <div class='ocr_carea' id='block_1_92' title="bbox 211 4744 1847 4816">
    <p class='ocr_par' dir='ltr' id='par_1_92' title="bbox 211 4744 1847 4816">
     <span class='ocr_line' id='line_1_92' title="bbox 211 4744 1847 4816; baseline -0.004 -12"><span class='ocrx_word' id='word_1_682' title='bbox 211 4748 461 4804; x_wconf 80' lang='lat' dir='ltr'><strong>dicentis</strong></span> <span class='ocrx_word' id='word_1_683' title='bbox 499 4763 512 4804; x_wconf 86' lang='lat'><strong>:</strong></span> <span class='ocrx_word' id='word_1_684' title='bbox 545 4751 617 4803; x_wconf 89' lang='lat' dir='ltr'><strong>De</strong></span> <span class='ocrx_word' id='word_1_685' title='bbox 667 4749 798 4805; x_wconf 88' lang='lat' dir='ltr'><strong>Sion</strong></span> <span class='ocrx_word' id='word_1_686' title='bbox 841 4749 980 4802; x_wconf 72' lang='lat' dir='ltr'><strong>exiet</strong></span> <span class='ocrx_word' id='word_1_687' title='bbox 1019 4747 1124 4816; x_wconf 71' lang='lat' dir='ltr'><strong>lem,</strong></span> <span class='ocrx_word' id='word_1_688' title='bbox 1157 4747 1264 4800; x_wconf 89' lang='lat' dir='ltr'><strong>hoc</strong></span> <span class='ocrx_word' id='word_1_689' title='bbox 1310 4747 1396 4800; x_wconf 88' lang='lat' dir='ltr'><strong>est</strong></span> <span class='ocrx_word' id='word_1_690' title='bbox 1450 4745 1521 4800; x_wconf 90' lang='lat' dir='ltr'><strong>de</strong></span> <span class='ocrx_word' id='word_1_691' title='bbox 1565 4744 1720 4816; x_wconf 88' lang='lat' dir='ltr'><strong>ligno</strong></span> <span class='ocrx_word' id='word_1_692' title='bbox 1760 4760 1847 4799; x_wconf 91' lang='lat' dir='ltr'><strong>re-</strong></span> 
     </span>
    </p>
   </div>
   <div class='ocr_carea' id='block_1_93' title="bbox 1951 4644 3127 4718">
    <p class='ocr_par' dir='ltr' id='par_1_93' title="bbox 1951 4644 3127 4718">
     <span class='ocr_line' id='line_1_93' title="bbox 1951 4644 3127 4718; baseline -0.006 -13"><span class='ocrx_word' id='word_1_693' title='bbox 1951 4651 2057 4718; x_wconf 88' lang='lat' dir='ltr'><strong>Qui</strong></span> <span class='ocrx_word' id='word_1_694' title='bbox 2093 4653 2168 4704; x_wconf 87' lang='lat' dir='ltr'><strong>est</strong></span> <span class='ocrx_word' id='word_1_695' title='bbox 2193 4646 2466 4716; x_wconf 83' lang='lat' dir='ltr'><strong>speculum</strong></span> <span class='ocrx_word' id='word_1_696' title='bbox 2489 4644 2898 4699; x_wconf 88' lang='lat' dir='ltr'><strong>immaculatum</strong></span> <span class='ocrx_word' id='word_1_697' title='bbox 2926 4646 3127 4698; x_wconf 79' lang='lat' dir='ltr'><strong>Patris.</strong></span> 
     </span>
    </p>
   </div>
   <div class='ocr_carea' id='block_1_94' title="bbox 2021 4731 3584 4799">
    <p class='ocr_par' dir='ltr' id='par_1_94' title="bbox 2021 4731 3584 4799">
     <span class='ocr_line' id='line_1_94' title="bbox 2021 4731 3584 4799; baseline 0.001 -1"><span class='ocrx_word' id='word_1_698' title='bbox 2021 4743 2154 4798; x_wconf 86' lang='lat' dir='ltr'><strong>XIV.</strong></span> <span class='ocrx_word' id='word_1_699' title='bbox 2187 4742 2392 4795; x_wconf 89' lang='lat' dir='ltr'><strong>Verum</strong></span> <span class='ocrx_word' id='word_1_700' title='bbox 2421 4731 2591 4793; x_wconf 84' lang='lat' dir='ltr'><strong>etiam</strong></span> <span class='ocrx_word' id='word_1_701' title='bbox 2620 4740 2677 4793; x_wconf 93' lang='lat' dir='ltr'><strong>et</strong></span> <span class='ocrx_word' id='word_1_702' title='bbox 2706 4737 2875 4792; x_wconf 87' lang='lat' dir='ltr'><strong>vitem</strong></span> <span class='ocrx_word' id='word_1_703' title='bbox 2907 4743 3182 4794; x_wconf 67' lang='lat' dir='ltr'><strong>aeternam</strong></span> <span class='ocrx_word' id='word_1_704' title='bbox 3211 4744 3268 4794; x_wconf 90' lang='lat' dir='ltr'><strong>et</strong></span> <span class='ocrx_word' id='word_1_705' title='bbox 3296 4755 3490 4794; x_wconf 86' lang='lat' dir='ltr'><strong>veram</strong></span> <span class='ocrx_word' id='word_1_706' title='bbox 3524 4759 3584 4799; x_wconf 91' lang='lat' dir='ltr'><strong>se</strong></span> 
     </span>
    </p>
   </div>
   <div class='ocr_carea' id='block_1_95' title="bbox 1597 4917 2189 4987">
    <p class='ocr_par' dir='ltr' id='par_1_95' title="bbox 1597 4917 2189 4987">
     <span class='ocr_line' id='line_1_95' title="bbox 1597 4917 2189 4987; baseline -0.012 0"><span class='ocrx_word' id='word_1_707' title='bbox 1597 4917 1947 4987; x_wconf 84' lang='lat' dir='ltr'><strong>Variorum</strong></span> <span class='ocrx_word' id='word_1_708' title='bbox 1989 4922 2189 4984; x_wconf 63' lang='lat' dir='ltr'><strong>notae.</strong></span> 
     </span>
    </p>
   </div>
   <div class='ocr_carea' id='block_1_96' title="bbox 282 5086 1828 5161">
    <p class='ocr_par' dir='ltr' id='par_1_96' title="bbox 282 5086 1828 5161">
     <span class='ocr_line' id='line_1_96' title="bbox 282 5086 1828 5161; baseline -0.006 -12"><span class='ocrx_word' id='word_1_709' title='bbox 282 5097 382 5161; x_wconf 75' lang='lat'><strong>(28)</strong></span> <span class='ocrx_word' id='word_1_710' title='bbox 410 5096 494 5148; x_wconf 86' lang='lat' dir='ltr'><strong>Sic</strong></span> <span class='ocrx_word' id='word_1_711' title='bbox 520 5109 646 5147; x_wconf 85' lang='lat' dir='ltr'><strong>vero</strong></span> <span class='ocrx_word' id='word_1_712' title='bbox 678 5101 724 5146; x_wconf 81' lang='lat' dir='ltr'><strong>et</strong></span> <span class='ocrx_word' id='word_1_713' title='bbox 755 5094 900 5145; x_wconf 82' lang='lat' dir='ltr'><strong>alius</strong></span> <span class='ocrx_word' id='word_1_714' title='bbox 924 5089 1196 5159; x_wconf 81' lang='lat' dir='ltr'><strong>propheta.</strong></span> <span class='ocrx_word' id='word_1_715' title='bbox 1241 5086 1540 5153; x_wconf 87' lang='lat' dir='ltr'><strong>Manutius,</strong></span> <span class='ocrx_word' id='word_1_716' title='bbox 1573 5103 1747 5142; x_wconf 84' lang='lat' dir='ltr'><strong>verum</strong></span> <span class='ocrx_word' id='word_1_717' title='bbox 1783 5091 1828 5140; x_wconf 85' lang='lat' dir='ltr'><strong>et</strong></span> 
     </span>
    </p>
   </div>
   <div class='ocr_carea' id='block_1_97' title="bbox 214 5164 1851 5228">
    <p class='ocr_par' dir='ltr' id='par_1_97' title="bbox 214 5164 1851 5228">
     <span class='ocr_line' id='line_1_97' title="bbox 214 5164 1851 5228; baseline -0.007 -6"><span class='ocrx_word' id='word_1_718' title='bbox 214 5171 386 5228; x_wconf 83' lang='lat' dir='ltr'><strong>alius,</strong></span> <span class='ocrx_word' id='word_1_719' title='bbox 416 5169 511 5219; x_wconf 86' lang='lat' dir='ltr'><strong>sed</strong></span> <span class='ocrx_word' id='word_1_720' title='bbox 542 5168 681 5218; x_wconf 89' lang='lat' dir='ltr'><strong>illud</strong></span> <span class='ocrx_word' id='word_1_721' title='bbox 708 5167 914 5216; x_wconf 88' lang='lat' dir='ltr'><strong>habent</strong></span> <span class='ocrx_word' id='word_1_722' title='bbox 938 5178 1066 5214; x_wconf 86' lang='lat' dir='ltr'><strong>mss.</strong></span> <span class='ocrx_word' id='word_1_723' title='bbox 1094 5164 1283 5213; x_wconf 90' lang='lat' dir='ltr'><strong>nostri.</strong></span> <span class='ocrx_word' id='word_1_724' title='bbox 1313 5164 1514 5214; x_wconf 84' lang='lat' dir='ltr'><strong>Mirum</strong></span> <span class='ocrx_word' id='word_1_725' title='bbox 1543 5167 1727 5214; x_wconf 87' lang='lat' dir='ltr'><strong>autem</strong></span> <span class='ocrx_word' id='word_1_726' title='bbox 1765 5164 1851 5212; x_wconf 89' lang='lat' dir='ltr'><strong>est</strong></span> 
     </span>
    </p>
   </div>
   <div class='ocr_carea' id='block_1_98' title="bbox 214 5231 1848 5310">
    <p class='ocr_par' dir='ltr' id='par_1_98' title="bbox 214 5231 1848 5310">
     <span class='ocr_line' id='line_1_98' title="bbox 214 5231 1848 5310; baseline -0.008 -16"><span class='ocrx_word' id='word_1_727' title='bbox 214 5243 375 5310; x_wconf 85' lang='lat' dir='ltr'><strong>quod</strong></span> <span class='ocrx_word' id='word_1_728' title='bbox 418 5242 588 5291; x_wconf 86' lang='lat' dir='ltr'><strong>alium</strong></span> <span class='ocrx_word' id='word_1_729' title='bbox 629 5240 954 5303; x_wconf 82' lang='lat' dir='ltr'><strong>prophetam</strong></span> <span class='ocrx_word' id='word_1_730' title='bbox 995 5236 1162 5297; x_wconf 84' lang='lat' dir='ltr'><strong>dicat,</strong></span> <span class='ocrx_word' id='word_1_731' title='bbox 1208 5249 1339 5285; x_wconf 90' lang='lat' dir='ltr'><strong>cum</strong></span> <span class='ocrx_word' id='word_1_732' title='bbox 1387 5235 1536 5286; x_wconf 89' lang='lat' dir='ltr'><strong>idem</strong></span> <span class='ocrx_word' id='word_1_733' title='bbox 1582 5232 1762 5284; x_wconf 88' lang='lat' dir='ltr'><strong>David</strong></span> <span class='ocrx_word' id='word_1_734' title='bbox 1795 5231 1848 5282; x_wconf 90' lang='lat' dir='ltr'><strong>id</strong></span> 
     </span>
    </p>
   </div>
   <div class='ocr_carea' id='block_1_99' title="bbox 213 5312 862 5382">
    <p class='ocr_par' dir='ltr' id='par_1_99' title="bbox 213 5312 862 5382">
     <span class='ocr_line' id='line_1_99' title="bbox 213 5312 862 5382; baseline -0.015 -14"><span class='ocrx_word' id='word_1_735' title='bbox 213 5313 607 5382; x_wconf 85' lang='lat' dir='ltr'><strong>pronuntiarit.</strong></span> <span class='ocrx_word' id='word_1_736' title='bbox 641 5312 862 5361; x_wconf 77' lang='lat' dir='ltr'><strong>PAMEL.</strong></span> 
     </span>
    </p>
   </div>
   <div class='ocr_carea' id='block_1_100' title="bbox 279 5376 1850 5450">
    <p class='ocr_par' dir='ltr' id='par_1_100' title="bbox 279 5376 1850 5450">
     <span class='ocr_line' id='line_1_100' title="bbox 279 5376 1850 5450; baseline -0.007 -15"><span class='ocrx_word' id='word_1_737' title='bbox 279 5387 379 5450; x_wconf 73' lang='lat'><strong>(~29)</strong></span> <span class='ocrx_word' id='word_1_738' title='bbox 423 5386 488 5434; x_wconf 85' lang='lat' dir='ltr'><strong>Et</strong></span> <span class='ocrx_word' id='word_1_739' title='bbox 532 5397 640 5432; x_wconf 87' lang='lat' dir='ltr'><strong>non</strong></span> <span class='ocrx_word' id='word_1_740' title='bbox 669 5383 879 5446; x_wconf 83' lang='lat' dir='ltr'><strong>juravit</strong></span> <span class='ocrx_word' id='word_1_741' title='bbox 919 5378 1149 5431; x_wconf 82' lang='lat' dir='ltr'><strong>subdole.</strong></span> <span class='ocrx_word' id='word_1_742' title='bbox 1189 5378 1331 5430; x_wconf 88' lang='lat' dir='ltr'><strong>Cum</strong></span> <span class='ocrx_word' id='word_1_743' title='bbox 1386 5379 1467 5429; x_wconf 87' lang='lat' dir='ltr'><strong>sic</strong></span> <span class='ocrx_word' id='word_1_744' title='bbox 1519 5379 1667 5443; x_wconf 86' lang='lat' dir='ltr'><strong>legat</strong></span> <span class='ocrx_word' id='word_1_745' title='bbox 1718 5376 1850 5450; x_wconf 84' lang='lat' dir='ltr'><strong>alibi</strong></span> 
     </span>
    </p>
   </div>
   <div class='ocr_carea' id='block_1_101' title="bbox 214 5449 1852 5523">
    <p class='ocr_par' dir='ltr' id='par_1_101' title="bbox 214 5449 1852 5523">
     <span class='ocr_line' id='line_1_101' title="bbox 214 5449 1852 5523; baseline -0.006 -16"><span class='ocrx_word' id='word_1_746' title='bbox 214 5449 556 5523; x_wconf 66' lang='lat' dir='ltr'><strong>cyprianus,</strong></span> <span class='ocrx_word' id='word_1_747' title='bbox 598 5456 708 5506; x_wconf 90' lang='lat' dir='ltr'><strong>hoc</strong></span> <span class='ocrx_word' id='word_1_748' title='bbox 758 5455 904 5504; x_wconf 90' lang='lat' dir='ltr'><strong>malo</strong></span> <span class='ocrx_word' id='word_1_749' title='bbox 955 5465 1084 5502; x_wconf 90' lang='lat' dir='ltr'><strong>cum</strong></span> <span class='ocrx_word' id='word_1_750' title='bbox 1131 5451 1306 5523; x_wconf 86' lang='lat' dir='ltr'><strong>tribus</strong></span> <span class='ocrx_word' id='word_1_751' title='bbox 1355 5455 1588 5523; x_wconf 78' lang='lat' dir='ltr'><strong>mss._et</strong></span> <span class='ocrx_word' id='word_1_752' title='bbox 1624 5449 1852 5523; x_wconf 84' lang='lat' dir='ltr'><strong>excusis</strong></span> 
     </span>
    </p>
   </div>
   <div class='ocr_carea' id='block_1_102' title="bbox 209 5521 1852 5592">
    <p class='ocr_par' dir='ltr' id='par_1_102' title="bbox 209 5521 1852 5592">
     <span class='ocr_line' id='line_1_102' title="bbox 209 5521 1852 5592; baseline -0.007 -11"><span class='ocrx_word' id='word_1_753' title='bbox 209 5521 478 5592; x_wconf 76' lang='lat' dir='ltr'><strong>vulgatis,</strong></span> <span class='ocrx_word' id='word_1_754' title='bbox 505 5541 669 5592; x_wconf 86' lang='lat' dir='ltr'><strong>quam</strong></span> <span class='ocrx_word' id='word_1_755' title='bbox 702 5529 758 5575; x_wconf 84' lang='lat' dir='ltr'><strong>in</strong></span> <span class='ocrx_word' id='word_1_756' title='bbox 781 5524 900 5576; x_wconf 86' lang='lat' dir='ltr'><strong>dolo</strong></span> <span class='ocrx_word' id='word_1_757' title='bbox 929 5537 1057 5574; x_wconf 92' lang='lat' dir='ltr'><strong>cum</strong></span> <span class='ocrx_word' id='word_1_758' title='bbox 1085 5522 1404 5584; x_wconf 88' lang='lat' dir='ltr'><strong>Cambron.,</strong></span> <span class='ocrx_word' id='word_1_759' title='bbox 1429 5521 1524 5572; x_wconf 84' lang='lat' dir='ltr'><strong>sub</strong></span> <span class='ocrx_word' id='word_1_760' title='bbox 1557 5521 1695 5583; x_wconf 88' lang='lat' dir='ltr'><strong>dolo,</strong></span> <span class='ocrx_word' id='word_1_761' title='bbox 1723 5533 1852 5571; x_wconf 87' lang='lat' dir='ltr'><strong>cum</strong></span> 
     </span>
    </p>
   </div>
   <div class='ocr_carea' id='block_1_103' title="bbox 211 5599 736 5654">
    <p class='ocr_par' dir='ltr' id='par_1_103' title="bbox 211 5599 736 5654">
     <span class='ocr_line' id='line_1_103' title="bbox 211 5599 736 5654; baseline -0.017 0"><span class='ocrx_word' id='word_1_762' title='bbox 211 5600 488 5654; x_wconf 79' lang='lat' dir='ltr'><strong>Manutio.</strong></span> <span class='ocrx_word' id='word_1_763' title='bbox 517 5599 736 5648; x_wconf 78' lang='lat' dir='ltr'><strong>PAMEL.</strong></span> 
     </span>
    </p>
   </div>
   <div class='ocr_carea' id='block_1_104' title="bbox 281 5666 1854 5734">
    <p class='ocr_par' dir='ltr' id='par_1_104' title="bbox 281 5666 1854 5734">
     <span class='ocr_line' id='line_1_104' title="bbox 281 5666 1854 5734; baseline -0.008 -10"><span class='ocrx_word' id='word_1_764' title='bbox 281 5672 381 5734; x_wconf 71' lang='grc'>(30)</span> <span class='ocrx_word' id='word_1_765' title='bbox 413 5670 735 5721; x_wconf 81' lang='lat' dir='ltr'><strong>Hierusalem</strong></span> <span class='ocrx_word' id='word_1_766' title='bbox 763 5669 908 5720; x_wconf 84' lang='lat' dir='ltr'><strong>dicit.</strong></span> <span class='ocrx_word' id='word_1_767' title='bbox 947 5667 1109 5730; x_wconf 87' lang='lat' dir='ltr'><strong>Quod</strong></span> <span class='ocrx_word' id='word_1_768' title='bbox 1149 5667 1426 5731; x_wconf 86' lang='lat' dir='ltr'><strong>adjecerat</strong></span> <span class='ocrx_word' id='word_1_769' title='bbox 1464 5666 1751 5724; x_wconf 90' lang='lat' dir='ltr'><strong>Erasmus,</strong></span> <span class='ocrx_word' id='word_1_770' title='bbox 1789 5667 1854 5712; x_wconf 91' lang='lat' dir='ltr'><strong>ut</strong></span> 
     </span>
    </p>
   </div>
   <div class='ocr_carea' id='block_1_105' title="bbox 212 5734 1850 5805">
    <p class='ocr_par' dir='ltr' id='par_1_105' title="bbox 212 5734 1850 5805">
     <span class='ocr_line' id='line_1_105' title="bbox 212 5734 1850 5805; baseline -0.007 -10"><span class='ocrx_word' id='word_1_771' title='bbox 212 5758 422 5796; x_wconf 84' lang='lat' dir='ltr'><strong>sensus</strong></span> <span class='ocrx_word' id='word_1_772' title='bbox 445 5740 824 5802; x_wconf 87' lang='lat' dir='ltr'><strong>constaret,de</strong></span> <span class='ocrx_word' id='word_1_773' title='bbox 855 5754 964 5805; x_wconf 89' lang='lat' dir='ltr'><strong>qua</strong></span> <span class='ocrx_word' id='word_1_774' title='bbox 993 5739 1194 5789; x_wconf 88' lang='lat' dir='ltr'><strong>dicitur</strong></span> <span class='ocrx_word' id='word_1_775' title='bbox 1220 5743 1272 5789; x_wconf 90' lang='lat' dir='ltr'><strong>in</strong></span> <span class='ocrx_word' id='word_1_776' title='bbox 1303 5737 1634 5802; x_wconf 80' lang='lat' dir='ltr'><strong>Apocalypsi</strong></span> <span class='ocrx_word' id='word_1_777' title='bbox 1665 5752 1676 5785; x_wconf 88' lang='lat'><strong>:</strong></span> <span class='ocrx_word' id='word_1_778' title='bbox 1719 5734 1850 5785; x_wconf 80' lang='lat' dir='ltr'><strong>Vidi.</strong></span> 
     </span>
    </p>
   </div>
   <div class='ocr_carea' id='block_1_106' title="bbox 209 5809 1855 5876">
    <p class='ocr_par' dir='ltr' id='par_1_106' title="bbox 209 5809 1855 5876">
     <span class='ocr_line' id='line_1_106' title="bbox 209 5809 1855 5876; baseline -0.007 -7"><span class='ocrx_word' id='word_1_779' title='bbox 209 5817 372 5869; x_wconf 85' lang='lat' dir='ltr'><strong>Nulli</strong></span> <span class='ocrx_word' id='word_1_780' title='bbox 404 5815 608 5865; x_wconf 70' lang='lat' dir='ltr'><strong>habent</strong></span> <span class='ocrx_word' id='word_1_781' title='bbox 638 5827 803 5871; x_wconf 74' lang='lat' dir='ltr'><strong>mss;</strong></span> <span class='ocrx_word' id='word_1_782' title='bbox 841 5811 934 5862; x_wconf 86' lang='lat' dir='ltr'><strong>sed</strong></span> <span class='ocrx_word' id='word_1_783' title='bbox 964 5812 1131 5876; x_wconf 80' lang='lat' dir='ltr'><strong>prius,</strong></span> <span class='ocrx_word' id='word_1_784' title='bbox 1164 5824 1293 5862; x_wconf 90' lang='lat' dir='ltr'><strong>cum</strong></span> <span class='ocrx_word' id='word_1_785' title='bbox 1320 5809 1432 5860; x_wconf 85' lang='lat' dir='ltr'><strong>illis</strong></span> <span class='ocrx_word' id='word_1_786' title='bbox 1465 5810 1659 5874; x_wconf 86' lang='lat' dir='ltr'><strong>legunt</strong></span> <span class='ocrx_word' id='word_1_787' title='bbox 1693 5811 1855 5858; x_wconf 80' lang='lat' dir='ltr'><strong>vete-</strong></span> 
     </span>
    </p>
   </div>
   <div class='ocr_carea' id='block_1_107' title="bbox 214 5885 966 5945">
    <p class='ocr_par' dir='ltr' id='par_1_107' title="bbox 214 5885 966 5945">
     <span class='ocr_line' id='line_1_107' title="bbox 214 5885 966 5945; baseline -0.013 0"><span class='ocrx_word' id='word_1_788' title='bbox 214 5903 306 5945; x_wconf 84' lang='lat' dir='ltr'><strong>res</strong></span> <span class='ocrx_word' id='word_1_789' title='bbox 340 5888 530 5942; x_wconf 82' lang='lat' dir='ltr'><strong>excusi</strong></span> <span class='ocrx_word' id='word_1_790' title='bbox 554 5885 711 5938; x_wconf 86' lang='lat' dir='ltr'><strong>codd.</strong></span> <span class='ocrx_word' id='word_1_791' title='bbox 746 5887 966 5937; x_wconf 78' lang='lat' dir='ltr'><strong>PAMEL.</strong></span> 
     </span>
    </p>
   </div>
   <div class='ocr_carea' id='block_1_108' title="bbox 1994 5078 3568 5151">
    <p class='ocr_par' dir='ltr' id='par_1_108' title="bbox 1994 5078 3568 5151">
     <span class='ocr_line' id='line_1_108' title="bbox 1994 5078 3568 5151; baseline -0.003 -13"><span class='ocrx_word' id='word_1_792' title='bbox 1994 5088 2092 5151; x_wconf 86' lang='lat'><strong>(3|)</strong></span> <span class='ocrx_word' id='word_1_793' title='bbox 2124 5088 2198 5136; x_wconf 84' lang='lat' dir='ltr'><strong>De</strong></span> <span class='ocrx_word' id='word_1_794' title='bbox 2228 5080 2484 5136; x_wconf 81' lang='lat' dir='ltr'><strong>Hebraico</strong></span> <span class='ocrx_word' id='word_1_795' title='bbox 2530 5080 2588 5132; x_wconf 86' lang='lat' dir='ltr'><strong>in</strong></span> <span class='ocrx_word' id='word_1_796' title='bbox 2618 5079 2871 5144; x_wconf 55' lang='lat' dir='ltr'><strong>Grecam,</strong></span> <span class='ocrx_word' id='word_1_797' title='bbox 2913 5080 2995 5131; x_wconf 82' lang='lat' dir='ltr'><strong>vel</strong></span> <span class='ocrx_word' id='word_1_798' title='bbox 3036 5083 3092 5131; x_wconf 82' lang='lat' dir='ltr'><strong>in</strong></span> <span class='ocrx_word' id='word_1_799' title='bbox 3122 5078 3380 5132; x_wconf 78' lang='lat' dir='ltr'><strong>Latinum.</strong></span> <span class='ocrx_word' id='word_1_800' title='bbox 3415 5078 3568 5134; x_wconf 89' lang='lat' dir='ltr'><strong>Istud</strong></span> 
     </span>
    </p>
   </div>
   <div class='ocr_carea' id='block_1_109' title="bbox 1951 5153 3588 5218">
    <p class='ocr_par' dir='ltr' id='par_1_109' title="bbox 1951 5153 3588 5218">
     <span class='ocr_line' id='line_1_109' title="bbox 1951 5153 3588 5218; baseline -0.003 -9"><span class='ocrx_word' id='word_1_801' title='bbox 1951 5173 2020 5210; x_wconf 81' lang='lat' dir='ltr'><strong>ex</strong></span> <span class='ocrx_word' id='word_1_802' title='bbox 2061 5158 2238 5208; x_wconf 85' lang='lat' dir='ltr'><strong>tribus</strong></span> <span class='ocrx_word' id='word_1_803' title='bbox 2289 5156 2412 5206; x_wconf 86' lang='lat' dir='ltr'><strong>aliis</strong></span> <span class='ocrx_word' id='word_1_804' title='bbox 2453 5168 2584 5204; x_wconf 90' lang='lat' dir='ltr'><strong>mss.</strong></span> <span class='ocrx_word' id='word_1_805' title='bbox 2635 5168 2733 5218; x_wconf 91' lang='lat' dir='ltr'><strong>pro</strong></span> <span class='ocrx_word' id='word_1_806' title='bbox 2776 5167 2840 5203; x_wconf 92' lang='lat' dir='ltr'><strong>eo</strong></span> <span class='ocrx_word' id='word_1_807' title='bbox 2885 5153 3035 5218; x_wconf 88' lang='lat' dir='ltr'><strong>quod</strong></span> <span class='ocrx_word' id='word_1_808' title='bbox 3063 5156 3194 5210; x_wconf 80' lang='lat' dir='ltr'><strong>erat,</strong></span> <span class='ocrx_word' id='word_1_809' title='bbox 3232 5154 3289 5202; x_wconf 85' lang='lat' dir='ltr'><strong>in</strong></span> <span class='ocrx_word' id='word_1_810' title='bbox 3332 5153 3510 5205; x_wconf 64' lang='lat' dir='ltr'><strong>erco</strong></span> <span class='ocrx_word' id='word_1_811' title='bbox 3541 5160 3588 5204; x_wconf 86' lang='lat' dir='ltr'><strong>et</strong></span> 
     </span>
    </p>
   </div>
   <div class='ocr_carea' id='block_1_110' title="bbox 1951 5224 3586 5286">
    <p class='ocr_par' dir='ltr' id='par_1_110' title="bbox 1951 5224 3586 5286">
     <span class='ocr_line' id='line_1_110' title="bbox 1951 5224 3586 5286; baseline -0.003 -5"><span class='ocrx_word' id='word_1_812' title='bbox 1951 5231 2157 5281; x_wconf 83' lang='lat' dir='ltr'><strong>Latino.</strong></span> <span class='ocrx_word' id='word_1_813' title='bbox 2185 5229 2394 5278; x_wconf 87' lang='lat' dir='ltr'><strong>Tamen</strong></span> <span class='ocrx_word' id='word_1_814' title='bbox 2426 5227 2585 5277; x_wconf 90' lang='lat' dir='ltr'><strong>locus</strong></span> <span class='ocrx_word' id='word_1_815' title='bbox 2610 5225 2792 5275; x_wconf 86' lang='lat' dir='ltr'><strong>adhuc</strong></span> <span class='ocrx_word' id='word_1_816' title='bbox 2833 5225 3123 5275; x_wconf 87' lang='lat' dir='ltr'><strong>obscurus.</strong></span> <span class='ocrx_word' id='word_1_817' title='bbox 3155 5224 3293 5286; x_wconf 69' lang='lat' dir='ltr'><strong>Quae</strong></span> <span class='ocrx_word' id='word_1_818' title='bbox 3328 5239 3458 5275; x_wconf 85' lang='lat' dir='ltr'><strong>vero</strong></span> <span class='ocrx_word' id='word_1_819' title='bbox 3498 5239 3586 5276; x_wconf 88' lang='lat' dir='ltr'><strong>se-</strong></span> 
     </span>
    </p>
   </div>
   <div class='ocr_carea' id='block_1_111' title="bbox 1952 5295 3376 5365">
    <p class='ocr_par' dir='ltr' id='par_1_111' title="bbox 1952 5295 3376 5365">
     <span class='ocr_line' id='line_1_111' title="bbox 1952 5295 3376 5365; baseline -0.003 -15"><span class='ocrx_word' id='word_1_820' title='bbox 1952 5305 2200 5365; x_wconf 89' lang='lat' dir='ltr'><strong>quuntur</strong></span> <span class='ocrx_word' id='word_1_821' title='bbox 2229 5297 2583 5362; x_wconf 86' lang='lat' dir='ltr'><strong>intelligenda</strong></span> <span class='ocrx_word' id='word_1_822' title='bbox 2605 5302 2735 5346; x_wconf 86' lang='lat' dir='ltr'><strong>sunt</strong></span> <span class='ocrx_word' id='word_1_823' title='bbox 2765 5299 2904 5346; x_wconf 89' lang='lat' dir='ltr'><strong>sicut</strong></span> <span class='ocrx_word' id='word_1_824' title='bbox 2935 5309 3115 5358; x_wconf 87' lang='lat' dir='ltr'><strong>supra.</strong></span> <span class='ocrx_word' id='word_1_825' title='bbox 3155 5295 3376 5346; x_wconf 77' lang='lat' dir='ltr'><strong>PAMEL.</strong></span> 
     </span>
    </p>
   </div>
   <div class='ocr_carea' id='block_1_112' title="bbox 2018 5367 3586 5434">
    <p class='ocr_par' dir='ltr' id='par_1_112' title="bbox 2018 5367 3586 5434">
     <span class='ocr_line' id='line_1_112' title="bbox 2018 5367 3586 5434; baseline -0.002 -12"><span class='ocrx_word' id='word_1_826' title='bbox 2018 5373 2112 5434; x_wconf 77' lang='lat'><strong>(32)</strong></span> <span class='ocrx_word' id='word_1_827' title='bbox 2144 5373 2244 5421; x_wconf 81' lang='lat' dir='ltr'><strong>Per</strong></span> <span class='ocrx_word' id='word_1_828' title='bbox 2274 5369 2619 5420; x_wconf 84' lang='lat' dir='ltr'><strong>Salomonem.</strong></span> <span class='ocrx_word' id='word_1_829' title='bbox 2650 5369 2719 5417; x_wconf 93' lang='lat' dir='ltr'><strong>Et</strong></span> <span class='ocrx_word' id='word_1_830' title='bbox 2754 5367 2843 5417; x_wconf 86' lang='lat' dir='ltr'><strong>hic</strong></span> <span class='ocrx_word' id='word_1_831' title='bbox 2874 5371 2928 5415; x_wconf 89' lang='lat' dir='ltr'><strong>et</strong></span> <span class='ocrx_word' id='word_1_832' title='bbox 2965 5371 3126 5416; x_wconf 86' lang='lat' dir='ltr'><strong>antea</strong></span> <span class='ocrx_word' id='word_1_833' title='bbox 3174 5368 3400 5418; x_wconf 86' lang='lat' dir='ltr'><strong>ascribit</strong></span> <span class='ocrx_word' id='word_1_834' title='bbox 3430 5369 3586 5419; x_wconf 81' lang='lat' dir='ltr'><strong>Salo-</strong></span> 
     </span>
    </p>
   </div>
   <div class='ocr_carea' id='block_1_113' title="bbox 1953 5438 3180 5504">
    <p class='ocr_par' dir='ltr' id='par_1_113' title="bbox 1953 5438 3180 5504">
     <span class='ocr_line' id='line_1_113' title="bbox 1953 5438 3180 5504; baseline -0.005 -11"><span class='ocrx_word' id='word_1_835' title='bbox 1953 5444 2104 5493; x_wconf 88' lang='lat' dir='ltr'><strong>moni</strong></span> <span class='ocrx_word' id='word_1_836' title='bbox 2135 5455 2356 5504; x_wconf 87' lang='lat' dir='ltr'><strong>quoque</strong></span> <span class='ocrx_word' id='word_1_837' title='bbox 2382 5441 2678 5504; x_wconf 82' lang='lat' dir='ltr'><strong>Sapientiae</strong></span> <span class='ocrx_word' id='word_1_838' title='bbox 2709 5439 2931 5488; x_wconf 86' lang='lat' dir='ltr'><strong>librum.</strong></span> <span class='ocrx_word' id='word_1_839' title='bbox 2963 5438 3180 5487; x_wconf 79' lang='lat' dir='ltr'><strong>PAMEL.</strong></span> 
     </span>
    </p>
   </div>
   <div class='ocr_carea' id='block_1_114' title="bbox 2016 5510 3589 5579">
    <p class='ocr_par' dir='ltr' id='par_1_114' title="bbox 2016 5510 3589 5579">
     <span class='ocr_line' id='line_1_114' title="bbox 2016 5510 3589 5579; baseline -0.003 -14"><span class='ocrx_word' id='word_1_840' title='bbox 2016 5515 2113 5579; x_wconf 82' lang='lat'><strong>(33)</strong></span> <span class='ocrx_word' id='word_1_841' title='bbox 2143 5515 2202 5562; x_wconf 87' lang='lat' dir='ltr'><strong>In</strong></span> <span class='ocrx_word' id='word_1_842' title='bbox 2231 5513 2472 5576; x_wconf 83' lang='lat' dir='ltr'><strong>Epistola</strong></span> <span class='ocrx_word' id='word_1_843' title='bbox 2495 5511 2719 5560; x_wconf 80' lang='lat' dir='ltr'><strong>Joannis</strong></span> <span class='ocrx_word' id='word_1_844' title='bbox 2749 5510 2998 5572; x_wconf 79' lang='lat' dir='ltr'><strong>discipuli</strong></span> <span class='ocrx_word' id='word_1_845' title='bbox 3027 5512 3127 5560; x_wconf 84' lang='lat' dir='ltr'><strong>sui.</strong></span> <span class='ocrx_word' id='word_1_846' title='bbox 3165 5511 3451 5576; x_wconf 86' lang='lat' dir='ltr'><strong>Nusquam</strong></span> <span class='ocrx_word' id='word_1_847' title='bbox 3482 5513 3589 5561; x_wconf 88' lang='lat' dir='ltr'><strong>tale</strong></span> 
     </span>
    </p>
   </div>
   <div class='ocr_carea' id='block_1_115' title="bbox 1955 5583 3596 5651">
    <p class='ocr_par' dir='ltr' id='par_1_115' title="bbox 1955 5583 3596 5651">
     <span class='ocr_line' id='line_1_115' title="bbox 1955 5583 3596 5651; baseline -0.002 -15"><span class='ocrx_word' id='word_1_848' title='bbox 1955 5585 2089 5651; x_wconf 89' lang='lat' dir='ltr'><strong>quid</strong></span> <span class='ocrx_word' id='word_1_849' title='bbox 2133 5584 2343 5634; x_wconf 88' lang='lat' dir='ltr'><strong>habent</strong></span> <span class='ocrx_word' id='word_1_850' title='bbox 2401 5583 2632 5633; x_wconf 88' lang='lat' dir='ltr'><strong>Joannis</strong></span> <span class='ocrx_word' id='word_1_851' title='bbox 2680 5583 2945 5646; x_wconf 63' lang='lat' dir='ltr'><strong>Epistola:</strong></span> <span class='ocrx_word' id='word_1_852' title='bbox 3002 5583 3308 5633; x_wconf 73' lang='lat' dir='ltr'><strong>catholicae.</strong></span> <span class='ocrx_word' id='word_1_853' title='bbox 3363 5583 3596 5632; x_wconf 85' lang='lat' dir='ltr'><strong>Videtur</strong></span> 
     </span>
    </p>
   </div>
   <div class='ocr_carea' id='block_1_116' title="bbox 1955 5653 3590 5723">
    <p class='ocr_par' dir='ltr' id='par_1_116' title="bbox 1955 5653 3590 5723">
     <span class='ocr_line' id='line_1_116' title="bbox 1955 5653 3590 5723; baseline -0.004 -14"><span class='ocrx_word' id='word_1_854' title='bbox 1955 5662 2143 5723; x_wconf 86' lang='lat' dir='ltr'><strong>itaque</strong></span> <span class='ocrx_word' id='word_1_855' title='bbox 2170 5655 2550 5720; x_wconf 87' lang='lat' dir='ltr'><strong>reponendum</strong></span> <span class='ocrx_word' id='word_1_856' title='bbox 2576 5654 2792 5715; x_wconf 86' lang='lat' dir='ltr'><strong>Jacobi,</strong></span> <span class='ocrx_word' id='word_1_857' title='bbox 2823 5657 2884 5704; x_wconf 89' lang='lat' dir='ltr'><strong>ut</strong></span> <span class='ocrx_word' id='word_1_858' title='bbox 2914 5653 3128 5705; x_wconf 89' lang='lat' dir='ltr'><strong>alludat</strong></span> <span class='ocrx_word' id='word_1_859' title='bbox 3170 5655 3237 5704; x_wconf 88' lang='lat' dir='ltr'><strong>ad</strong></span> <span class='ocrx_word' id='word_1_860' title='bbox 3273 5654 3410 5704; x_wconf 92' lang='lat' dir='ltr'><strong>illud</strong></span> <span class='ocrx_word' id='word_1_861' title='bbox 3442 5670 3452 5702; x_wconf 89' lang='lat'><strong>:</strong></span> <span class='ocrx_word' id='word_1_862' title='bbox 3498 5655 3590 5703; x_wconf 83' lang='lat' dir='ltr'><strong>Hic</strong></span> 
     </span>
    </p>
   </div>
   <div class='ocr_carea' id='block_1_117' title="bbox 1955 5724 3592 5793">
    <p class='ocr_par' dir='ltr' id='par_1_117' title="bbox 1955 5724 3592 5793">
     <span class='ocr_line' id='line_1_117' title="bbox 1955 5724 3592 5793; baseline -0.003 -12"><span class='ocrx_word' id='word_1_863' title='bbox 1955 5728 2348 5793; x_wconf 79' lang='lat' dir='ltr'><strong>comparabitur</strong></span> <span class='ocrx_word' id='word_1_864' title='bbox 2360 5728 2476 5778; x_wconf 82' lang='lat' dir='ltr'><strong>viro</strong></span> <span class='ocrx_word' id='word_1_865' title='bbox 2505 5726 2869 5777; x_wconf 86' lang='lat' dir='ltr'><strong>consideranti</strong></span> <span class='ocrx_word' id='word_1_866' title='bbox 2883 5726 3084 5776; x_wconf 69' lang='lat' dir='ltr'><strong>imltum</strong></span> <span class='ocrx_word' id='word_1_867' title='bbox 3103 5740 3258 5775; x_wconf 83' lang='lat' dir='ltr'><strong>suum</strong></span> <span class='ocrx_word' id='word_1_868' title='bbox 3281 5727 3336 5774; x_wconf 84' lang='lat' dir='ltr'><strong>in</strong></span> <span class='ocrx_word' id='word_1_869' title='bbox 3354 5724 3562 5790; x_wconf 84' lang='lat' dir='ltr'><strong>speculo</strong></span> <span class='ocrx_word' id='word_1_870' title='bbox 3581 5761 3592 5776; x_wconf 94' lang='lat'><strong>.</strong></span> 
     </span>
    </p>
   </div>
   <div class='ocr_carea' id='block_1_118' title="bbox 1956 5795 3585 5866">
    <p class='ocr_par' dir='ltr' id='par_1_118' title="bbox 1956 5795 3585 5866">
     <span class='ocr_line' id='line_1_118' title="bbox 1956 5795 3585 5866; baseline -0.006 -13"><span class='ocrx_word' id='word_1_871' title='bbox 1956 5803 2079 5866; x_wconf 90' lang='lat' dir='ltr'><strong>Quo</strong></span> <span class='ocrx_word' id='word_1_872' title='bbox 2113 5801 2290 5864; x_wconf 82' lang='lat' dir='ltr'><strong>magis</strong></span> <span class='ocrx_word' id='word_1_873' title='bbox 2316 5799 2487 5851; x_wconf 88' lang='lat' dir='ltr'><strong>miror</strong></span> <span class='ocrx_word' id='word_1_874' title='bbox 2519 5798 2668 5864; x_wconf 87' lang='lat' dir='ltr'><strong>quod</strong></span> <span class='ocrx_word' id='word_1_875' title='bbox 2692 5797 2838 5866; x_wconf 85' lang='lat' dir='ltr'><strong>legat</strong></span> <span class='ocrx_word' id='word_1_876' title='bbox 2863 5796 3312 5860; x_wconf 87' lang='lat' dir='ltr'><strong>Cambronensis,</strong></span> <span class='ocrx_word' id='word_1_877' title='bbox 3341 5795 3411 5846; x_wconf 87' lang='lat' dir='ltr'><strong>ad</strong></span> <span class='ocrx_word' id='word_1_878' title='bbox 3439 5796 3585 5845; x_wconf 85' lang='lat' dir='ltr'><strong>Pau-</strong></span> 
     </span>
    </p>
   </div>
   <div class='ocr_carea' id='block_1_119' title="bbox 1957 5874 2328 5927">
    <p class='ocr_par' dir='ltr' id='par_1_119' title="bbox 1957 5874 2328 5927">
     <span class='ocr_line' id='line_1_119' title="bbox 1957 5874 2328 5927; baseline -0.011 1"><span class='ocrx_word' id='word_1_879' title='bbox 1957 5874 2080 5927; x_wconf 86' lang='lat' dir='ltr'><strong>lum.</strong></span> <span class='ocrx_word' id='word_1_880' title='bbox 2111 5874 2328 5925; x_wconf 71' lang='lat' dir='ltr'><strong>PAMEL.</strong></span> 
     </span>
    </p>
   </div>
  </div>
