4082 6194
248 274 381 328 1001

1623 276 1973 334 ADVERSUS
2009 280 2296 337 JUDEOS.

3479 282 3612 339 l002

245 399 525 470 Spiritum
553 404 805 455 sanctum
838 401 1229 473 interpretem,
1260 402 1422 458 illum
1450 409 1750 476 sequatur;
1782 405 1879 461 illo
1904 417 1960 490 Α
1982 408 2205 463 Scilicet
2235 426 2301 465 eo
2334 409 2483 481 quod
2512 408 2884 477 insimulatos,
2914 412 2972 463 et
2997 408 3222 475 infidos,
3254 414 3310 465 et
3338 408 3605 481 perﬁdos,

244 501 387 555 duce
420 506 476 555 et
511 501 786 571 magistro
818 501 1084 556 facillime
1122 503 1327 573 poterit
1364 504 1504 557 Novi
1533 504 1881 558 Testamenti

236 594 373 664 jura
403 596 788 665 virtutemque
820 611 1177 666 cognoscere,
1212 597 1363 668 quod
1406 597 1713 652 haereditas
1742 614 1879 669 gen-

244 689 396 742 tibus
429 689 750 743 contributa
783 696 888 756 est,
918 690 1025 744 hoc
1061 691 1254 745 modo.

318 787 387 839 II.
424 786 567 840 Deus
600 790 656 838 et
692 787 858 839 Pater
883 785 943 839 in
982 787 1257 858 principio
1294 788 1428 842 fecit
1458 789 1757 844 hominem
1786 805 1884 843 sua

248 896 454 946 manu,
500 896 745 949 eumque
787 881 975 951 posuit
1011 882 1071 935 in
1109 882 1390 952 paradiso,
1423 884 1553 937 data
1592 889 1741 939 certa
1773 882 1882 952 (41)

245 973 578 1028 conditione
609 980 1027 1044 przeccptorum
1055 976 1205 1043 vitae,
1241 978 1402 1048 Legis
1432 982 1488 1033 et
1511 977 1881 1033 Testamenti.

244 1073 346 1129 Ille
388 1080 604 1139 autem,
650 1073 989 1143 contemptis
1032 1075 1214 1129 Patris
1254 1076 1576 1147 praeceptis,
1622 1077 1886 1147 expulsus

248 1171 337 1223 est
378 1169 644 1239 paradiso
697 1169 755 1223 in
798 1188 961 1223 suam
1006 1172 1353 1242 terrigenam
1404 1172 1780 1239 nativitatem,
1825 1171 1887 1226 in

250 1279 369 1333 qua
398 1263 568 1316 etiam
600 1264 901 1318 defunctus
929 1270 1014 1319 est
1046 1282 1057 1319 ε
1092 1266 1187 1319 sed
1217 1268 1366 1320 Deus
1392 1266 1682 1320 suscitavit
1710 1281 1887 1337 genus

243 1360 467 1431 justum
500 1360 565 1415 de
599 1362 818 1416 semine
849 1364 1002 1431 Adae,
1035 1364 1188 1435 quod
1219 1381 1415 1419 semen
1451 1366 1801 1419 conservavit
1828 1364 1887 1418 in

254 1456 553 1525 populum,
585 1473 754 1526 super
784 1457 965 1511 filium
999 1459 1113 1512 Noe
1143 1461 1198 1512 et
1230 1459 1485 1513 haaredes
1514 1460 1656 1529 ejus.
1688 1462 1763 1514 Ex
1791 1458 1887 1512 illo

255 1566 470 1619 genere
499 1550 715 1605 invenit
744 1552 1041 1605 hominem
1077 1553 1321 1623 justum,
1363 1554 1453 1608 cui
1490 1553 1791 1624 imperavit
1825 1556 1891 1607 ut

246 1642 467 1698 faceret
509 1644 783 1698 fabricam
834 1645 889 1698 in
936 1647 1169 1700 modum
1216 1647 1514 1712 machinae,
1560 1646 1889 1718 capacitatis

251 1741 425 1791 certae
465 1754 871 1793 mensurarum
921 1741 1329 1813 compagibus;
1377 1748 1441 1796 ut
1492 1743 1586 1795 illa
1630 1741 1959 1813 conditus“
1992 1737 2279 1792 Christum
2325 1735 2732 1790 vociferantem
2790 1750 2803 1788 :

1983 509 2301 576 mendaces,
2343 511 2401 561 et
2432 508 2743 562 contrarios
2783 508 2992 564 Christi
3029 508 3404 580 susceperint,
3450 525 3615 565 veros

1982 606 2172 657 autem
2214 608 2269 657 et
2312 602 2447 656 fidei
2488 603 2683 673 plenos
2723 602 3209 673 impugnaverint.
3242 604 3465 675 Moysen
3499 620 3617 657 ma-

1983 702 2324 773 ledicebant,
2353 701 2630 773 quoniam
2656 701 2944 755 Christum
2974 702 3321 773 praedicabat
3348 719 3361 756 :
3398 703 3615 759 Dethan

1983 793 2290 857 amabant,
2357 792 2633 864 quoniam
2700 791 2989 847 Christum
3051 810 3167 847 non
3232 793 3614 863 praedicabat;

1984 891 2168 943 Aaron
2213 886 2590 958 repudiabant
2626 886 2686 942 in
2724 885 3069 954 sacerdotio,
3103 886 3376 956 quoniam
3408 887 3617 942 Christi
3680 876 3681 879 i

1986 981 2414 1036 similitudinem
2465 980 2803 1052 praeferebat
2850 998 2864 1034 :
2920 979 3131 1035 Abiron
3175 980 3615 1050 constituebant,

1985 1077 2257 1148 quoniam
2318 1075 2540 1130 Christo
2591 1073 3055 1143 contradicebat;
3122 1073 3296 1127 David
3359 1074 3618 1141 oderant,

1989 1170 2262 1241 quoniam
2284 1169 2569 1224 Christum
2594 1168 2774 1240 921
2798 1168 3071 1222 canebat:
3096 1167 3227 1223 Saul
3251 1167 3618 1238 extollebant,

1987 1266 2259 1337 quoniam
2293 1263 2582 1319 Christum
2617 1280 2731 1317 non
2762 1262 3122 1334 loquebatur;
3154 1263 3478 1317 Samuelem
3504 1278 3623 1317 res-

1988 1359 2257 1431 puebant,
2285 1358 2556 1429 quoniam
2595 1358 2880 1411 Christum
2910 1356 3252 1427 loquebatur
3278 1374 3290 1411 :
3321 1359 3489 1429 Agag
3515 1358 3619 1427 (45)

1989 1454 2301 1522 servabant,
2339 1452 2480 1506 nihil
2512 1450 2667 1505 enim
2708 1451 2777 1506 de
2816 1450 3034 1505 Christo
3070 1450 3431 1521 loquebatur;
3468 1454 3624 1506 Jere-

1989 1547 2167 1603 miam
2195 1546 2529 1619 lapidabant
2548 1545 2833 1602 Christum
2860 1543 3266 1600 vatiainantem
3296 1564 3307 1599 :
3339 1546 3624 1600 Ananiam

1992 1643 2306 1714 diligebant
2351 1642 2571 1698 Christo
2618 1641 3047 1706 adversantem;
3096 1640 3298 1694 Isaiam
3354 1639 3625 1694 secabant

2859 1735 3111 1789 Manasse
3176 1732 3625 1805 magnificabant

251 1852 382 1890 cum
414 1836 681 1891 fratribus
712 1839 820 1909 (42)
847 1839 963 1893 suis
990 1800 1477 1907 Noejserva’retur
1501 1856 1602 1911 per
1628 1840 1767 1894 illud
1798 1800 1965 1911 ge-B
1989 1832 2274 1887 Christum
2336 1832 2810 1900 persequentem;
2879 1829 3160 1884 Joannem
3214 1800 3623 1883 interimebant

249 1947 362 1984 nus
393 1947 406 1985 :
441 1930 540 1984 sed
572 1932 820 2001 jusserat
859 1935 1019 2000 Deus,
1061 1942 1295 2005 propter
1333 1934 1677 2005 injustitiam
1710 1934 1889 1987 homi-

250 2041 418 2092 num,
447 2025 644 2079 orbem
673 2030 843 2081 terrae
871 2026 1061 2100 920
1086 2029 1244 2099 aquis
1266 2028 1674 2083 inundantibus
1696 2030 1891 2098 deper-

250 2119 359 2174 ire.
393 2120 572 2190 Igitur
608 2126 803 2191 postea
835 2122 1021 2175 salvus
1060 2122 1240 2176 factus
1283 2127 1367 2178 est
1412 2140 1541 2177 cum
1596 2124 1712 2177 suis
1754 2124 1887 2192 Noe,

253 2223 347 2277 cui
389 2223 680 2277 constituit
710 2228 767 2279 et
807 2226 954 2279 Deus
993 2227 1265 2296 prazcepti
1307 2226 1393 2279 sui
1437 2226 1891 2281 testiﬁcationem

254 2316 451 2372 dicens
477 2334 489 2372 :
516 2316 695 2372 Omnis
720 2335 801 2373 res
828 2321 975 2374 cibus
1002 2322 1173 2383 vobis,
1201 2324 1360 2390 quasi
1380 2321 1641 2390 pabulum
1668 2322 1889 2387 olerum,

253 2418 479 2482 excepta
508 2428 666 2467 carne
702 2415 759 2466 in
802 2416 1070 2481 sanguine
1102 2418 1226 2469 vita:
1266 2417 1440 2485 (Gen.,
1476 2432 1547 2482 1x,
1590 2414 1664 2483 3);
1705 2420 1759 2469 et
1795 2432 1892 2485 po-

253 2507 371 2560 suit
411 2506 582 2577 hujus
617 2508 1027 2562 testiﬁcationis
1069 2510 1295 2580 signum
1332 2509 1393 2562 in
1434 2526 1568 2565 arcu
1607 2510 1732 2579 (5,3).
1767 2511 1896 2563 Post

251 2602 381 2655 haec
425 2617 619 2655 rursus
648 2601 919 2656 Dominus
962 2604 1109 2657 Deus
1148 2603 1484 2658 testiﬁcatus
1527 2606 1613 2657 est
1650 2603 1893 2657 Abrahas

250 2694 316 2749 in
348 2696 514 2760 Isaac,
548 2694 651 2749 hoc
692 2697 861 2749 modo
904 2697 1098 2750 dicens
1138 2720 1147 2750 :
1187 2699 1308 2752 Tibi
1338 2699 1475 2752 dabo
1517 2698 1656 2752 hanc
1697 2704 1895 2751 terram

253 2795 307 2843 et
354 2792 545 2844 semini
587 2793 695 2857 tuo,
742 2795 791 2844 ct
830 2793 1034 2857 faciam
1080 2797 1127 2846 te
1171 2798 1384 2861 patrem.
1432 2793 1727 2846 multarum
1766 2807 1894 2860 gen-

252 2885 395 2937 tium
426 2882 597 2953 (Gen.,
646 2901 778 2950 xvn,
827 2886 898 2956 8).
950 2887 1016 2939 Et
1059 2885 1266 2939 exinde
1310 2885 1552 2940 increvit
1595 2902 1792 2940 semen
1837 2885 1895 2938 in

256 2977 687 3032 multitudinem
728 2979 943 3049 populi,
987 2986 1040 3033 et
1082 2980 1328 3034 divisum
1370 2984 1454 3033 est
1496 2980 1553 3034 in
1596 2979 1895 3034 duodecim

257 3071 635 3142 patriarchas.
670 3072 782 3127 Sed
816 3073 987 3127 etiam
1023 3074 1135 3127 illis
1174 3091 1399 3145 quoque
1434 3074 1708 3129 Dominus
1738 3073 1894 3126 testi-

1987 1925 2272 1984 Christum
2319 1924 2826 1990 demonstrantem,
2874 1921 3206 1977 Zachariam
3257 1921 3619 1977 trucidabant

1988 2020 2274 2074 Christum
2313 2017 2647 2089 diligentem
2688 2032 2703 2072 :
2740 2016 2941 2071 Iudam
2983 2015 3295 2089 diligebant
3333 2016 3623 2071 Christum

1991 2115 2333 2170 tradentem.

2062 2220 2272 2275 Videtis
2319 2217 2814 2290 quemadmodum
2864 2217 3153 2274 Christum
3201 2215 3301 2289 qui
3352 2217 3619 2288 diligunt,

1993 2315 2282 2381 odiuntur;
2307 2312 2403 2384 qui
2422 2311 2643 2377 odiunt,
2666 2327 2860 2367 amore
2880 2312 3133 2383 flagrant
3153 2312 3306 2383 apud
3326 2311 3625 2383 indignam

1993 2409 2235 2479 plebem.
2264 2409 2306 2462 Ο
2345 2405 2719 2478 pertinaciam
2750 2406 3163 2477 persecutionis
3186 2406 3488 2477 indignam
3514 2406 3622 2475 (46)

1992 2519 2173 2573 usque
2218 2501 2286 2555 ad
2325 2500 2523 2555 mortis
2560 2500 3123 2555 exterminationeml
3162 2517 3277 2554 non
3308 2499 3463 2554 enim
3502 2505 3627 2555 tan-

1996 2595 2292 2651 tummodo
2331 2598 2503 2649 testes
2554 2592 2785 2648 Domini
2843 2594 3365 2665 impugnaverunt,
3411 2594 3511 2650 sed
3569 2598 3627 2649 et

1994 2691 2104 2762 ipsi
2150 2689 2387 2744 Domino
2432 2688 2637 2760 perfidi
2682 2688 2871 2743 coloni
2920 2688 3325 2743 contumeliam
3368 2688 3629 2743 fecerunt

1996 2785 2145 2839 Patri
2177 2784 2234 2837 in
2268 2783 2422 2837 Filio.
2450 2780 2593 2845 Quid
2622 2782 2797 2852 igitur
2820 2782 2982 2854 digni
3008 2783 3243 2837 fuerunt
3271 2783 3388 2853 pati
3416 2782 3487 2837 ob
3516 2782 3626 2837 hoc

1998 2878 2355 2933 admissum?
2397 2876 2617 2931 Scilicet
2655 2875 2844 2946 fugari
2884 2876 2953 2931 de
2990 2892 3195 2947 regno,
3230 2876 3477 2931 abdicari
3513 2877 3630 2931 hie-

1998 2973 2240 3027 reditate
2290 2988 2302 3026 :
2346 2975 2403 3025 et
2443 2970 2519 3025 ita
2562 2970 2775 3025 factum
2822 2974 2926 3039 est,
2973 2974 3030 3025 et
3073 2971 3151 3025 ita
3196 2970 3404 3040 evenit,
3452 2971 3630 3043 digna

1998 3066 2186 3136 dignis
2215 3065 2561 3136 obtigerunt.
2595 3066 2759 3119 Pater
2786 3063 2944 3119 enim
2979 3064 3389 3120 contumeliam
3428 3081 3629 3136 passus

258 3164 585 3221 ﬁcationem
631 3166 822 3237 posuit
855 3167 913 3220 in
959 3172 1155 3222 monte
1195 3168 1414 3222 Choreb
1455 3169 1563 3239 (44)
1601 3184 1703 3237 per
1746 3168 1974 3250 Moy-C
2002 3161 2060 3214 in
2117 3159 2273 3229 Filio,
2331 3159 2499 3213 Filius
2555 3174 2860 3230 perpessus
2897 3158 2959 3213 in
3010 3158 3306 3230 prophetis
3366 3164 3629 3231 tempore

259 3280 385 3331 seu,
417 3264 485 3318 de
526 3281 637 3335 quo
678 3265 801 3321 loco
846 3266 1095 3337 expulsis
1140 3267 1427 3337 gentibus,
1461 3265 1749 3320 constituit
1789 3265 1900 3319 illic

257 3359 538 3429 populum
584 3376 756 3430 quem
808 3361 1021 3431 accepit
1064 3364 1120 3416 et
1169 3360 1421 3432 possedit
1469 3359 1749 3431 promissa
1792 3360 1899 3413 sibi

257 3453 598 3507 hzereditate
631 3470 642 3507 :
678 3454 883 3524 quibus
911 3454 1081 3509 etiam
1122 3456 1396 3527 pleraque
1437 3453 1600 3525 signa
1636 3456 1693 3508 et
1734 3453 1900 3507 mira-

259 3549 389 3601 cula
450 3548 700 3602 ostendit
759 3551 922 3618 Deus,
978 3550 1138 3621 quasi
1203 3549 1535 3603 cbarissimo
1588 3548 1723 3603 filio.
1790 3549 1896 3603 Sed

258 3641 414 3695 idem
467 3641 735 3713 populus,
792 3643 1073 3714 perceptis
1119 3646 1205 3697 tot
1253 3643 1536 3714 tantisque
1583 3642 1896 3708 beneficiis,

262 3736 595 3789 adversatus
626 3739 711 3789 est
740 3736 913 3805 Patri,
944 3742 1000 3791 et
1031 3736 1334 3808 dereliquit
1359 3739 1537 3792 Deum
1557 3736 1769 3790 vivum.
1801 3738 1900 3790 De-

260 3828 501 3900 reliquit
529 3828 684 3884 enim
732 3830 903 3885 Israel
945 3830 1274 3896 Dominum,
1316 3830 1621 3887 ostendens
1652 3830 1703 3884 ei
1738 3834 1899 3901 terga

264 3929 322 3978 et
345 3940 461 3978 non
490 3924 728 3977 faciem:
753 3941 890 3979 nam
909 3924 1109 3980 faciem
1132 3942 1297 3979 suam
1322 3926 1601 3981 convertit
1621 3925 1693 3980 ad
1718 3924 1896 3991 idola;

262 4021 323 4071 et
380 4017 768 4072 interficiendo
816 4018 1015 4073 missos
1064 4020 1132 4073 ad
1187 4037 1244 4074 se
1294 4020 1625 4092 prophetas,
1678 4020 1780 4091 qui
1828 4018 1898 4073 de

2002 3272 2112 3326 quo
2153 3254 2545 3308 moriebantur
2582 3253 2710 3323 (47);
2756 3253 2815 3307 in
2852 3269 2951 3308 suo
2985 3254 3247 3324 tempore
3286 3258 3511 3308 coactus
3548 3258 3635 3309 est

2000 3348 2394 3420 indignatione
2451 3347 2560 3418 (48)
2626 3346 2868 3402 scribere
2936 3363 3147 3402 novum
3204 3351 3633 3417 testamentum,

1999 3442 2267 3498 adhibitis
2311 3440 2544 3496 testibus
2586 3440 2725 3495 crelo
2767 3445 2823 3496 et
2859 3443 3011 3497 terra
3050 3442 3108 3496 et
3136 3442 3342 3513 angelo
3384 3442 3454 3497 de
3496 3444 3637 3498 tem-

2000 3537 2114 3609 plo,
2154 3536 2547 3591 assistentibus
2571 3536 2755 3607 Moyse
2792 3538 2851 3590 et
2891 3535 3068 3592 Helia.
3113 3536 3222 3590 Hos
3264 3536 3420 3590 enim
3466 3541 3636 3592 testes

1999 3630 2275 3697 adhibuit,
2326 3646 2457 3685 cum
2498 3632 2791 3701 pateretur
2833 3628 2893 3684 in
2942 3629 3146 3697 Israel;
3186 3629 3312 3684 haec
3354 3630 3437 3685 ita
3478 3630 3636 3686 facta

1999 3724 2263 3797 prazdixit
2296 3740 2401 3795 per
2434 3724 2767 3796 prophetas,
2810 3723 2898 3777 his
2940 3723 3168 3778 verbis:
3203 3724 3375 3787 Audi,
3423 3725 3634 3789 caelum,

2000 3822 2051 3871 et
2074 3815 2249 3886 praebe
2273 3828 2479 3877 aurem,
2512 3818 2676 3880 terra,
2707 3814 2965 3883 quoniam
2990 3814 3253 3867 Dominus
3278 3814 3495 3867 locutus
3521 3818 3631 3872 est:

1998 3892 2164 3965 Fitios
2206 3910 2373 3977 genui
2409 3912 2460 3963 et
2511 3907 2769 3973 exaltant,
2808 3908 2920 3977 ipse
2968 3910 3144 3961 autem
3191 3922 3272 3962 me
3323 3914 3639 3977 spreverunt

2003 4003 2159 4075 (Isa.,
2188 4021 2229 4073 1,
2259 4004 2331 4072 2).

258 4111 483 4167 Christo
526 4112 925 4182 praedicabant,
968 4113 1176 4168 exinde
1220 4115 1513 4169 consuevit
1551 4114 1723 4184 Israel
1764 4130 1897 4185 pero
2074 4112 2158 4166 IV.
2215 4112 2322 4164 Has
2374 4125 2538 4164 voces
2587 4108 2791 4164 effudit
2845 4108 2955 4177 (49)
3010 4108 3283 4165 Dominus
3332 4110 3392 4167 in
3446 4110 3635 4182 Israel,

263 4206 430 4276 sequi
468 4206 775 4273 Christum,
817 4224 930 4263 non
968 4210 1190 4263 tantum
1228 4208 1285 4262 in
1327 4225 1564 4280 corpore
1597 4208 1901 4263 advenien-
1998 4203 2311 4259 vociferans
2360 4208 2415 4258 et
2463 4203 2655 4258 dicens
2701 4219 2714 4258 :
2763 4204 2873 4257 Vos
2926 4218 3018 4257 me
3069 4204 3345 4274 noluistis,
3393 4205 3489 4260 alii
3545 4223 3637 4263 me

261 4306 405 4365 tem,
457 4298 555 4355 sed
604 4301 775 4356 eh‘am
826 4318 955 4356 cum
1010 4320 1043 4356 a
1092 4302 1387 4374 prophetis
1437 4302 1894 4357 annuntiaretur.
2001 4298 2297 4369 recipient,
2334 4296 2427 4369 qui
2472 4296 2732 4352 nondum
2771 4313 2876 4353 nec
2912 4297 3266 4353 mentionem
3304 4298 3419 4353 mei
3448 4300 3641 4356 audie-

262 4393 565 4449 Universos
604 4395 818 4450 ctenim
857 4403 1011 4451 vates
1057 4397 1338 4467 persecuti
1379 4400 1532 4463 sunt,
1582 4414 1650 4452 ex
1692 4396 1899 4467 quibus
2001 4398 2155 4447 runt.
2187 4395 2295 4448 Vos
2335 4391 2567 4464 nuptias
2618 4408 2775 4446 meas
2822 4391 3131 4463 sprevistis,
3183 4392 3277 4447 alii
3325 4392 3493 4448 ibunt
3537 4393 3641 4467 qui

262 4487 541 4559 quosdam
591 4488 875 4560 lapidibus
922 4489 1198 4561 insectati,
1240 4490 1378 4544 alios
1423 4490 1658 4562 indigne
1708 4506 1954 4562 excru-_
2000 4504 2116 4542 non
2162 4491 2294 4542 sunt
2335 4486 2541 4541 vocati.
2571 4487 2679 4541 Vos
2723 4502 2919 4540 meum
2958 4502 3056 4540 rus
3092 4490 3147 4540 et
3177 4486 3396 4542 vineam
3441 4505 3637 4545 meam

262 4582 467 4637 ciando
502 4588 893 4654 peremerunt,
936 4602 1051 4638 non
1094 4590 1319 4640 tantum
1361 4585 1532 4656 ipsos,
1574 4586 1670 4640 sed
1712 4590 1766 4640 et
1800 4559 1976 4655 perD
1999 4582 2185 4637 colere
2216 4581 2536 4649 recusastis,
2568 4580 2718 4635 unde
2754 4580 2970 4634 fructus
2994 4579 3235 4650 justitim
3266 4582 3632 4653 proveniunt;

262 4692 363 4731 eos
389 4678 694 4732 Dominum
719 4677 1024 4733 Christum.
1054 4676 1192 4743 Quae
1214 4680 1373 4739 enim
1403 4679 1573 4751 hujus
1598 4678 1899 4751 probatio?
2003 4676 2097 4730 alii
2128 4676 2320 4731 colent
2352 4678 2409 4730 et
2436 4675 2654 4730 fructus
2686 4673 2918 4746 capient
2953 4673 3012 4728 in
3049 4675 3188 4731 Deo.
3215 4672 3351 4738 Quae
3384 4675 3489 4730 ista
3518 4682 3638 4732 tam

1674 4777 2023 4841 Variorum
2065 4781 2262 4840 notae.

324 4882 422 4945 (41)
458 4884 636 4935 ϐαι-ιω.
676 4886 834 4936 Certa
862 4900 1232 4938 mensurarum
1262 4900 1514 4952 compage
1540 4887 1651 4938 duo
1681 4885 1908 4937 codices
2070 4885 2172 4947 (t5,
2201 4886 2363 4949 Agag.
2398 4882 2492 4935 Sic
2520 4882 2723 4933 Pamel.
2755 4894 2823 4931 ex
2849 4881 3338 4947 conjectura,quia
3363 4895 3642 4948 nusquam

255 4968 392 5005 mss.
428 4955 662 5005 MARAN.
2008 4970 2254 5007 servasse
2280 4956 2474 5006 Acham
2504 4956 2763 5018 leguntur
2792 4953 2992 5015 Judaei,
3019 4953 3118 5003 sed
3144 4954 3443 5018 lReg.,xv,
3472 4956 3641 5006 refer-

326 5027 426 5087 (42)
487 5026 786 5077 Fratribus.
845 5029 1167 5094 Legendum
1223 5033 1381 5093 putat
1429 5031 1555 5095 ﬁliis
1607 5030 1904 5090 Pamelius,
2006 5031 2095 5077 tur
2137 5029 2451 5092 pepercisse
2488 5026 2621 5077 Saul
2651 5030 2707 5075 et
2735 5025 2976 5089 populus
3012 5028 3165 5088 Agag
3196 5026 3311 5088 regi
3349 5026 3636 5078 Amalech.

256 5100 456 5161 sicque
488 5099 544 5147 in
580 5098 884 5149 Oxoniensi
917 5101 1158 5151 editione
1184 5102 1384 5165 legitur
1411 5116 1423 5162 ;
1457 5101 1554 5152 sed
1584 5114 1780 5151 omnes
1804 5114 1906 5150 co-
2007 5100 2290 5149 Morellius
2321 5103 2375 5149 et
2404 5103 2515 5148 tres
2545 5111 2676 5146 mss.
2708 5095 2924 5145 Acham.
2958 5095 3189 5147 Marum.

248 5170 413 5220 dices
445 5182 467 5217 τ
489 5172 655 5219 etusti
684 5184 812 5221 cum
844 5172 1094 5222 Morellio
1116 5172 1324 5223 habent
1352 5172 1637 5234 lintribus.
1668 5172 1901 5222 MARAN-
2068 5172 2162 5235 (46)
2195 5172 2492 5234 Indignam.
2525 5170 2619 5221 Sic
2658 5168 3080 5219 emendavimus
3111 5169 3438 5220 auctoritate
3474 5169 3641 5221 trium

322 5267 385 5276 —
416 5243 556 5297 Cum
600 5241 723 5304 [iliis
760 5243 887 5292 suis.
922 5245 1149 5293 Prorsus
1178 5244 1259 5294 sic
1303 5245 1599 5308 legendum
1645 5258 1742 5307 pro
1784 5243 1905 5306 fra—

251 5311 442 5363 tribus.
507 5313 695 5376 Neque
738 5314 886 5363 enim
936 5316 1051 5364 Noe
1083 5329 1266 5364 arcam
1317 5317 1598 5380 ingressus
1646 5319 1729 5365 est
1774 5329 1904 5366 cum

248 5382 537 5443 fratribus,
584 5383 681 5433 sed
728 5397 855 5433 cum
910 5386 1056 5435 ﬁliis.
1102 5386 1367 5437 Similiter
1406 5388 1571 5451 paulo
1613 5393 1737 5451 post
1772 5402 1903 5437 arcu

250 5468 360 5521 pro
388 5468 532 5505 arca.
582 5456 773 5506 Posuit
804 5459 953 5507 enim
999 5460 1379 5510 testiinonium
1415 5462 1639 5512 foederis
1670 5462 1820 5511 Deus
1846 5462 1903 5512 in

258 5539 401 5578 arcu
427 5526 550 5576 coeli
579 5528 696 5577 sive
722 5527 896 5577 Iridis.
931 5530 1150 5579 PAMEL.

329 5598 426 5661 (43)
472 5599 532 5647 In
573 5611 705 5647 arcu
769 5599 862 5649 Sic
908 5600 1201 5662 Pamelius,
1232 5605 1487 5667 quamvis
1535 5605 1817 5657 Morellius
1850 5608 1904 5659 et

261 5666 495 5721 codices
520 5682 649 5718 mss.
684 5670 927 5722 habeant
959 5674 1015 5722 in
1050 5688 1197 5724 arca.
1235 5666 1465 5726 MARAN.

335 5740 431 5803 (Η)
476 5739 540 5788 1η
586 5745 760 5792 monte
806 5743 1021 5795 Choreb.
1065 5745 1257 5797 Secuti
1301 5747 1438 5797 alias
1484 5761 1696 5812 omnes,
1741 5748 1822 5800 sic
1853 5751 1906 5800 et

262 5810 440 5888 hanc_
455 5812 786 5888 scripturam
811 5817 971 5881 juxta
1001 5830 1123 5870 Lxx
1158 5820 1332 5883 citat.,
1360 5820 1456 5887 qui
1485 5810 1690 5875 Choreb‘
1714 5822 1906 5888 legunt

268 5894 375 5951 pro
406 5882 555 5936 Orsb.
585 5886 788 5938 Passer.

619 5975 896 6044 PATROL.
931 5979 1035 6048 IV.
3329 5984 3409 6045 3‘2

2007 5245 2267 5295 codicum
2303 5257 2466 5303 mss;
2495 5244 2713 5306 dignam
2738 5241 2890 5292 editi.
2915 5241 3147 5293 MARAN.

2070 5319 2167 5380 (47)
2225 5316 2609 5368 Moriebantur.
2658 5316 2793 5365 Tres
2844 5313 3065 5365 codices
3117 5326 3247 5363 mss.
3290 5314 3641 5367 moriebatur.

2003 5390 2236 5440 MARAN.

2062 5464 2156 5525 (48)
2193 5460 2577 5525 Indignationa.
2623 5460 2716 5511 Sic
2761 5458 2950 5511 Morel.
2982 5461 3039 5509 et
3062 5456 3174 5509 duo
3213 5458 3437 5511 codices
3465 5473 3595 5512 mss.
3624 5476 3639 5524 ;

2000 5534 2056 5584 in
2086 5533 2451 5595 indignatione
2478 5530 2685 5584 Pamel.
2719 5531 2949 5584 MARAN.

2065 5609 2159 5671 (49)
2193 5607 2408 5671 [vl/fudit.
2439 5607 2678 5673 E/fundit
2706 5608 2830 5658 cod.
2864 5606 3107 5658 Colbert.
3140 5604 3372 5655 MARAN.

2006 5680 2276 5731 Commota
2306 5684 2380 5729 est
2411 5680 2579 5730 omnis
2607 5679 2886 5729 nativitas.
2918 5678 3184 5729 Nativitas
3213 5689 3312 5740 pro
3338 5678 3587 5726 creatura
3621 5688 3635 5727 :

2006 5752 2090 5802 est
2116 5752 2300 5801 autem
2328 5750 2531 5800 mirum
2562 5749 2715 5814 quod
2753 5749 2906 5810 dicit,
2938 5748 3162 5815 Angelus
3183 5746 3241 5798 in
3276 5747 3639 5813 paenitentiam

2007 5821 2211 5876 concise
2234 5821 2492 5874 velamine
2514 5820 2719 5888 refugit.
2751 5822 2971 5874 PAMEL.
