4082 6194
304 310 441 363 1005

1663 300 2012 359 ADVERSUS
2047 301 2334 357 JUDrEOS.

3538 304 3671 358 1006

318 441 541 499 tectum,
585 438 635 490 et
670 435 989 506 prudentem
1029 432 1513 505 adjutorem(Isa.,
1558 449 1638 501 III,
1674 430 1748 503 i).
1805 430 2373 517 tlzecAJerusalem;
2428 430 2483 483 et
2535 427 2641 483 nisi
2690 427 3072 483 converterint
3128 432 3368 497 mentes,
3426 433 3482 484 et
3523 429 3675 485 dixe-

298 529 494 584 omnia
546 533 743 584 autem
794 528 1029 597 auxilia,
1083 527 1431 583 munitiones
1466 528 1570 598 (55)
1609 531 1664 580 et
1718 541 1935 597 propu-

298 625 549 695 gnacula
575 623 872 679 transtulit
896 622 967 677 ad
1024 624 1246 693 gentes,
1288 639 1455 678 omne
1489 638 1734 693 regnum
1768 636 1936 675 suum

297 723 477 778 inﬁxo
537 723 735 795 signo;
777 722 1115 778 inhabitavit
1159 722 1217 777 in
1258 722 1388 792 illis,
1435 727 1490 777 et
1532 726 1717 776 castra
1752 726 1937 776 meta-

294 820 391 870 tus
432 818 519 870 est
547 815 783 885 liminis,
813 820 869 870 et
897 814 975 869 ibi
1015 815 1307 871 constituit
1344 813 1566 868 virtutis
1598 812 1937 879 exercitum,

296 909 502 981 ibique
526 909 807 981 regnavit.
1440 916 1443 921 ’

358 1005 465 1060 Vll.
496 1005 617 1060 Non
646 1004 870 1075 estjam
917 1019 1165 1075 regnum
1217 1002 1555 1070 Jerusalem,
1590 1002 1689 1057 sed
1734 1002 1794 1056 in
1824 1017 1930 1055 no-

293 1098 407 1154 bis.
437 1099 536 1153 Hic
587 1103 786 1167 castra,
833 1098 924 1153 hic
947 1097 1252 1163 exercitus,
1288 1097 1379 1152 hic
1409 1098 1556 1166 dux,
1590 1096 1683 1151 hic
1732 1096 1932 1164 virtus,

295 1193 393 1249 hic
428 1211 685 1265 sponsus,
732 1193 824 1248 hic
875 1193 1110 1265 nuptiae,
1171 1191 1261 1246 hic
1327 1209 1460 1260 rex,
1514 1192 1606 1246 hic
1655 1191 1929 1257 Christus,

296 1289 393 1343 hic
420 1288 552 1357 vita,
598 1289 689 1343 hic
729 1288 1035 1355 suscitatio,
1081 1288 1174 1342 hic
1203 1287 1513 1341 aeternitas.
1565 1287 1663 1340 Hic
1704 1289 1789 1339 est
1833 1285 1933 1356 qui

296 1383 369 1438 ab
408 1383 571 1438 initio
593 1383 866 1454 ﬁguratus
895 1386 998 1449 est,
1031 1388 1087 1437 et
1112 1399 1141 1436 a
1171 1383 1468 1453 prophetis
1500 1382 1841 1448 honoratus,
1877 1382 1932 1434 et

297 1479 359 1533 in
390 1477 696 1533 visceribus
731 1480 1081 1549 corporatus,
1112 1479 1168 1532 et
1208 1477 1266 1530 in
1302 1475 1552 1531 lordane
1600 1475 1831 1542 tinctus,
1876 1480 1932 1530 et

296 1589 332 1628 a
370 1574 581 1644 populo
635 1578 1012 1644 contemptus,
1043 1575 1101 1626 et
1130 1572 1188 1626 in
1214 1571 1373 1642 ligno
1411 1587 1740 1642 suspensus,
1772 1572 1830 1624 et
1868 1568 1929 1623 in

297 1670 453 1721 terra
491 1667 768 1739 sepultus.
808 1668 903 1721 llic
939 1666 1156 1750 est‘qui
1184 1666 1339 1736 rupit
1375 1668 1535 1720 vetus
1564 1680 1729 1718 suum
1762 1668 1929 1717 tosta-

293 1768 581 1832 mentum,
639 1768 695 1819 et
743 1765 966 1836 scripsit
996 1781 1226 1831 novum,
1258 1780 1371 1834 quo
1418 1767 1617 1833 gentes
1670 1762 1742 1816 ad
1792 1779 1925 1833 pos-

2042 523 2157 578 rint
2192 541 2203 576 :
2238 542 2265 574 ‹‹
2294 521 2444 577 Vivit
2498 522 2770 577 Dominus
2798 522 2858 577 in
2901 523 3140 592 saecula;
3171 545 3199 574 υ
3253 540 3367 578 non
3405 527 3676 594 poterunt

2041 617 2255 673 intrare
2282 617 2339 671 in
2389 618 2612 672 Domini
2641 616 2920 689 requiem.
2955 618 3360 689 Vivitetenim,
3395 622 3452 673 et
3477 619 3673 675 vivunt

2041 712 2409 767 hereditates
2437 712 2581 783 ejus,
2612 718 2668 766 et
2707 711 2842 767 vivit
2878 729 3051 783 quem
3097 713 3457 770 interfecistis
3496 714 3673 785 impie

2039 807 2096 861 in
2124 808 2437 863 Jerusalem
2471 825 2482 861 :
2529 811 2584 862 et
2613 813 2813 862 tamen
2854 823 2972 862 non
3004 807 3106 862 tibi
3162 812 3338 864 totam
3389 826 3548 880 spem
3576 809 3674 863 de-

2040 902 2276 973 negavit
2308 901 2615 971 Dominus;
2652 900 2810 956 dedit
2846 900 2999 956 enim
3031 901 3253 956 veniam
3300 903 3672 974 poenitentim,

2039 997 2085 1051 si
2116 1014 2227 1068 quo
2255 996 2426 1051 modo
2456 996 2638 1067 possis
2676 996 2976 1067 pcenitere.
3009 995 3143 1060 Quis
3177 999 3293 1050 tam
3321 997 3522 1065 bonus,
3553 998 3677 1069 quis

2036 1097 2151 1147 tam
2207 1092 2356 1163 pius,
2403 1096 2523 1146 tam
2575 1090 3003 1145 misericors?«
3031 1090 3256 1161 Accipe,
3281 1091 3488 1162 inquit,
3539 1092 3683 1146 salu-

2035 1192 2175 1257 tem,
2217 1191 2351 1245 licet
2394 1206 2491 1244 me
2544 1190 2821 1245 occideris
2859 1206 2871 1246 :
2903 1191 3087 1246 haeres
3131 1193 3250 1245 esto
3302 1207 3431 1245 cum
3479 1190 3677 1259 libera,

2033 1288 2163 1343 licet
2189 1305 2303 1343 non
2345 1289 2639 1344 merearis.
2682 1291 2935 1359 Ignosco,
2967 1290 3012 1342 si
3056 1292 3111 1344 te
3143 1291 3399 1360 poenitet.
3431 1312 3459 1340 ››
3492 1291 3666 1361 Ergo,

2032 1383 2075 1437 si
2104 1386 2190 1439 fas
2217 1390 2319 1451 est,
2351 1383 2427 1438 sic
2472 1385 2657 1454 capite
2692 1387 2949 1439 mentem
3005 1384 3236 1451 bonam,
3278 1385 3368 1439 vel
3413 1402 3539 1440 sero
3570 1386 3659 1439 vel

2029 1478 2194 1533 tarde
2226 1478 2524 1549 intelligite
2550 1480 3326 1550 testamentumnovum"Eia
3364 1496 3479 1548 vos,
3514 1497 3657 1553 gen-

2029 1577 2135 1641 tes,
2168 1573 2439 1628 absolvito
2466 1574 2577 1627 illis
2623 1573 2943 1645 Scripturas
2996 1590 3145 1641 suas,
3174 1578 3230 1628 et
3259 1572 3426 1628 dicite
3463 1591 3474 1629 :
3504 1577 3658 1631 Ado-

2028 1673 2150 1723 rate
2212 1667 2522 1721 Dominum
2590 1685 2694 1740 pro
2750 1668 2971 1722 meritis
3025 1669 3139 1722 suis
3185 1685 3197 1722 :
3252 1669 3430 1735 Quum
3476 1686 3649 1725 manu

2038 1763 2337 1816 cartcnderis
2368 1762 2502 1833 (59),
2531 1763 2653 1817 licet
2683 1779 2996 1832 exaggeres,
3040 1764 3338 1817 orationem
3379 1769 3527 1818 tuam
3576 1781 3683 1820 non

297 1859 605 1914 sessionem
632 1859 913 1913 bonorum
943 1875 1179 1913 suorum
1244 1857 1351 1929 (56)
1383 1857 1643 1911 vocavit:
1688 1823 2298 1926 ideoqueBezeaudit;
2354 1873 2549 1911 manus
2605 1860 2745 1911 enim
2812 1863 2918 1911 tua:
2962 1858 3138 1927 plenze
3208 1863 3339 1912 sunt
3392 1862 3680 1928 sanguine.

295 1970 402 2008 nos
429 1958 625 2024 gentes
670 1952 923 2007 humeris
962 1950 1154 2024 924
1193 1952 1397 2006 nostris
1449 1967 1673 2005 crucem
1708 1948 1939 2003 Domini

298 2047 479 2103 nostri
513 2050 817 2119 gestamus,
843 2063 1067 2102 crucem
1128 2063 1298 2117 quam
1326 2046 1613 2100 confessus
1651 2046 1737 2098 est
1767 2043 1939 2099 Israel

300 2141 614 2209 Dominus;
663 2143 760 2213 qui
783 2158 881 2197 eos
910 2141 1126 2213 placide
1150 2141 1550 2211 alloquebatur
1578 2140 1669 2193 his
1700 2138 1889 2191 verbis
1923 2154 1936 2191 :

305 2237 496 2292 Venite
532 2237 613 2305 ad
651 2253 752 2301 me,
784 2252 965 2292 omnes
993 2239 1089 2306 qui
1112 2237 1211 2291 sub
1253 2252 1409 2290 onere
1437 2236 1715 2301 laboratis,
1768 2238 1819 2287 et
1848 2248 1940 2300 ego

299 2347 394 2386 vos
444 2334 697 2401 reﬁciam.
750 2334 843 2387 Est
888 2334 1031 2386 enim
1062 2331 1257 2401 jugum
1310 2347 1483 2384 meum
1522 2329 1836 2400 placidum,
1891 2332 1940 2379 et

301 2442 440 2483 onus
482 2428 803 2482 levissimum
856 2428 1099 2497 (Matth,
1128 2442 1200 2493 x1,
1248 2425 1475 2493 28-30);
1532 2430 1587 2478 et
1626 2420 1940 2493 responde-

300 2525 442 2577 runt
494 2543 505 2575 :
556 2525 678 2580 Non
728 2521 1042 2589 audiemus;
1076 2521 1175 2574 sed
1206 2525 1402 2590 gentes
1440 2522 1647 2573 nostrae
1675 2516 1943 2571 exaudie-

302 2622 466 2685 runt,
519 2619 576 2672 et
611 2616 977 2671 crediderunt
1013 2615 1186 2669 verbo
1216 2614 1469 2681 salutari,
1518 2630 1632 2684 quo
1688 2611 1939 2681 patefac-

305 2715 383 2766 tae
426 2715 560 2765 sunt
588 2726 755 2764 aures
802 2725 1026 2776 eorum,
1054 2708 1269 2763 etoculi
1307 2706 1614 2761 illuminati
1640 2720 1940 2771 caecorum,

304 2810 361 2861 et
404 2804 644 2860 elocuta:
698 2804 912 2875 lingua:
963 2803 1395 2874 impeditorum,
1453 2799 1639 2855 claudi
1690 2798 1945 2870 prosilie-

303 2903 444 2955 runt
464 2899 762 2953 vclutfera
809 2898 1122 2953 lasciviens.
1170 2897 1426 2952 Christus
1481 2895 1633 2948 enim
1676 2910 1804 2947 cum
1838 2907 1941 2945 suo

305 3010 491 3065 regno
541 2993 738 3047 sedem
783 2992 978 3064 posuit
1014 2992 1160 3061 illis;
1192 2991 1351 3062 plebs
1398 2993 1588 3043 antem
1645 2986 1940 3051 derelicta,

304 3086 487 3156 nuda,
514 3086 752 3154 deserta,
770 3085 1001 3141 viduata
1023 3102 1204 3157 regno
1227 3083 1441 3139 ccelesti
1460 3088 1629 3154 atque
1651 3080 1937 3137 terrestri:

2038 1953 2343 2012 Lavamini,
2397 1952 2591 2006 mundi
2657 1956 2839 2015 estote,
2889 1958 2940 2006 et
3016 1951 3228 2020 venite},
3288 1954 3682 2024 colloquamur,

2040 2046 2173 2099 dicit
2208 2047 2467 2100 Dominus
2520 2048 2691 2111 Deus;
2735 2046 2895 2099 eluite
2921 2048 3245 2115 sanguinem
3291 2064 3358 2103 ea:
3406 2048 3574 2112 vobis,
3635 2053 3688 2103 et

2042 2140 2357 2193 emundabit
2383 2140 2548 2194 corda
2596 2145 2775 2194 vestra
2822 2155 2985 2211 super
3010 2143 3207 2205 nivem,
3237 2144 3449 2198 animas
3474 2147 3685 2199 vestras

2044 2249 2207 2303 super
2239 2234 2320 2287 lac
2355 2235 2484 2303 (Isa.
2518 2252 2554 2296 ι,
2588 2235 2698 2306 iii).

2114 2329 2197 2382 IX.
2232 2329 2491 2383 Accedite
2524 2329 2654 2396 huc,
2690 2329 2998 2400 Scripturis
3041 2331 3276 2401 credite,
3318 2331 3411 2386 hic
3451 2334 3537 2387 est
3592 2349 3684 2387 sa-

2040 2422 2129 2476 lus
2164 2439 2175 2476 :
2208 2426 2281 2476 De
2307 2426 2434 2479 Sion
2464 2426 2601 2478 extet
2628 2424 2739 2493 (60)
2788 2425 3006 2479 uerbum
3035 2431 3085 2479 et
3133 2427 3219 2480 lea:
3243 2426 3308 2481 de
3347 2429 3686 2483 Hierusalem

2044 2516 2172 2585 (Isa.
2206 2533 2264 2581 ιι,
2294 2516 2382 2587 3);
2422 2517 2696 2587 judicabit
2751 2517 2809 2571 in
2865 2518 3054 2576 medio
3086 2520 3381 2590 gentium,
3422 2526 3477 2577 et
3526 2523 3695 2576 corri-

2042 2610 2158 2680 piet
2182 2611 2407 2681 piebem
2438 2611 2675 2665 multam
2713 2629 2725 2666 :
2752 2611 2940 2685 925
2965 2631 2993 2668 c
3019 2614 3293 2669 oncidant
3324 2615 3539 2686 gladios
3562 2633 3694 2672 suos

2046 2705 2101 2759 in
2137 2709 2347 2769 aratra,
2381 2710 2437 2760 ct
2456 2706 2699 2760 frameas
2730 2723 2857 2762 suas
2886 2709 2944 2762 in
2984 2709 3221 2763 falcibus
3289 2715 3650 2766 commutent
3679 2730 3691 2765 :

2046 2817 2162 2854 non
2186 2805 2375 2854 sumet
2407 2817 2546 2872 gens
2576 2806 2770 2856 contra
2824 2806 3052 2873 gentem
3083 2804 3364 2874 gladium,
3419 2805 3687 2860 desinent

2046 2894 2203 2949 enim
2234 2894 2588 2965 belligerare.
2623 2897 2690 2950 Et
2743 2901 2826 2963 tu,
2865 2896 3068 2952 domus
3100 2898 3296 2967 Jacob,
3338 2898 3553 2965 venite,
3583 2916 3678 2954 ea-

2044 3006 2172 3043 mus
2203 2989 2261 3042 in
2292 2989 2506 3044 lumiue
2525 2990 2778 3059 Domini;
2804 2990 3027 3045 remisit
3045 2991 3202 3046 enim
3225 2992 3451 3063 plebem
3468 3010 3633 3049 suam
3664 3011 3678 3050 :

2045 3084 2330 3153 completa
2381 3089 2465 3137 est
2517 3084 2675 3156 regio
2731 3090 2826 3139 tua
2880 3086 3176 3157 praesagiis
3226 3086 3445 3155 alienis,
3476 3100 3534 3143 et
3573 3088 3679 3143 ﬁlii

305 3199 443 3238 nam
472 3199 505 3236 a
530 3181 746 3236 caelesti
800 3179 1004 3251 ahjecti
1068 3183 1223 3244 sunt,
1246 3178 1535 3234 consecuti
1580 3178 1686 3249 (57)
1746 3174 2018 3275 omniac
2042 3177 2277 3231 alienati
2305 3182 2456 3233 sunt.
2484 3179 2601 3232 Tua
2628 3178 2779 3233 enim
2819 3179 2941 3250 ipsa
2978 3183 3132 3235 terra
3171 3184 3276 3251 est,
3309 3187 3368 3237 et
3418 3186 3681 3238 exterum

304 3277 690 3332 instrumenta
712 3291 837 3346 quas
863 3275 1259 3345 possederunt,
1299 3274 1571 3344 lychnum
1600 3275 1811 3341 septem
1852 3270 1941 3323 lu-

310 3371 545 3426 minum
574 3376 630 3426 et
658 3369 987 3425 machinam
1012 3368 1378 3433 Testamenti,
1412 3384 1538 3421 vasa
1562 3383 1729 3428 aerea.
1757 3364 1943 3431 tubas,

303 3471 362 3521 et
402 3481 601 3536 pacem
628 3465 700 3519 de
727 3464 889 3531 coelo,
931 3466 988 3517 et
1013 3468 1226 3518 terram
1251 3465 1501 3517 sanctam
1532 3462 1676 3515 lacte
1699 3463 1755 3515 et
1775 3458 1943 3513 melle

302 3560 722 3632 proﬂuentem;
757 3559 864 3613 hac
895 3557 1226 3613 hiereditate
1268 3556 1523 3628 privatus
1549 3559 1635 3610 est
1664 3554 1850 3621 lsrael,
1888 3557 1945 3607 et

300 3671 461 3709 nunc
498 3653 800 3709 derelictus
852 3653 912 3707 in
944 3652 1099 3707 omni
1131 3669 1232 3706 sua
1256 3655 1408 3706 terra
1463 3651 1585 3705 sine
1644 3650 1940 3717 alimento,

304 3750 431 3807 sine
457 3748 690 3803 luminis
730 3748 965 3803 auxilio.
994 3746 1281 3802 Auxilium
1334 3745 1490 3801 enim
1517 3750 1573 3800 et
1610 3744 1943 3816 praesidium

306 3843 672 3913 interemisti,
719 3845 778 3897 et
808 3842 1008 3897 lumen
1047 3844 1381 3914 persecutus
1433 3857 1513 3908 es,
1550 3843 1607 3894 et
1652 3843 1940 3911 protecto-

305 3954 430 3993 rem
461 3936 745 4009 repulisti,
776 3941 834 3991 et
859 3953 1135 4009 sponsum
1169 3934 1438 4005 alilixisti,
1471 3939 1526 3990 et
1575 3950 1775 4005 regem
1820 3949 1939 3987 sus-

302 4032 584 4105 pendisti;
618 4037 916 4104 propterea
959 4032 1115 4086 exsul
1155 4047 1213 4086 es
1253 4031 1322 4085 de
1370 4030 1562 4101 patria
1605 4033 1721 4096 tua,
1769 4027 1939 4082 ober-

302 4143 443 4183 rans
506 4126 650 4181 circa
715 4126 976 4197 gentium
1059 4126 1320 4195 flumina,
1396 4141 1534 4180 voce
1617 4123 1941 4195 supplicum

301 4237 473 4293 prece
500 4222 608 4293 (58)
638 4221 865 4290 flexisti,
923 4221 1158 4277 dicens:
1211 4243 1238 4271 ‹‹
1266 4220 1540 4291 Expulsus
1590 4235 1716 4273 sum
1771 4217 1943 4272 miser

303 4317 377 4371 de
406 4315 651 4388 propriis
683 4315 914 4371 sedibus
958 4316 1119 4384 meis,
1170 4315 1374 4385 hospes
1413 4318 1469 4368 et
1517 4313 1734 4368 advena
1762 4313 1940 4367 factus

302 4427 431 4466 sum
480 4410 687 4465 alienae
727 4408 1115 4481 possessionis,
1173 4409 1295 4465 sine
1337 4408 1532 4478 domo,
1587 4407 1713 4463 sine
1754 4408 1935 4475 tecto;

301 4503 579 4560 miserere
610 4504 817 4560 deserti
839 4509 897 4559 et
922 4503 1081 4576 impii
1103 4506 1160 4559 et
1185 4504 1422 4576 indigne
1445 4503 1595 4559 victi.
1626 4524 1654 4554 η

2051 3271 2271 3327 factum
2307 3276 2394 3327 est
2434 3289 2615 3343 genus
2661 3273 2907 3329 Domini.
2961 3275 3158 3330 Venite
3203 3292 3363 3347 ergo,
3397 3278 3605 3333 intrate
3631 3284 3690 3335 et

2047 3373 2165 3422 esto
2206 3367 2373 3438 quasi
2411 3384 2526 3421 una
2578 3384 2717 3439 gens
2767 3390 2783 3423 ι
2820 3369 3094 3425 miserare
3139 3372 3459 3427 errantium
3502 3372 3613 3445 (61)
3673 3389 3687 3428 :

2046 3478 2274 3533 aequom
2326 3467 2411 3517 est
2456 3462 2823 3518 honoriﬁcari
2879 3466 3223 3521 sententiam
3272 3466 3391 3534 Dei,
3440 3468 3689 3539 qualiter

2048 3556 2339 3627 magniﬁci
2382 3558 2648 3628 prostrati
2677 3561 2810 3613 sunt
2834 3564 2891 3614 et
2920 3560 3168 3615 humiles
3211 3561 3463 3630 allevati,
3500 3562 3677 3618 fortes

2045 3650 2344 3718 debilitati,
2411 3651 2625 3707 inﬁrmi
2681 3654 3019 3722 conﬁrmati,
3056 3655 3258 3711 divites
3303 3656 3373 3711 ad
3433 3673 3684 3729 pauper-

2042 3745 2216 3800 latem
2247 3745 2480 3814 redacti,
2539 3763 2819 3818 pauperes
2874 3750 2975 3819 (62)
3025 3748 3378 3817 haereditati,
3431 3750 3684 3807 dominis

2044 3839 2189 3895 servi
2216 3840 2510 3909 dominati,
2549 3847 2864 3912 regnantes
2909 3842 3168 3914 subjecti,
3198 3844 3681 3915 videntesorbati,

2044 3934 2230 3990 orbati
2274 3934 2582 3990 illuminati
2621 3954 2637 4005 ;
2683 3936 2993 4007 prudentes
3044 3937 3116 3992 ad
3161 3937 3481 4010 stultitiam,
3529 3940 3683 3996 stulti

2043 4029 2115 4084 ad
2143 4029 2515 4101 prudentiam
2555 4031 2835 4087 conversi.

2110 4125 2171 4179 Χ.
2206 4123 2454 4194 Etenim,
2489 4125 2589 4195 qui
2636 4126 2885 4197 quodam
2912 4127 3179 4182 vecordes
3219 4132 3277 4183 et
3295 4128 3510 4185 indocti
3560 4129 3678 4202 spi-

2039 4217 2175 4286 ritu,
2203 4234 2354 4273 nunc
2404 4219 2729 4291 Scripturas
2766 4221 2994 4290 docent,
3039 4226 3098 4277 et
3136 4223 3322 4278 sciunt
3362 4230 3419 4280 et
3468 4224 3682 4280 intelli-

2041 4316 2186 4384 gunt
2223 4314 2365 4384 :qui
2395 4319 2586 4369 autem
2636 4315 2706 4370 ab
2738 4315 2902 4371 initio
2942 4316 3092 4372 docti
3134 4320 3191 4373 et
3240 4318 3409 4390 periti
3463 4325 3519 4375 et
3542 4320 3688 4391 legis

2040 4406 2405 4478 disciplinam
2458 4409 2719 4479 scientes,
2752 4411 3018 4467 nesciunt
3052 4414 3259 4485 legem,
3315 4415 3582 4471 nesciunt
3606 4417 3686 4472 le-

2045 4518 2203 4573 gere,
2223 4519 2328 4558 nec
2357 4504 2690 4576 intelligunt
2729 4506 3007 4577 spiritalia
3038 4524 3051 4562 :
3083 4513 3138 4562 et
3178 4508 3277 4580 qui
3318 4525 3383 4563 ex
3410 4509 3518 4564 illis
3546 4527 3685 4581 pru-

376 4600 516 4656 VllI.
550 4599 678 4654 Hinc
714 4615 883 4671 poena
934 4598 992 4654 in
1043 4599 1216 4655 Israel
1266 4602 1372 4668 est,
1419 4598 1541 4655 haec
1591 4595 1838 4653 conditio
1882 4580 2021 4653 inD
2047 4595 2318 4652 dentibus
2348 4598 2587 4670 cupiens
2609 4596 2802 4672 926
2835 4600 3049 4669 videre,
3083 4601 3570 4676 venit,intelligit,
3594 4621 3682 4660 ro-

1729 4763 2084 4829 Variorum
2127 4769 2321 4829 notae.

371 4901 466 4970 (53)
502 4904 838 4957 Manilianas.
867 4904 961 4957 Sic
1000 4904 1178 4971 Colb.,
1204 4908 1513 4960 munitionis
1546 4907 1675 4960 edit.
1707 4908 1935 4959 MARAN.

370 4979 471 5040 (56)
499 4980 579 5030 Ad
610 4980 986 5044 possessionem
1028 4979 1283 5032 bonorum
1327 4995 1561 5033 suorum.
1595 4981 1680 5031 Ex
1709 4982 1938 5043 conjec-

303 5053 432 5101 tura
459 5051 543 5102 sic
570 5064 795 5115 quoque
824 5049 975 5103 hunc
1001 5051 1190 5104 locum
1232 5055 1446 5104 restitui
1480 5068 1578 5119 pro
1622 5054 1937 5118 passionem.

304 5122 532 5173 PAMEL.

373 5193 472 5255 (57)
529 5193 818 5245 Consecuti.
882 5194 1124 5245 Mutatus
1177 5195 1271 5246 hic
1319 5196 1496 5259 locus,
1562 5196 1767 5248 lectore
1827 5208 1941 5244 non

300 5262 588 5315 admonits
616 5278 681 5315 ac
708 5266 830 5315 sine
864 5267 979 5317 ulla
1019 5269 1349 5318 auctoritate
1392 5269 1448 5318 in
1478 5268 1723 5319 editione
1754 5265 1935 5317 Oxon.

299 5334 405 5386 ubi
430 5336 512 5386 sic
539 5335 778 5386 habetur
804 5352 815 5385 :
849 5339 985 5388 Nam
1011 5353 1046 5389 (ι
1076 5338 1268 5389 ccelesti
1304 5338 1496 5402 objecti
1532 5342 1676 5401 sunt,
1704 5338 1944 5389 destituti

298 5406 456 5455 omni
502 5406 850 5458 instrumento
906 5410 1049 5471 quod
1099 5410 1464 5474 possederunt,
1520 5410 1704 5474 lychno
1755 5414 1945 5473 septem

302 5476 589 5535 luminum,
617 5483 664 5527 et
693 5479 962 5541 machina,
995 5484 1096 5531 etc.
1129 5481 1359 5533 MARAN.

375 5547 469 5610 (58)
529 5548 703 5600 Precc.
765 5550 858 5601 Sic
906 5551 1019 5601 duo
1062 5553 1285 5604 codices
1334 5567 1504 5615 mss;
1550 5568 1755 5620 precem
1816 5553 1946 5604 edit.

300 5618 541 5670 MARAN.
587 5646 648 5658 —-
689 5622 815 5673 Voce
855 5623 1151 5689 supplicum
1188 5638 1389 5688 precem
1439 5618 1645 5691 ﬂeuisti.
1692 5627 1827 5677 Mira
1871 5629 1954 5676 est

303 5691 550 5758 phrasis,
580 5696 677 5743 aut
707 5697 854 5746 certe
882 5695 1041 5746 locus
1074 5698 1322 5748 mutilus.
1369 5697 1463 5749 Sic
1494 5703 1549 5749 et
1582 5698 1723 5749 illud
1763 5699 1955 5749 nescio

306 5760 449 5829 quid
477 5762 582 5813 sibi
611 5764 748 5815 velit
778 5780 790 5814 :
821 5767 995 5818 [iteres
1024 5775 1130 5820 esto
1155 5783 1271 5820 cum
1293 5770 1513 5834 virgine.
1544 5771 1768 5822 PAMEL.

372 5834 633 5909 (59)_Cum
660 5851 851 5889 manus
878 5845 998 5891 tuas
1017 5842 1324 5894 extenclcrit.
1356 5844 1437 5893 Ita
1467 5843 1767 5909 legendum
1798 5859 1810 5895 :
1846 5844 1959 5896 hoc

344 5906 466 5961 nim
487 5907 683 5977 legunt
704 5910 857 5965 LXX
881 5913 1040 5968 Isaias
1065 5928 1103 5978 ι,
1126 5915 1279 5969 unde
1300 5906 1680 5983 sumpta'sunt
1706 5929 1960 5984 sequen-

2042 4906 2135 4955 tia.
2165 4906 2388 4958 PAMEL.

2102 4978 2200 5039 (60)
2257 4980 2330 5029 De
2387 4979 2517 5030 Sion
2574 4979 2727 5030 exist.
2783 4979 2949 5030 Hunc
3008 4978 3197 5039 locum
3259 4978 3684 5033 emendavimus

2041 5051 2371 5102 auctoritate
2400 5050 2522 5101 cod.
2559 5050 2740 5111 Colb.,
2777 5051 2874 5115 qui
2906 5055 3095 5101 tamen
3136 5050 3305 5100 habet
3332 5052 3480 5101 exiit.
3507 5052 3690 5113 Alius,

2055 5121 2116 5169 de
2141 5122 2268 5171 Sion
2305 5122 2467 5173 exibit
2504 5122 2605 5186 (er,
2648 5128 2693 5173 et
2738 5121 2948 5173 verbum
2984 5121 3197 5172 Domini
3224 5121 3291 5172 de
3332 5122 3684 5185 Hierusalem,

2042 5197 2193 5249 Editi
2242 5210 2253 5244 :
2309 5196 2373 5245 de
2433 5194 2563 5243 Sion
2616 5195 2713 5245 Dei
2762 5194 2894 5244 exiet
2947 5193 3165 5244 verbum
3223 5194 3287 5244 (te
3334 5194 3684 5246 Hierusalem.

2045 5270 2277 5321 MARAN.

2108 5341 2206 5405 (61)
2237 5341 2488 5392 Miserere
2520 5341 2836 5391 errantium.
2871 5339 3113 5392 Rursum
3142 5338 3365 5391 videtur
3396 5339 3492 5392 hic
3524 5340 3686 5393 locus

2044 5408 2304 5463 mutilus.
2332 5413 2554 5463 PAMEL.

2112 5482 2211 5544 (62)
2250 5483 2528 5546 Pauperes.
2566 5483 2727 5533 Hanc
2768 5495 2965 5534 vocem
3009 5496 3134 5547 qua)
3176 5481 3366 5534 deerat
3417 5483 3479 5532 in
3522 5482 3687 5534 editis

2050 5554 2261 5606 restitui
2305 5567 2374 5603 ex
2424 5554 2601 5605 tribus
2654 5554 2944 5606 codicibus
2994 5569 3127 5605 mss.
3193 5556 3290 5620 qui
3343 5555 3471 5605 usui
3520 5555 3689 5605 etiam

2054 5627 2279 5676 fuerunt
2306 5625 2373 5675 ad
2416 5628 2608 5677 caetera
2651 5626 3002 5677 emendanda
3037 5641 3047 5675 :
3085 5628 3167 5677 sic
3212 5627 3360 5677 enim
3411 5625 3694 5675 habebant

2055 5698 2190 5750 editi
2223 5712 2234 5746 :
2262 5715 2291 5744 «
2317 5697 2532 5748 Diviles
2582 5696 2650 5746 ad
2694 5702 3075 5762 paupertatem
3126 5696 3353 5760 redacti,
3385 5695 3697 5747 haereditati

2059 5770 2412 5823 dominantes
2466 5770 2629 5832 servi,
2685 5770 2996 5821 dominatui
3056 5769 3297 5834 subjecti
3349 5768 3418 5819 ad
3461 5780 3694 5834 regnum

2058 5848 2260 5903 vocati.
2294 5866 2323 5898 »
2348 5847 2558 5900 Pamel.
2581 5846 2715 5914 legit
2748 5848 3063 5900 dominatui.
3103 5847 3333 5898 Meam.
