4082 6194
3857 147 3884 199 8

563 253 702 324 1007
1135 253 1224 310 AD
1264 253 1487 310 OPEBA
1529 253 1587 310 S.
1629 255 1948 312 CYPRIANI
1977 257 2274 314 GENUINA
2301 254 2589 314 APPEND.
2620 255 2687 312 ll.
2741 289 2811 301 —
2841 256 3322 316 SUPPOSITITIA.
3773 264 3856 316 100

562 381 666 446 gat
692 393 940 448 puerum
991 379 1086 432 aut
1114 378 1431 448 parvulum,
1466 381 1564 434 aut
1593 395 1788 450 anum,
1821 383 1922 436 aut
1949 381 2198 452 viduam,
2225 394 2283 468 Α
2305 382 2469 454 signo
2502 384 2834 456 purificatus
2878 401 2985 456 per
3036 384 3333 454 Spiritum,
3369 387 3526 454 rogat
3561 384 3788 455 accipere
3814 389 3886 440 vi-

559 477 659 526 aut
712 471 1010 539 rusticum,
1059 470 1297 527 dicens:
1345 494 1374 521 «
1414 472 1612 528 Vivere
1669 475 1852 546 cupio,
1899 476 2011 530 dux
2065 481 2186 531 esto
2288 486 2408 535 tam
2438 494 2542 548 per
2571 478 2762 532 cibum
2794 479 2987 549 gratiae
3008 479 3171 549 panis
3197 478 3296 548 qui
3322 481 3406 532 est
3445 478 3497 530 in
3526 477 3880 534 benedictione

560 564 701 620 mihi
733 566 790 620 in
827 566 960 621 Sion
995 583 1006 621 :
1038 582 1247 622 enarra
1295 567 1440 622 mihi
1473 584 1688 622 novum
1739 570 2184 638 Testamentum,
2290 579 2345 628 et
2382 573 2446 627 fit
2473 573 2684 627 mirum
2715 574 3100 644 spectaculum
3133 590 3145 626 :
3178 575 3237 626 et
3265 572 3361 643 qui
3383 571 3561 626 levita:
3581 572 3880 639 offerebant,

563 658 868 714 reconcilio
895 677 988 715 me
1045 661 1287 717 Domino
1319 678 1332 715 :
1361 678 1487 717 ccce
1525 663 1684 718 trado
1736 679 1827 718 me
1854 663 1957 718 tibi
2015 664 2180 718 disci-
2287 673 2344 723 et
2395 668 2717 722 sacerdotes
2763 667 3152 734 immolantes,
3196 671 3252 722 et
3293 665 3500 720 summi
3539 666 3798 720 antistites
3824 667 3880 720 li-

554 753 776 824 pulum,
801 753 1180 826 interpretare
1211 755 1350 810 mihi
1381 757 1591 828 legem,
1615 773 1744 828 quas
1763 762 1885 812 acta
1908 763 2038 813 sunt
2069 759 2175 827 (63)
2284 761 2491 816 bantes
2545 761 2812 816 assistunt
2863 778 3043 832 puero
3076 760 3366 828 offerenti;
3419 759 3638 814 discunt
3669 759 3769 830 (6E5)
3799 762 3881 832 qui

548 848 608 901 in
663 848 905 919 Choreb,
952 849 1161 905 dissere
1205 857 1487 922 praecepta
1539 868 1667 922 quae
1719 851 1778 905 in
1827 851 1992 919 Sion,
2036 852 2182 907 etin
2284 855 2417 911 olim
2450 856 2752 923 docebant,
2784 859 2843 910 et
2865 855 3103 925 jnbetur
3134 855 3216 909 eis
3245 854 3343 925 qui
3394 853 3796 924 praecipiebant,
3832 860 3881 907 et

549 940 678 1012 lege
716 941 850 1012 (64).
901 941 1033 997 Sine
1083 942 1289 998 litteris
1346 944 1573 998 disserit
1620 945 1935 1016 Scripturas
1989 945 2088 1014 eis,
2124 948 2182 998 cl
2281 950 2645 1022 intinguntur
2677 951 2772 1022 qui
2803 949 3185 1021 baptizabant,
3216 953 3272 1002 ct
3299 947 3770 1002 circumciduntur
3798 947 3880 1018 qui

551 1052 696 1108 puer
716 1036 879 1091 docet
906 1053 1121 1100 senem,
1153 1041 1207 1092 et
1237 1055 1378 1092 anus
1422 1037 1726 1108 persuadet
1781 1038 2008 1094 diserto.
2041 1039 2176 1094 Cor-

548 1135 743 1202 reptus
773 1147 910 1202 ergo
941 1132 1110 1186 Israel
1141 1133 1420 1204 sequitur,
1451 1131 1662 1202 injecta
1704 1149 1880 1186 manu
1915 1133 1982 1187 ad
2021 1133 2176 1187 lava-

547 1241 731 1294 crum,
763 1230 820 1281 et
855 1225 932 1280 ibi
982 1226 1315 1281 testificatur
1369 1227 1520 1297 quod
1574 1225 1816 1281 credidit
1859 1231 1914 1281 et
1944 1232 2177 1299 accepto

1927 1326 2282 1390 Variorum
2323 1332 2524 1393 notae.

607 1425 703 1488 (63)
742 1424 862 1486 Quae
883 1430 997 1475 acta
1021 1427 1164 1475 sant.
1195 1423 1382 1474 Codex
1411 1423 1566 1488 Reg.,
1595 1437 1711 1489 quae
1737 1427 1857 1474 acta
1886 1430 1956 1475 est
1974 1439 1992 1488 ,'
2026 1424 2172 1475 alius
2333 1427 2428 1491 (65)
2467 1427 2698 1477 Discant.
2725 1426 2817 1478 Sic
2844 1425 3108 1486 Colbert.,
3134 1425 3330 1475 discum
3356 1423 3510 1484 edit.,
3546 1423 3690 1473 unde
3712 1422 3857 1472 Pame

543 1507 660 1558 quae
679 1500 795 1545 acta
824 1495 881 1544 in
906 1495 1120 1546 C/coreb.
1147 1495 1377 1546 MARAN.
2273 1499 2399 1560 lius,
2433 1503 2492 1548 ut
2526 1499 2858 1549 sententiam
2897 1499 3160 1561 expleret,
3193 1495 3479 1546 addiderat
3513 1495 3752 1545 docentur
3770 1499 3853 1544 ant

544 1569 702 1690 Μ(64)
758 1568 819 1616 1η
881 1566 1006 1630 lege.
1068 1567 1162 1619 Sic
1214 1567 1340 1618 cod.
1404 1565 1669 1631 Colbert.,
1731 1569 1867 1620 editi
1925 1567 2168 1632 intellige.
2271 1571 2395 1624 haec
2425 1571 2610 1634 verba,
2640 1572 2734 1634 qui
2757 1570 2882 1622 olim
2911 1568 3170 1620 docebant.
3199 1568 3431 1620 Marum.

599 1651 772 1690 ARAN.

599 1651 772 1690 ARAN.

2282 1045 2765 1100 circumcidebant
2795 1063 2806 1099 :
2839 1044 2916 1098 sic
2939 1045 3219 1098 Dominus
3247 1042 3451 1096 florere
3474 1041 3661 1108 Noluit
3690 1047 3875 1111 gentes.

2279 1140 2493 1196 Videtis
2522 1138 3015 1211 quemadmodum
3045 1155 3140 1193 vos
3171 1137 3429 1194 Christus
3457 1136 3667 1191 dilexit.

1925 1965 2542 2137 C(ENA

1615 2250 2010 2316 CYPRIANO
2056 2249 2308 2314 FALSO
2355 2244 2820 2312 ADSCRIPTA.

612 2681 823 2744 00min
890 2698 1034 2750 rex,
1085 2683 1320 2739 nomine
1380 2685 1578 2754 Johel,
1637 2687 1863 2758 nuptias
1925 2686 2428 2770 faciebatBJesus
2469 2700 2642 2756 super
2693 2681 2974 2754 puteum',
3021 2680 3318 2736 Zacchaeus
3382 2695 3560 2751 super
3620 2677 3882 2743 arborem,

536 2773 860 2847 injregione
889 2776 1150 2844 Orientis,
1184 2778 1244 2833 in
1270 2779 1418 2835 Cana
1446 2780 1709 2836 Galilaeae.
1734 2781 1830 2836 His
1857 2781 2072 2853 nuptiis
2094 2783 2168 2853 (1)
2271 2781 2566 2836 Matthaeus
2617 2779 2676 2833 in
2705 2793 2958 2842 scamno,
2987 2777 3237 2832 Rebecca
3257 2790 3429 2845 super
3449 2772 3735 2845 hydriam,
3756 2770 3881 2824 Raab

541 2869 765 2925 invitati
817 2876 950 2926 sunt
1002 2872 1212 2943 plures.
1267 2874 1449 2944 Igitur
1474 2874 1571 2946 qui
1612 2875 1929 2947 temperius
1982 2875 2170 2930 lotiin
2272 2892 2443 2946 super
2470 2879 2759 2944 stuppam,
2811 2871 2963 2927 Ruth
3017 2887 3185 2941 super
3251 2868 3526 2940 stipulam
3577 2865 3883 2937 (7),Thccla

541 2965 806 3031 Iordane,
829 2964 1140 3020 adfuerunt
1175 2968 1236 3021 in
1275 2968 1552 3023 convivio.
1604 2971 1758 3024 Tunc
1808 2969 2173 3025 commenda-
2273 2986 2443 3041 super
2482 2970 2814 3032 fenestram,
2866 2968 3127 3022 Suzanna
3177 2963 3234 3017 in
3287 2963 3482 3028 horto,
3531 2961 3771 3015 Absalou
3824 2958 3883 3027 (8‘.

543 3058 621 3113 vit
672 3058 748 3129 (2)
809 3059 1083 3124 Naaman,
1152 3078 1361 3133 aquam
1418 3063 1625 3134 sparsit
1691 3069 1878 3131 Amos,
1937 3065 2173 3119 Jacobus
2275 3063 2330 3118 in
2375 3062 2670 3117 frondibus
2693 3060 2901 3129 ,‘Judas
2945 3075 3116 3130 super
3169 3058 3459 3121 loculum,
3495 3058 3694 3109 Petrus
3741 3069 3888 3124 super

537 3151 798 3207 Andreas
851 3155 1162 3209 attulerunt
1197 3155 1444 3223 foenum,
1503 3158 1796 3212 Matthacus
1864 3163 1921 3212 et
1976 3161 2173 3213 Petrus
2275 3156 2628 3220 cathedram,
2665 3153 2900 3208 Jacobus
2945 3169 3118 3223 super
3152 3156 3294 3219 rete,
3324 3151 3571 3206 Samson
3614 3164 3778 3220 super
3810 3163 3884 3200 co-

545 3251 886 3317 straveruut,
917 3265 1172 3302 mensam
1223 3251 1414 3320 posuit
1457 3252 1741 3320 Salomon,
1774 3255 1944 3323 atque
1973 3269 2174 3307 omnes
2275 3252 2553 3317 lumnam,
2589 3249 2704 3303 [leli
2728 3263 2896 3318 super
2927 3247 3141 3313 sellam,
3167 3244 3572 3313 Rachelsuper
3603 3242 3882 3296 sarcinam.

541 3339 946 3396 discubuerunt
987 3343 1189 3396 turbae.
1220 3343 1328 3399 Sed
1354 3360 1482 3398 cum
1517 3345 1638 3415 jam
1660 3346 1815 3400 locus
1833 3347 2172 3401 recumben-
2274 3345 2502 3400 Patiens
2530 3343 2714 3396 stabat
2733 3341 2956 3406 Paulus,
2992 3344 3048 3394 et
3077 3337 3486 3393 murmurabat
3523 3341 3689 3402 Esau,
3721 3340 3775 3389 et
3800 3334 3883 3388 d0-

551 3437 694 3492 tium
736 3439 807 3511 (3)
856 3440 1057 3510 plenus
1089 3444 1256 3509 esset,
1286 3442 1380 3513 qui
1410 3443 1902 3514 superveniebant,
1931 3445 2174 3516 quisque
2276 3439 2431 3494 lebat
2451 3437 2553 3493 Job
2587 3439 2658 3507 (9)
2681 3435 2834 3506 quod
2863 3435 3018 3489 solus
3049 3433 3282 3488 sedebat
3311 3431 3512 3504 924
3548 3431 3608 3485 in
3639 3434 3886 3484 stercore.

543 3537 714 3603 prout
738 3538 982 3603 poterat,
1007 3535 1202 3589 locum
1231 3536 1336 3590 sibi
1379 3537 1724 3592 inveniebat.
1745 3539 2175 3610 Primusitaque
2275 3538 2428 3591 Tunc
2475 3535 2723 3607 porrexit
2772 3533 3026 3588 Rebecca
3072 3530 3556 3602 pallium,Judith
3613 3530 3888 3599 cooperto-

541 3625 797 3682 omnium
835 3627 982 3682 sedit
1027 3629 1208 3684 Adam
1259 3630 1317 3684 in
1375 3631 1585 3699 medio,
1630 3633 1743 3686 Eva
1799 3649 1975 3704 super
2021 3633 2172 3704 folia,
2278 3631 2447 3698 rium,
2481 3634 2629 3700 Agar
2671 3627 2995 3698 stragulum
3033 3627 3166 3695 (1ο),
3201 3625 3335 3680 Sem
3363 3623 3694 3696 etJapheth
3721 3637 3892 3692 coope-

545 3720 686 3775 Cain
717 3737 890 3792 super
945 3727 1218 3792 aratrum,
1262 3724 1398 3780 Abel
1427 3741 1597 3796 super
1640 3726 2012 3798 mulgarium,
2063 3728 2177 3783 Noe
2277 3728 2537 3780 ruerunt.
2592 3721 3078 3778 Recumbentibus
3127 3720 3318 3775 illatus
3365 3722 3455 3774 est
3489 3721 3691 3791 gustus
3718 3731 3887 3782 creua,

546 3830 718 3885 super
743 3831 952 3884 arcam,
979 3816 1184 3888 Japhet
1207 3819 1606 3890 superlateres
1635 3821 2046 3888 (4),Abraham
2067 3821 2170 3876 sub
2288 3823 2344 3875 et
2396 3819 2615 3890 accepit
2675 3816 2996 3872 cucurbites
3048 3816 3257 3882 Jonas,
3300 3813 3427 3869 olus
3495 3813 3712 3880 Esaias,
3755 3810 3892 3865 betas

543 3908 768 3976 arbore,
798 3911 951 3965 Isaac
992 3926 1164 3982 super
1210 3929 1396 3982 aram,
1427 3914 1569 3969 Loth
1602 3914 1767 3984 juxta
1788 3915 2017 3983 ostium,
2077 3918 2170 3970 Ja-
2280 3915 2478 3982 Israel,
2519 3929 2748 3968 morum
2778 3910 3055 3979 Ezechiel,
3098 3925 3464 3981 sycomorum
3496 3903 3890 3971 Zacchseus,ci-

543 4003 647 4058 cob
701 4020 872 4075 super
923 4009 1168 4076 petram,
1210 4007 1423 4078 Moyses
1465 4025 1640 4079 super
1681 4009 1958 4080 lapidem,
1993 4010 2173 4064 Helias
2219 4076 2251 4080 ὲ
2279 4011 2458 4064 trium
2486 4007 2695 4077 Adam,
2727 4005 2954 4077 lupinos
2986 4004 3204 4071 Daniel,
3234 4019 3489 4074 pepones
3531 4003 3768 4068 Pharao,
3791 4014 3890 4054 car-

547 4113 713 4168 supcr
762 4098 993 4168 pellem,
1057 4099 1247 4154 Daniel
1298 4076 1476 4172 super
1519 4076 1773 4157 tribunal
1828 4103 1924 4174 (ὅ),
1977 4076 2460 4159 Tobiastuum
2515 4076 2688 4168 Cain,
2725 4076 2862 4155 ficus
2921 4101 3054 4166 Eva,
3109 4099 3322 4152 malum
3378 4097 3616 4161 Rachel,
3673 4105 3891 4166 primum

545 4207 716 4262 super
743 4192 976 4258 lectum,
1005 4193 1214 4265 Joseph
1235 4210 1409 4266 super
1433 4196 1715 4267 modium,
1751 4197 2047 4268 Benjamin
2077 4215 2173 4253 su-
2278 4197 2546 4265 Auanias,
2576 4195 2782 4250 bulbos
2836 4193 2956 4260 Lia,
2987 4193 3161 4247 olivas
3205 4196 3389 4247 Aaron
3444 4191 3582 4262 (11).
3623 4205 3784 4244 orum
3818 4185 3891 4239 Jo-

548 4300 651 4356 per
677 4301 922 4352 saccum,
973 4287 1149 4342 David
1176 4305 1350 4360 super
1403 4290 1802 4359 monticulum,
1829 4294 2074 4348 Joannes
2103 4292 2176 4364 (6)
2280 4291 2751 4362 seph,uvasNoe,
2783 4289 3018 4343 nucleos
3064 4287 3571 4351 Simeon,acetum
3588 4281 3888 4349 Jonas(-1‘l):

544 4381 606 4435 in
629 4383 798 4448 terra,
829 4381 1045 4437 Pharao
1072 4381 1132 4436 in
1175 4399 1369 4453 arena,
1413 4385 1647 4440 Lazarus
1694 4403 1867 4458 super
1893 4387 2176 4458 tabulam,
2279 4385 2500 4456 accepit
2531 4399 2853 4455 oxygarum
2895 4381 3004 4452 (l3)
3043 4383 3203 4436 Jesus
3233 4379 3513 4434 Christus.
3558 4377 3769 4432 Deinde
3816 4389 3892 4428 su-

1847 4525 2072 4606 Steph.
2120 4523 2367 4587 Baluzii
2411 4527 2608 4586 notas.

603 4648 670 4710 (1)
702 4648 791 4697 His
818 4650 1037 4715 nuptiis,
1074 4655 1181 4703 etc.
1232 4653 1327 4704 Sic
1374 4653 1599 4706 codices
1639 4659 1764 4706 octo
1791 4670 1923 4706 mss.
1950 4675 1962 4718 ;
2001 4657 2134 4708 editi
2164 4671 2175 4705 :
2278 4657 2335 4706 in
2365 4669 2479 4706 uno
2508 4656 2723 4705 tantum
2760 4649 2872 4701 vidi
2902 4649 3096 4701 codice
3123 4646 3450 4700 Sorbonico.

535 4720 586 4770 Is
610 4707 863 4792 invitavit
889 4707 1068 4786 plures
1099 4729 1153 4774 ut
1177 4738 1376 4775 cwrmm
1405 4727 1519 4790 ejus
1544 4707 1961 4791 frequentarent:
2011 4707 2020 4708 ί
2104 4707 2107 4708 ν
2340 4729 2404 4792 (8)
2445 4724 2692 4776 Absalon.
2721 4723 2946 4786 Legitur
2983 4723 3038 4770 in
3070 4719 3263 4770 multis
3290 4715 3589 4768 codicibus
3624 4707 3890 4764 Abessalon,

602 4790 669 4852 (ἢ)
718 4793 1124 4844 Commendavit.
1158 4795 1251 4846 Sic
1299 4797 1580 4848 Pamelius
1625 4790 1684 4848 et
1729 4799 1950 4850 codices
1981 4815 2178 4852 omnes
2279 4801 2332 4848 et
2350 4790 2450 4848 hic
2484 4796 2654 4845 habet
2679 4794 2978 4844 Pamelius.

541 4875 677 4911 mss.
704 4863 826 4913 Non
851 4868 1036 4915 tamen
1063 4867 1208 4917 male
1238 4867 1537 4930 Morellius,
1565 4872 1976 4921 commundavit.
2340 4872 2406 4932 (9)
2467 4867 2688 4919 Dolebat
2747 4865 2866 4916 Job.
2932 4864 3024 4916 Sic
3094 4861 3538 4932 emendavimus
3584 4855 3890 4932 auctorttate

605 4934 680 5008 (3)
725 4935 1158 4987 Recumbent-ium.
1219 4939 1375 4990 Multi
1418 4920 1640 4993 codices
1691 4942 1900 4994 habent
1942 4920 2178 4995 discum-
2277 4920 2488 5005 septem
2518 4944 2862 4991 vetustorum
2895 4936 3155 4987 codicum
3189 4949 3200 4983 :
3251 4933 3389 5008 editi
3416 4935 3469 5008 et
3505 4929 3710 5008 dolebat
3737 4920 3890 5008 Jac???

539 5004 792 5127 bentiu'nz),
835 5010 889 5127 e‘t
939 5009 1106 5072 paulo
1163 5015 1306 5074 post,
1350 5019 1510 5076 prout
1568 5019 1809 5078 poterant
1861 5015 2023 5067 locum
2074 5016 2180 5067 sibi
2276 5000 2382 5127 Job1
2403 5011 2546 5063 solus
2596 5011 2805 5061 sedebat
2842 5010 2892 5058 in
2944 5015 3208 5072 stercore;
3250 5004 3389 5070 quod
3413 5004 3489 5056 Lin
3538 5000 3694 5050 nullo
3735 5000 3890 5047 iuvem

541 5091 750 5127 invenre
785 5092 849 5126 an
878 5115 888 5127 .
2280 5097 2345 5127 cn
2391 5084 2492 5127 ica.

541 5077 888 5127 inveniebant.
1569 5077 1581 5078 ί
2280 5084 2492 5135 codice.

600 5149 668 5212 (4)
720 5151 948 5198 Lateres.
1005 5150 1230 5214 Lapides
1277 5153 1335 5203 in
1385 5153 1666 5220 plerisque
1717 5157 2006 5209 codicibus
2041 5173 2175 5210 mss.
2343 5155 2436 5219 (10)
2492 5157 2639 5219 Agar
2693 5152 3010 5218 stragulum.
3057 5151 3194 5201 Haec
3237 5148 3450 5220 desunt
3520 5145 3577 5194 in
3645 5140 3888 5220 pleri‘sque

540 5217 679 5281 Qum
709 5224 1020 5284 sequuntur
1052 5221 1321 5274 Abraham
1349 5215 1444 5276 sub
1473 5215 1662 5278 arbore
1690 5228 1892 5280 desunt
1928 5231 1985 5280 in
2026 5232 2177 5281 mul-
2278 5215 2568 5278 codicibus
2613 5240 2744 5276 mss.
2787 5215 2908 5275 Non
2949 5223 3114 5288 pauci
3161 5219 3370 5271 habent
3415 5215 3786 5279 c00peruerunt
3825 5220 3890 5254 re-

540 5293 631 5342 ἥδ’
2196 5361 2210 5362 γ
2277 5299 2587 5362 cumbentes,
2620 5312 2767 5351 unus
2798 5296 3152 5348 Colbertinus
3183 5293 3571 5362 cooperuerunt
3599 5299 3669 5336 se.

599 5363 666 5427 (5)
699 5362 892 5414 Daniel
922 5378 1081 5429 super
1111 5366 1369 5418 tribunal.
1403 5369 1466 5419 In
1493 5370 1670 5422 tribus
1687 5373 1975 5425 codicibus
2003 5361 2254 5434 DavidD
2286 5349 2439 5434 “(’H)
2478 5349 2657 5421 auia;
2697 5371 2902 5420 Aaron.
2950 5367 3206 5430 Plerique
3254 5349 3478 5434 codices
3524 5371 3656 5408 mss.
3681 5357 3749 5434 et
3787 5349 3888 5434 hic:

539 5422 697 5510 super
723 5422 1066 5500 tribunoL'et
1107 5441 1272 5503 paulo
1310 5447 1438 5505 post
1487 5422 2247 5510 Danielis‘u—‘per‘monticu-y
2283 5422 2474 5494 rellius
2528 5443 2738 5493 habent
2799 5453 2930 5490 uvas
2980 5422 3183 5499 Aaron,
3239 5437 3294 5484 et
3351 5431 3520 5497 paulo
3576 5431 3695 5492 post
3751 5422 3888 5473 olivas

543 5507 666 5558 tum.
1778 5507 1789 5510 ⁷
2282 5517 2403 5566 Noe.
3671 5570 3674 5571 ,
3736 5570 3742 5571 ,
3787 5566 3799 5571 _
3842 5563 3871 5571 ..

604 5580 669 5644 (6)
697 5581 948 5631 Joannes.
983 5581 1076 5633 Sic
1121 5583 1348 5636 codices
1389 5601 1602 5651 omnes,
1635 5603 1786 5640 unus
1822 5589 2182 5642 Colbertinus
2283 5563 2318 5566 Ἠ
2349 5563 2449 5652 (12)
2474 5591 2686 5639 Acetum
2713 5587 2900 5639 Jonas.
2928 5583 3023 5637 Sic
3053 5585 3177 5634 octo
3207 5578 3428 5632 codices
3451 5589 3581 5626 mss.
3620 5570 3746 5622 editi
3769 5563 3886 5616 dedit

537 5651 708 5704 Jonas
726 5666 884 5717 super
909 5653 1092 5705 lectum
1114 5669 1133 5718 ;
1159 5655 1292 5707 editi
1317 5659 1487 5709 Jonas
1515 5674 1677 5724 super
1703 5666 1924 5713 terram.
2285 5651 2488 5712 acetum
2515 5659 2702 5711 Jonas.
3417 5721 3447 5724 ν,
3787 5704 3865 5724 μ,

597 5727 672 5788 (7)
708 5708 842 5776 Ruth
876 5740 1037 5790 super
1064 5708 1335 5792 stipulam.
1359 5708 1597 5782 Addidit
1623 5708 1760 5785 bas
1779 5708 1944 5786 voces
1989 5735 2187 5786 Pame-
2291 5708 2451 5796 "(li-3‘)
2478 5708 2809 5797 Diog/garum.
2838 5731 3014 5784 Aliter
3045 5728 3101 5780 in
3128 5739 3225 5779 sex
3253 5721 3541 5779 codicibus
3569 5729 3694 5770 mss.
3718 5708 3882 5773 accepi!

533 5791 662 5860 lius,
693 5811 820 5862 qua:
851 5797 1080 5850 deerant
1109 5791 1257 5865 apud
1286 5803 1480 5854 Morel.
1509 5808 1565 5855 et
1594 5805 1652 5855 in
1684 5807 1945 5857 omnibus
1972 5810 2192 5858 exstant
2292 5791 2468 5857 et'ho'c
2499 5806 2547 5857 J.
2565 5791 2629 5858 δ.

432 5897 434 5903 -
531 5868 825 5923 codimbus
860 5884 991 5925 mss.
1032 5871 1171 5938 Quae
1198 5875 1534 5940 praecedunt
1567 5877 1709 5929 Raab
1751 5891 1909 5944 super
1938 5884 2184 5945 stuppam
