4082 6194
226 355 363 411 1009

216 474 475 549 pervenit
502 475 674 533 Jaeob
722 492 851 532 cum
899 475 1047 545 tiliis,
1105 478 1161 533 et
1211 474 1400 532 Laban
1455 489 1585 530 cum
1639 470 1858 528 ﬁliabus

221 570 359 635 suis,
412 573 471 623 et
508 568 783 623 sederunt
826 585 998 639 super
1038 568 1269 639 lapides.
1303 567 1465 621 Venit
1492 570 1545 621 et
1570 564 1855 619 Abraham

220 675 353 712 eum
384 658 703 712 domesticis
730 658 842 712 suis
877 663 933 712 et
962 659 1172 729 Moyses
1199 674 1329 711 cum
1356 661 1564 711 castera
1594 654 1771 721 turba,
1799 656 1857 708 et

217 748 490 801 sederunt
519 747 677 801 foris.
718 749 871 801 Tunc
907 747 1215 817 respiciens
1251 748 1366 801 Rex
1398 745 1665 799 invitatos
1698 760 1850 811 suos,

218 838 295 891 sic
348 838 425 891 ait
460 854 528 891 τι(
569 837 964 909 Unusquisque
1003 841 1257 891 vestrum
1300 835 1489 891 veniat
1538 834 1595 888 in
1658 833 1853 889 vestia-

214 930 370 981 i;t;ni
432 943 647 994 meum,
672 930 729 980 et
776 926 921 980 dabo
948 927 1057 997 (14)
1089 925 1324 997 singulis
1369 924 1700 979 ccenaturias
1739 939 1855 977 ves-

215 1022 323 1070 tes.
398 1017 553 1070 Tunc
614 1014 789 1086 aliqui
836 1016 1044 1083 ierunt,
1100 1019 1157 1069 et
1204 1017 1561 1085 acceperunt.
1631 1012 1853 1066 Primus

218 1106 413 1177 itaque
440 1105 697 1161 omnium
741 1105 957 1176 accepit
990 1104 1282 1160 Zacharias
1314 1103 1525 1169 albam,
1559 1102 1850 1156 Abraham

217 1194 598 1264 passerinam,
655 1194 794 1250 Loth
842 1193 1236 1265 sulphurinam
1292 1194 1426 1263 (15),
1486 1194 1725 1249 Lazarus
1785 1190 1849 1243 li-

220 1301 420 1353 neam,
452 1285 620 1338 Jonas
648 1283 968 1349 caeruleam,
1013 1284 1215 1338 Thecla
1261 1283 1610 1348 ﬂammeam,
1663 1279 1851 1333 Daniel

213 1373 529 1439 leoniuam,
552 1375 797 1427 Joannes
828 1372 1111 1426 triclinam
1148 1373 1279 1443 (16),
1316 1372 1494 1425 Adam
1526 1369 1849 1441 pelliceam,

213 1465 391 1521 Judas
450 1464 777 1535 argyrinam
841 1464 967 1533 (17),
1043 1462 1193 1516 Raab
1266 1461 1610 1525 coccineam,
1681 1461 1852 1513 Hero-

215 1556 336 1611 dias
384 1558 496 1625 (18)
553 1554 866 1620 cardinam,
924 1553 1142 1607 Pharao
1190 1552 1492 1618 marinam,
1528 1550 1718 1604 Enoch
1746 1565 1851 1603 co:-

233 1645 411 1711 inam,
479 1648 629 1714 Agar
701 1643 936 1707 variam,
1010 1641 1181 1696 David
1272 1641 1591 1707 nervinam,
1668 1638 1851 1693 Ilelins

212 1726 434 1780 aeriam
474 1726 605 1794 (19),
648 1726 758 1779 Eva
812 1723 1162 1789 arhorinam,
1208 1722 1306 1776 Job
1356 1720 1664 1791 biplagiam
1715 1720 1847 1791 (20),

211 1815 385 1872 Isaias
446 1817 829 1885 mesotropam
884 1813 1013 1881 (21),
1071 1812 1238 1866 Maria
1298 1811 1525 1876 stolam,
1597 1810 1849 1863 Susanna

1782 344 2014 405 C(ENA.

3521 37 3526 40 .
3607 37 3620 44 Ἴ
3723 34 3728 38 .
3889 25 3928 42 ,ης
3945 29 3958 36 ν
4001 31 4028 42 ιν.

3454 350 3591 408 1010

1960 471 2152 541 becca,
2185 468 2381 525 vinum
2414 470 2649 542 protulit
2694 470 2832 542 Noe,
2877 476 3065 528 utrem
3109 470 3373 545 portabat
3419 475 3595 546 Agar,

1960 562 2150 617 attulit
2178 567 2485 633 argentum
2511 563 2702 630 Judas,
2733 563 2975 619 vitulum
3012 565 3253 620 adduxit
3289 565 3592 634 Abraham,

1958 652 2209 723 alligavit
2258 652 2434 720 Raab,
2487 654 2815 707 resticulam
2871 655 3125 725 porrexit
3176 655 3353 725 Jesus,
3414 656 3593 727 pedes

1958 742 2239 813 copulavit
2285 742 2488 811 Ilelias,
2532 743 2753 797 ferrum
2800 743 3033 798 tradidit
3069 745 3287 813 Petrus,
3318 745 3465 799 elisit
3491 747 3592 801 Da-

1956 832 2093 900 niel,
2144 831 2343 885 occidit
2390 832 2547 898 Cain,
2604 833 2957 903 supportavit
2995 833 3235 902 Abacuc,
3296 836 3589 906 suspendit

1954 922 2221 988 Absalon,
2274 921 2478 992 pellem
2522 921 2762 976 detraxit
2814 922 3019 990 llelias,
3066 926 3323 977 ventrem
3366 924 3591 996 aperuit

1956 1016 2345 1068 Iiermocrates
2379 1014 2514 1083 (32),
2547 1012 2816 1067 mediana
2858 1012 3155 1083 suspendit
3196 1014 3413 1083 Tobias,
3461 1030 3586 1069 san-

1956 1103 2191 1174 guinem
2251 1103 2447 1157 etl’udit
2516 1102 2785 1168 Herodes,
2857 1106 3073 1157 stercus
3142 1104 3381 1174 projecit
3430 1107 3584 1172 Sem,

1956 1208 2162 1263 aquam
2213 1192 2421 1262 adjecit
2463 1192 2729 1261 Japheth,
2771 1192 2934 1246 elavit
2986 1192 3273 1260 lleliszeus,
3305 1197 3493 1263 partes
3514 1195 3589 1249 fe-

1958 1281 2033 1335 cit
2064 1280 2329 1347 Phalech,
2362 1280 2683 1335 numeravit
2718 1284 2911 1346 Auses,
2960 1282 3136 1336 salem
3193 1283 3349 1337 misit
3388 1283 3587 1337 Moles-

1955 1370 2152 1435 sadon,
2211 1371 2401 1423 oleum
2456 1370 2660 1439 adjecit
2711 1370 2899 1438 Jacob,
2967 1370 3024 1423 in
3074 1372 3263 1425 focum
3318 1372 3590 1443 imposuit

1956 1459 2264 1513 Antiochus
2296 1458 2427 1529 (33),
2458 1459 2612 1513 coxit
2652 1457 2925 1525 Rebecca,
2958 1459 3115 1529 prior
3157 1462 3404 1531 gustavit
3458 1463 3586 1518 Eva.

1953 1549 2351 1619 Explicitisque
2382 1548 2667 1613 omnibus,
2699 1564 2894 1601 omnes
2927 1548 3061 1602 locis
3098 1550 3213 1603 suis
3231 1551 3585 1606 resederunt.

1961 1637 2105 1691 I‘unc
2150 1635 2342 1688 intulit
2369 1652 2545 1705 panes
2573 1636 2723 1709 Sau),
2759 1635 2930 1706 fregit
2958 1638 3138 1704 Jesus,
3173 1639 3408 1692 tradidit
3456 1656 3583 1693 om-

1953 1726 2118 1779 nibus
2157 1727 2374 1790 Petrus,
2419 1725 2611 1779 intulit
2640 1726 2850 1779 lentem
2871 1727 3061 1795 Jacob,
3092 1728 3243 1781 solus
3273 1727 3579 1781 manduca-

1952 1815 2029 1869 vit
2056 1816 2221 1880 Esau,
2278 1814 2472 1867 intulit
2514 1814 2767 1868 intritam
2820 1815 3059 1881 Abarne,
3103 1819 3283 1871 totum
3340 1818 3587 1871 comedit

209 1904 569 1958 castaninam
632 1876 764 1971 (22),
816 1876 1026 1973 Moyses
1073 1902 1489 1971 conchylinam,
1540 1900 1674 1957 Abel
1715 1876 1927 1971 pur-B
1957 1904 2167 1971 Daniel,
2210 1876 2412 1957 'fabam
2456 1903 2651 1957 intulit
2684 1904 2950 1958 Amelsad
2984 1876 3116 1975 (3i),
3146 1906 3305 1976 prior
3337 1908 3586 1977 gustavit

212 2010 483 2064 puream.
552 1993 680 2048 Levi
734 1992 1110 2062 spartacinam
1172 1992 1304 2062 (23),
1374 1992 1623 2046 Thamar
1693 1994 1848 2046 colo-

207 2084 357 2137 riam
424 2084 555 2153 (24),
638 2083 860 2135 Azarias
930 2082 1294 2149 carbasiaam,
1379 2086 1564 2135 Aaron
1647 2084 1854 2135 murri-

205 2189 344 2226 nam
391 2174 496 2241 (25)
531 2172 745 2237 Judith,
805 2170 1228 2241 hyacinthinam
1277 2172 1409 2242 (26),
1462 2172 1598 2226 Cain
1661 2172 1844 2225 {ert-u-

208 2262 467 2331 gineam,
538 2261 743 2314 Abiron
802 2262 1043 2330 nigram,
1100 2264 1258 2313 Anna
1302 2262 1644 2315 Persicinam
1698 2262 1846 2330 (27),

211 2350 368 2402 lsaac
413 2348 684 2414 nativam,
718 2348 918 2402 Paulus
960 2348 1284 2401 Tharsicam
1324 2352 1452 2418 (28),
1484 2350 1681 2402 Petrus
1720 2366 1849 2418 0pc-

210 2438 448 2505 rariam,
478 2438 650 2492 Jacob
694 2437 1219 2508 pseudoalethinarn
1264 2438 1396 2506 (29),
1445 2440 1602 2491 Jesus
1642 2438 1850 2490 colum-

208 2526 441 2580 binam.
471 2531 542 2580 At
574 2527 666 2580 ubi
694 2526 878 2580 divisit
906 2530 1101 2591 vestes,
1138 2543 1231 2579 rex
1277 2526 1582 2596 respiciens
1616 2543 1731 2593 eos,
1774 2527 1849 2580 sic

210 2619 292 2670 ait
326 2637 337 2670 :
378 2640 404 2666 (ι
439 2618 559 2670 Non
587 2621 715 2669 ante
742 2616 1052 2681 omnabitis,
1340 2617 1449 2670 nisi
1498 2617 1707 2687 singuli
1732 2618 1847 2672 sin-

210 2711 377 2777 gulas
434 2708 577 2762 vices
630 2708 897 2762 feceritis.
931 2728 956 2757 »
989 2710 1175 2777 Atque
1235 2709 1314 2760 ita
1370 2707 1472 2761 sibi
1540 2716 1850 2780 prmceptas

209 2798 504 2852 diaconias
572 2798 681 2867 (30)
743 2799 1304 2850 consummaverunt.
1374 2796 1595 2850 Primus
1660 2798 1850 2869 itaque

214 2892 477 2946 omnium
532 2891 727 2961 ignem
789 2890 952 2960 petiit
1008 2890 1205 2959 Helias,
1261 2891 1551 2944 succendit
1609 2893 1848 2957 Azarias,

212 2986 445 3055 lignum
475 2985 723 3055 porrexit
752 2984 910 3051 Sara,
960 2984 1189 3053 collegit
1231 2984 1433 3054 Jephte
1484 2985 1613 3054 (31),
1666 2987 1853 3039 attulit

216 3081 391 3143 lsaac,
426 3078 700 3133 conscidit
724 3079 930 3150 Joseph
986 3083 1224 3149 puteum
1257 3079 1483 3149 aperuit
1512 3079 1700 3147 Jacob,
1727 3080 1852 3150 hys-

212 3190 422 3243 sopum
453 3174 704 3243 porrexit
728 3174 1039 3243 Seppliora,
1073 3174 1140 3226 ad
1179 3174 1362 3227 lacum
1403 3172 1589 3227 stabat
1633 3174 1850 3241 Daniel,

1952 1993 2161 2049 Misael.
2193 1993 2328 2059 Sed,
2371 1992 2647 2063 quoniam
2704 1993 2937 2046 haedum
2986 2000 3209 2048 coctum
3258 1996 3587 2051 comederat

1953 2087 2131 2149 Isaac,
2175 2086 2233 2136 et
2260 2084 2469 2152 piscem
2522 2100 2710 2136 assum
2757 2082 2979 2150 Tobias,
3034 2084 3205 2155 caapit
3249 2086 3587 2141 tumultuari

1952 2172 2192 2242 nglom.
2225 2171 2395 2225 Valde
2424 2171 2710 2224 esuriebat
2730 2172 2946 2237 Daniel,
2972 2189 3177 2241 panem
3198 2174 3435 2244 petebat
3453 2177 3587 2229 Iler-

1952 2267 2230 2317 mocrates
2256 2280 2269 2329 ;
2296 2279 2409 2315 non
2442 2260 2825 2315 manducabat
2850 2263 3117 2331 Joannes,
3166 2263 3306 2317 nihil
3334 2271 3589 2334 gustave-

1954 2360 2038 2407 rat
2067 2353 2300 2422 Moyses,
2328 2352 2558 2421 jejunus
2587 2350 2694 2403 fuit
2720 2353 2902 2417 Jesus,
2937 2350 3108 2405 micas
3139 2353 3439 2423 colligebat
3490 2355 3592 2409 La-

1952 2459 2135 2495 zarus.
2178 2440 2383 2494 (lictori
2427 2445 2615 2493 autem
2660 2443 2849 2510 partes
2878 2456 3005 2493 suas
3033 2441 3323 2507 tenebant,
3351 2459 3488 2513 quas
3519 2460 3589 2497 ex

1953 2533 2123 2586 variis
2151 2529 2546 2584 venationibus
2576 2533 2931 2599 acceperant.
2979 2530 3266 2584 Abraham
3308 2532 3585 2587 vitulinan

1953 2624 2095 2676 Esau
2124 2619 2408 2674 cervinam
2442 2620 2571 2688 (35),
2602 2618 2738 2671 Abel
2780 2618 3076 2688 agninam,
3106 2622 3218 2674 Noe
3249 2621 3573 2690 arietinam,

1955 2712 2189 2765 Samson
2209 2706 2728 2780 9291eoniuam,
2745 2708 2968 2762 Elisasus
2986 2708 3241 2762 ursinam
3268 2728 3278 2763 :
3307 2711 3588 2779 majorem

1957 2808 2152 2856 tamen
2175 2808 2396 2872 partem
2438 2800 2672 2853 tenebat
2695 2801 3009 2871 Benjamin.
3042 2802 3409 2857 Postmodum
3436 2805 3590 2861 dedit

1954 2910 2134 2963 panes
2167 2893 2405 2957 Pharao,
2432 2891 2699 2946 omnibus
2737 2891 2926 2945 divisit
2964 2894 3197 2963 Joseph,
3241 2894 3459 2948 discum
3501 2902 3583 2950 at-

1956 2986 2089 3039 tulit
2118 2985 2386 3051 llerodes,
2421 2990 2613 3055 partes
2645 2986 2961 3055 composuit
2992 2986 3262 3056 Rebecca,
3295 2986 3589 3045 intulitJa-

1956 3081 2060 3135 cob
2118 3080 2250 3151 (36),
2310 3079 2597 3133 distribuit
2648 3079 2916 3133 omnibus
2975 3080 3111 3135 Noe.
3170 3082 3393 3137 Primus
3449 3100 3586 3154 ergo

1954 3173 2188 3228 sustulit
2224 3176 2471 3227 Joannes
2501 3176 2694 3244 caput,
2744 3173 3089 3228 cerebellum
3122 3174 3448 3244 Abessalon,
3478 3177 3588 3231 lin-

216 3284 431 3341 aquam
464 3268 779 3323 attulerunt
818 3266 1082 3334 ministri,
1128 3266 1393 3338 hydriam
1439 3267 1701 3338 portabat
1742 3268 1846 3322 Re-
1874 3255 1925 3327 C
1954 3284 2126 3339 guam
2151 3270 2362 3336 Aaron,
2394 3266 2685 3322 maxillam
2725 3268 2987 3336 Samson,
3019 3269 3332 3324 auriculam
3364 3272 3587 3339 Petrus,

1530 3459 1754 3541 Steph.
1816 3460 2061 3523 Baluzii
2108 3464 2301 3523 notas.

282 3634 382 3696 (14)
430 3634 899 3698 Uuusquisqua.....
946 3634 1223 3683 veniat.....
1253 3638 1297 3682 et
1340 3632 1495 3683 dabo.
1526 3632 1620 3683 Sic
1664 3646 1853 3683 emen-

210 3705 478 3754 davimus
534 3705 823 3754 codicibus
870 3705 1147 3767 plerisque
1204 3705 1702 3762 consentientibus,
1750 3704 1854 3752 nisi

210 3776 369 3839 quod
420 3776 678 3824 nonnulli
713 3776 920 3825 habent
966 3778 1020 3823 in
1046 3776 1295 3825 vestiario
1327 3789 1436 3824 meo
1471 3791 1488 3824 :
1518 3775 1666 3837 editi,
1703 3777 1855 3836 Quis-

211 3861 321 3909 que
349 3847 581 3895 voluerit
609 3853 834 3896 vestrum
868 3849 1147 3897 conire...“
1178 3848 1334 3897 dabo.
1376 3848 1652 3897 Pamelius
1692 3847 1857 3895 addi-

210 3919 297 3967 dit
324 3919 577 3982 :ingulas.
611 3934 776 3984 quam
806 3933 999 3970 vocem
1030 3920 1086 3969 in
1129 3934 1242 3970 uno
1277 3924 1483 3969 tantum
1518 3919 1633 3968 vidi
1662 3918 1857 3969 codice

210 4004 351 4039 mss.

281 4064 385 4120 (15)
428 4062 551 4111 Loth
592 4062 974 4126 sulphurinam.
1016 4063 1110 4113 Sic
1160 4063 1379 4114 codices
1425 4076 1555 4111 mss.
1608 4064 1663 4111 et
1705 4059 1856 4120 editi,

212 4137 419 4197 przeter
455 4132 847 4191 Oxoniensein,
882 4134 978 4183 ubi
1008 4135 1209 4197 legitur
1232 4134 1346 4184 Job.

286 4206 385 4266 (16)
426 4206 650 4254 Joannes
690 4206 980 4255 triclinam.
1034 4207 1332 4255 Trichinam
1381 4204 1681 4267 legendum
1736 4216 1857 4253 esse

212 4276 477 4326 observat
509 4276 817 4326 Salmasius
860 4281 1044 4325 annot.
1076 4279 1129 4325 in
1156 4277 1371 4327 Trebel.
1416 4278 1529 4326 Pol.
1563 4290 1615 4339 p.
1644 4275 1769 4333 3t2;
1799 4274 1856 4321 in

212 4361 335 4397 uno
366 4361 433 4397 ex
470 4350 632 4411 regiis
658 4348 945 4398 codicibus
973 4350 1176 4413 legitur
1207 4350 1482 4412 triginam.

279 4420 385 4477 (l7)
412 4419 578 4467 Judas
604 4422 940 4482 argyrinam.
973 4420 1210 4481 Quidam
1240 4420 1463 4470 codices
1490 4432 1620 4467 mss.
1655 4414 1860 4480 arguri-

210 4505 363 4545 nam,
399 4492 492 4539 alii
522 4494 877 4555 arguirinam.

281 4564 385 4623 (18)
417 4563 693 4611 Ilerodias.
722 4562 855 4613 Cod.
888 4561 1045 4612 Sorb.
1075 4561 1319 4611 Herodes.

2019 3634 2116 3695 (9.3)
2144 3634 2265 3683 Levi
2286 3630 2988 3696 spartacinam.Cod.Colb.
3024 3632 3361 3697 partacinam
3386 3648 3407 3699 ,'
3440 3620 3589 3686 unus

1956 3718 2023 3754 ex
2053 3705 2216 3769 regiis
2244 3705 2639 3768 spartaginam.

2019 3777 2117 3839 (21)
2156 3777 2380 3825 Thamar
2412 3776 2691 3833 coloriam,
2720 3774 2815 3825 Sic
2855 3774 2992 3825 alter
3020 3775 3279 3826 codicum
3323 3776 3592 3840 Colbert.,

1958 3852 2124 3910 atque
2171 3850 2244 3897 ita
2295 3847 2591 3911 legendum
2639 3846 2893 3896 observat
2949 3845 3316 3897 Casaubonus
3360 3853 3475 3899 not.
3531 3852 3589 3900 in

1957 3920 2179 3983 Vopisc.
2210 3934 2259 3983 p.
2287 3922 2416 3980 396;
2447 3919 2583 3969 editi
2616 3919 2930 3968 colorinam.

2022 3994 2115 4053 (2:5)
2159 3994 2341 4042 Aaron
2381 3990 2704 4039 murrinam.
2747 3988 2902 4037 Multi
2951 3986 3172 4038 codices
3212 4000 3345 4037 mss.
3388 3990 3587 4052 myrri-

1957 4076 2115 4193 "030)
2143 4133 2325 4184 Judith
2361 4131 2778 4195 hyacinthinam.
2822 4129 2993 4181 Judas
3033 4130 3089 4179 in
3132 4130 3416 4195 plerisque
3458 4144 3589 4181 mss.

1954 4206 2415 4264 Colbertinorum,
2446 4204 2584 4253 alter
2615 4202 2786 4251 Judas
2814 4202 3113 4251 Zuntinam.

2019 4277 2113 4339 (27)
2144 4279 2299 4326 Anna
2321 4276 2659 4325 Persicinam.
2695 4275 2968 4324 Persinam
2995 4272 3230 4324 Sorbon.
3260 4276 3313 4323 et
3343 4287 3491 4324 unus
3520 4287 3590 4325 ex

1959 4362 2139 4483 rei-isi
2177 4418 2373 4468 Paulus
2439 4416 2762 4467 Tharsicam.
2820 4415 3121 4468 Candidam
3190 4418 3315 4467 octo
3371 4417 3594 4469 codices

1960 4505 2114 4622 mai)
2165 4560 2329 4609 Jacob
2385 4560 2896 4623 pseudoalethinam.
2952 4560 3045 4611 Sic
3097 4573 3243 4609 unus
3287 4573 3357 4610 ex
3405 4560 3594 4625 Regiis

284 4636 385 4696 (19)
430 4634 610 4683 Helias
659 4636 884 4683 aeriam.
931 4633 1169 4690 Quidam
1219 4634 1443 4684 codices
1489 4645 1722 4691 aeream,
1774 4629 1847 4679 ali
1870 4624 1927 4695 D
1952 4634 2257 4684 codicibus.
2289 4632 2381 4681 Sic
2412 4632 2577 4681 etiam
2604 4632 2803 4693 legisse
2833 4644 2893 4680 ss
2922 4633 3153 4679 testatur
3194 4624 3509 4679 Salmasius
3537 4632 3594 4679 in

210 4720 483 4757 aerinnm.

282 4778 383 4839 (20)
426 4776 518 4825 Job
559 4774 865 4840 biplagiam.
911 4776 1055 4825 Edit.
1100 4775 1278 4826 Oxon.
1308 4774 1619 4838 biblagiam;
1652 4788 1857 4837 repug—

212 4855 359 4898 nant
381 4849 472 4897 alii
500 4849 723 4899 codices
753 4861 883 4896 mss.
911 4851 964 4897 et
991 4848 1141 4897 editi.

286 4922 385 4980 ('21)
442 4920 609 4969 Isaias
672 4925 1036 4981 mesotropam.
1098 4918 1542 4968 Colbertinorum
1601 4916 1855 4967 codicum

214 4994 362 5040 alter
405 4994 765 5049 mesotratam,
796 5004 921 5053 quin
966 5004 1077 5039 vox
1124 4992 1300 5052 aptior
1336 4989 1552 5038 videtur
1595 4988 1662 5036 ad
1707 4987 1857 5036 indi-

214 5064 467 5113 candum
498 5064 698 5111 Isaiam
731 5062 976 5110 medium
998 5062 1167 5110 fuisse
1188 5061 1443 5109 scissum.
1474 5060 1633 5109 Forte
1659 5060 1857 5109 melius

214 5138 497 5194 legeretur
528 5138 872 5181 mesotretam.

288 5208 383 5269 (22)
452 5209 703 5255 Susanna
781 5204 1135 5254 castaninam.
1208 5203 1301 5254 Sic
1376 5217 1474 5266 pro
1543 5202 1856 5252 castalinam

214 5278 519 5339 legendum
579 5281 769 5326 monet
825 5276 1132 5326 Salmasius
1194 5280 1305 5324 not.
1376 5278 1431 5324 in
1496 5276 1741 5338 Vopisc.,
1802 5289 1854 5338 p.

212 5352 330 5400 410.
412 5350 572 5398 Hanc
648 5348 1089 5397 observationem
1165 5346 1459 5397 confirmat
1534 5346 1857 5397 auctoritate

218 5420 438 5471 Azelini
476 5419 737 5468 monachi
783 5419 1089 5469 Remensis.
1118 5420 1211 5482 qui
1238 5430 1454 5469 omnum
1501 5419 1646 5468 hanc
1688 5420 1859 5467 versi-

213 5494 328 5542 bus
357 5492 686 5555 rhythmicis
717 5495 846 5539 ante
877 5489 1087 5552 aliquot
1126 5490 1331 5539 saecula
1373 5490 1629 5539 reddidit.
1663 5491 1725 5539 In
1752 5490 1859 5538 hoc

214 5578 408 5628 opere,
432 5563 579 5627 quod
620 5576 790 5611 manu
822 5566 1108 5611 exaratum
1154 5562 1393 5612 habebat
1424 5576 1593 5626 penes
1637 5576 1696 5613 se
1738 5561 1858 5613 Sal-

214 5639 449 5697 inasius,
477 5638 558 5685 sic
589 5634 873 5698 legebatur
903 5648 913 5681 :

597 5778 792 5827 llelcite
819 5776 1039 5839 pulchra
1070 5776 1194 5837 ﬁlia,

598 5850 791 5897 Secura
820 5863 913 5912 per
947 5848 1217 5912 pomoeria,

603 5921 842 5974 Susanna
866 5920 966 5970 fert
994 5924 1304 5971 castaneam.

1959 4710 2177 4754 vetusto
2218 4704 2423 4763 codice,
2466 4707 2576 4752 not.
2627 4704 2681 4750 in
2736 4702 2895 4751 Treb.
2950 4701 3063 4749 Pol.
3123 4715 3176 4763 p.
3226 4700 3335 4750 342.
3391 4699 3600 4751 C(Bteri

1957 4777 2178 4826 codices
2224 4776 2371 4824 hanc
2418 4775 2715 4823 lectionem
2758 4773 3112 4832 conﬁrmant,
3143 4784 3383 4835 quorum
3427 4772 3597 4822 multi

1956 4848 2166 4897 habent
2205 4844 2714 4909 pseurloallechinam
2760 4843 2846 4892 vel
2894 4841 3377 4905 pseudoallecinam
3411 4857 3422 4890 :
3462 4843 3597 4893 editi

1957 4920 2266 4969 alethinam.
2295 4918 2521 4967 Joannes
2556 4917 2754 4977 legitur
2780 4927 2875 4977 pro
2906 4912 3066 4964 Jacob
3098 4914 3153 4963 in
3185 4927 3283 4964 sex
3304 4913 3594 4964 codicibus

1958 5005 2086 5040 mss.

2020 5062 2120 5123 (30)
2151 5062 2432 5122 I’rrecrptas
2457 5058 2753 5107 diaconias.
2791 5056 2885 5106 Sic
2921 5056 3172 5119 plerique
3209 5054 3429 5105 codices
3460 5069 3591 5106 mss.

1958 5134 2089 5183 editi
2122 5136 2378 5196 praecepta
2413 5130 2681 5180 diaconia.
2717 5129 3051 5189 Pauloante
3093 5126 3295 5189 singuli
3345 5126 3497 5176 deest
3538 5128 3594 5177 in

1959 5205 2239 5269 plerisque
2265 5201 2556 5251 codicibus
2578 5214 2711 5250 mss.

2022 5277 2115 5337 (31)
2175 5272 2391 5336 Collegit
2461 5272 2655 5336 Jephto.
2716 5272 2930 5322 Desunt
2987 5268 3109 5320 haec
3178 5268 3237 5318 in
3316 5268 3596 5334 plerisque

1958 5361 2090 5396 mss.

2023 5420 2117 5480 (32)
2147 5418 2527 5467 Hermocratcs.
2566 5415 2625 5463 In
2671 5412 3007 5477 quibusdam
3048 5409 3339 5461 codicibus
3376 5413 3597 5463 Hermo-

1958 5496 2152 5554 gratas.
2186 5488 2279 5539 Sic
2321 5488 2484 5538 etiam
2532 5486 2699 5550 paulo
2747 5488 2870 5548 post
2921 5485 2977 5533 in
3019 5481 3357 5548 quibusdam
3396 5484 3598 5550 legitur

1960 5563 2045 5611 Ha
2056 5560 2318 5608 lassa/Ion.

2024 5634 2118 5695 (33)
2155 5630 2452 5680 Antiochus.
2482 5628 2735 5679 Ariochus
2766 5629 2819 5677 in
2852 5627 3045 5677 multis
3074 5625 3364 5677 codicibus
3392 5639 3521 5675 mss.

2028 5706 2123 5766 (31)
2149 5700 2413 5751 Amelsad.
2440 5699 2658 5752 Mclsad.
2698 5701 2754 5749 in
2784 5700 3037 5763 pluribus
3064 5698 3356 5749 codicibus
3384 5711 3512 5746 mss.

2035 5777 2135 5836 (33)
2188 5775 2332 5822 Esau
2381 5774 2668 5820 cervinam.
2722 5771 2817 5822 Sic
2866 5770 3059 5822 Morel.
3103 5774 3158 5820 et
3209 5770 3432 5820 codices
3476 5781 3590 5818 mss

1977 5846 2256 5896 Pamelius
2280 5846 2442 5893 Isaac.

2050 5918 2145 5982 (36)
2171 5914 2362 5969 Intulit
2390 5915 2570 5969 Jacob.
2603 5917 2739 5969 Haec
2769 5929 2882 5969 non
2909 5914 3101 5970 inveni
3140 5913 3197 5966 in
3232 5924 3364 5966 mss.
