4082 6194
199 280 333 338 1013

1066 256 1660 337 ΒΕΉΕνΕιΑΤΙοΝΕ
1695 276 1958 339 camus
1994 280 2053 337 Β.
2085 279 2269 339 JOAN.
2301 276 2660 339 BAPTlSTiE.

1380 76 1387 85 ι
3576 70 3579 79 ι

3411 278 3551 338 1014

198 409 352 478 Sem,
385 406 448 463 in
476 406 753 464 rusticulo
794 407 964 479 Esau,
999 406 1058 464 in
1102 407 1239 464 forti
1277 408 1484 476 Colias,
1518 406 1579 463 in
1626 408 1839 480 pistore
1862 408 2135 493 Asalon,
2195 408 2563 473 confunditur
2607 407 2889 479 Rebecca,
2943 405 3329 464 transducitur
3387 410 3538 480 Agar

200 501 565 559 Hieroboam.
624 503 778 570 Sed,
849 503 1128 575 quoniam
1208 502 1591 558 contendebat
1648 502 1794 558 Dina
1832 544 1846 570 ,

199 613 413 669 aquam
469 597 799 653 aliundebat
844 600 1055 667 Aaron,
1114 603 1171 653 et
1227 598 1415 653 nudus
1469 602 1588 653 erat
1634 599 1847 653 Jonas:

200 696 346 746 tunc
392 692 569 747 solem
603 692 833 763 petebat
878 696 1049 748 Auses
1100 698 1161 746 ut
1207 694 1514 747 siccaretur
1556 692 1851 748 Bersabee.

200 786 325 850 Quo
360 786 511 841 facto
570 786 703 858 (65),
744 786 915 857 jussit
964 802 1062 841 eos
1101 803 1200 841 rex
1245 786 1316 841 ad
1365 804 1425 841 se
1475 786 1700 857 venire;
1757 788 1855 857 qui

204 884 491 933 venerunt
517 880 698 935 altera
747 880 841 936 die
881 886 935 935 et
981 897 1227 935 munera
1254 881 1306 936 ei
1353 880 1703 936 obtulerunt.
1732 879 1852 934 Pri-

205 989 339 1027 mus
372 972 557 1047 931
617 975 808 1046 itaque
864 975 1125 1029 omnium
1175 975 1379 1030 obtulit
1411 975 1650 1029 arietem
1682 974 1856 1029 Abra-

211 1068 374 1135 ham,
405 1072 636 1123 taurum
678 1070 906 1136 Thecla,
938 1068 1220 1124 oviculam
1259 1070 1394 1136 Noe,
1425 1069 1703 1124 camelum
1743 1070 1852 1123 Re-

204 1166 425 1234 becca,
478 1166 706 1221 leonem
759 1168 1037 1236 Samson,
1091 1183 1319 1222 cervum
1372 1168 1556 1234 Esau,
1613 1167 1854 1221 vitulum

209 1267 397 1333 Iesus,
443 1265 775 1336 jumentum
821 1266 1013 1335 Iacob,
1079 1282 1314 1321 currum
1368 1266 1577 1332 Helias,
1637 1268 1852 1320 vestem

203 1360 426 1426 Iudith,
472 1360 655 1413 crines
715 1361 1019 1429 Bersabee,
1072 1361 1232 1432 ligna
1286 1362 1458 1427 Isaac,
1502 1361 1852 1415 frumentum

200 1454 417 1525 Ioseph
448 1496 461 1523 ,
508 1454 761 1509 resinam
814 1454 1054 1520 Ituben,
1112 1454 1414 1526 pecuniam
1473 1454 1805 1509 Abimelech
1837 1496 1851 1523 ,

202 1548 476 1603 strobilos
520 1550 683 1616 Levi,
741 1564 969 1619 capsam
1020 1550 1231 1620 Moyses
1263 1590 1277 1617 ,
1340 1549 1533 1602 favum
1592 1549 1789 1603 Petrus
1827 1591 1842 1619 ,

202 1643 403 1714 copias
452 1642 675 1714 Abigal.
730 1643 861 1709 Sed,
905 1643 1176 1713 quoniam
1218 1647 1350 1697 ante
1405 1642 1556 1697 diem
1597 1642 1835 1697 convivii

1955 504 2220 579 arguitur
2263 504 2499 568 Pharao,
2551 503 2899 575 relinquitur
2949 503 3586 576 Dathanydeprimitur

1954 600 2154 667 Chore,
2185 598 2485 669 copulatur
2516 596 2897 671 lsaac,932
2925 598 3174 653 mittitur
3197 598 3591 666 Nathan,con-

1956 693 2206 749 vincitur
2230 692 2521 759 Amalech,
2552 691 2915 746 maledicitur
2946 692 3140 755 Iudas,
3173 691 3594 747 dehonestatur

1954 788 2254 857 Mambres,
2302 786 2676 858 cognoscitur
2723 786 2834 856 (66)
2879 786 3046 856 Loth,
3085 785 3427 843 interficitur
3465 785 3591 841 I’hi-

1957 899 2115 951 nees,
2149 881 2457 937 dimittitur
2488 879 2697 952 Ophni,
2731 879 2938 934 timens
2982 880 3228 935 moritur
3255 880 3401 951 Heli,
3436 897 3593 936 com-

1954 977 2226 1050 primitur
2255 976 2419 1044 Dina,
2449 974 2733 1045 decipitur
2777 974 2945 1041 Esau,
2974 972 3387 1044 substringitur
3434 975 3589 1042 Saul,

1956 1071 2107 1126 dolet
2137 1070 2207 1125 de
2231 1070 2377 1125 facto
2406 1068 2527 1136 Iob,
2560 1066 2953 1139 interrogatur
2977 1068 3108 1121 Eva.
3144 1066 3346 1122 Nescio
3380 1067 3593 1122 clamat

1956 1166 2115 1232 Cain,
2164 1167 2395 1218 tenetur
2435 1168 2493 1218 et
2530 1166 2706 1232 negat
2744 1162 2963 1216 Petrus.
2992 1160 3101 1216 Sed
3131 1160 3402 1232 quoniam
3447 1162 3595 1216 mul-

1955 1265 2145 1315 torum
2192 1256 2538 1313 conscientia
2594 1259 2735 1323 erat,
2768 1255 2826 1309 in
2865 1254 3018 1310 furto
3065 1255 3216 1326 quod
3254 1260 3376 1310 erat
3420 1254 3592 1310 susei-

1957 1355 2119 1425 piens
2146 1352 2327 1419 Raab,
2361 1350 2653 1423 quaerebat
2679 1350 2787 1422 (67)
2818 1348 3029 1418 Laban,
3060 1348 3452 1404 infamabatur
3479 1350 3588 1404 Su-

1957 1464 2158 1515 sanna,
2188 1445 2466 1517 arguebat
2505 1446 2769 1514 Ioannes,
2801 1442 3050 1515 negabat
3084 1444 3315 1511 Rachel,
3351 1443 3595 1499 docebat

1954 1544 2193 1613 Moyses,
2242 1540 2498 1612 plorabat
2538 1539 2862 1610 Triphaana,
2891 1537 3232 1592 observabat
3278 1538 3472 1605 Maria,
3504 1541 3592 1593 at-

1956 1635 2229 1690 tendebat
2271 1633 2682 1705 Onesiphorus,
2721 1632 2897 1686 tristis
2941 1634 3063 1686 erat
3107 1632 3336 1699 Paulus,
3357 1630 3595 1701 jurabat

207 1735 482 1807 quaedam
543 1736 613 1791 de
680 1736 941 1790 convivio
1007 1737 1285 1791 subducta
1348 1736 1619 1803 fuerant,
1678 1736 1915 1807 jussu“
1952 1729 2144 1798 Iacob,
2189 1746 2304 1783 non
2349 1727 2618 1784 credebat
2664 1726 2906 1796 Pharao,
2951 1724 3345 1780 mentiebatur
3384 1725 3587 1780 tliero-

205 1831 365 1902 regis
405 1830 844 1901 inquirebantur
886 1831 955 1885 ab
996 1832 1098 1885 eis.
1147 1830 1458 1886 lnvolverat
1499 1830 1650 1885 enim
1700 1795 1920 1885 stra-B
1954 1825 2152 1894 boam,
2207 1822 2452 1895 pavebat
2503 1822 2803 1890 Susanna,
2860 1819 3240 1876 erubescebat
3289 1819 3546 1875 Rebecca
3573 1861 3587 1888 ,

211 1925 421 1995 gulam
445 1924 886 1980 multicolorium
906 1929 1070 1995 Agar,
1095 1924 1342 1995 sigillum
1367 1941 1606 1979 aureum
1624 1924 1853 1992 Rachel,

211 2019 513 2089 speculum
560 2022 898 2089 argenteum
943 2019 1170 2085 Thecla,
1204 2019 1481 2090 scyphum
1521 2017 1855 2073 bibitorium

210 2113 540 2183 lienjamiu,
579 2113 852 2167 annulum
900 2112 1276 2184 signatorium
1320 2113 1581 2180 Thamar,
1611 2128 1853 2183 cooper-

204 2207 428 2261 torium
461 2206 812 2261 subsericum
841 2207 1056 2272 Iudith,
1102 2208 1360 2261 lanceam
1408 2207 1627 2277 regiam
1662 2206 1851 2274 David,

204 2301 464 2355 alienam
502 2317 744 2355 uxorem
772 2301 1084 2355 abduxerat
1122 2300 1474 2355 Abimelech.
1506 2302 1659 2355 Tunc
1688 2300 1856 2370 jussit

205 2413 332 2461 rex,
368 2399 430 2449 ut
460 2411 657 2449 omnes
688 2395 785 2465 qui
831 2395 1067 2448 fuerant
1111 2395 1168 2448 in
1218 2395 1469 2448 convivia
1509 2394 1855 2448 ducerentur

203 2490 280 2544 ad
314 2492 619 2543 tormenta.
651 2490 768 2553 Quo
817 2490 988 2554 facta,
1020 2489 1239 2559 primus
1286 2489 1561 2543 innocens
1606 2487 1852 2542 decolla-

204 2591 308 2640 tur
333 2586 593 2651 Ioannes,
620 2583 898 2638 occiditur
925 2582 1081 2649 Abel,
1112 2584 1266 2637 foras
1308 2582 1607 2653 projicitur
1642 2582 1846 2649 Adam,

204 2679 427 2733 timens
474 2678 814 2731 obmutescit
859 2676 1190 2743 Zacharias,
1252 2677 1401 2747 fugit
1451 2676 1615 2729 Iacob
1644 2718 1657 2743 ,
1714 2692 1846 2746 que-

204 2773 360 2828 ritur
385 2772 595 2839 Enoch,
630 2771 892 2825 turbatur
917 2771 1269 2839 Abimeleeh,
1298 2770 1638 2824 immutatur
1662 2769 1851 2824 Nabu-

212 2867 608 2932 chodonosor,
629 2865 1289 2936 deprecaturAbraham,
1306 2863 1849 2919 transferturllelias

207 2960 597 3031 supprimitur
628 2961 788 3020 Dina,
824 2958 1133 3012 includitur
1164 2960 1297 3023 Noe,
1318 2956 1658 3028 impingitur
1684 2957 1847 3023 Loth,

207 3076 271 3110 su
284 3058 505 3127 iiigitur
520 3056 1009 3124 Iesus,damnatur
1023 3056 1237 3123 Daniel,
1254 3060 1549 3109 accusatur
1565 3055 1841 3121 Susanna,

1957 1919 2269 1991 plangebat
2298 1917 2631 1972 Hieremias.
2664 1915 3057 1983 Postmodum,
3086 1915 3353 1969 scrutatis
3395 1913 3582 1969 omni-

1955 2014 2083 2083 bus,
2130 2013 2425 2067 inventum
2476 2017 2562 2065 est
2605 2010 2822 2065 furtum
2870 2009 3021 2079 apud
3068 2007 3393 2078 Benjamin,
3435 2007 3588 2079 quod

1957 2113 2083 2162 erat
2124 2107 2183 2160 in
2213 2103 2557 2161 conscientia
2603 2102 2832 2174 Ioseph.
2865 2102 2995 2169 Sed,
3035 2104 3406 2173 posteaquam
3456 2116 3589 2171 pro-

1954 2201 2153 2256 batum
2183 2203 2268 2254 est
2293 2200 2419 2270 regi
2448 2197 2599 2270 quod
2624 2198 2808 2251 Achar
2842 2195 2991 2251 ﬁlius
3029 2195 3261 2251 Charmi
3302 2194 3453 2249 solus
3499 2211 3588 2249 es-

1956 2299 2041 2349 set
2085 2310 2217 2349 reus
2264 2293 2418 2360 furti,
2454 2291 2626 2363 jussit
2673 2307 2804 2346 eum
2853 2290 3003 2345 mori
3053 2290 3403 2360 donavitque
3453 2304 3588 2343 eum

1960 2389 2242 2445 omnibus.
2272 2389 2446 2453 Tunc,
2475 2384 2772 2441 occasione
2788 2390 3041 2456 accepta,
3070 2383 3295 2455 primus
3322 2383 3585 2438 omnium

1955 2487 2101 2542 calce
2143 2503 2272 2541 cum
2315 2486 2592 2557 percussit
2641 2485 2876 2555 Moyses,
2918 2483 3058 2538 abiit
3109 2482 3168 2536 in
3225 2482 3588 2553 complexum

1952 2582 2149 2649 Iacob,
2202 2584 2418 2635 vestem
2472 2578 2721 2633 detraxit
2772 2577 2998 2644 Thecla,
3045 2577 3117 2632 ad
3168 2580 3383 2631 terram
3438 2575 3588 2630 elisit

1953 2676 2170 2743 Daniel,
2202 2674 2388 2746 lapide
2420 2674 2695 2746 percussit
2723 2673 2921 2741 David,
2951 2672 3110 2743 virga
3130 2675 3333 2740 Aaron,
3354 2670 3584 2741 ﬂagello

1952 2772 2136 2838 Iesus,
2191 2768 2449 2824 medium
2497 2767 2725 2840 aperuit
2775 2766 2991 2834 Iudas,
3042 2766 3248 2820 lancea
3300 2763 3586 2819 transfixit

1955 2872 2201 2927 Eleazar.
2232 2871 2386 2924 Tunc
2414 2868 2586 2939 jussit
2610 2867 2695 2922 uti
2740 2866 2838 2938 qui
2882 2870 3145 2921 mortuus
3195 2868 3347 2919 esset
3381 2862 3586 2935 sepeli-

1952 2972 2147 3033 retur;
2197 2967 2255 3019 et
2289 2962 2540 3017 vendidit
2584 2976 2790 3033 agrum
2828 2960 3043 3027 Laban,
3089 2958 3229 3014 emit
3267 2958 3581 3025 Abraham,

1949 3060 2157 3131 Ioseph
2205 3060 2646 3112 monumentum
2688 3055 2840 3124 fecit,
2883 3057 2941 3109 et
2987 3052 3291 3108 aedificavit
3335 3052 3582 3120 Nachor,

206 3152 486 3220 alligatur
510 3150 740 3221 Ioseph,
774 3150 1049 3204 occiditur
1084 3149 1317 3214 Martha,
1352 3148 1570 3202 tollitur
1603 3148 1851 3217 Abacuc,
1875 3165 1927 3239 Ο
1956 3157 2219 3209 aromata
2264 3152 2542 3222 imposuit
2584 3150 2776 3218 Maria,
2820 3148 2988 3203 clusit
3016 3148 3152 3216 Noe,
3186 3145 3585 3218 superscripsit

205 3246 411 3301 bestiis
442 3244 609 3298 datur
628 3244 852 3310 Thecla,
884 3243 942 3296 in
972 3244 1264 3297 fornacem
1294 3242 1543 3295 mittitur
1568 3242 1842 3308 Ananias,

207 3339 456 3394 vinculis
506 3337 921 3408 constringitur
965 3337 1221 3403 Samson,
1254 3335 1489 3407 punitur
1539 3335 1718 3403 Ut‘ias,
1747 3335 1848 3389 ﬂa~

206 3434 467 3501 gellatur
492 3434 719 3499 Paulus,
748 3431 1006 3485 tenditur
1045 3430 1238 3498 lsaias,
1274 3429 1626 3501 exspoliatur
1657 3431 1847 3497 Ionas,

212 3529 524 3600 lapidatur
547 3526 875 3593 llieremias,
907 3530 1219 3579 excaecatur
1245 3523 1464 3591 Tobias,
1494 3540 1608 3577 non
1640 3522 1844 3578 crede-

203 3626 353 3679 bant
394 3622 590 3694 Moysi,
626 3620 966 3675 subducitur
1010 3618 1242 3688 Abiron,
1271 3617 1638 3689 suspenditur
1676 3618 1844 3673 Abes-

1952 3250 2180 3315 Pilatus,
2213 3247 2462 3318 pretium
2492 3244 2713 3316 accepit
2739 3244 2909 3298 Iudas
2938 3261 2950 3296 :
2979 3259 3094 3315 quo
3137 3243 3288 3297 facto
3323 3240 3585 3312 gaudens

1951 3344 2156 3397 clamat
2202 3340 2538 3407 Zacharias,
2596 3338 2972 3393 confunditur
3024 3335 3341 3404 Elizabeth,
3394 3337 3587 3405 stupet

1950 3436 2140 3505 Maria,
2168 3434 2392 3490 ridebat
2421 3434 2493 3489 de
2522 3434 2670 3488 facto
2703 3432 2862 3488 Sara.
2881 3431 3285 3504 Explicitisque
3316 3428 3584 3486 omnibus

1951 3532 2151 3586 domos
2181 3546 2308 3585 suas
2329 3528 2708 3601 repetierant.

1525 3736 1748 3817 Steph.
1797 3735 2043 3800 Baluzii
2085 3740 2281 3799 notae.

272 3858 371 3916 (635)
407 3858 517 3917 Quo
554 3855 709 3916 facta.
750 3854 940 3903 Morel.
981 3856 1043 3903 et
1098 3852 1328 3915 quidam
1377 3851 1538 3902 codd.
1586 3864 1719 3901 mss.
1754 3864 1854 3915 pro

205 3942 320 3992 quo
347 3927 508 3989 facto,
534 3925 627 3975 alii
653 3924 746 3975 sub
778 3938 883 3988 quo
913 3924 1074 3988 facta.
1116 3925 1287 3974 Paulo
1340 3927 1467 3988 post
1511 3923 1712 3973 desunt
1766 3923 1855 3973 bas

206 4011 383 4049 voces
444 3997 616 4047 altera
670 3996 771 4045 die.
825 3997 884 4045 In
936 3995 1133 4045 iisdem
1192 3996 1361 4059 igitur
1407 3992 1679 4057 strepiilos
1735 3996 1856 4044 Levi

204 4070 303 4120 vel
351 4068 628 4133 stropilos,
671 4080 860 4131 capsas
902 4069 1123 4131 Moyses.
1170 4069 1303 4117 Ante
1339 4065 1758 4131 di'emtquzedam
1794 4065 1856 4116 de

208 4154 479 4192 convivio.

2019 3851 2116 3911 (66)
2166 3850 2520 3914 Cognoscitur.
2570 3848 2665 3899 Sic
2706 3860 2804 3911 pro
2848 3859 2915 3896 eo
2958 3843 3110 3909 quod
3151 3846 3270 3914 erat
3316 3842 3374 3893 in
3420 3841 3585 3893 editis

1955 3922 2177 3985 cogitur,
2208 3913 2515 3980 emendavi,
2548 3918 2757 3969 codicis
2786 3915 3030 3967 Colbert.
3061 3913 3406 3985 auctoritate.

2017 3982 2116 4052 (67)
2163 3982 2466 4054 Quaerebat.
2526 3988 2674 4039 Editi
2729 3986 3085 4052 quaerebatur.
3146 3982 3585 4037 Emendavimns

1956 4065 2283 4117 auctoritate
2318 4066 2559 4127 quatuor
2587 4074 2721 4110 mss.

413 4429 559 4545 DE
638 4425 1469 4546 REVELATIONE
1549 4422 2006 4544 CAPITIS
2064 4424 2168 4541 B.
2226 4421 2728 4544 JOANNIS
2782 4416 3376 4539 BAPTISTfE

1253 4626 1746 4703 TRACTATUS,
1798 4626 1876 4690 IN
1884 4624 2133 4691 CERTO
2179 4623 2545 4690 AUCTORE

289 4995 331 5047 Ι.
368 4992 565 5046 Narrat
590 4991 864 5063 Iosephus
900 4991 969 5061 (t)
1001 4990 1257 5045 vinetum
1309 4990 1485 5045 fuisse
1535 4990 1853 5045 abductum

208 5088 497 5142 Joannem
546 5086 856 5158 Baptistam
905 5086 963 5140 in
995 5085 1289 5140 castellum
1324 5085 1708 5153 Macheronta,
1740 5085 1851 5139 ibi-

1957 5007 2069 5062 que
2109 4993 2282 5062 caput
2324 4988 2447 5060 ejus
2479 4988 2814 5043 truncatum
2858 4985 3067 5054 fuisse;
3121 4986 3317 5039 narrat
3344 4982 3584 5038 historia

1956 5083 2330 5140 ecclesiastica
2351 5082 2425 5155 (2)
2459 5082 2745 5153 sepultum
2777 5080 2837 5135 in
2864 5080 3121 5150 Sebaste,
3151 5078 3374 5135 civitate
3402 5076 3586 5151 regio-

1644 5201 2193 5266 Commentarius.

283 5323 349 5382 (t)
385 5322 592 5370 Narrat
621 5319 894 5383 Iosephus.
929 5319 1436 5383 Stupendissimam
1476 5319 1624 5368 hanc
1665 5331 1850 5368 narra-

206 5394 426 5444 tionem
463 5392 866 5450 subneetimus,
904 5405 975 5441 ne
1005 5389 1136 5454 quid
1168 5390 1447 5454 Cypriano
1472 5390 1605 5441 olim
1640 5402 1848 5454 appen-

204 5480 342 5515 sum
370 5462 795 5514 desideraretur.
824 5464 1078 5513 Laterem
1106 5462 1324 5513 videtur
1346 5462 1532 5512 lavare
1551 5462 1848 5522 Pamelius,

199 5537 312 5601 qui
341 5538 486 5585 notis
516 5536 635 5585 suis
664 5535 1085 5585 mendaciorum
1114 5534 1397 5585 sentinam
1421 5547 1659 5599 purgare
1700 5539 1847 5584 sata-

228 5612 319 5657 :it.
351 5608 540 5657 Oxon.

588 5675 854 5739 Joscphus.
887 5675 1005 5725 Lib.
1043 5688 1247 5740 nempe
1278 5689 1421 5728 xvm
1459 5676 1664 5740 Autiqu
1695 5688 1742 5726 ο·
1772 5673 1849 5732 ίθν

201 5766 317 5803 seu
352 5753 514 5813 juxta
538 5761 741 5799 novam
770 5747 1083 5798 versionem
1113 5749 1160 5798 7.
1202 5747 1368 5810 Quod
1416 5748 1601 5811 ipsum
1644 5759 1711 5796 ex
1754 5745 1851 5795 illo

206 5824 420 5887 repetit
447 5820 725 5872 Eusebius
754 5820 850 5870 lib.
881 5834 898 5870 ι
925 5820 1055 5870 Hist.
1086 5815 1247 5878 Eccl,
1283 5833 1405 5883 cap.
1442 5820 1517 5881 11,
1550 5831 1651 5869 seu
1691 5819 1853 5881 juxta

206 5896 481 5949 Graecum
519 5892 802 5957 exemplar
836 5892 931 5953 tt;
976 5894 1034 5943 et
1073 5894 1267 5956 postea
1293 5889 1447 5944 Beda
1492 5891 1551 5940 in
1595 5903 1715 5954 cap.
1746 5901 1851 5944 xxv

1951 5311 2142 5373 Marci,
2185 5310 2285 5361 ubi
2337 5324 2468 5361 cum
2526 5308 2726 5360 iisdem
2770 5306 2955 5358 verbis
3006 5307 3209 5368 utatur,
3238 5307 3404 5370 atque
3456 5305 3584 5357 ideo

1948 5383 2106 5433 illinc
2155 5382 2277 5433 haec
2326 5382 2657 5446 transcripta
2704 5379 2774 5430 ad
2824 5378 3058 5430 verbum
3103 5377 3421 5439 videantur,
3472 5391 3589 5429 non

1950 5469 2075 5506 sum
2141 5454 2352 5505 veritus
2414 5466 2719 5518 reponere,
2777 5454 2834 5502 in
2891 5449 3165 5502 castellum
3238 5448 3591 5501 Macheronta

1951 5528 2251 5577 abductum.
2287 5529 2432 5576 Pass.

2013 5601 2084 5663 (‘2)
2118 5602 2323 5651 Narrat
2346 5598 2573 5648 historia
2606 5595 2983 5657 ecclesiastica,
3021 5599 3128 5647 etc.
3164 5593 3258 5646 Sic
3285 5595 3427 5657 lego,
3458 5592 3592 5658 quia

1948 5672 2162 5723 nullam
2212 5670 2383 5735 hujus
2430 5670 2508 5722 rei
2555 5671 2689 5721 facit
2737 5669 3085 5721 mentionem
3132 5667 3439 5732 Iosephus,
3489 5663 3590 5735 sed

1947 5744 2078 5794 Hist.
2099 5741 2237 5794 Eccl.
2264 5734 2361 5793 lib.
2392 5756 2476 5804 xz,
2510 5755 2633 5807 cap.
2654 5742 2735 5804 28,
2764 5745 2993 5793 auctore
3017 5740 3265 5803 Ruttino,
3293 5739 3352 5790 in
3379 5749 3489 5789 sua
3514 5734 3585 5787 ad

1950 5814 2260 5868 Eusebium
2284 5811 2624 5880 Appendice.
2660 5814 2880 5866 PAMEL.
