4082 6194
543 252 685 311 10ίὸ

1123 252 1214 310 AD
1252 253 1478 311 OPERA
1502 253 1561 311 S.’
1601 253 1918 313 CYPRIANI
1952 255 2255 317 GENUINA
2290 259 2580 320 APPEND.
2614 263 2680 322 II.
2714 293 2784 308 —-
2809 264 3293 325 SUPPOSlTITlA.

3725 275 3845 332 lMﬁ

522 377 614 436 nis
638 377 963 450 Palestina,
992 394 1119 452 quae
1147 380 1440 453 quondam
1461 381 1717 438 Samaria
1742 386 1827 438 est
1853 383 2154 455 appellata.
2180 398 2235 473 Α
2260 404 2429 445 causa
2471 391 2749 447 orationis
2790 392 2851 449 in
2892 396 3154 469 tempore
3194 393 3453 451 Marciani
3497 395 3847 469 imperatoris.

523 476 655 533 Post
691 475 930 545 longum
977 490 1115 531 vero
1142 478 1367 548 tempus
1412 476 1508 547 (3),
1559 482 2003 533 monumentum
2031 480 2154 549 ejus

522 569 738 641 pagani
784 569 1136 640 invaserunt,
1172 572 1232 625 et
1284 587 1407 626 ossa
1459 586 1565 641 per
1615 572 1802 643 campi
1857 572 2155 644 planitiem

524 662 964 735 dissipaverunt,
990 679 1337 736 rursumque
1366 664 1604 721 collecta
1638 665 1772 737 igne
1820 682 2155 721 concrema-

522 760 756 825 verunt,
784 760 843 812 et
869 762 1070 829 postea
1099 774 1205 829 per
1231 774 1397 829 agros
1422 763 1676 814 cremata
1725 758 1917 833 933
1965 762 2157 832 proje-

523 856 682 906 runt.
728 853 928 907 Postea
994 867 1127 907 vero
1174 852 1532 908 advenerunt
1571 852 1810 925 quidam
1865 854 2153 924 monachi,

524 944 781 1017 religiosi
817 944 943 1015 viri,
974 945 1046 1001 de
1096 946 1499 1018 Hierosolymis
1544 946 1618 1001 ad
1660 947 1851 1003 locum
1894 948 2156 1019 ejusdem

521 1038 912 1107 monumenti,
937 1039 1235 1097 audientes
1275 1057 1340 1096 ea
1374 1057 1503 1112 qua
1546 1041 1750 1096 Joanni
1800 1042 2150 1114 acciderant,

523 1138 582 1190 et
606 1133 882 1206 quicquid
909 1138 1228 1205 potuerunt
1253 1151 1322 1189 ex
1358 1135 1582 1190 ossibus
1611 1135 1767 1189 illius
1794 1137 2155 1207 colligentes,

526 1227 600 1283 ad
622 1232 849 1301 patrem
892 1244 1060 1283 suum
1101 1228 1431 1301 Philippum
1469 1229 1798 1285 detulerunt
1839 1230 2154 1303 Hierosoly-

526 1336 713 1392 mam,
744 1325 801 1379 et
826 1322 918 1378 ille
948 1322 1261 1377 transmisit
1289 1339 1357 1377 ea
1386 1339 1516 1378 cum
1547 1324 1671 1378 aliis
1697 1323 1831 1378 viris
1869 1324 2158 1395 religiosis

527 1415 835 1471 Athanasio
877 1415 1236 1471 Alexandria
1279 1417 1538 1488 pontiﬁci
1578 1416 1927 1473 ﬁdelissimo.
1962 1419 2156 1491 Ibique

527 1510 680 1565 miro
708 1510 882 1565 modo
905 1510 1142 1565 fuerunt
1171 1514 1410 1579 servata,
1428 1527 1610 1584 usque
1637 1513 1709 1567 ad
1738 1516 1963 1584 tempus
1980 1513 2161 1568 Theo-

527 1602 677 1675 phili
702 1603 964 1674 ejusdem
1016 1601 1170 1659 urbis
1208 1604 1482 1678 episcopi.
1528 1606 1635 1670 Qui
1673 1606 2045 1677 Theophilus,
2074 1606 2159 1677 ju-

521 1695 697 1754 bente
720 1696 1042 1754 Theodosio
1072 1698 1349 1771 principe,
1380 1699 1575 1755 omnia
1602 1700 1889 1755 idolorum
1936 1701 2064 1755 fana
2090 1701 2151 1755 in

2259 483 2477 549 Quibus
2504 487 2799 542 monachis
2853 488 2912 543 in
2958 489 3175 545 visione
3207 482 3462 561 angelica
3501 491 3700 547 dictum
3742 500 3845 551 est:

2261 598 2289 631 α
2331 581 2414 634 Ite
2451 581 2524 635 ad
2562 582 2837 652 palatium
2882 584 3137 652 Herodis,
3169 585 3267 656 qui
3311 585 3596 656 quondam
3635 588 3720 642 hic
3761 590 3850 644 fuit

2255 673 2514 745 perﬁdus
2557 675 2865 747 princeps:
2912 678 3269 734 introeuntes
3298 680 3592 751 perspicite
3637 682 3849 753 diligen-

2257 773 2365 835 ter,
2395 774 2452 823 et
2493 768 2591 824 ubi
2635 770 2859 826 fumum
2903 789 2934 827 ο
2980 779 3131 828 terra
3173 773 3572 829 ascendentem
3616 776 3849 845 videritis,

2257 861 2542 918 fodientes
2570 863 2670 933 ibi,
2701 871 2872 937 caput
2908 866 3140 922 Joannis
3184 867 3447 939 Baptista
3495 867 3853 929 incunctanter

2260 956 2637 1013 invenietis.»
2667 959 2736 1013 Et
2766 959 2841 1014 ita
2865 960 3143 1029 fecerunt,
3175 964 3233 1016 et
3260 978 3393 1016 cum
3431 978 3637 1034 magno
3663 963 3851 1019 honore

2260 1051 2579 1106 clanculum
2607 1069 2803 1108 secum
2839 1055 3285 1127 Hierosolymam
3326 1055 3770 1128 deportaverunt.
3796 1059 3852 1112 Et

2261 1161 2380 1200 non
2408 1147 2588 1200 multo
2615 1151 2739 1218 post
2768 1164 2800 1201 a
2825 1148 3143 1204 latronibus
3165 1147 3359 1222 934
3392 1154 3617 1221 raptum
3642 1155 3743 1205 est:
3770 1154 3854 1223 qui

2258 1236 2559 1290 mittentes
2585 1236 2641 1290 in
2676 1238 2989 1309 quemdam
3022 1255 3256 1310 specum
3284 1240 3383 1311 (5),
3412 1239 3621 1294 ibidem
3652 1239 3852 1294 dimise-

2260 1330 2413 1393 runt,
2448 1325 2632 1382 donec
2661 1327 2818 1382 idem
2847 1329 3118 1398 Joannes,
3152 1329 3376 1384 Christo
3407 1328 3724 1394 auxiliante,
3754 1331 3852 1384 cui-

2261 1415 2395 1469 dam
2422 1415 2540 1469 viro
2565 1416 2855 1486 religioso,
2886 1418 3122 1472 nomine
3159 1419 3438 1485 Marcello,
3468 1419 3748 1486 sacerdoti,
3776 1420 3856 1490 qui

2257 1505 2320 1560 in
2364 1504 2569 1559 eodem
2615 1522 2791 1577 specu
2831 1506 3159 1562 morabatur
3196 1512 3262 1562 ut
3300 1508 3561 1576 eremita,
3607 1508 3854 1574 revelavit,

2259 1594 2453 1650 dicens
2481 1610 2494 1649 :
2531 1615 2559 1644 ‹‹
2588 1595 2794 1666 Accipe
2823 1600 2993 1666 caput
3032 1612 3246 1667 meum,
3276 1597 3433 1668 quod
3473 1597 3533 1651 in
3578 1597 3677 1651 hoc
3712 1613 3858 1668 specu

2261 1683 2589 1755 deposiium
2621 1689 2706 1739 est
2734 1701 2766 1738 a
2809 1685 3143 1753 latronibus,
3174 1690 3230 1741 et
3274 1686 3438 1742 defer
3468 1687 3601 1741 illud
3638 1689 3859 1743 Juranno

525 1791 606 1847 ila
636 1792 889 1864 regione,
919 1792 1142 1850 Christo
1168 1793 1733 1861 favente,destruxit,
1764 1797 1821 1850 et
1841 1795 2138 1850 ecclesiam

2263 1773 2536 1845 episcopo,
2567 1774 2665 1845 qui
2692 1790 2845 1829 nunc
2881 1781 3088 1846 praest
3121 1776 3479 1832 Alexandria
3525 1777 3725 1833 civitati
3749 1782 3857 1848 post

525 1887 691 1941 mira
718 1886 1135 1960 magnitudinis
1162 1888 1492 1957 construxit,
1523 1891 1580 1943 et
1605 1891 1666 1943 in
1697 1889 1975 1943 honorem
2007 1889 2157 1961 ejus-

529 1980 661 2035 dem
693 1983 874 2036 sancti
910 1980 1145 2037 Joannis
1188 1983 1458 2054 Baptista
1502 1983 1879 2050 consecravit,
1911 1988 1965 2039 et
2010 1984 2161 2038 illius

531 2089 662 2130 ossa
704 2090 833 2147 qua
878 2075 986 2131 sibi
1026 2076 1311 2133 direxerat
1347 2076 1760 2148 suprascriptus
1802 2078 2157 2145 Athanasius,

527 2167 589 2223 in
620 2168 823 2224 eadem
854 2169 1118 2239 ecclesia,
1145 2171 1520 2243 congregatis
1552 2171 1634 2226 ibi
1658 2170 1859 2227 vicinis
1886 2172 2158 2243 pontifici-

527 2261 635 2317 bus
666 2278 737 2318 ex
764 2264 920 2318 omni
950 2268 1115 2335 parte
1149 2265 1502 2332 catervatim,
1536 2265 1915 2337 omnibusque
1948 2266 2161 2322 ordini-

527 2355 636 2411 bus
662 2357 1000 2413 clericorum
1032 2361 1091 2413 et
1118 2359 1488 2430 populorum,
1509 2359 1819 2415 honoriﬁce
1839 2360 2155 2415 constituit.

528 2449 734 2521 Igitur,
768 2452 1078 2507 accedente
1109 2451 1363 2524 paschali
1390 2451 1711 2521 festivitate,
1741 2453 2049 2509 dccollatus
2078 2458 2163 2509 est

528 2544 775 2600 Joannes
793 2546 1057 2617 Baptista,
1075 2546 1399 2618 imperante
1429 2548 1783 2619 nequissimo
1799 2548 2040 2618 Herode,
2061 2550 2158 2620 qui

529 2638 653 2693 dari
678 2638 905 2695 saltanti
933 2638 1143 2712 puella
1169 2645 1339 2713 caput
1365 2641 1488 2713 ejus
1505 2641 1714 2714 jussit;
1744 2647 1799 2699 et
1826 2643 2002 2698 multo
2032 2646 2164 2715 post

529 2731 968 2789 decollationem
1016 2735 1161 2806 ejus,
1187 2736 1493 2792 accedente
1532 2738 1627 2793 illo
1672 2752 1828 2792 anno
1870 2754 1983 2809 quo
2030 2754 2163 2792 con-

532 2831 748 2882 structa
772 2832 858 2883 est
880 2827 1118 2884 ecclesia
1141 2829 1201 2885 in
1229 2830 1468 2886 nomine
1494 2830 1636 2901 ejus,
1670 2835 1727 2885 et
1760 2846 1883 2886 ossa
1909 2832 2030 2904 ejus
2060 2832 2163 2887 ibi-

531 2920 666 2975 dem
692 2922 962 2977 collocata
985 2939 1018 2975 a
1052 2923 1370 2995 TheOphilo
1396 2924 1690 2996 pontifice,
1710 2925 1954 2996 jubente
1981 2926 2163 2981 Theo-

534 3013 695 3070 dosio
721 3015 998 3088 principe,
1024 3015 1083 3071 in
1111 3016 1324 3073 honore
1351 3020 1474 3089 ejus
1493 3023 1824 3074 consecrata
1855 3024 1940 3074 est
1960 3027 2161 3092 quarto

532 3108 821 3165 Kalendas
849 3110 1220 3182 Septembris.
1252 3111 1596 3169 Solemnitas
1623 3129 1872 3185 namque
1911 3114 2033 3185 ejus
2060 3114 2162 3170 mi-
2180 3146 2235 3221 Ο

532 3202 694 3259 riﬁce
714 3208 799 3259 est
829 3210 1162 3261 consecrata
1194 3205 1254 3260 in
1290 3206 1630 3261 dedicando.
1656 3209 1839 3279 Caput
1869 3212 2061 3264 autem
2089 3209 2157 3263 il-

532 3297 642 3352 lius
666 3303 804 3353 tunc
833 3299 1107 3370 temporis
1133 3300 1446 3372 repositum
1478 3307 1599 3355 erat
1639 3302 1696 3356 in
1727 3303 1852 3357 loco
1879 3319 1994 3374 quo
2019 3303 2160 3357 illud

533 3394 595 3450 in
658 3396 933 3452 absconso
994 3413 1140 3452 uxor
1196 3398 1435 3453 Herodis
1489 3398 1875 3470 deposuerat,
1929 3401 2159 3457 nemine

534 3495 768 3563 sciente,
798 3499 1107 3569 postquam
1128 3513 1161 3552 a
1185 3496 1304 3552 ﬁlia
1332 3497 1394 3552 in
1422 3496 1574 3552 disco
1603 3500 1873 3571 suscepit.

606 3595 675 3651 II.
702 3596 760 3651 Si
792 3595 924 3667 quis
955 3595 1147 3651 omnia
1174 3596 1403 3667 plenius
1449 3597 1693 3652 voluerit
1732 3598 1894 3666 scire,
1922 3599 2159 3655 Chroni-

534 3709 661 3748 cam
686 3692 991 3749 Marcellini
1016 3693 1294 3767 principis
1330 3695 1407 3767 (4)
1447 3695 1638 3767 legat;
1687 3702 1743 3750 et
1791 3696 1874 3751 ibi
1913 3699 2162 3769 reperiet

539 3790 685 3848 duos
722 3793 1032 3849 monachos
1077 3793 1148 3848 ab
1196 3792 1425 3850 Oriente
1477 3794 1541 3849 in
1583 3794 1895 3850 Jerusalem
1936 3797 2157 3852 venisse

2260 1863 2644 1935 Theophilum
2668 1865 2783 1919 Deo
2815 1864 3076 1933 charum,
3106 1866 3204 1921 ubi
3234 1867 3494 1939 reliquia
3522 1869 3758 1940 corporis
3770 1860 3863 1924 mei

2262 1957 2649 2027 requiescunt.
2698 1980 2725 2007 »
2754 1959 2820 2012 Et
2869 1959 2947 2023 sic
2990 1959 3126 2015 fecit
3166 1961 3484 2030 Marcellus,
3534 1962 3737 2017 Christo
3775 1980 3859 2016 an-

2261 2054 2497 2106 nuente.
2546 2053 2611 2106 In
2659 2052 2864 2107 eadem
2920 2053 3100 2124 igitur
3151 2055 3512 2111 solemnitate
3554 2056 3861 2112 collectiouis

2264 2144 2635 2217 reliquiarum
2686 2146 2837 2201 illius
2878 2148 3265 2204 translationis
3307 2153 3365 2203 et
3409 2150 3659 2206 ecclesia
3691 2168 3858 2206 conse-

2261 2236 2551 2304 crationis,
2599 2235 2831 2292 allatum
2885 2243 2971 2293 est
3017 2244 3189 2308 caput
3224 2241 3463 2295 Joannis
3513 2240 3759 2312 Baptistae
3801 2240 3859 2295 ad

2262 2325 2548 2380 civitatem
2571 2326 2928 2382 Alexandria
2968 2343 3003 2381 a
3034 2329 3289 2383 Marcello
3319 2330 3669 2401 presbytero,
3701 2336 3753 2385 et
3778 2331 3859 2385 da-

2263 2423 2385 2474 tum
2433 2422 2688 2477 Juranno
2730 2421 2995 2493 episcopo
3039 2422 3137 2493 (6),
3185 2427 3388 2494 quarto
3437 2423 3711 2479 Kalendas
3744 2425 3858 2496 Sep-

2262 2509 2519 2564 tembris.
2553 2512 2619 2565 Et
2659 2512 2944 2565 Jurannus
2981 2512 3232 2583 suscepit
3275 2512 3438 2581 illud,
3468 2514 3739 2569 collocans
3772 2515 3858 2568 mi-

2260 2603 2593 2658 rabiliterin
2619 2604 2825 2659 eodem
2854 2606 2977 2660 loco
3007 2606 3295 2677 perpetixn
3324 2607 3778 2662 custodiendum.
3805 2609 3859 2661 Et

2260 2697 2391 2753 ideo
2424 2698 2699 2753 hodierna
2727 2698 3000 2754 festivitas
3040 2699 3297 2755 collectio
3341 2702 3712 2773 reliquiarum
3736 2702 3862 2756 beati

2261 2792 2494 2847 Joannis
2517 2792 2798 2864 Baptista,
2828 2809 2944 2848 non
2975 2793 3277 2849 decollatio
3305 2796 3676 2864 nominanda,
3706 2795 3861 2851 Chris-

2263 2895 2320 2945 to
2348 2894 2662 2961 annuente,
2695 2896 2755 2947 et
2792 2891 3043 2947 inventio
3087 2909 3151 2947 ac
3194 2894 3472 2949 revelatio
3517 2894 3711 2965 capitis
3747 2895 3860 2965 ejus.

2261 2991 2503 3061 Jamque
2566 2989 2723 3044 idem
2768 2990 2852 3044 vir
2886 2990 3122 3045 Domini
3161 2993 3446 3046 Jurannus
3496 2992 3791 3064 episcopus,
3821 2996 3863 3044 et

2262 3088 2554 3144 Marcellus
2607 3089 2871 3144 sacerdos
2925 3089 3170 3144 feliciter
3214 3089 3285 3145 ad
3325 3091 3637 3146 Dominum
3682 3108 3739 3146 ex
3780 3091 3861 3144 hoc

2261 3187 2478 3243 mundo
2508 3187 2564 3242 in
2598 3203 2734 3258 pace
2765 3187 3179 3259 migraverant.

2331 3305 2422 3360 Ill.
2447 3303 2624 3358 Annis
2647 3303 3031 3358 evolventibus
3052 3319 3169 3358 non
3199 3305 3488 3376 plurimis,
3514 3305 3730 3360 cuidam
3763 3305 3858 3357 viro

2258 3402 2524 3475 religioso
2554 3403 2831 3458 sacerdoti
2860 3420 2924 3457 ac
2968 3403 3278 3473 monacho,
3312 3404 3486 3459 Felici
3529 3405 3765 3470 nomine,
3788 3402 3865 3474 qui

2261 3501 2536 3559 orationis
2568 3501 2746 3573 gratia
2771 3500 2841 3555 ab
2868 3501 3205 3556 occidentali
3238 3505 3402 3573 parte
3436 3503 3500 3557 in
3546 3504 3654 3557 illis
3697 3502 3863 3556 diebus

2258 3602 2710 3673 Hierosolymam
2732 3599 2969 3666 adierat,
3000 3599 3257 3670 angelica
3285 3599 3505 3656 visione
3536 3601 3743 3656 dictum
3767 3606 3861 3655 est:

2265 3723 2293 3753 ‹‹
2348 3701 2518 3767 Felix,
2565 3714 2738 3770 surge
2783 3697 3063 3767 concitus,
3104 3701 3163 3752 et
3208 3715 3458 3770 pergens
3508 3701 3577 3755 ad
3617 3699 3863 3754 civitatem

2263 3793 2626 3854 Alexandria
2656 3793 2751 3865 (7),
2796 3792 3055 3848 invenies
3085 3792 3165 3847 ibi
3201 3793 3505 3849 ecclesiam
3535 3795 3595 3850 in
3623 3794 3865 3849 honorem

1936 3895 2489 3961 Commentarius.

598 3989 664 4053 (3)
722 3990 845 4043 Post
896 3990 1109 4054 longum
1176 4002 1297 4041 vero
1363 3996 1581 4054 tempus.
1632 3991 1907 4054 Tempore
1965 4006 2169 4058 nempe

538 4064 801 4127 apostata
849 4062 1078 4125 Juliani,
1131 4063 1316 4127 inquit
1361 4062 1514 4113 Beda
1555 4075 1686 4113 cum
1732 4063 1957 4116 Ilufflno
2006 4081 2019 4115 :
2074 4068 2170 4130 qui

537 4134 705 4184 etiam
739 4133 947 4183 rectius
986 4137 1210 4183 narrant
1252 4134 1497 4183 adfuisse
1537 4138 1672 4185 tunc
1700 4148 1831 4185 cum
1878 4137 2170 4201 disperge-

537 4209 731 4256 rentur
776 4218 904 4256 ossa
953 4205 1184 4256 Joannis
1231 4205 1388 4270 Bapt.
1441 4207 1765 4268 monachos,
1812 4222 1924 4259 non
1976 4215 2170 4273 postea

538 4276 850 4327 advenisse.
908 4276 993 4326 Ex
1060 4277 1267 4341 quibus
1338 4278 1509 4328 etiam
1576 4280 1806 4328 omnino
1866 4281 2167 4343 legendum

2265 3998 2413 4044 tium
2447 3994 2610 4042 vocat
2638 3990 3055 4055 Metaphrastes.
3097 3991 3316 4054 Quibus
3358 3991 3522 4055 locis,
3548 3993 3629 4043 uti
3669 3996 3720 4043 et
3752 3990 3869 4054 apud

2270 4064 2603 4124 Usuardum,
2656 4062 2960 4125 legendum
3017 4076 3139 4112 esse
3194 4064 3509 4125 Emessam,
3565 4078 3663 4113 seu
3719 4065 3866 4127 potius

2267 4136 2553 4186 Emesium
2597 4132 2899 4184 Phoenicia
2945 4135 3246 4193 civitatem,
3278 4148 3393 4184 non
3441 4134 3727 4189 Edessam,
3749 4134 3867 4197 patet

2268 4220 2337 4258 ex
2365 4205 2704 4266 Marcellino,
2738 4206 3113 4269 Metaphraste
3152 4211 3208 4258 et
3253 4208 3417 4257 Petro
3462 4206 3739 4263 Trecensi,
3774 4210 3866 4254 tum

2267 4292 2337 4330 ex
2363 4280 2510 4330 dicta
2539 4280 2871 4339 narratione,
2903 4281 2958 4327 et
2982 4280 3265 4342 martyrol.
3290 4279 3357 4328 D.
3391 4280 3689 4329 Donatiani
3716 4290 3803 4327 ms.
3826 4278 3867 4324 et

540 4359 744 4398 censeo
781 4347 1081 4412 Philippum
1110 4362 1209 4412 pro
1241 4347 1545 4413 Josephum,
1587 4351 1888 4413 prasertim
1935 4366 2171 4404 consen-
2265 4351 2438 4416 ipsius
2469 4350 2685 4400 Adonis
2711 4348 3023 4400 Chronicis.
3050 4350 3271 4400 PAMEL.

542 4418 812 4469 tientibus
849 4419 1010 4471 Petro
1041 4419 1303 4470 Trecensi
1346 4421 1402 4469 in
1449 4420 1687 4471 Historia
1735 4422 2077 4486 Scholastica,
2106 4430 2169 4475 ut
2330 4424 2394 4485 (6)
2430 4423 2680 4471 Juranno
2709 4421 2965 4485 episcopo.
3001 4422 3150 4471 Beda
3187 4422 3318 4484 legit
3359 4420 3681 4471 Julioramo.
3712 4421 3867 4469 Petrus

537 4491 789 4572 omittam
805 4506 912 4572 ms.
933 4491 1231 4572 quemdam
1251 4492 1321 4572 de
1336 4492 1524 4572 hacre
1548 4497 1863 4572 tractatum,
1889 4498 2164 4572 et_Adone
2184 4501 2243 4572 D
2268 4494 2562 4572 Trecensis
2590 4491 2916 4572 Julius-nmo.
2956 4492 3097 4572 illud
3128 4493 3343 4543 accedit
3370 4494 3552 4572 magis
3598 4492 3666 4572 ad
3693 4491 3862 4572 lectio-

536 4563 901 4637 lnMartyrol.
943 4564 1017 4637 ad
1056 4577 1118 4615 IV
1164 4564 1286 4613 Kal.
1333 4564 1601 4629 Septem,
1628 4568 1724 4630 qui
1766 4580 1894 4617 cum
1941 4562 2236 4618 Rufﬁno"
2266 4575 2396 4613 nem
2438 4562 2845 4637 Μβῑερὶηειειὶξε
2876 4563 3155 4637 (tullium
3180 4577 3296 4637 ξηε-
3342 4564 3470 4637 οοά·
3513 4563 3863 4637 Ῑθείίμυνσηῖίκ

534 4636 709 4685 missa
760 4636 954 4688 dicunt
1004 4636 1127 4687 hac
1180 4648 1307 4686 ossa
1358 4637 1663 4688 Athanasio
1728 4651 1827 4702 per
1876 4638 2166 4688 Julianum
2266 4634 2571 4699 prasertim
2598 4648 2773 4699 quum
2795 4635 3147 4684 Marcellinus
3170 4634 3372 4686 Comes
3402 4634 3861 4699 legatJuliuraniu.

537 4705 852 4757 diaconum.
882 4708 1105 4758 PAMEL.
2267 4706 2376 4768 Qui
2404 4712 2586 4756 tamen
2611 4720 2723 4755 non
2756 4706 3183 4767 Alexandrinus,
3213 4707 3310 4757 sed
3350 4708 3676 4757 Emissenus
3697 4705 3864 4768 episco-

600 4778 667 4841 (4)
695 4778 1037 4853 _Chr_onicain
1058 4778 1386 4853 iMarAcelliAni
1432 4781 1726 4853 principis.
1768 4781 1973 4853 Antea,
2008 4795 2165 4831 men-
2265 4791 2370 4853 pus
2404 4778 2586 4853 (fuisse
2615 4776 2684 4853 ab
2731 4777 2841 4826 illis
2871 4776 3132 4853 omnibus
3166 4778 3527 4853 perhibetur;
3565 4783 3723 4853 atque
3757 4773 3863 4853 adeo

536 4849 672 4900 dose
694 4849 979 4913 legebatur
1012 4850 1272 4900 Marcelli.
1306 4851 1454 4902 Citat
1479 4852 1629 4902 enim
1657 4851 1824 4901 etiam
1864 4852 2012 4902 Beda
2043 4853 2166 4903 loco
2268 4848 2485 4899 videtur
2538 4850 2731 4898 auctor
2779 4849 3046 4897 memoria
3099 4848 3305 4913 lapsus,
3364 4849 3503 4898 dum
3556 4845 3862 4899 Alexandria

534 4922 702 4973 citato
733 4922 1055 4972 chronicam
1083 4922 1388 4972 Marcellini
1409 4924 1650 4973 comitis.
1669 4923 1722 4973 Is
1740 4924 1888 4973 enim
1907 4924 1978 4973 ad
1995 4924 2166 4975 Chro-

533 4993 725 5043 nicum
769 4991 999 5042 Eusebii
1037 4995 1089 5043 et
1140 4993 1368 5043 Hieron.
1412 4992 1793 5057 Appendicem
1842 4994 2081 5057 scripsit,
2112 4999 2167 5045 et

530 5063 797 5126 produxit
826 5063 897 5113 ad
941 5067 1188 5127 tempora
1223 5076 1404 5127 usque
1450 5065 1769 5125 Justiniani,
1802 5078 1927 5127 qua
1958 5078 2164 5116 excusa

533 5139 615 5184 est
645 5149 774 5186 cum
818 5134 998 5185 Fastis
1028 5136 1417 5186 consularibus
1452 5136 1724 5200 Onuphrii
1754 5137 2023 5187 Panvinii.
2054 5138 2165 5188 ΡΑ-

530 5218 667 5255 MEL.
692 5233 754 5243 -—
775 5206 1041 5259 Chronica
1074 5206 1234 5258 codd.
1266 5221 1398 5257 mss.
1433 5208 1582 5257 olim.
1613 5208 1824 5258 BALUZ.

592 5278 657 5338 (5)
702 5278 960 5328 Miltentes
1008 5280 1065 5327 in
1111 5292 1319 5342 specum
1363 5279 1661 5342 quemdam.
1692 5278 1856 5341 Quod
1887 5282 2083 5330 auctor
2130 5293 2161 5330 a

527 5348 860 5411 latronibus,
895 5350 1253 5401 Marcellinus
1282 5349 1483 5400 Comes
1508 5354 1559 5400 et
1586 5348 1815 5401 Simeon
1839 5350 2163 5415 Metaphra-

526 5425 640 5471 stes
685 5435 715 5471 a
744 5419 919 5485 ﬁgulo
957 5422 1201 5485 quodam
1252 5427 1470 5486 raptum
1513 5421 1710 5473 dicunt
1747 5428 2165 5474 sacrosanctum

524 5492 788 5557 Baptista
820 5497 1006 5557 caput.
1035 5494 1219 5557 Atque
1258 5493 1392 5543 hinc
1427 5493 1634 5543 factum
1679 5497 1814 5558 puto
1844 5496 1905 5543 ut
1947 5494 2164 5544 malueo

523 5564 593 5613 rit
626 5563 775 5615 Beda
806 5576 933 5615 cum
963 5562 1089 5614 loco
1128 5564 1318 5623 citato,
1350 5568 1468 5613 tum
1503 5563 1561 5613 in
1607 5564 1770 5614 Hom.
1804 5564 1867 5615 de
1921 5565 2165 5617 Colloca-

520 5635 661 5685 tione
710 5648 803 5686 seu
858 5634 1042 5686 Natali
1100 5635 1166 5684 D.
1219 5634 1445 5685 Joannis
1516 5636 1780 5698 Baptistae,
1832 5649 1944 5685 non
2011 5636 2163 5686 aliud

520 5707 761 5758 scribere
797 5719 967 5770 quam
1001 5706 1233 5757 incuria
1278 5708 1443 5771 culpa
1485 5706 1853 5771 deperditum.
1886 5706 2051 5769 Quod
2092 5707 2161 5757 de

2267 4921 2589 4983 episcopum
2642 4919 2773 4969 facit
2824 4924 2879 4968 et
2924 4932 3308 4969 successorem
3358 4918 3675 4984 Theophili,
3713 4926 3859 4978 neque

2266 4992 2411 5041 enim
2438 4992 2580 5041 inter
2602 4990 3010 5040 Alexandrinos
3044 4992 3334 5055 episcopos
3367 4992 3607 5042 Uranius
3636 4999 3854 5040 recense-

2264 5067 2371 5124 tur,
2398 5066 2495 5112 aut
2522 5062 2870 5112 Julioranus.
2907 5062 3126 5111 PAMEL.

2329 5135 2390 5192 t7)
2415 5133 2497 5184 Ad
2524 5134 2786 5182 civitatem
2821 5132 3178 5183 Alexandria.
3216 5134 3400 5185 Etiam
3447 5135 3542 5186 hic
3573 5134 3654 5184 sui
3692 5129 3861 5181 oblitus

2264 5205 2485 5255 videtur
2523 5208 2736 5263 auctor,
2778 5205 3029 5254 fortassis
3060 5218 3128 5254 ex
3180 5219 3247 5256 eo
3291 5206 3440 5270 quod
3484 5204 3628 5269 apud
3664 5204 3861 5253 Alexan-

2264 5275 2458 5336 driam,
2488 5276 2567 5325 uti
2610 5277 2763 5339 prius
2799 5275 2959 5337 dixit,
2987 5288 3113 5325 ossa
3157 5276 3225 5327 D.
3257 5276 3491 5326 Joannis
3528 5276 3767 5338 Baptista
3791 5283 3859 5319 es-

2263 5351 2388 5397 sent
2418 5346 2725 5403 recondita,
2758 5351 2813 5395 et
2839 5347 2896 5395 in
2926 5348 3045 5410 ejus
3066 5346 3333 5398 honorem
3349 5346 3623 5398 adiﬁcata
3647 5342 3857 5395 ecclesia.

2263 5419 2404 5468 Nam
2430 5420 2597 5468 etiam
2629 5431 2731 5481 pro
2765 5418 2890 5466 aliis
2919 5418 3053 5467 facit
3080 5418 3230 5481 quod
3271 5418 3443 5468 habet
3479 5418 3777 5481 Sigebertus
3814 5412 3854 5457 iu

2266 5491 2547 5541 Chronico
2577 5490 2646 5538 ad
2689 5503 2898 5539 annum
2940 5490 3105 5540 Dom.
3134 5492 3247 5551 761,
3291 5496 3459 5554 caput
3486 5489 3704 5539 Joannis
3732 5486 3855 5554 Bapt-

2263 5574 2333 5611 ex
2378 5560 2589 5609 Edessa
2618 5563 2766 5609 (nam
2804 5562 2885 5610 sic
2923 5559 3221 5624 legendum
3262 5551 3480 5620 censeo,
3523 5574 3614 5623 pro
3646 5574 3705 5607 eo
3738 5551 3852 5631 quad

2262 5636 2346 5681 est
2391 5633 2464 5694 in)
2517 5631 2741 5681 civitate
2784 5632 3123 5681 transfertur.
3156 5633 3293 5681 Nam
3338 5632 3405 5681 de
3453 5630 3777 5681 translatione
3807 5634 3848 5701 ut

2260 5703 2467 5755 Gallias
2498 5702 2553 5751 id
2582 5703 2822 5765 intelligi
2863 5708 3011 5766 patet
3052 5716 3119 5753 ex
3162 5704 3458 5754 Vincentio
3500 5702 3848 5751 Bellovacensr.

2260 5774 2420 5824 Petro
2463 5774 2722 5823 Trecensi
2757 5779 2812 5822 et
2849 5775 3123 5835 Antonio,
3153 5775 3286 5824 item
3316 5787 3383 5824 ex
3431 5772 3694 5823 Chronico
3729 5776 3845 5830 quo—

2262 5847 2392 5899 dam
2416 5859 2518 5899 ms.
2551 5845 2902 5899 Guilielmita
2918 5859 3046 5900 rum
3072 5847 3273 5899 incerti
3301 5846 3551 5899 auctoris.
3576 5844 3766 5894 Pam

516 5777 687 5829 verbo
717 5778 786 5827 ad
810 5776 1040 5827 verbum
1072 5777 1243 5828 etiam
1272 5779 1664 5842 transcriptum
1697 5781 1780 5829 est
1812 5780 1869 5827 in
1908 5778 2075 5828 Beda
2105 5782 2160 5828 et

516 5847 731 5900 Adonis
761 5847 1168 5915 Martyrologiis
1203 5848 1274 5902 ad
1302 5863 1360 5906 γι
1397 5850 1517 5903 Kal.
1561 5851 1762 5915 Martii,
1790 5862 1961 5916 quem
2003 5850 2156 5902 Peri-
