4082 6194
310 308 455 363 1017
1178 307 1266 363 DE
1305 307 1773 366 REVELATIONE
1810 307 1897 364 CA

2005 303 2070 361 'IS
2113 305 2172 361 Β.
2215 306 2399 363 JOAN.
2440 307 2799 364 BAPTISTE.
3516 306 3655 368 1018

286 434 473 491 sancti
495 432 728 491 Joannis
748 432 1007 506 Baptistae
1035 441 1441 501 consecratam,
1471 436 1566 491 ubi
1594 440 1771 509 caput
1798 436 1922 508 ejus
1943 443 2003 517 Α
2022 436 2336 492 transvexit
2365 435 2420 490 in
2451 442 2637 507 partes
2661 435 2981 493 Occidentis
3009 434 3068 491 in
3096 435 3487 508 supradictum
3515 453 3652 509 por-

280 547 417 586 cum
448 530 631 586 tribus
672 531 925 602 parvulis
968 530 1368 586 innocentibus
1398 532 1764 587 reconditum
1803 537 1907 588 est.

277 625 445 691 Quod
474 626 761 698 accipiens
802 626 1054 681 transfer
1093 625 1153 680 in
1192 626 1454 698 partibus
1497 626 1807 689 Galliarum
1849 627 1909 682 in

274 720 520 793 regione
557 720 878 792 Aquitaniae
906 719 966 776 in
991 720 1179 775 locum
1212 737 1385 792 quem
1414 721 1517 776 tibi
1544 720 1905 777 ostendero.»

272 821 354 876 De
393 837 508 894 qua
537 820 753 877 visione
781 826 970 876 certus
1011 824 1068 876 et
1098 821 1528 893 expergefactus
1562 822 1910 877 reverendus

272 931 473 979 senex,
520 915 728 987 gaudio
772 915 1123 989 amplissimo
1164 917 1437 988 repletus,
1475 933 1722 988 pergens
1761 917 1909 972 illico

272 1014 372 1070 ubi
411 1015 605 1086 jussus
647 1016 855 1084 fuerat,
900 1016 1047 1071 sicut
1094 1015 1144 1071 ei
1195 1015 1409 1071 dictum
1455 1016 1657 1084 fuerat,
1707 1020 1908 1071 cuncta

270 1110 588 1181 reperiens,
617 1108 829 1164 rectori
856 1109 945 1164 sui
972 1109 1198 1166 itineris
1229 1116 1417 1182 grates
1451 1111 1783 1165 innumeras
1815 1126 1904 1166 re-

268 1203 496 1276 pendit,
533 1220 954 1276 properansque
998 1205 1069 1260 ad
1109 1205 1321 1275 locum,
1356 1206 1690 1261 thesaurum
1735 1206 1845 1261 sibi
1873 1222 1907 1261 a

269 1300 391 1354 Deo
417 1299 756 1354 destinatum
798 1299 857 1354 in
902 1298 1070 1355 unius
1107 1301 1393 1372 sportellas
1423 1300 1701 1356 conclusit
1727 1301 1853 1356 sinu
1886 1317 1901 1356 :

269 1393 580 1465 statimque
620 1396 774 1449 retro
818 1394 928 1449 iter
973 1395 1276 1466 arripiens,
1316 1395 1530 1467 junctis
1579 1395 1682 1450 sibi
1738 1394 1905 1450 sociis

267 1490 494 1559 septem
542 1487 811 1543 fratribus
848 1487 985 1557 suis,
1033 1489 1132 1560 qui
1176 1506 1308 1545 cum
1353 1505 1420 1545 eo
1460 1489 1736 1559 abierant,
1781 1491 1901 1545 val-

266 1582 513 1653 lansque
543 1582 693 1637 clam
738 1599 970 1637 omnem
1015 1583 1310 1656 regionem
1351 1583 1528 1652 illam,
1569 1585 1904 1655 perveniens

262 1676 339 1730 ad
386 1676 579 1731 littora
621 1675 814 1744 maris,
861 1676 1081 1733 invenit
1121 1694 1328 1733 navem
1366 1696 1497 1734 cum
1540 1679 1796 1750 remigiis
1838 1696 1903 1734 ac

263 1768 460 1843 935
488 1770 889 1841 gubernaculis
920 1788 954 1826 a
984 1775 1097 1828 Deo
1127 1776 1428 1844 paratam;
1461 1790 1632 1845 quam
1673 1774 1895 1845 ingres-

260 1880 361 1918 sus
391 1866 478 1918 est
516 1880 647 1918 cum
683 1865 961 1921 thesauro
994 1870 1052 1921 et
1095 1867 1295 1938 magni
1332 1868 1504 1940 pretii
1547 1868 1893 1939 margaritis.

261 1957 447 2029 Igitur
466 1957 674 2013 fratres
712 1961 768 2013 et
806 1960 940 2015 socii
981 1960 1104 2031 ejus
1135 1961 1557 2017 descendentes
1589 1978 1721 2017 cum
1755 1978 1821 2016 eo
1846 1963 1908 2017 in

253 2051 415 2120 navi,
448 2052 666 2124 gratias
691 2057 950 2124 agentes,
985 2054 1043 2108 in
1090 2055 1321 2126 hymnis
1350 2061 1406 2110 et
1436 2056 1702 2111 laudibus
1730 2059 1905 2112 Deum

260 2145 694 2216 benedicentes,
730 2147 844 2201 alta
872 2152 1076 2219 petunt
1104 2166 1359 2221 aequora.

328 2241 418 2295 ιν.
462 2242 718 2313 Cumque
764 2241 822 2295 in
862 2259 1022 2297 mare
1067 2243 1177 2298 iter
1214 2260 1387 2315 agere
1416 2245 1700 2316 coepisset,
1732 2244 1903 2312 Felix,

258 2334 497 2389 elevatis
524 2335 728 2403 oculis,
761 2335 834 2391 ad
864 2337 1076 2391 emtum
1108 2338 1327 2408 palmas
1363 2340 1621 2405 tetendit,
1653 2339 1847 2395 dicens
1890 2357 1903 2394 :

257 2449 287 2477 «
331 2427 575 2484 Domine
622 2431 753 2484 Jesu
796 2430 1038 2499 Christe,
1079 2431 1177 2503 qui
1221 2431 1401 2487 fecisti
1452 2434 1658 2488 rmlum
1706 2439 1763 2488 et
1799 2437 1907 2488 ter-

257 2540 414 2591 ram,
445 2540 604 2578 mare
629 2529 685 2578 et
716 2524 914 2579 omnia
943 2542 1071 2596 quae
1095 2525 1152 2579 in
1183 2526 1265 2580 eis
1295 2532 1446 2595 sunt,
1476 2528 1904 2599 etprofundum

260 2620 458 2692 abyssi
488 2621 752 2690 intueris,
792 2622 891 2695 qui
917 2640 1090 2695 super
1119 2625 1303 2679 undas
1335 2624 1511 2679 maris
1552 2625 1713 2679 siccis
1741 2626 1902 2697 pcdi-

253 2715 367 2769 bus
394 2715 720 2786 ambulasti,
753 2722 808 2772 et
838 2719 1068 2773 Petrum
1114 2722 1468 2790 mergentem
1501 2737 1678 2774 manu
1710 2720 1907 2774 erexi-

257 2810 356 2877 sti,
390 2813 447 2865 et
472 2810 709 2865 Paulum
738 2814 827 2865 ter
854 2812 922 2866 de
949 2813 1247 2883 naufragio
1280 2814 1565 2882 liberasti;
1598 2814 1775 2869 libera
1804 2832 1906 2869 nos

257 2905 332 2959 de
361 2904 587 2974 magnis
614 2904 880 2960 ﬂuctibus
911 2906 1082 2976 hujus
1110 2906 1320 2977 pelagi,
1353 2912 1412 2961 ut
1440 2908 1693 2963 viventes
1723 2908 1902 2963 bene-

260 2998 519 3053 dicamus
563 3014 780 3054 nomen
821 3005 984 3054 tuum
1028 3000 1085 3055 in
1132 3002 1338 3056 saecula
1382 3003 1737 3057 saeculorum.
1781 3003 1903 3057 Mit-

260 3098 388 3147 tere
414 3093 607 3159 etiam,
632 3094 889 3159 Domine,
908 3094 1146 3166 dignare
1169 3099 1423 3150 sanctum
1445 3096 1719 3167 angelum
1744 3100 1906 3151 tuum

2012 536 2134 586 tum
2167 529 2685 599 Angolismensem.
2718 530 3167 602 Nuntiatumque
3194 534 3278 585 est
3301 531 3499 601 Pipino
3533 529 3653 601 regi

2009 623 2455 695 Aquitanorum,
2485 624 2633 695 quod
2668 640 2808 695 gens
2836 624 3105 678 Wandala
3134 642 3377 696 regnum
3410 626 3531 695 ejus
3562 625 3649 679 in-

2009 718 2241 773 vaderet
2275 737 2288 773 :
2326 717 2599 790 misitque
2628 717 2685 772 in
2717 734 2915 772 omnes
2944 719 3215 773 terminos
3242 719 3649 791 Aquitanorum

2010 829 2076 867 ac
2122 813 2503 879 Xanctonicas,
2551 828 2661 867 nec
2703 829 2822 867 non
2872 812 3235 883 Angolismae,
3290 813 3403 867 sive
3454 830 3652 867 omnes

2009 907 2284 962 terminos
2318 923 2539 974 eorum,
2567 912 2627 961 ut
2654 910 2852 960 contra
2878 922 2971 960 eos
2999 913 3309 977 pergerent
3330 924 3393 961 ac
3420 907 3651 961 dimica-

2010 1004 2138 1055 rent
2186 1021 2197 1055 :
2241 1001 2377 1073 quia
2418 1001 2570 1055 idem
2613 1018 2712 1055 rex
2761 1000 2994 1071 Pipinus
3041 1003 3177 1054 tunc
3218 1000 3551 1055 morabatur
3586 1001 3646 1054 in

2010 1095 2294 1151 territorio
2324 1095 2585 1150 Alniensi
2636 1111 2818 1166 super
2848 1094 3081 1149 fluvium
3114 1094 3418 1163 Vultronm,
3451 1094 3508 1147 in
3551 1110 3650 1165 pa-

2008 1189 2143 1245 latio
2175 1190 2330 1261 quod
2356 1197 2596 1245 vocatur
2635 1190 3035 1262 Engeriacum,
3065 1189 3215 1243 inter
3258 1188 3474 1243 medios
3505 1187 3648 1242 fines

2007 1283 2360 1340 Pictavorum
2384 1300 2450 1339 ac
2482 1284 2862 1339 Xanetonicas.
2896 1283 3173 1355 Denique,
3196 1299 3325 1337 cum
3356 1281 3516 1336 idem
3547 1298 3647 1337 rex

2005 1378 2239 1450 Pipinns
2264 1395 2394 1433 cum
2422 1378 2582 1434 omni
2611 1379 2977 1433 multitudine
3009 1382 3364 1432 armatorum
3394 1391 3651 1432 occurre-

2004 1477 2090 1527 ret
2115 1472 2369 1528 hostibus
2412 1473 2545 1541 suis,
2583 1473 2718 1528 fecit
2763 1474 3037 1527 Dominus
3085 1471 3329 1526 salutem
3376 1486 3648 1541 magnam

2005 1568 2162 1622 omni
2192 1568 2468 1623 exercitui
2500 1584 2625 1635 suo,
2664 1569 2743 1622 ita
2789 1571 2855 1622 ut
2897 1567 3087 1622 nullus
3137 1566 3402 1620 evaderet
3435 1582 3500 1618 ex
3542 1565 3645 1618 hac

2004 1662 2396 1730 multitudine,
2430 1663 2528 1735 qui
2560 1679 2677 1718 non
2714 1661 2867 1717 crede
2897 1662 3233 1716 vastaretur.
3276 1658 3645 1729 Supradietus

2003 1760 2194 1811 autem
2236 1774 2335 1811 rex
2363 1757 2562 1811 videns
2591 1756 2697 1811 sibi
2740 1773 2772 1810 a
2801 1755 3040 1811 Domino
3086 1754 3360 1809 auxilium
3399 1754 3467 1809 de
3507 1752 3645 1807 coelo

1917 1821 2169 1905 Bfuisse
2214 1851 2560 1922 praestitum,
2599 1856 2654 1906 et
2700 1851 2979 1906 ultionem
3026 1849 3096 1904 de
3144 1847 3411 1915 inimicis,
3454 1847 3534 1903 ita
3582 1848 3646 1900 ut

2006 1962 2121 1999 non
2164 1945 2562 2000 minuerentur
2598 1945 2668 2000 de
2707 1944 2961 2000 exercitu
2998 1959 3119 2011 suo,
3153 1942 3263 1997 nisi
3299 1941 3501 2013 viginti
3538 1939 3645 1994 viri

2006 2056 2145 2111 quos
2187 2057 2304 2111 pres
2344 2040 2563 2094 cmteris
2602 2039 2764 2093 valde
2802 2038 3097 2109 diligebat,
3149 2054 3291 2109 quos
3337 2034 3641 2106 accipiens,

2008 2132 2199 2207 936
2232 2133 2472 2205 singulis
2499 2133 2758 2205 deposuit
2787 2132 3036 2200 feretris,
3057 2133 3222 2186 laetus
3252 2146 3357 2202 pro
3385 2128 3640 2193 victoria,

2008 2233 2240 2282 mcestus
2269 2245 2371 2299 pro
2403 2228 2744 2283 amissorum
2776 2226 3093 2295 funeribus,
3125 2224 3440 2280 exercitum
3474 2238 3639 2277 revo-

2006 2326 2111 2389 cat,
2144 2339 2383 2393 pergere
2411 2322 2644 2392 cupiens
2672 2321 2742 2375 ad
2772 2322 3023 2392 prepria.

2077 2416 2164 2470 Vl.
2197 2418 2453 2488 Cumque
2484 2416 2552 2469 ab
2584 2416 2687 2469 hac
2716 2416 2869 2469 caede
2908 2414 3067 2487 quasi
3097 2419 3341 2485 quatuor
3381 2410 3639 2465 milliari-

2005 2509 2109 2563 bus
2140 2510 2403 2580 disjuncti
2444 2513 2653 2577 essent,
2687 2510 2861 2579 figere
2891 2508 3136 2563 tentoria
3167 2509 3449 2578 imperat;
3482 2522 3638 2576 pres-

2005 2620 2210 2674 susque
2238 2620 2460 2670 somno,
2492 2606 2729 2657 stratum
2761 2620 2926 2656 suum
2957 2603 3145 2673 parari
3178 2601 3233 2655 in
3262 2599 3641 2671 papilionibus

1999 2698 2183 2769 jubet.
2212 2699 2387 2766 Tunc,
2429 2714 2531 2768 pro
2569 2697 2899 2751 lassitudine
2940 2711 3139 2751 somno
3178 2696 3502 2765 ingruente,
3533 2706 3642 2746 vox

2007 2791 2198 2846 divina
2226 2792 2411 2846 oblata
2448 2796 2552 2858 est,
2587 2792 2779 2845 dicens
2821 2791 2890 2845 ad
2938 2806 3068 2844 eum
3101 2806 3114 2843 :
3159 2811 3185 2839 «
3228 2789 3341 2843 Cur
3381 2793 3437 2842 te
3475 2786 3640 2857 piger

2006 2902 2236 2940 somnus
2266 2885 2345 2941 ita
2375 2885 2622 2958 pressit?
2649 2886 2877 2940 Noveris
2901 2883 3092 2954 magni
3119 2883 3221 2936 viri
3250 2881 3476 2935 Joannis
3501 2882 3640 2950 Bap-

2007 2980 2151 3034 tistae
2207 2986 2379 3051 caput
2429 2997 2493 3034 ex
2554 2979 2949 3034 transmarinis
2999 2977 3249 3048 partibus
3287 2974 3356 3029 ab
3408 2973 3636 3029 Oriente

2005 3091 2134 3128 cum
2167 3075 2346 3129 tribus
2390 3074 2642 3147 parvulis
2682 3073 3079 3128 innocentibus
3113 3071 3181 3125 ad
3222 3070 3377 3124 hunc
3418 3083 3634 3139 pagum

261 3187 334 3242 de
363 3186 537 3256 coelis,
578 3192 641 3243 ut
667 3187 739 3243 sit
766 3188 882 3243 dux
926 3161 1145 3245 itineris
1183 3190 1384 3258 nostri,
1415 3161 1559 3245 sicut
1586 3191 1691 3245 fuit
1720 3208 1903 3263 quon-
1929 3193 1984 3268 ρ
2010 3168 2240 3272 δεῖξαί»
2277 3167 2746 3272 εξῐιρτφρῑθτ-,ίρξιε
2773 3166 3040 3272 Πὶετνὶὶυω
3088 3166 3145 3218 in
3182 3164 3298 3272 110.6
3325 3162 3538 3272 praelii:
3551 3161 3637 3216 di-

262 3282 396 3336 dam
425 3282 682 3352 patribus
726 3282 953 3353 nostris,
989 3284 1219 3354 quando
1248 3284 1487 3339 eduxisti
1530 3301 1625 3339 eos
1656 3285 1727 3340 de
1754 3293 1902 3342 terra

259 3376 491 3447 Aigypti
534 3376 592 3430 in
635 3376 975 3432 fortitudine
1012 3393 1240 3449 magna,
1274 3381 1332 3433 et
1371 3378 1429 3432 in
1460 3396 1633 3434 manu
1680 3386 1775 3434 tua
1803 3398 1898 3435 va-

260 3470 375 3524 lida
402 3488 420 3539 ;
450 3473 505 3524 et
530 3471 745 3541 perduc
772 3487 875 3525 nos
906 3476 1062 3525 recto
1082 3472 1284 3527 itinere
1314 3474 1381 3527 ad
1410 3474 1599 3528 locum
1620 3478 1897 3546 optatum,

257 3564 330 3617 ad
360 3569 583 3618 sanctas
613 3568 671 3618 et
700 3566 978 3635 pretiosas
1018 3567 1354 3637 margaritas
1384 3568 1763 3624 collocandae.
1798 3593 1825 3619 ))

336 3658 398 3711 V.
430 3658 554 3712 Haec
585 3660 644 3711 et
690 3658 778 3712 his
828 3658 1034 3713 similia
1077 3665 1277 3714 orante
1322 3660 1485 3715 beato
1525 3662 1729 3729 Felice,
1772 3680 1897 3717 ecce

259 3750 447 3804 nubes
486 3751 675 3805 lucida
726 3752 1020 3807 descendit
1047 3770 1219 3823 snpra
1256 3770 1485 3820 navem,
1515 3763 1569 3810 et
1601 3757 1668 3810 de
1712 3758 1899 3811 medio

258 3844 430 3899 nubis
456 3861 686 3915 egressa
730 3850 815 3900 est
854 3846 1117 3900 columba
1148 3847 1221 3900 ad
1262 3847 1441 3903 instar
1464 3850 1609 3925 nivis
1636 3851 1896 3916 candida,

259 3944 319 3993 et
345 3955 520 4010 super
548 3940 786 4011 puppim
822 3940 980 3994 navis
1018 3940 1334 3995 immobilis
1376 3943 1640 4012 perstitit,
1678 3948 1796 3998 tam
1840 3945 1897 3999 in

257 4034 353 4087 die
384 4049 561 4103 quam
602 4033 660 4089 in
689 4035 881 4100 nocte,
917 4050 1091 4105 usque
1134 4034 1269 4087 dum
1305 4034 1358 4088 in
1391 4036 1638 4105 partibus
1669 4038 1894 4107 Aquita-

252 4128 371 4181 niae
418 4125 491 4180 ad
536 4126 697 4181 littus
742 4127 912 4181 maris
952 4126 1159 4182 Oceani
1202 4129 1614 4199 pertingcrent.
1644 4132 1898 4202 Cumque

253 4238 378 4275 non
408 4221 576 4291 longe
603 4238 635 4274 a
665 4224 816 4275 terra
850 4237 909 4274 se
941 4238 1058 4275 esse
1099 4222 1513 4291 cognovissent,
1548 4223 1898 4278 diverteruut

247 4315 329 4371 ad
374 4318 604 4385 portum
653 4314 755 4386 qui
802 4315 1122 4386 appellatur
1167 4316 1629 4386 Angolismeusis,
1677 4318 1773 4388 qui
1812 4322 1899 4372 est

252 4410 399 4463 situs
448 4409 506 4462 in
555 4424 702 4480 pago
749 4408 1017 4462 Alnicnsi.
1064 4409 1259 4480 Ibique
1299 4415 1495 4464 euntes
1539 4411 1608 4465 de
1649 4412 1775 4465 navi
1825 4412 1893 4465 ad

254 4507 494 4569 terram,
528 4502 814 4573 paulisper
848 4503 1265 4573 requieverunt.
1297 4505 1580 4558 Moventes
1606 4512 1795 4559 autem
1830 4522 1893 4560 ex

2009 3263 2213 3317 vinitus
2256 3262 2552 3317 victoriam
2591 3261 2693 3316 tibi
2726 3279 2759 3315 a
2799 3262 2916 3315 Deo
2952 3276 3072 3314 esse
3115 3259 3395 3313 collatam.
3427 3278 3455 3308 »
3499 3258 3632 3312 Πεδ-

2001 3356 2201 3427 pendit
2228 3356 2279 3411 ei
2307 3373 2407 3411 rex
2438 3356 2671 3427 Pipinus
2707 3356 2765 3411 in
2800 3354 3032 3421 visione,
3062 3353 3254 3407 dicens
3288 3370 3302 3406 :
3338 3372 3358 3403 ι
3397 3352 3457 3407 Si
3481 3354 3637 3405 tanta

1998 3451 2277 3505 beneficia
2303 3456 2536 3522 propter
2562 3451 2683 3520 ejus
2706 3449 2974 3503 meritum
3010 3448 3063 3502 in
3098 3464 3190 3501 me
3214 3448 3425 3516 vigent,
3446 3444 3636 3499 indica

2001 3545 2141 3599 mihi
2162 3544 2300 3616 quid
2331 3561 2520 3615 agam,
2547 3551 2643 3600 aut
2664 3542 3151 3615 quemadmodum
3179 3541 3521 3611 investigare
3548 3538 3636 3593 vel

1999 3639 2253 3693 invenire
2300 3645 2502 3709 potero
2545 3655 2697 3693 eum.
2741 3660 2768 3688 ››
2813 3636 3123 3709 Respondit
3170 3638 3227 3690 et
3273 3652 3376 3689 vox
3419 3633 3631 3700 divina,

2001 3733 2191 3787 dicens
2234 3752 2247 3788 :
2304 3756 2329 3782 ‹‹
2376 3735 2512 3788 Ecce
2558 3739 2683 3803 post
2722 3740 2950 3803 tergum
3006 3738 3082 3784 tu:
3111 3748 3165 3784 m
3215 3733 3531 3801 sequuntur
3576 3731 3634 3783 te

2000 3831 2222 3897 septem
2272 3828 2475 3881 fratres
2522 3827 2580 3880 in
2626 3826 2826 3881 habitu
2882 3825 3342 3896 peregrinorum,
3384 3827 3439 3877 et
3485 3839 3632 3876 unus

2001 3923 2098 3992 qui
2131 3921 2346 3975 caeteris
2375 3937 2615 3991 prmesse
2646 3920 2892 3986 videtur,
2935 3920 3083 3973 Felix
3113 3924 3362 3970 vocatur.
3397 3916 3544 3969 Vade
3573 3916 3631 3969 in

2002 4032 2294 4068 accursum
2329 4031 2528 4066 eorum
2558 4030 2683 4066 cum
2728 4013 2937 4084 (uitreis,
2972 4017 3029 4066 et
3058 4012 3114 4065 in
3156 4011 3475 4064 humilitate
3503 4025 3628 4063 eor-

2000 4109 2085 4162 dis
2128 4108 2374 4178 benigne
2419 4107 2632 4177 suscipe
2677 4126 2689 4162 :
2733 4109 3145 4177 adornatasque
3191 4102 3629 4175 pretiosissimas

2000 4203 2341 4272 margaritas
2371 4202 2600 4272 paciﬁca
2638 4208 2826 4257 tecum
2865 4201 3072 4255 ducere
3116 4198 3352 4265 coneris,
3386 4200 3443 4251 et
3470 4197 3626 4252 vide-

1997 4296 2080 4349 bis
2110 4296 2397 4366 magnalia
2442 4296 2557 4351 Dei.
2591 4318 2618 4346 ››
2657 4297 2749 4350 Vir
2784 4299 2977 4349 autem
3028 4291 3252 4347 Domini
3296 4293 3463 4360 Felix,
3507 4292 3628 4345 visa

1997 4394 2154 4445 tanta
2183 4391 2546 4452 multitudine
2586 4406 2863 4445 ursorum
2894 4404 3220 4459 corporum,
3250 4403 3454 4457 pavere
3496 4403 3625 4457 per-

2000 4485 2253 4552 territus,
2284 4492 2475 4538 tamen
2508 4486 2575 4537 de
2606 4484 2889 4554 adjutorio
2923 4484 3015 4535 Dei
3048 4482 3311 4547 conlisus,
3345 4481 3631 4533 confortat

252 4595 461 4650 eodem
499 4596 645 4660 loco,
694 4595 913 4649 duobus
958 4596 1299 4651 milliaribus
1345 4598 1606 4668 peractis,
1657 4600 1890 4654 invene-

2005 4578 2201 4645 socios,
2237 4584 2293 4632 et
2337 4583 2399 4631 ut
2437 4578 2727 4649 paulisper
2762 4578 2866 4631 iter
2906 4578 3163 4647 agerent,
3206 4574 3493 4628 admonet.
3543 4574 3631 4626 Di-

254 4693 392 4743 runt
434 4689 660 4743 eminus
703 4706 938 4761 corpora
987 4697 1366 4758 mortuorum,
1397 4709 1594 4764 regem
1632 4693 1896 4749 videlicet

254 4783 668 4837 Wandalorum
700 4784 770 4853 (8)
810 4801 941 4838 cum
984 4785 1144 4840 omni
1185 4786 1433 4840 exercitu
1469 4804 1572 4842 suo
1604 4788 1893 4858 jaceutcm

249 4892 429 4947 super
458 4876 659 4932 faciem
702 4883 891 4945 terra),
934 4881 993 4931 nt
1032 4878 1254 4949 opinor,
1287 4880 1443 4950 quasi
1486 4880 1682 4952 viginti
1717 4882 1897 4935 millia

251 4971 511 5025 virorum
556 4988 569 5025 :
610 4971 877 5042 quoniam
927 4988 1188 5042 egressus
1228 4974 1413 5029 fuerat
1455 4974 1607 5029 idem
1653 4976 1896 5047 populus

251 5081 444 5118 crassa
493 5065 710 5119 cervice
763 5066 829 5120 de
883 5066 1177 5135 vngalione
1243 5086 1341 5120 sua
1400 5086 1499 5139 per
1553 5087 1705 5123 mare
1766 5088 1893 5124 cum

249 5157 432 5212 classe
471 5175 703 5231 magna,
736 5166 789 5214 et
822 5165 1025 5214 ventus
1056 5161 1364 5217 vehemens
1396 5163 1563 5217 irruit
1604 5163 1661 5217 in
1694 5180 1810 5231 eos,
1841 5168 1898 5218 et

1995 4677 2387 4744 vertentesque
2436 4690 2498 4727 ex
2548 4674 2800 4737 adverso,
2842 4670 3140 4741 parvulum
3185 4668 3286 4721 sibi
3313 4674 3629 4720 statuerunt

1995 4767 2403 4834 habitaculum,
2436 4773 2495 4820 ut
2523 4765 2720 4819 eadem
2750 4768 2916 4818 nocte
2946 4779 3123 4835 usque
3146 4779 3309 4817 mane
3340 4760 3393 4815 in
3424 4761 3627 4814 eodem

1996 4878 2337 4932 permanere
2368 4860 2705 4931 potuissent.

2068 4975 2175 5027 \‘ll.
2210 4973 2515 5027 pl'tL‘dlClttS
2545 4979 2734 5026 autem
2782 4987 2879 5025 rex
2917 4969 3150 5041 Pipinus
3193 4985 3225 5022 a
3267 4984 3471 5022 somno
3505 4967 3620 5021 cvi-

1999 5068 2206 5138 gilaus,
2242 5066 2387 5121 intra
2420 5066 2788 5136 semetipsum
2823 5064 3072 5135 cogitare
3116 5063 3317 5118 tacitus
3357 5060 3522 5133 erepit
3553 5078 3621 5114 ex

2000 5162 2213 5216 visione
2242 5177 2411 5232 quam
2442 5160 2679 5227 viderat,
2714 5160 2845 5231 quid
2883 5174 3052 5230 agere
3094 5157 3357 5226 deberet;
3399 5154 3618 5227 recogi-

1709 5305 2256 5370 Commentarius.

315 5442 382 5505 (8)
435 5444 611 5507 Regem
671 5444 916 5494 videlicet
987 5445 1390 5495 Wandalorum.
1452 5447 1884 5511 Intelligendum

248 5520 337 5564 est
388 5514 535 5564 istud
590 5519 689 5565 aut
733 5515 801 5565 de
852 5520 1034 5579 strage
1086 5517 1370 5582 Chilxingi
1418 5520 1783 5570 Arvernensis
1836 5525 1889 5570 et

244 5586 475 5655 Amingi
523 5585 887 5636 Pictaviensis
932 5590 1223 5649 comitum,
1266 5589 1431 5653 quale
1478 5591 1615 5655 quid
1680 5592 1889 5641 indicat

248 5654 592 5718 Sigebertus,
619 5658 715 5720 qui
759 5659 813 5707 in
854 5661 1128 5709 auxilium
1172 5666 1439 5710 venerant
1480 5662 1609 5711 duci
1654 5664 1885 5726 Aquita-

246 5727 361 5775 nia:
402 5732 591 5778 contra
638 5729 935 5793 Pipinum:
973 5736 1070 5780 aut
1109 5730 1177 5781 de
1218 5732 1335 5794 ipsa
1377 5732 1532 5782 caede
1593 5733 1887 5796 Vuayfarii

249 5797 413 5848 ducis
450 5811 556 5849 ceu
600 5802 766 5863 regis,
796 5801 1070 5852 interfecti
1111 5804 1258 5865 apud
1301 5802 1699 5865 Petragoricos,
1730 5805 1888 5867 juxta

248 5868 506 5921 Adonem
543 5875 600 5923 et
623 5872 969 5935 Aimoinum,
997 5875 1057 5923 ut
1082 5871 1387 5924 Wandalos
1415 5873 1543 5924 illos
1579 5879 1885 5940 nuncupet,

1989 5447 2139 5512 quod
2182 5462 2212 5496 a
2262 5448 2626 5509 Vasconibus,
2674 5452 2840 5510 atque
2886 5445 3023 5495 adeo
3074 5450 3129 5496 et
3171 5445 3464 5495 \Vandalis
3521 5447 3621 5494 mli

1990 5523 2193 5569 essent.
2230 5521 2341 5568 Aut
2389 5526 2541 5569 certe
2590 5520 2843 5583 reliquiae
2892 5519 3171 5582 quaepiam
3219 5518 3620 5569 Wandalorum

1989 5604 2213 5640 rursum
2260 5590 2473 5640 Gallias
2518 5596 2652 5641 tunc
2700 5592 3104 5651 infestantium,
3153 5590 3622 5653 quemadmodum

1989 5677 2087 5714 eos
2126 5663 2334 5719 fecisse
2378 5663 2570 5712 scribit
2615 5663 2890 5713 Robertus
2921 5664 3210 5727 Gaguinus
3257 5664 3421 5726 paulo
3467 5666 3620 5707 ante-

1989 5748 2157 5797 quam
2230 5738 2483 5799 regnaret
2550 5734 2785 5787 Carolus
2838 5736 3155 5797 Martellus,
3214 5736 3390 5800 Pipiui
3449 5749 3481 5798 p
3524 5737 3615 5781 ter.

1991 5805 2213 5856 PAMEL.
