4082 6194
11 25 899 245 r___~

572 269 709 326 1019
1123 270 1212 326 AD
1258 270 1481 328 OPERA
1529 270 1585 326 S.
1646 269 1967 327 CYPRIANI
2008 264 2313 329 GENUINA
2364 270 2646 328 APPEND.
2696 271 2763 327 ll.
2796 300 2864 312 --
2905 270 3384 328 SUPPOSITITIA.
3746 276 3871 333 1020

577 401 707 452 tans
752 396 889 469 quia
936 395 994 451 in
1041 397 1290 469 antiquis
1335 402 1429 454 eat
1471 397 1769 470 sapientia,
1804 403 1861 453 et
1900 398 2211 454 multorum
2237 398 2498 489 Afectus
2536 405 2617 453 est
2650 414 2754 469 per
2780 397 3093 454 beatissimi
3127 398 3489 453 Praecursoris
3519 399 3723 456 merita.
3748 403 3891 460 Cum-

573 492 892 563 peritorum
927 491 1253 562 prudentia.
1286 493 1625 566 Mittensque
1663 493 1913 548 concitus
1956 491 2218 548 accersiri
2319 510 2431 565 que
2462 493 2529 548 de
2559 492 2765 548 eodem
2793 493 2917 548 loco
2955 494 3037 548 eis
3066 494 3284 549 moveri
3316 494 3625 566 placuisset,
3653 498 3899 569 arripiunt

570 585 735 656 jubet
779 586 965 640 virum
1010 586 1351 657 prudentem
1391 604 1455 642 ac
1492 586 1657 642 bonis
1698 587 1965 659 operibus
2001 588 2219 658 pollen-
2320 587 2435 642 iter
2472 603 2576 659 per
2618 588 2766 641 viam
2814 604 2943 659 quae
2992 588 3148 642 ducit
3188 589 3259 642 ad
3304 588 3567 659 paludem
3608 593 3900 661 cognomine

576 684 717 746 tem,
748 679 985 733 nomine
1017 679 1284 750 Felicem,
1315 684 1376 735 ut
1404 681 1473 736 de
1503 685 1663 736 tanta
1688 682 1987 737 manifesta
2007 682 2220 737 visione
2320 681 2691 737 Mathevallis.
2725 682 2981 754 Cumque
3027 682 3108 736 eis
3144 683 3558 753 aliquantulum
3584 684 3654 737 ibi
3683 687 3900 756 requies-

576 772 890 827 Dominum
924 773 1198 845 pulsaret,
1235 779 1297 829 ut
1334 775 1382 829 ei
1426 776 1650 831 salubre
1681 776 1978 831 consilium
2010 792 2221 847 sugge-
2322 792 2451 829 cere
2504 776 2827 847 placuisset,
2876 791 3001 830 ecce
3045 776 3284 847 quidam
3331 776 3527 833 debilis
3570 776 3789 847 pedibus
3827 781 3905 850 qui

577 881 706 921 rere
753 866 1111 938 dignaretur.
1156 868 1338 939 Igitur
1394 869 1629 924 consilio
1680 870 1978 925 inventum
2027 874 2113 924 est
2159 873 2225 926 ut
2323 885 2383 924 se
2430 870 2653 942 erigere
2701 870 2939 924 omnino
2987 870 3281 940 nequibat,
3328 870 3578 941 rependo
3623 888 3675 925 se
3715 873 3907 927 trahens

577 960 766 1016 exutis
799 962 1045 1018 vestibus
1080 970 1139 1020 et
1167 963 1570 1019 calceamentis
1602 964 1720 1018 suis
1749 964 1808 1019 in
1844 964 2037 1018 cinere
2063 969 2119 1021 et
2142 964 2221 1019 ci-
2326 963 2554 1019 obviam
2596 964 2676 1020 eis
2715 963 3009 1036 processit.
3055 962 3163 1028 Qui
3202 962 3469 1019 invocans
3513 965 3764 1020 meritum
3784 966 3911 1022 beati

574 1053 714 1110 licio
740 1056 909 1112 nudis
941 1058 1156 1130 plantis
1185 1058 1533 1126 incedentes,
1562 1058 1728 1113 sicuti
1770 1058 1998 1113 oraculo
2034 1058 2225 1115 divino
2322 1058 2581 1126 Joannis,
2613 1058 2691 1113 ita
2730 1058 2991 1114 redditus
3021 1061 3106 1113 est
3146 1058 3398 1126 sanitati,
3438 1063 3498 1113 ut
3524 1059 3712 1114 firmus
3738 1063 3787 1115 et
3817 1066 3907 1116 sta-

580 1150 910 1208 admonitus
934 1154 1143 1224 fuerat,
1173 1155 1399 1211 obviam
1433 1155 1668 1211 famulis
1700 1155 1797 1211 Dei
1827 1156 2221 1227 procederent.
2323 1152 2457 1207 bilis
2483 1153 2604 1207 sine
2631 1150 2824 1207 dolore
2852 1151 3143 1207 incederet
3170 1169 3301 1206 cum
3332 1152 3533 1207 turbis.

573 1248 835 1318 Cumque
897 1264 957 1304 se
1007 1252 1207 1304 mutuo
1265 1250 1715 1322 conspexissent,
1765 1249 2053 1321 jacentes,
2105 1254 2224 1305 tam
2398 1248 2531 1302 Vill.
2559 1248 2801 1317 Jamque
2824 1247 3270 1318 prepinquantes
3292 1246 3365 1301 ad
3391 1247 3578 1302 locum
3605 1263 3709 1317 quo
3738 1248 3904 1303 tende-

576 1340 702 1412 ipse
730 1356 910 1415 quam
939 1358 1144 1398 omnes
1171 1344 1271 1415 qui
1298 1343 1559 1412 aderant,
1578 1343 1748 1414 proni
1770 1345 1830 1399 in
1855 1349 2075 1400 terram
2099 1348 2219 1399 tam
2325 1341 2487 1408 bant,
2519 1356 2691 1413 super
2725 1340 2961 1395 ï¬‚uvium
2992 1340 3305 1396 Vultronise
3330 1340 3404 1395 ad
3431 1340 3699 1412 palatium
3724 1342 3913 1398 nomine

580 1435 676 1491 diu
705 1436 1115 1505 adoraverunt,
1149 1438 1526 1510 quoadusque
1563 1438 1764 1493 famuli
1795 1439 1896 1495 Dei
1935 1439 2009 1494 ad
2036 1440 2227 1495 locum
2329 1434 2521 1509 938
2571 1435 2948 1506 Engeriacum
3004 1438 3413 1507 pervenerunt.
3464 1434 3707 1489 Audiens
3759 1441 3915 1490 autem

573 1530 670 1586 ubi
699 1530 991 1601 jacebant,
1022 1531 1434 1603 pertingerent.
1470 1534 1731 1605 Cumque
1776 1533 2083 1589 Dominum
2115 1533 2215 1589 be-
2327 1530 2518 1584 omnis
2559 1529 2820 1601 populus,
2866 1546 2899 1584 a
2938 1529 3187 1585 maximo
3237 1545 3418 1601 usque
3469 1528 3544 1583 ad
3581 1528 3920 1597 minimum,a

577 1623 953 1693 nedixissent,
984 1630 1040 1681 et
1067 1642 1126 1681 se
1155 1625 1400 1682 invicem
1439 1628 1798 1695 salutassent,
1834 1628 2092 1682 osculum
2125 1644 2225 1700 pa-
2329 1624 2450 1678 viro
2500 1640 2677 1695 usque
2719 1623 2789 1677 ad
2832 1624 3151 1691 mulierem,
3199 1640 3396 1679 omnes
3444 1623 3615 1677 simul
3669 1624 3723 1676 in
3771 1639 3916 1677 unum

576 1718 655 1774 cis
680 1718 914 1775 sibimet
944 1719 1245 1776 dederunt.
1275 1723 1664 1793 Levantesque
1694 1739 1754 1776 se
1783 1738 1818 1777 a
1848 1727 2017 1789 terra,
2041 1723 2225 1794 lacry-
2257 1788 2294 1794 _
2329 1718 2655 1789 conglobati
2687 1718 2904 1772 obviam
2935 1718 3014 1772 eis
3034 1722 3445 1789 procasserunt.
3471 1718 3719 1788 Cumque
3745 1717 3921 1772 ibidem

578 1813 866 1868 mabiliter
898 1814 1330 1887 interrogabant
1358 1832 1418 1870 se
1458 1816 1725 1885 invicem,
1768 1834 1877 1888 qua
1915 1833 2081 1871 causa
2112 1817 2230 1872 haec
2255 1788 2306 1859 B
2330 1817 2463 1866 ante
2496 1812 2771 1884 palatium
2808 1812 2957 1883 regis
2988 1812 3173 1883 Pipini
3213 1812 3620 1883 pervenissent,
3650 1812 3705 1864 in
3733 1811 3922 1865 basilica

575 1918 706 1973 quas
736 1903 996 1957 viderant
1038 1908 1094 1959 et
1136 1904 1462 1974 audierant,
1496 1906 1859 1961 accidissent.
1906 1906 2000 1960 Vir
2037 1911 2233 1962 autem
2330 1906 2674 1961 beatissima:
2702 1910 2760 1961 et
2788 1906 3208 1977 gloriosissimas
3237 1922 3465 1977 semper
3486 1904 3724 1977 Virginis
3751 1904 3918 1971 Maria,

574 1995 798 2051 Domini
830 1997 985 2051 Felix
1020 2000 1230 2053 cuncta
1252 1998 1579 2070 intelligens
1607 2017 1640 2054 a
1675 2001 1789 2056 Deo
1820 2016 1938 2055 esse
1961 1999 2228 2055 manifes-
2331 2017 2462 2055 cum
2508 2017 2721 2072 magno
2758 2000 2981 2056 fervore
3022 2004 3079 2055 et
3118 2000 3326 2069 studio,
3362 2000 3510 2053 illico
3540 1999 3612 2053 ad
3650 1998 3919 2053 custodien-

587 2091 725 2158 tata,
781 2091 991 2145 retexit
1042 2091 1311 2147 historias
1367 2094 1853 2165 quemadmodum
1903 2096 2229 2166 llierosoly-
2332 2096 2471 2149 dum
2503 2095 2919 2166 deposuerunt.
2952 2096 3308 2165 Luctatusque
3354 2100 3440 2148 est
3466 2093 3753 2147 universus
3778 2109 3922 2163 popu-

586 2200 743 2239 mam
774 2186 998 2240 adierat
1018 2187 1297 2241 orationis
1327 2188 1535 2258 gratia,
1565 2191 1623 2242 et
1641 2188 1977 2243 thesaurum
2002 2189 2233 2243 abscon-
2332 2190 2419 2243 lus
2450 2189 2675 2256 laetitia?
2694 2205 2926 2260 magna,
2969 2193 3026 2243 et
3070 2188 3508 2243 celebraverunt
3549 2186 3921 2241 solemnitatem

581 2278 770 2334 ditum
815 2279 1007 2334 divina
1046 2280 1444 2337 misericordia
1484 2281 1536 2336 ei
1577 2282 1943 2338 revelaverat.
1983 2284 2048 2337 Et
2086 2283 2233 2338 facta
2332 2284 2502 2354 hujus
2540 2283 2653 2337 diei
2693 2289 2896 2355 quarto
2937 2284 3219 2337 Kalendas
3260 2282 3631 2353 Septembris,
3663 2285 3717 2334 et
3754 2280 3926 2334 reversi

581 2372 841 2428 oratione
883 2390 1012 2428 cum
1061 2391 1258 2429 omnes
1291 2375 1722 2446 respondissent
1756 2393 1769 2430 :
1804 2380 2001 2444 Amen,
2038 2375 2226 2450 937
2332 2381 2465 2432 sunt
2496 2378 2883 2449 unusquisque
2912 2378 2982 2432 ad
3027 2376 3348 2432 habitacula
3386 2392 3512 2430 sua.
3563 2374 3734 2446 igitur
3764 2374 3927 2427 beatus

582 2467 821 2521 elevatis
845 2469 999 2523 Felix
1032 2469 1456 2539 pretiosissimis
1485 2470 1833 2541 margaritis,
1868 2470 2050 2542 capite
2078 2471 2227 2526 scili-
2333 2472 2485 2527 Felix
2517 2477 2573 2526 et
2603 2471 2735 2526 socii
2767 2473 2887 2543 ejus
2914 2488 3042 2525 cum
3073 2470 3400 2525 venerando
3428 2487 3568 2540 rege
3603 2470 3742 2522 inter
3763 2472 3928 2521 cietera

579 2563 669 2616 cet
697 2562 929 2617 Joannis
969 2564 1236 2634 Baptista:
1269 2567 1326 2618 et
1353 2564 1607 2636 reliquiis
1634 2565 1921 2620 sociorum
1950 2566 2072 2636 ejus
2102 2566 2231 2620 bea-
2331 2567 2635 2622 Dominum
2678 2564 3150 2637 deprecabantur,
3187 2549 3374 2618 uteis
3412 2563 3637 2617 salubre
3673 2560 3926 2615 consilium

580 2656 777 2710 torum
806 2661 1132 2728 martyrum
1165 2658 1591 2726 Innocentium,
1617 2676 1745 2713 cum
1776 2658 2005 2731 hymnis
2033 2662 2090 2713 et
2114 2660 2231 2714 lau-
2331 2667 2687 2733 suggereret,
2718 2660 2993 2732 quoniam
3027 2660 3083 2712 in
3126 2660 3246 2712 loco
3293 2663 3493 2711 sancta
3534 2656 3778 2710 membra
3800 2654 3922 2708 loca-

585 2748 757 2804 dibus
782 2749 1154 2821 psallentium
1187 2750 1383 2822 dirigit
1408 2753 1667 2807 chorum.
2332 2759 2479 2811 rent.
2521 2755 2995 2825 Aidiï¬cantesque
3027 2752 3342 2819 basilicam,
3373 2756 3429 2805 et
3474 2751 3533 2805 in
3572 2768 3633 2803 ea
3661 2764 3926 2804 concavum

654 2843 765 2898 VII.
814 2845 934 2908 Quo
975 2845 1193 2913 audito,
1239 2851 1478 2900 cunctus
1524 2847 1811 2901 exercitus
1864 2847 1960 2918 qui
2004 2848 2062 2901 in
2111 2864 2229 2902 cas-
2330 2850 2610 2904 ciborium
2664 2865 2796 2903 cum
2852 2864 2946 2902 sex
3003 2846 3284 2900 columnis
3340 2844 3683 2899 marmoreis
3742 2840 3932 2897 miriï¬ci

585 2937 690 2992 tris
726 2942 869 3005 erat,
914 2939 1075 3010 quasi
1122 2955 1269 2994 unus
1315 2940 1400 2994 vir
1445 2940 1494 2993 ei
1545 2940 1765 2994 obviam
1813 2942 2093 3012 processit
2129 2958 2229 2996 nu-
2331 2946 2519 3015 operis
2568 2944 2714 2998 bene
2770 2942 3125 3013 compositis,
3186 2956 3297 2993 non
3356 2939 3532 3008 longe
3584 2953 3617 2992 a
3670 2935 3929 2991 Vultronite

584 3047 743 3085 mero
768 3032 1007 3102 triginta
1040 3032 1223 3088 millia
1259 3033 1539 3088 virorum.
1574 3035 1878 3106 Exsequias
1906 3051 2039 3089 vero
2074 3052 2227 3090 mor-
2332 3039 2546 3107 littore,
2579 3038 2695 3105 sed,
2730 3042 2790 3091 ut
2815 3037 3083 3102 arbitror,
3109 3040 3340 3088 centum
3368 3033 3589 3087 stadiis.
3619 3033 3680 3086 In
3701 3046 3802 3102 quo
3828 3044 3929 3082 cum

582 3129 815 3180 tuorum
845 3126 945 3197 qui
971 3126 1029 3180 in
1055 3126 1252 3197 proelio
1283 3131 1638 3195 corruerant,
1666 3145 1855 3183 secum
1884 3130 2224 3197 deterentes,
2250 3157 2305 3230 ÎŸ
2330 3128 2685 3183 aromatibus
2733 3132 2788 3180 et
2830 3124 3088 3197 plurimis
3132 3123 3295 3177 bonis
3340 3121 3614 3176 odoribus
3649 3119 3930 3175 condientes

587 3219 864 3291 petebant
898 3220 1174 3275 auxilium
1208 3221 1278 3276 de
1324 3223 1461 3277 ccelo
1496 3240 1528 3275 a
1561 3223 1806 3278 Domino
1846 3242 1946 3295 per
1974 3241 2225 3295 prascur-
2254 3209 2304 3230 Ï…
2332 3228 2505 3293 caput
2566 3222 2723 3276 beati
2782 3219 3018 3275 Joannis
3092 3218 3355 3288 Baptistae
3417 3216 3555 3269 almi
3619 3209 3933 3286 prtecursoris

584 3330 779 3369 sorem
819 3330 988 3369 stium
1024 3318 1325 3383 Joannem,
1357 3322 1420 3371 ut
1460 3318 1619 3387 cujus
1665 3318 1923 3389 reliquit!)
1963 3318 2228 3389 deporta-
2330 3317 2559 3379 Christi,
2612 3322 2669 3370 et
2712 3316 3014 3368 beatorum
3064 3312 3238 3367 trium
3285 3310 3688 3365 Innocentium
3734 3321 3931 3377 corpora

582 3413 781 3463 rentur
820 3408 1011 3464 divina
1051 3410 1234 3480 gratia
1274 3410 1639 3465 manifestare
1681 3411 2047 3482 dignaretur;
2096 3431 2228 3484 pro-
2332 3412 2501 3465 simul
2556 3410 2613 3464 in
2668 3410 2773 3463 hoc
2829 3407 3038 3463 ciborio
3094 3406 3523 3473 concluserunt,
3582 3403 3929 3472 bitumineque

583 3502 879 3557 mittentes
937 3520 997 3557 se
1049 3508 1266 3559 tantam
1319 3504 1489 3559 fidem
1548 3504 1779 3572 habere,
1839 3511 1900 3559 ut
1951 3507 2229 3578 quidquid
2331 3505 2580 3577 sigillato
2614 3503 2967 3558 munierunt.
3003 3501 3250 3557 Domino
3281 3502 3477 3553 autem
3509 3497 3824 3561 auxiliante,
3848 3494 3930 3548 hoc

579 3599 923 3668 peteretur,
995 3601 1226 3653 sanctus
1296 3600 1541 3653 Joannes
1623 3600 1869 3655 Domino
1938 3607 2232 3657 annuente
2332 3598 3017 3669 mdiï¬ciumcompletum
3041 3600 3126 3650 est
3150 3595 3410 3649 feliciter.
3437 3594 3593 3649 Fecit
3620 3592 3783 3647 etiam
3810 3589 3929 3642 idem

584 3690 837 3746 tribuere
895 3696 1089 3763 posset
1136 3711 1150 3748 :
1201 3692 1820 3765 apprehendentesque
1870 3696 2228 3766 sportellam,
2332 3712 2431 3749 rex
2464 3694 2682 3748 fontem
2716 3693 3061 3757 ductorium,
3096 3690 3193 3760 qui
3228 3705 3259 3743 a
3302 3689 3530 3743 duobus
3561 3688 3679 3742 fere
3710 3682 3930 3740 milliari-

582 3785 643 3839 in
681 3801 797 3856 qua
838 3786 994 3840 beati
1026 3787 1257 3841 Joannis
1296 3788 1563 3858 Baptistm
1602 3791 1772 3858 caput
1813 3788 2228 3857 continebatur,
2332 3790 2437 3844 bus
2476 3804 2579 3861 per
2613 3785 3087 3859 profundissimos
3126 3790 3297 3837 terrm
3337 3788 3562 3838 meatus
3603 3782 3672 3836 ad
3702 3778 3931 3851 palatium

582 3885 822 3956 singulis
869 3884 1093 3940 feretris
1136 3885 1551 3956 imposuerunt,
1594 3891 1852 3941 mortuos
1904 3892 2228 3957 tangentes.
2334 3885 2456 3955 ejus
2519 3881 3144 3947 ductus-decurreret,
3212 3881 3267 3931 et
3327 3878 3386 3931 in
3454 3877 3637 3948 ipsam
3686 3872 3931 3929 basilicam

580 3978 718 4033 Miro
751 3984 928 4050 atque
970 3979 1365 4033 inaestimabili
1407 3979 1596 4048 modo,
1630 3996 1753 4035 mox
1790 3984 1851 4035 ut
1881 3981 2072 4052 tetigit
2103 3998 2231 4036 ossa
2333 3996 2437 4050 per
2480 3977 2700 4031 ferrum
2751 3978 2807 4028 et
2850 3991 2925 4028 tes
2969 3972 3454 4039 introduceretur,
3490 3987 3555 4026 ac
3600 3970 3785 4025 subtus
3818 3965 3934 4020 cibo-

575 4073 920 4143 jacentium,
952 4074 1067 4128 vita
1107 4090 1213 4145 per
1257 4076 1544 4127 mortuum
1578 4075 1820 4130 mortuis
1859 4075 2081 4130 reddita
2123 4082 2227 4131 est.
2332 4073 2480 4127 rium
2511 4087 2613 4142 per
2644 4084 2955 4124 concavam
2986 4082 3376 4121 marmoream
3421 4066 3742 4137 columnam
3769 4058 3931 4114 ebulli-

581 4168 960 4222 Surrexerunt
998 4170 1196 4222 autem
1239 4168 1436 4221 eadem
1483 4168 1624 4222 liora
1665 4168 1735 4222 ab
1776 4168 1962 4223 ofï¬cio
1989 4170 2226 4236 funeris,
2331 4173 2420 4221 ret
2450 4185 2462 4220 :
2496 4165 2690 4236 ibique
2724 4162 2870 4217 sacri
2899 4161 3262 4234 baptismatis
3299 4160 3515 4214 ablutio
3546 4159 3705 4213 fieret
3733 4176 3742 4210 :
3771 4154 3928 4224 sicque

581 4260 786 4332 viginti
814 4260 922 4316 viri
969 4268 1087 4315 tam
1116 4261 1376 4315 celeriter
1415 4279 1477 4316 ac
1509 4262 1552 4315 si
1595 4279 1627 4315 a
1670 4279 1870 4316 somno
1913 4267 2102 4317 essent
2133 4281 2226 4317 ex-
2331 4261 2539 4315 iterum
2587 4259 2659 4313 ad
2706 4258 2925 4329 primos
2968 4256 3155 4310 aditus
3196 4254 3615 4309 reflecteretur.
3652 4254 3931 4308 Convocans

581 4354 771 4421 citati;
820 4358 877 4409 et
928 4355 1026 4426 qui
1087 4372 1121 4409 a
1174 4355 1445 4410 ï¬‚entibus
1499 4356 1698 4411 amicis
1744 4358 2117 4427 portabantur
2160 4359 2230 4413 ad
2330 4355 2514 4427 igitur
2543 4370 2640 4407 rex
2676 4352 2912 4423 Pipinus
2957 4356 3013 4406 et
3048 4350 3252 4405 beatus
3297 4349 3456 4405 Felix
3486 4345 3775 4419 pontiï¬ces
3798 4346 3845 4397 et
3866 4355 3931 4392 sa-

579 4448 1018 4515 tumulandum,
1071 4449 1274 4503 iisdem
1339 4450 1717 4521 gaudentibus
1778 4452 1847 4505 ad
1908 4452 2083 4506 vitam
2148 4469 2231 4507 re-
2332 4450 2613 4514 cerdotes,
2660 4462 2979 4517 omnesque
3044 4443 3247 4516 patriae
3299 4442 3543 4509 nobiles,
3592 4438 3935 4495 benedicentes

580 4543 781 4600 deunt.
813 4542 1023 4597 Videns
1062 4548 1256 4598 autem
1296 4560 1396 4599 rex
1429 4544 1660 4616 Pipinus
1702 4552 1758 4600 et
1800 4548 2038 4600 cunctus
2070 4531 2308 4604 exer-D
2333 4542 2653 4608 ecclesiam,
2686 4546 2859 4612 atque
2906 4539 2963 4593 in
3009 4540 3231 4593 honore
3272 4536 3531 4608 ejusdem
3576 4534 3796 4590 Joannis
3823 4531 3931 4597 Bap-

582 4638 728 4693 citus
759 4638 1053 4709 magnalia
1082 4654 1210 4710 quas
1256 4639 1400 4693 circa
1428 4656 1522 4693 eos
1551 4640 1822 4695 Dominus
1851 4643 2101 4710 gesserat
2128 4658 2227 4711 per
2330 4639 2476 4692 tistae
2520 4634 2841 4691 dedicando
2888 4632 3130 4688 miriï¬ce
3176 4635 3601 4699 consecrantes,
3649 4625 3855 4722 praediis
3888 4636 3933 4722 ac

580 4747 994 4804 precursorem
1046 4750 1212 4789 suum
1250 4735 1525 4789 Joannem
1570 4733 1902 4804 Baptistam,
1945 4734 2223 4805 plauden-
2328 4730 2788 4804 possessionibus
2830 4728 2947 4783 suis
2995 4745 3028 4782 a
3068 4726 3533 4799 progenitoribus
3585 4722 3690 4778 sibi
3729 4717 3933 4775 dimissis

580 4832 667 4882 tes
701 4826 969 4882 manibus
1004 4827 1427 4882 benedicebant
1463 4828 1788 4897 Dominum,
1821 4828 1918 4900 qui
1954 4828 2089 4882 fecit
2120 4828 2224 4882 mi-
2329 4843 2459 4882 eam
2507 4824 2778 4880 nobiliter
2835 4824 3201 4878 dotaverunt.
3258 4820 3656 4891 Ordinatisque
3713 4811 3931 4870 omnibus

580 4920 783 4976 rabilia
807 4921 865 4976 in
895 4922 1037 4976 ccelo
1064 4926 1119 4977 et
1155 4922 1411 4976 interra.
1445 4922 1539 4976 Vir
1568 4928 1759 4978 autem
1803 4922 2031 4977 Domini
2077 4923 2224 4977 Felix
2328 4918 2689 4983 necessariis,
2731 4918 3045 4972 monachos
3091 4915 3303 4970 ibidem
3356 4915 3468 4968 Deo
3520 4914 3581 4967 in
3622 4913 3921 4983 perpetuum

584 5020 642 5072 et
668 5016 803 5070 socii
835 5017 959 5086 ejus
1006 5014 1215 5087 gaudio
1260 5016 1479 5087 repleti,
1526 5034 1637 5071 una
1677 5034 1808 5071 cum
1846 5034 1984 5088 rege
2028 5016 2227 5088 Pipino
2331 5014 2641 5070 servituros
2687 5016 3029 5079 statuerunt,
3087 5009 3454 5082 postmodum
3504 5008 3683 5062 multa
3729 4998 3927 5056 Domino

585 5117 644 5167 et
678 5110 925 5165 exercitu
964 5110 1107 5181 ejus,
1140 5112 1387 5165 levantes
1415 5117 1583 5183 caput
1618 5112 1770 5166 beati
1800 5129 1864 5166 ac
1892 5111 2226 5183 prmoellen-
2330 5108 2622 5165 mirabilia
2672 5111 2947 5178 operante
2993 5122 3098 5177 per
3152 5104 3430 5159 famulum
3486 5117 3651 5155 suum
3694 5100 3927 5152 Joannem

590 5204 787 5259 tissimi
819 5204 1181 5276 prmcursoris
1218 5205 1424 5261 Christi
1450 5205 1681 5259 Joannis
1714 5206 1977 5277 Baptistae
2006 5209 2061 5259 et
2088 5205 2219 5258 bea-
2334 5203 2673 5274 Baptistam.
2708 5200 2964 5255 Tandem
2998 5216 3128 5253 vero
3169 5202 3380 5252 metam
3424 5192 3733 5250 narrationi
3759 5200 3931 5261 ponen-

590 5302 776 5353 torum
805 5300 1225 5368 Innocentium,
1244 5315 1373 5354 cum
1391 5299 1599 5371 gaudio
1621 5302 1678 5353 et
1703 5299 1902 5353 lmtitia
1925 5302 2032 5353 iter
2053 5315 2230 5369 agere
2334 5304 2440 5367 tes,
2473 5313 2703 5352 oremus
2731 5293 3183 5349 immensitatem
3211 5291 3481 5345 bonitatis
3516 5287 3741 5351 Christi,
3771 5285 3825 5336 ut
3852 5291 3929 5331 Â³11Â³

592 5395 905 5464 coeperunt.
933 5394 1190 5465 Cumque
1215 5394 1370 5448 nulla
1400 5410 1563 5448 mora
1589 5393 1752 5447 ï¬eret
1778 5393 1835 5447 in
1855 5393 2066 5460 eundo,
2094 5409 2227 5464 per-
2332 5391 2559 5465 potenti
2592 5390 2788 5445 dextra
2816 5387 3076 5443 suï¬‚'ultos
3105 5402 3207 5440 nos
3251 5386 3321 5440 ad
3362 5388 3591 5439 aeterna
3618 5376 3815 5452 quietis
3837 5376 3928 5465 stas

592 5463 876 5542 venerunt
902 5486 974 5542 ad
1005 5463 1315 5559 quamdam
1346 5487 1558 5557 villam,
1588 5503 1714 5559 quas
1740 5488 2067 5559 appellatur
2097 5463 2228 5542 Î½Ï…Î¹-
2332 5463 2554 5542 tionem
2584 5484 2878 5557 perducat,
2912 5482 3009 5555 qui
3040 5481 3177 5536 vivit
3211 5486 3267 5536 et
3310 5480 3513 5549 regnat
3551 5489 3680 5530 cum
3719 5473 3863 5527 Patre
3885 5463 3929 5516 et

589 5580 796 5637 tronia.
818 5582 1075 5654 Cumque
1098 5581 1314 5637 ibidem
1335 5582 1626 5654 paulisper
1647 5582 2014 5654 quievissent,
2035 5582 2233 5637 obvius
2333 5580 2548 5652 Spiritu
2581 5582 2780 5635 sancto
2807 5593 2912 5649 per
2941 5575 3137 5632 omnia
3161 5573 3394 5631 saecula.

596 5677 678 5733 eis
711 5675 945 5750 quidam
990 5692 1173 5732 caicus
1214 5676 1393 5733 factus
1438 5679 1541 5747 est,
1582 5676 1681 5750 qui
1721 5676 1917 5734 statim
1949 5692 2123 5733 sanus
2150 5676 2230 5733 ef-
