4082 6194
226 238 363 298 1021
412 262 417 263 ί
1473 257 1558 317 DE
1597 259 1838 319 PASCHI

1991 264 2273 322 MPUTUS.
2481 270 2504 290 ⁸
3458 266 3559 326 I02
3573 261 3603 318 2

715 576 980 739 DE
1068 579 1891 755 PASCHA
1981 585 3083 758 COMPUTUS

617 846 920 909 LECTORI
952 849 1328 913 JOHANNES
1369 856 1647 915 WALLIS
1684 857 1747 921 Β.
1794 862 1854 919 T.
1896 863 1958 918 P.
2004 862 2432 925 GEOMETRIE
2468 863 2861 923 PROFESSOR
2905 864 3151 923 OXONII

237 410 3518 451 Mm

1829 1026 2066 1044 "tunc.

267 1150 406 1207 Cum
451 1155 779 1212 reverendus
825 1157 1121 1216 admodum
1158 1163 1432 1222 Iohannes
1474 1169 1608 1232 Fell,
1657 1173 1960 1243 Episcopus
2001 1173 2341 1236 Oxoniensis,
2391 1187 2565 1242 nuper
2614 1187 2649 1227 a
2694 1188 2778 1227 me
2818 1173 3039 1243 petierit
3082 1177 3148 1227 ut
3174 1174 3472 1227 tractatum
3500 1171 3586 1226 hic

199 1248 516 1314 sequentem
540 1244 657 1316 (qui
686 1247 957 1318 Cypriani
972 1252 1293 1321 perhibetur
1317 1271 1445 1321 esse,
1476 1265 1660 1330 estque
1701 1276 1822 1316 cum
1847 1262 2077 1331 reliquis
2123 1261 2395 1333 Cypriani
2430 1262 2557 1331 jam
2616 1259 2878 1333 edendas)
2917 1261 3265 1332 perlegeram,
3312 1263 3363 1315 et
3397 1258 3589 1315 saltem

196 1348 451 1389 numeros
508 1334 660 1407 (quos
710 1337 1038 1409 depravatos
1089 1359 1196 1399 esse
1238 1349 1549 1417 suspicatus
1590 1349 1687 1421 est)
1727 1353 2102 1406 examinarem
2128 1370 2144 1406 :
2175 1352 2308 1422 quid
2352 1351 2450 1406 hac
2499 1353 2559 1406 in
2588 1367 2643 1406 re
2683 1352 2925 1419 fecerim,
2965 1352 3158 1419 paucis
3185 1347 3583 1419 exponendum.

194 1424 468 1492 Bepertus
492 1425 620 1479 olim
647 1432 728 1481 est
759 1433 1029 1486 tractatus
1060 1432 1145 1487 hic
1173 1432 1233 1488 in
1263 1435 1581 1493 bibliotheca
1609 1438 1935 1496 Cottoniana
1959 1443 2384 1511 manuscriptus,
2432 1441 2525 1496 sed
2567 1440 2870 1495 mendosus.
2918 1441 3072 1493 Hunc
3109 1438 3587 1493 reverendissimus

192 1512 429 1568 Jacobus
483 1515 741 1583 Usserius,
788 1535 961 1590 nuper
999 1523 1428 1597 archiepiscopus
1474 1529 1878 1599 Armaghanus,
1925 1532 2156 1586 exscribi
2201 1536 2532 1596 curaverat;
2559 1527 2755 1602 939
2780 1543 2986 1598 suoque
3017 1529 3333 1598 apographo
3361 1542 3489 1580 suas
3519 1525 3585 1580 de

192 1602 572 1659 emendatione
635 1607 966 1678 conjecturas
1025 1614 1232 1671 calamo
1277 1618 1547 1673 inseruit:
1577 1620 1808 1691 indeque
1859 1637 2013 1691 quem
2052 1622 2175 1691 jam
2226 1626 2523 1676 tractamus
2568 1619 2943 1690 apographum
2990 1619 3145 1673 nacti
3191 1631 3397 1671 sumus.
3425 1618 3583 1671 Hanc

196 1692 416 1747 demum
441 1694 875 1764 What-“lamus
900 1704 1276 1774 apographum
1304 1708 1625 1763 reverendus
1645 1712 1733 1764 vir
1777 1711 2002 1765 Thomas
2046 1710 2194 1776 Gate,
2235 1725 2397 1766 sacras
2440 1711 2718 1779 theologia:
2757 1710 3055 1780 professor,
3096 1722 3216 1762 cum
3251 1704 3579 1761 Cottoniano

190 1781 287 1835 illo
331 1783 512 1839 codice
554 1789 806 1853 contulit,
856 1794 907 1846 et
947 1794 1121 1847 sicubi
1164 1794 1443 1852 deviatum
1486 1802 1605 1853 erat
1646 1801 2065 1867 restituit;suis
2090 1802 2216 1854 item
2240 1801 2467 1869 adjectis
2497 1801 2773 1855 striaturis
2803 1800 3035 1868 aliquot,
3067 1797 3263 1867 quibus
3293 1795 3378 1849 vel
3403 1808 3578 1848 emen-

196 1870 447 1928 dationes
488 1876 823 1942 insinuabat,
857 1881 943 1936 vel
977 1882 1208 1952 phrases
1261 1886 1472 1956 aliquot
1516 1889 1661 1958 inibi
1699 1905 1820 1959 quae
1864 1905 1985 1945 cum
2032 1888 2298 1959 Cypriani
2339 1890 2498 1945 dictis
2543 1890 2682 1943 alibi
2724 1889 3082 1953 consentiunt,
3109 1886 3253 1941 unde
3279 1884 3344 1940 de
3365 1888 3581 1939 auctore

198 1961 511 2029 conjectura
557 1968 728 2036 fieret.
781 1971 879 2026 His
922 1974 1003 2026 ita
1040 1974 1114 2029 ad
1150 1990 1231 2030 me
1274 1976 1489 2039 delatis,
1538 1994 1651 2033 rem
1693 1981 1752 2033 in
1798 1994 1919 2034 eum
1961 1981 2078 2047 fere
2108 1994 2261 2049 quem
2301 1979 2451 2035 vides
2478 1980 2720 2035 ordinem
2747 1978 2958 2047 conjeci.
2987 1978 3250 2031 Pataram
3276 1973 3577 2044 aliquando

195 2050 324 2106 illas
347 2094 369 2114 ,
399 2054 511 2110 sive
541 2056 760 2124 Usserii,
788 2061 899 2115 sive
922 2061 1097 2130 Galei,
1126 2066 1237 2119 sive
1266 2080 1411 2120 meas
1440 2069 1604 2122 etiam
1629 2068 1695 2122 de
1721 2068 2091 2124 emendatione
2113 2070 2472 2138 conjecturas,
2504 2070 2682 2124 textui
2710 2070 2961 2129 inserere,
2991 2066 3085 2121 sed
3110 2066 3259 2119 uncis
3286 2064 3562 2132 inclusas;

195 2143 477 2212 ipsiusque
504 2150 683 2202 textus
708 2151 941 2215 voculas,
977 2167 1100 2220 quae
1126 2153 1461 2208 videbantur
1496 2158 1794 2219 mutandae,
1831 2160 1940 2213 alio
1984 2160 2294 2215 charactere
2333 2160 2585 2221 scribere,
2618 2174 2721 2229 quo
2761 2164 2813 2214 et
2853 2158 3286 2225 manuscriptum
3334 2153 3567 2224 ﬁdeliter

195 2232 523 2297 exhiberem,
568 2241 622 2291 et
661 2240 960 2294 emendatio
1008 2234 1218 2297 lectaris
1269 2245 1421 2298 oculo
1443 2247 1587 2312 foret
1630 2248 1806 2302 obvia.
1860 2251 2078 2316 Verum,
2107 2254 2314 2304 mutato
2347 2249 2591 2316 consilio,
2620 2247 2909 2303 reverendo
2942 2248 3183 2315 episcopo
3210 2246 3286 2299 sic
3311 2247 3577 2308 monente,

193 2323 289 2389 qui
340 2324 506 2377 totius
550 2329 727 2395 operis
773 2329 1285 2404 editionem'curat,
1333 2351 1437 2405 quo
1479 2351 1610 2406 pars
1654 2337 1763 2391 hac
1792 2341 1998 2393 caeteris
2048 2341 2120 2393 sit
2161 2340 2480 2405 conformis,
2528 2342 2729 2392 textum
2776 2335 3136 2395 emendatum,
3166 2336 3275 2389 sive
3302 2348 3370 2387 ecc
3396 2346 3581 2387 eorum

191 2412 303 2465 sive
351 2427 420 2466 ea:
464 2417 665 2471 nostris
707 2418 1032 2487 eonjecturis
1076 2423 1137 2477 id
1181 2427 1349 2493 ﬁeret,
1397 2428 1668 2493 integrum
1697 2430 1961 2496 apposui;
1988 2428 2239 2496 conjectis
2275 2428 2349 2482 ad
2375 2428 2571 2482 calcem
2590 2428 2833 2496 pagina,
2862 2440 2983 2494 quae
3008 2425 3093 2479 vel
3118 2425 3177 2477 in
3205 2423 3574 2490 manuscripto

192 2502 393 2556 menda
417 2505 665 2572 fuerant,
697 2508 781 2561 vel
806 2511 1179 2576 censebantur,
1211 2514 1294 2568 vel
1346 2516 1472 2570 alite
1513 2518 1769 2596 erant.de
1812 2518 2183 2573 emendatione
2225 2518 2537 2586 conjecturae
2583 2532 2745 2586 quam
2796 2530 2917 2585 quas
2963 2516 3024 2568 in
3054 2520 3206 2569 tectu
3238 2516 3572 2581 comparent.

192 2593 450 2647 Numeris
497 2596 674 2648 utitur
720 2595 806 2651 hic
854 2599 1021 2655 coclea:
1063 2602 1190 2657 solis
1230 2605 1481 2658 Romanis
1530 2604 1657 2674 (non
1689 2593 1825 2661 item
1876 2606 2102 2673 Indicis,
2154 2608 2466 2661 Barbaricis
2512 2607 2671 2675 vulgo
2709 2603 2912 2675 dictis),
2962 2603 3228 2673 habetque
3269 2603 3413 2655 inter
3452 2601 3576 2656 illos

195 2682 441 2736 litteram
472 2696 749 2753 Isuperne
772 2693 1021 2744 notatam
1061 2707 1161 2760 pro
1196 2692 1376 2761 mille,
1418 2700 1468 2747 et
1525 2694 1634 2761 IIII,
1688 2696 1857 2762 VIIII,
1908 2696 2103 2760 XXXX,
2159 2695 2390 2761 LXXXX,
2440 2711 2539 2765 pro
2589 2698 2853 2765 quatuor,
2906 2708 3129 2758 novem,
3185 2689 3565 2762 quadraginta

192 2775 512 2847 nonaginta
560 2778 678 2849 (pro
721 2781 916 2849 quibus
954 2797 1112 2836 numc
1150 2784 1265 2849 fere
1308 2784 1471 2837 scribi
1507 2784 1677 2838 solent
1707 2785 1775 2851 M,
1803 2786 1888 2853 IV,
1921 2785 2006 2850 IX,
2034 2783 2138 2851 XL,
2167 2784 2273 2852 XC)
2307 2800 2320 2838 :
2350 2785 2524 2839 sicubi
2552 2784 2714 2837 aliter
2748 2784 2960 2849 factum
2986 2784 3082 2846 est,
3107 2780 3167 2834 id
3193 2779 3563 2848 exscriptoris,

189 2882 294 2922 esse
329 2871 521 2938 sentio,
550 2886 659 2925 non
690 2871 1039 2942 autographi.
1071 2873 1373 2929 Occurrunt
1399 2873 1617 2944 quidem
1644 2874 1929 2943 aliquoties
1957 2876 2011 2928 in
2062 2874 2375 2943 apographo
2436 2878 2619 2927 nostro
2671 2873 2884 2926 numeri
2927 2871 3128 2931 Indici,
3157 2873 3216 2935 2,
3247 2868 3300 2937 3,
3355 2868 3410 2931 4,
3439 2872 3570 2923 etc.:

193 2957 303 3025 sed,
358 2961 710 3029 inquisitione
749 2953 1137 3032 scrupulosius.
1158 2965 1332 3030 facta,
1381 2963 1443 3017 id
1480 2965 1822 3034 emscriptoris
1869 2978 1975 3018 esse
2018 2964 2283 3033 intelligo,
2322 2968 2374 3017 et
2412 2964 2473 3016 in
2504 2961 2840 3031 autographa
2866 2976 2974 3015 non
3000 2960 3273 3024 inveniri;
3302 2964 3363 3013 ut
3388 2959 3487 3028 qui
3512 2972 3576 3012 ea

193 3052 354 3103 atate
379 3065 489 3119 qua
513 3053 750 3121 scriptus
776 3056 1016 3106 censetur
1046 3052 1399 3108 Cvttonianas
1444 3053 1611 3108 eodem
1650 3052 1771 3122 (sub
1816 3055 1974 3122 ﬁnem
2004 3055 2139 3107 noni
2186 3069 2221 3107 a
2277 3050 2491 3107 Christo
2534 3052 2760 3121 seculi),
2806 3050 3045 3104 nondum
3080 3047 3233 3119 apud
3282 3051 3575 3118 Europaeos

192 3145 407 3213 nostros
446 3140 505 3192 in
550 3154 655 3193 usu
679 3142 907 3207 fuerant
952 3142 1062 3210 (sed
1103 3143 1296 3196 seculo
1343 3143 1533 3197 saltem
1560 3142 1856 3205 undecimo,
1902 3147 1999 3197 aut
2041 3142 2273 3213 serius);
2305 3142 2399 3196 sed
2437 3156 2531 3195 nec
2556 3141 2937 3211 parentheseos
2960 3143 3099 3194 notae
3122 3137 3325 3193 ibidem
3351 3152 3570 3207 compa-

188 3210 349 3290 rent;
382 3230 553 3283 nescio
581 3245 660 3284 an
686 3232 1177 3287 interstinctionum
1202 3235 1409 3301 puncta
1442 3248 1455 3284 :
1489 3247 1610 3302 qua
1636 3233 1821 3302 itaque
1849 3248 1916 3287 ea:
1946 3232 2162 3302 judicio
2201 3235 2381 3285 nostro
2424 3230 2692 3299 supplevi.
2738 3230 2995 3286 Numeros
3041 3231 3140 3298 qui
3173 3228 3378 3298 passim
3418 3230 3574 3280 erant

188 3317 436 3371 mendosi
475 3324 525 3373 et
567 3318 873 3389 depravati,
922 3336 989 3375 ex
1031 3321 1240 3376 calculo
1282 3322 1519 3382 restitui,
1574 3324 1624 3375 et
1664 3322 1920 3376 consultis
1948 3322 2005 3377 S.
2048 3323 2341 3391 Scriptura
2372 3320 2497 3374 locis
2523 3334 2629 3390 quo
2653 3319 3031 3390 respiciebant.
3060 3317 3194 3371 Alia
3224 3315 3422 3370 menda
3448 3330 3571 3383 gra-

178 3406 351 3475 phica
395 3407 824 3477 quamplurima,
871 3412 982 3464 sive
1032 3416 1093 3464 ut
1124 3415 1416 3480 syntameos
1448 3412 1591 3465 ratio
1649 3411 1988 3480 postulabat,
2030 3412 2139 3465 sive
2167 3411 2419 3474 alias,e:v
2446 3410 2752 3480 conjectura
2777 3410 3028 3480 supplevi
3061 3403 3293 3479 ς94ο
3322 3404 3570 3458 indicata

190 3502 373 3550 tamen
400 3496 598 3552 codicis
626 3513 726 3553 ms.
759 3498 997 3560 lectione,
1029 3503 1110 3566 ut,
1137 3501 1186 3555 si
1212 3503 1335 3569 quis
1364 3500 1489 3554 inde
1508 3503 1704 3555 rectius
1728 3499 2031 3569 conjecerit,
2060 3500 2121 3555 id
2145 3502 2256 3570 ipsi
2285 3500 2513 3556 liberum
2535 3502 2702 3568 foret.
2751 3501 2926 3569 Atque
2954 3499 3061 3553 haec
3107 3502 3239 3551 sunt
3284 3509 3407 3564 quas
3446 3492 3569 3562 jam

189 3590 318 3640 ante
350 3585 562 3655 aliquot
588 3602 787 3642 menses
813 3590 1077 3643 mouenda
1104 3590 1259 3644 duxi.

257 3678 552 3745 Postquam
597 3677 705 3731 haec
753 3680 835 3732 ita
877 3679 1292 3742 absolveramus,
1337 3684 1549 3754 ipsique
1592 3686 1885 3756 typothetw
1913 3701 2036 3740 suos
2069 3690 2474 3756 composuerant
2504 3691 2674 3756 typos,
2708 3700 2834 3740 mox
2858 3684 3012 3755 prelo
3040 3680 3418 3750 subjiciendos,
3448 3692 3568 3747 spes

185 3767 346 3830 facta
370 3772 448 3820 est
477 3781 542 3820 ea:
568 3768 812 3822 Remensi
835 3768 1012 3823 codice
1037 3773 1411 3840 apographum
1435 3774 1577 3827 hunc
1610 3775 1853 3829 delatum
1894 3777 1986 3829 iri.
2036 3778 2244 3831 Monuit
2290 3778 2473 3844 itaque
2498 3774 2820 3830 reverendus
2868 3775 3139 3843 episcopus
3182 3770 3397 3838 prelum
3438 3768 3563 3833 suf-

183 3856 615 3923 flaminandam,
666 3861 829 3926 atque
879 3861 1306 3928 exspectandum
1351 3862 1514 3917 donec
1566 3868 1957 3934 apportaretur
1999 3867 2091 3920 ille
2141 3867 2489 3936 apographus
2521 3883 2532 3918 :
2563 3865 2708 3935 quod
2765 3867 2886 3934 post
2951 3861 3165 3929 aliquot
3228 3859 3563 3936 septimanos

181 3947 397 4013 factum
450 3951 549 4010 est,
606 3948 795 4014 favore
848 3949 1128 4003 reverendi
1167 3949 1564 4022 doctissimique
1606 3956 1714 4008 viri
1762 3958 1824 4010 P.
1872 3956 2154 4021 Matii/Ion,
2204 3956 2413 4008 ordinis
2451 3954 2806 4014 Benedictini,
2854 3965 2974 4005 cum
3000 3948 3094 4002 hoc
3123 3946 3280 4000 titulo
3310 3964 3323 3999 :
3351 3942 3567 3999 Caecili1

185 4034 458 4106 Cypriani
489 4035 558 4090 de
584 4036 797 4091 Pascha
826 4043 1127 4109 computus
1158 4038 1426 4109 inchoat;
1458 4048 1509 4096 et
1534 4043 1629 4097 hoc
1645 4046 1922 4114 praemisso
1951 4046 2211 4105 lemmate,
2247 4045 2322 4097 Ex
2356 4060 2461 4096 ms.
2497 4045 2554 4098 ϐ.
2595 4040 2955 4095 Bibliotheca:
2995 4038 3054 4093 S.
3104 4034 3350 4105 Remigii
3396 4033 3559 4087 IIem.

185 4124 325 4178 olim
373 4124 523 4181 LXXI
567 4130 781 4195 notato,
821 4142 973 4180 nunc
1017 4143 1150 4181 vero
1201 4131 1321 4185 I33.
1368 4132 1524 4185 [tunc
1567 4136 1719 4186 nacti
1768 4135 2163 4204 apographum,
2205 4149 2325 4187 cum
2372 4138 2551 4187 nostro
2600 4131 2842 4197 contuli;
2890 4130 3171 4200 reperique
3215 4130 3351 4180 sica
3381 4127 3566 4207 nostra

180 4216 489 4268 variantem
516 4220 579 4268 ut
607 4217 667 4269 in
695 4217 835 4269 notis
860 4231 1173 4281 monemus;
1218 4233 1314 4272 nec
1358 4221 1536 4274 minus
1578 4222 1909 4276 mendosum.
1954 4224 2023 4276 Id
2064 4223 2257 4278 saltem
2302 4224 2429 4277 bene
2476 4224 2698 4290 contigit
2742 4226 2804 4275 ut
2846 4236 2955 4275 non
2997 4234 3199 4288 semper
3234 4216 3413 4271 eodem
3462 4211 3565 4268 loc'

183 4304 469 4359 mendosus
508 4308 677 4373 fuerit
729 4311 955 4375 uterque
978 4307 1161 4375 eodem,
1205 4308 1297 4361 sed
1326 4324 1469 4363 nunc
1499 4325 1565 4363 ea:
1588 4311 1682 4364 illo
1712 4315 1906 4379 noster,
1942 4327 2086 4366 nunc
2121 4312 2214 4366 ille
2240 4327 2307 4366 ea:
2332 4315 2515 4365 nostro
2541 4310 2911 4379 corrigendas.
2943 4310 3121 4378 Atque
3150 4306 3211 4361 id
3236 4319 3397 4377 porro
3416 4302 3562 4372 quod
3634 4308 3639 4313 ’

174 4395 440 4461 plurimis
468 4396 527 4447 in
556 4395 699 4460 locis,
729 4412 846 4463 qua:
872 4412 938 4450 ea:
984 4396 1301 4465 eonjecturis
1344 4399 1455 4451 sive
1507 4400 1723 4467 Usserti,
1770 4402 1880 4454 sive
1923 4400 2093 4462 Galei,
2143 4403 2253 4454 sive
2292 4402 2508 4462 nostris,
2557 4400 2991 4460 emendaveram,
3038 4398 3201 4452 eodem
3247 4397 3333 4449 hic
3372 4394 3566 4460 conﬁr_

180 4490 312 4538 mat.
358 4486 473 4550 Quo
518 4500 668 4551 casu,
721 4487 926 4541 omissis
970 4488 1284 4555 conjecturis
1326 4488 1458 4553 illis,
1502 4491 1880 4545 auctoritatem
1926 4491 2085 4559 hujus
2123 4491 2325 4546 codicis
2367 4494 2514 4545 inter
2558 4493 2834 4545 variantes
2864 4491 3110 4545 lectiones
3138 4489 3280 4554 cito;
3313 4500 3408 4539 nec
3438 4498 3563 4544 con,

174 4572 419 4641 jeeturas
447 4575 750 4643 interpono,
799 4576 907 4629 nisi
948 4588 1066 4629 cum
1106 4582 1334 4645 uterque
1378 4577 1541 4632 eodem
1585 4580 1805 4634 videtur
1849 4583 2092 4635 vitiosus.
2143 4581 2495 4650 Numerique.
2542 4583 2601 4635 in
2650 4581 2745 4634 hoc
2795 4582 3110 4648 comparent
3154 4575 3256 4630 soli
3309 4572 3558 4639 Romani,

184 4664 373 4731 quales
414 4665 472 4717 in
514 4664 687 4717 altero
731 4662 842 4734 (sed
898 4665 952 4731 ε
986 4680 1084 4734 pro
1121 4664 1320 4735 mille),
1349 4682 1457 4721 non
1479 4667 1674 4728 Indici.
1704 4685 1797 4723 nec
1822 4671 2196 4739 parentheseos
2221 4674 2362 4724 notae
2390 4687 2402 4724 :
2433 4676 2594 4740 atque
2619 4670 3114 4724 interstinctionum
3140 4665 3311 4719 nescio
3339 4678 3413 4716 an
3441 4660 3558 4714 ulla

183 4751 375 4806 habita
428 4758 501 4807 est
554 4755 611 4806 in
658 4754 997 4824 autographa
1046 4757 1208 4809 ratis.
1254 4758 1359 4810 Pro
1405 4756 1670 4812 Calendis
1714 4758 1939 4814 habetur
1972 4760 2082 4821 ΚΙ..
2111 4760 2314 4829 quidpe
2340 4761 2398 4813 in
2422 4762 2588 4813 veteri
2628 4756 2985 4828 scriptioneK
3010 4770 3114 4826 pro
3141 4754 3216 4807 Ca
3241 4753 3406 4806 scribi
3430 4749 3561 4804 sole-

187 4843 300 4906 bat,
331 4846 394 4897 ut
420 4842 557 4896 krus
581 4859 679 4912 pro
708 4858 891 4911 carus,
925 4847 1032 4898 etc.
1066 4847 1131 4899 In
1160 4848 1474 4917 apographo
1500 4848 1670 4903 altero
1697 4849 1929 4903 habetur
1952 4851 2172 4918 quidem
2214 4848 2359 4909 KaI.,
2389 4849 2482 4902 sed
2510 4850 2579 4901 ab
2630 4849 2954 4917 exscriptore
2995 4844 3151 4899 credo
3188 4842 3557 4897 substitutum,

186 4936 283 5003 qui
333 4949 449 4987 non
476 4939 595 4988 erat
645 4933 710 4987 de
754 4935 984 5003 singulis
1030 4935 1339 4990 litterarum
1390 4937 1637 5006 apicibus
1684 4940 1966 5005 sollicitus,
2016 4941 2139 5009 ipsa
2184 4939 2348 4993 verba
2404 4938 2648 4992 emhibere
2697 4942 3012 5001 contentus;
3041 4933 3189 5005 quod
3232 4934 3293 4985 in
3332 4934 3558 4998 utroque

182 5024 497 5093 apographo
526 5025 813 5093 contigisse
837 5027 1095 5094 suspicor.
1126 5025 1345 5080 Litteris
1368 5031 1547 5081 autem
1578 5028 1637 5081 U.
1674 5026 1736 5095 (ἱ,
1769 5028 1852 5093 W,
1880 5033 2034 5082 notas
2065 5034 2114 5081 et
2144 5029 2471 5097 conjecturas
2496 5029 2714 5096 designo
2753 5029 2973 5094 Usserii,
3006 5025 3164 5082 Galei
3200 5027 3250 5078 et
3293 5024 3508 5075 nostras
3540 5025 3552 5061 ε

179 5114 487 5182 litterisque
535 5112 601 5181 R,
672 5112 733 5180 C,
800 5114 1002 5169 codices
1057 5115 1439 5171 Cottonianum
1493 5120 1542 5170 et
1590 5116 1951 5184 Rhemensem,
2002 5117 2193 5172 saltem
2248 5122 2457 5173 nostros
2502 5118 2628 5171 inde
2677 5117 2965 5187 descriptos
3014 5111 3375 5184 apographos.
3428 5111 3556 5177 Quae

178 5200 359 5255 adhuc
395 5206 689 5271 supersunt
726 5204 923 5257 menda
968 5203 1481 5275 (supersunbenim)
1538 5211 1647 5266 tuo,
1699 5206 1880 5267 leetor,
1928 5206 2202 5261 arbiratui
2242 5209 2520 5276 permitto,
2564 5209 2848 5276 ipsumque
2876 5207 2985 5259 sive
3011 5204 3076 5259 de
3101 5202 3418 5272 conjecturis
3444 5215 3543 5254 no-

170 5293 322 5351 stris.
347 5291 458 5346 sive
482 5291 549 5345 de
576 5293 692 5362 ipso
718 5307 894 5362 opere,
926 5292 1102 5360 eiusce
1133 5298 1368 5361 auctore,
1406 5294 1699 5363 judicium.
1743 5296 1894 5351 Vale.
1937 5297 2196 5352 Vicesimo
2223 5296 2451 5351 secundo
2489 5296 2577 5351 die
2622 5295 2787 5364 Julii,
2836 5309 2978 5349 anno
3004 5308 3125 5348 serae
3170 5293 3552 5362 Dionysianz,

188 5380 345 5434 I862.
