4082 6194
468 322 474 331 ε
540 258 675 315 1023

605 464 1009 479 Μ

1067 469 1385 480 -η-..υ--η

1390 471 1804 481 —-——————.-—.—

1132 265 1223 322 AD
1259 264 1487 324 ΟΡΕΒΑ
1517 265 1570 322 S.
1612 266 1932 326 CYPRIANI
1968 270 2263 327 GENUINA
2302 271 2596 329 APPEND.
2625 271 2691 328 ll.
2712 272 3279 334 —SUPPOSITITIA.

1806 473 2208 486 Ἥ...

3709 285 3827 343 1024

2574 478 3827 505 ___._____._.._.____________________

1316 619 1738 714 INCIPIT
1803 624 2410 718 EXPOSITIO
2482 626 2994 755 BISSEXTI
3047 613 3114 677 (ί)

2107 836 2319 879 ALITER

1287 958 1563 1018 CECILII
1598 958 1940 1023 CYPRIANI
1976 967 2073 1021 DE
2107 966 2388 1025 PASCHA
2429 967 2795 1026 COMPUTUS
2830 968 3152 1028 INCHOAT

609 1293 785 1350 Multo
828 1297 1061 1369 quidem
1101 1317 1215 1357 non
1249 1305 1471 1361 modico
1504 1310 1808 1381 tempore‘
1848 1311 2002 1366 anxii
2049 1311 2162 1366 fui-

542 1400 667 1442 mus
700 1392 757 1446 et
783 1396 1087 1451 aestuantes
1125 1393 1222 1471 (2),
1252 1415 1366 1457 non
1397 1400 1454 1457 in
1481 1402 1501 1438 ³
1546 1404 1912 1463 saecularibus
1941 1406 2037 1483 (3),
2066 1407 2166 1465 sed

2265 1312 2326 1367 in
2354 1314 2562 1371 sanctis
2599 1317 2656 1370 et
2684 1314 2866 1390 941
2906 1315 3111 1371 divinis
3132 1316 3442 1388 Scripturis
3469 1322 3759 1390 quaerentes
3780 1319 3847 1376 in.

2265 1408 2479 1478 venire,
2527 1408 2791 1486 quisnam
2832 1411 2905 1467 sit
2929 1420 2949 1453 ι
2976 1411 3197 1485 primus
3234 1411 3357 1468 dies
3392 1412 3522 1468 novi
3561 1414 3778 1484 mensis,
3803 1416 3850 1471 in

1894 1560 2105 1626 Varia
2149 1561 2490 1626 lectiones.

600 1673 711 1758 tW.
731 1676 803 1725 sic
832 1679 1070 1758 restituo,
1101 1684 1152 1731 et
1173 1684 1380 1747 supplec
1407 1686 1632 1739 fuimus.
1663 1690 1716 1739 Β.
1756 1689 1876 1743 XII.
1903 1689 1955 1739 Ο.
1996 1689 2183 1742 Multae
2203 1689 2429 1754 quidem
2452 1694 2696 1755 tempore
2733 1706 3003 1745 annorum
3033 1695 3336 1746 aestuantes
3379 1692 3439 1758 ς.
3472 1691 3622 1743 Multi
3659 1690 3849 1757 quidem

538 1747 785 1811 tempore
814 1751 1171 1818 antiquorum
1202 1758 1529 1812 aestuabant.
1596 1764 1616 1794 ³
1642 1763 1698 1815 C.
1734 1763 1795 1815 E.
1825 1766 2016 1814 smcul.
2039 1766 2087 1813 et
2118 1765 2192 1813 sic
2219 1747 2331 1825 fere
2363 1747 2582 1828 semper:
2642 1765 2660 1794 ²
2688 1765 2741 1815 ll.
2772 1766 2931 1816 esset.

1778 1898 2039 1963 Henrici
2076 1898 2387 1964 Dodwelli
2430 1903 2627 1963 notas.

606 2004 671 2067 (l)
707 2010 981 2084 Expositio
1053 2012 1298 2066 Bissexti.
1357 2017 1538 2068 Verba
1591 2019 1798 2070 Usserii
1850 2020 2168 2084 apographo

542 2089 644 2157 {5110
660 2082 908 2157 premas.
942 2103 969 2131 ‹‹
1001 2086 1087 2137 Ex
1113 2089 1345 2152 antiquo
1375 2091 1566 2140 codice
1586 2082 1937 2153 Cottoniano,
1957 2082 2145 2157 Longo

540 2148 782 2203 bardicis
820 2156 1013 2207 litteris
1039 2148 1331 2223 descripto,
1372 2161 1478 2212 sub
1521 2162 1688 2214 ﬁnem
1718 2166 1850 2214 noni
1880 2148 2168 2215 a'Christo

544 2225 753 2301 saeculi.
804 2227 952 2279 Huic
1003 2234 1261 2283 tractatui
1308 2234 1783 2299 (depravatissime
1840 2237 2065 2301 scripto)
2112 2238 2170 2286 in

544 2306 658 2375 {nsi
683 2295 1015 2375 Cottpniano
1044 2318 1330 2367 perperam
1362 2295 1635 2368 ascriptus
1673 2312 1759 2357 est
1788 2306 1881 2357 hic
1930 2295 2125 2358 titulus
2154 2324 2165 2357 :

544 2363 736 2428 Incipit
786 2363 1061 2435 Expositio
1105 2363 1353 2438 Bisserti,
1402 2363 1549 2427 ann-0
1608 2377 1812 2428 Christi
1838 2381 1976 2441 r213,
2032 2380 2169 2429 scri-

543 2440 657 2521 Ρξεέ
702 2457 729 2484 >>
771 2442 996 2521 Galeas,
1042 2448 1136 2521 qui
1178 2449 1552 2521 apographum
1583 2463 1713 2500 cum
1754 2450 1947 2501 codice
1966 2440 2171 2502 Cotto—

546 2515 712 2561 niano
733 2515 975 2576 contulit,
1003 2518 1073 2567 ad
1103 2532 1167 2568 ea
1204 2520 1370 2570 verba
1410 2534 1692 2584 perperam
1741 2523 2025 2585 ascriptus,
2065 2523 2171 2573 ad-

545 2586 694 2657 notat
728 2598 740 2631 :
768 2603 798 2657 ᾳ
827 2586 989 2657 Manu
1019 2592 1202 2639 tamen
1225 2604 1432 2650 coaeva,
1464 2596 1517 2641 et
1547 2593 1742 2642 litteris
1763 2595 2103 2657 majusculis.
2141 2611 2171 2642 s

544 2654 780 2728 Michael
818 2656 1229 2717 Senescliallus,
1259 2662 1314 2711 in
1349 2676 1448 2711 sua
1485 2664 1668 2712 Triade
1701 2654 2039 2728 Evangelica,
2079 2679 2170 2715 seu

547 2727 833 2787 Questions
892 2729 1124 2791 Triptici.
1182 2732 1244 2781 do
1294 2746 1455 2783 anno.
1510 2749 1683 2783 mense
1731 2741 1777 2785 st
1833 2727 1919 2784 die
1977 2736 2171 2785 Christi

541 2798 672 2850 nati.
726 2798 986 2861 baptisati
1038 2805 1087 2851 et
1140 2806 1351 2865 mortui,
1401 2806 1591 2856 Leodii
1635 2806 1801 2867 edita,
1851 2820 1997 2856 anno
2028 2807 2168 2866 1669,

545 2867 741 2928 quaesi,
791 2870 838 2929 3,
891 2884 1011 2934 cap.
1056 2873 1104 2933 ἒ,
1150 2881 1438 2932 memorat,
1481 2890 1549 2926 ex
1577 2876 1896 2927 Godofredo
1923 2876 2167 2927 Wende-

543 2936 676 2997 lino,
720 2954 749 2988 a
795 2940 1087 2994 Sirmendo
1142 2945 1370 2997 Rhemis
1429 2952 1724 3011 repertum,
1781 2952 1835 2999 et
1890 2947 2167 2998 Bucherio

543 3012 928 3062 transmissum
955 3029 1102 3065 anno
1145 3018 1285 3077 l6t8,
1316 3022 1474 3069 vetus
1521 3032 1621 3068 ms.
1665 3019 1773 3069 hoc
1818 3020 1977 3068 titulo
2025 3032 2168 3081 prte-

543 3082 795 3132 notatum
857 3099 868 3132 :
931 3085 1107 3135 Caecili
1163 3089 1428 3151 Cypriani
1484 3088 1547 3139 de
1605 3089 1804 3139 Pascha
1869 3093 2163 3151 Componis.

546 3151 724 3210 Quem
750 3152 1008 3204 eumdem
1037 3168 1139 3204 nos
1174 3170 1295 3207 esse
1325 3171 1453 3207 cum
1496 3158 1605 3209 hoc
1645 3164 1882 3209 tractatu
1925 3161 2166 3221 conjeci-

539 3233 682 3293 mus.
734 3229 955 3287 propter
999 3226 1122 3277 haec
1168 3229 1335 3279 verba
1380 3243 1507 3293 quae
1554 3230 1683 3281 inde
1740 3232 1893 3291 citat,
1920 3246 1951 3279 α
2004 3211 2251 3283 δ’θειιεΑ

546 3290 800 3365 Christus
850 3296 1125 3348 Dominus
1178 3304 1233 3350 et
1284 3290 1540 3351 Salrator
1580 3306 1765 3351 noster
1813 3290 1937 3365 post
1994 3316 2171 3352 annos

545 3361 669 3411 1579
696 3366 771 3438 (_a
814 3367 991 3428 primo
1051 3370 1319 3422 Paschate
1375 3372 1739 3423 Hebraeorum
1786 3361 1843 3422 in
1897 3374 2172 3438 Egypto)

546 3444 673 3482 cum
710 3435 1055 3489 discentibus
1086 3455 1201 3491 suis
1230 3444 1587 3494 manducavit
1616 3444 1823 3494 Pascha
1853 3435 2013 3495 sexto
2040 3435 2171 3495 idus

545 3505 766 3580 Aprilis,
804 3510 937 3559 feria
976 3514 1190 3574 quinta,
1217 3518 1272 3564 et
1310 3530 1505 3580 passus
1536 3521 1622 3567 est
1655 3518 1824 3567 altera
1867 3517 1976 3578 die,
2017 3522 2173 3567 sexta

542 3578 697 3653 feria.
734 3597 762 3626 »
791 3580 932 3642 Qum
982 3584 1075 3635 hic
1128 3587 1270 3636 infra
1312 3578 1638 3651 occurrunt,
1677 3603 1873 3653 parum
1917 3594 2124 3639 mutata
2156 3606 2167 3639 :

544 3649 712 3730 quod,
744 3654 893 3730 nacti
940 3656 1163 3730 tandem
1204 3660 1579 3723 apoaraphum
1628 3649 1843 3711 codicis
1888 3661 2172 3712 Rhemen-

542 3726 811 3796 sisscerto
845 3728 1235 3790 comperimus.
1289 3731 1517 3787 Verum,
1558 3731 1663 3781 hac
1709 3733 1875 3781 unica
1924 3733 2172 3796 inapecta

543 3794 826 3867 periocha,
868 3796 1264 3851 Seneschallus
1308 3802 1437 3853 inde
1489 3818 1629 3867 opus
1654 3804 1762 3853 hoc
1806 3803 1860 3853 S.
1896 3794 2172 3867 Cypriano

546 3863 845 3925 abiudicat.
882 3873 1054 3920 «tum
1105 3874 1237 3936 quia
1286 3889 1453 3925 nemo
1510 3863 1778 3926 hactenus
1837 3863 2042 3925 Sancto
2092 3875 2173 3925 illi

546 3936 653 4010 tale
698 3950 838 4002 opus
885 3939 1195 4005 adscripsit,
1257 3950 1371 3995 tum
1433 3948 1563 4010 quia
1609 3946 1663 3995 τὸ
1711 3960 1827 3995 cum
1857 3946 2175 3996 discentibus

542 4008 671 4067 suis,
721 4010 882 4073 longe
928 4012 1081 4063 abest
1111 4029 1140 4065 a
1170 4016 1334 4067 solito
1363 4008 1624 4081 Cypriani
1665 4019 1863 4074 nitore,
1892 4022 2009 4066 tum
2042 4018 2173 4080 quia

546 4091 657 4127 non
689 4087 805 4130 erat
832 4082 1147 4148 Cyprianus
1168 4089 1259 4151 qui
1293 4094 1404 4137 tam
1444 4090 1677 4151 pingues
1717 4102 1930 4139 errores
1974 4089 2173 4137 admit-

544 4153 684 4223 t_eret
716 4158 907 4204 contra
943 4163 1114 4207 artem
1145 4173 1313 4223 quam
1338 4160 1730 4222 explicandam
1754 4161 2107 4223 suscepisset.
2144 4176 2174 4206 »

544 4219 663 4283 Ego
707 4236 804 4295 me
849 4227 1044 4277 vadem
1098 4219 1210 4278 non
1247 4219 1509 4293 spondeo.
1560 4232 1691 4289 Sed,
1735 4232 1804 4281 ad
1834 4219 2094 4295 primum,
2127 4232 2174 4280 si

547 4292 1060 4361 pseudepigraphus
1118 4302 1206 4357 sit,
1264 4292 1318 4352 et
1370 4303 1595 4366 spurius
1643 4306 1789 4353 certe
1834 4292 1945 4351 non
1994 4308 2077 4353 est
2117 4308 2173 4351 et

486 4390 491 4393 λ
546 4368 949 4438 supposititius,
991 4372 1089 4422 sed
1124 4375 1418 4437 antiquum
1450 4387 1572 4424 esse
1601 4375 1796 4438 liquet,
1831 4378 1881 4424 et
1912 4373 2173 4438 Cypriani

546 4436 710 4485 aetate
745 4440 1013 4503 scriptum
1046 4457 1131 4493 res
1162 4436 1281 4507 ipsa
1308 4445 1471 4495 docet
1498 4461 1509 4494 ε
1539 4449 1608 4503 et,
1648 4436 1693 4494 si
1740 4436 2021 4508 Cypriane
2065 4458 2173 4495 ne-

545 4517 639 4554 mo
694 4511 1025 4575 ascripserit,
1072 4528 1255 4579 neque
1307 4518 1570 4580 cuiquam
1619 4516 1731 4577 alii,
1783 4517 1931 4580 quod
1976 4518 2167 4574 sciam,

2267 2019 2475 2084 proprii
2548 2018 2801 2071 discentes
2867 2023 2923 2071 et
2986 2032 3341 2070 successores
3397 2018 3657 2084 ipsorum,
3708 2032 3769 2070 ne
3816 2021 3853 2070 si

2267 2091 2601 2154 posteriores
2639 2103 2841 2154 negare
2893 2093 3185 2155 possint.»
3243 2093 3316 2141 Ds
3363 2089 3607 2155 baptism.
3661 2105 3766 2153 cap.
3812 2104 3856 2150 ιι,

2269 2179 2298 2209 α
2328 2163 2638 2226 Baptismus
2689 2175 2802 2212 non
2855 2167 3034 2213 exstat
3090 2163 3233 2212 alius
3291 2162 3400 2213 nisi
3445 2166 3631 2226 postea
3670 2162 3855 2223 Christi,

2268 2234 2364 2297 qui
2413 2237 2550 2283 tunc
2602 2234 2798 2298 utique
2863 2233 3183 2283 discentibus
3234 2232 3354 2283 dari
3422 2246 3534 2283 nan
3593 2237 3794 2298 poterat.
3834 2252 3856 2279 υ

2269 2305 2513 2353 Nitorem
2545 2318 2675 2353 vero
2701 2304 2851 2369 quod
2884 2309 3114 2368 Spectat,
3144 2319 3258 2356 non
3305 2305 3512 2355 mirum
3550 2311 3631 2356 est
3666 2307 3707 2355 si
3748 2306 3855 2355 scri-

2267 2377 2377 2440 ptis
2419 2377 2627 2440 alioqui
2671 2377 3003 2440 genuinis,a
3053 2376 3294 2427 librariis
3323 2377 3525 2426 harum
3567 2391 3735 2427 rerum
3779 2377 3858 2425 im-

2267 2448 2479 2512 peritis,
2533 2446 2797 2498 mendose
2848 2446 3159 2510 descriptis,
3208 2449 3454 2497 multum
3495 2450 3682 2499 nitoris
3720 2447 3858 2498 dece-

2269 2518 2378 2567 dat.
2436 2517 2522 2567 Ad
2580 2519 2807 2569 tertium
2858 2531 3008 2579 vero,
3057 2518 3209 2582 quod
3256 2520 3528 2570 erraverit
3572 2518 3859 2581 assignando

2268 2588 2512 2653 passiOni
2582 2588 2793 2639 Christi
2862 2603 3073 2639 annum
3131 2594 3183 2640 et
3243 2590 3392 2639 diem
3449 2590 3548 2654 qui
3602 2590 3860 2647 rationibus

2269 2661 2654 2710 astronomicis
2699 2659 2766 2710 de
2810 2664 2969 2710 (etate
3021 2660 3173 2710 lunae
3201 2665 3507 2724 repugnet:
3550 2675 3657 2711 non
3699 2662 3858 2710 mirum

2270 2736 2353 2781 est
2379 2732 2424 2780 si
2452 2730 2728 2794 Cypriano
2763 2730 2820 2780 id
2862 2732 3157 2794 contigerit
3201 2745 3267 2781 ea
3318 2736 3486 2782 atate
3536 2746 3643 2796 qua
3680 2732 3859 2795 paucis-

2269 2803 2393 2852 simi
2419 2807 2592 2863 erant,
2625 2803 2790 2853 etiam
2822 2816 2893 2853 ex
2924 2805 3133 2854 sanctis
3175 2803 3457 2863 Patribus,
3506 2818 3683 2854 rerum
3720 2808 3859 2852 astro-

2267 2875 2614 2925 nomicarum
2660 2876 2732 2925 ita
2768 2875 2927 2938 periti
2965 2875 3103 2939 quin
3156 2874 3271 2924 labi
3322 2878 3569 2939 possent.
3628 2876 3725 2926 Pro
3769 2873 3860 2936 Cy-

2267 2947 2460 3007 priauo
2487 2950 2675 2995 autem
2704 2945 2828 2995 haec
2857 2947 3057 2996 saltem
3094 2946 3326 3003 faciunt,
3368 2950 3494 2996 tum
3541 2947 3683 3010 quod
3719 2946 3859 2996 codex

2266 3029 2371 3064 ms.
2416 3017 2550 3065 satis
2596 3020 2849 3066 vetustus
2880 3016 3030 3065 hunc
3077 3021 3365 3067 auctorem
3407 3017 3679 3081 perhibet,
3712 3028 3859 3079 neque

2268 3086 2420 3136 ulius
2441 3086 2763 3150 perhibetur
2792 3087 3069 3150 quispiam
3094 3104 3105 3147 ;
3139 3090 3256 3136 tum
3291 3088 3447 3151 quod
3478 3089 3561 3137 vir
3585 3088 3652 3138 cl.
3673 3089 3733 3138 D.
3762 3085 3861 3136 Gala

2270 3159 2583 3220 peculiares
2612 3159 2825 3222 aliquot
2870 3158 3288 3223 phraseologias
3333 3159 3431 3209 hic
3478 3159 3721 3210 observat
3760 3170 3857 3222 quin

2272 3229 2419 3292 apud
2451 3230 2794 3293 Cyprianum
2817 3234 3115 3280 occurrunt
3139 3231 3269 3280 alibi
3294 3245 3307 3290 ;
3335 3234 3457 3280 tum
3490 3229 3719 3295 denique
3744 3226 3859 3293 quod

2272 3305 2463 3351 mouet
2492 3300 2832 3350 reverendus
2876 3302 3170 3365 episcopus
3200 3303 3542 3366 Asaphensis
3567 3301 3858 3353 Guilellmus

2272 3372 2465 3434 Llovd,
2522 3371 2721 3421 harum
2786 3386 2971 3422 rerum
3022 3374 3155 3422 satis
3206 3375 3487 3431 curiosus,
3544 3387 3669 3425 cum
3711 3372 3859 3436 plures

2271 3444 2479 3493 fuerint
2531 3456 2816 3493 sacrarum
2866 3443 3278 3508 Scripturarum
3329 3445 3546 3496 Latinas
3604 3445 3857 3495 versiones.

2272 3527 2395 3564 eam
2433 3518 2629 3564 exacte
2664 3516 2917 3578 sequitur
2958 3515 3052 3566 hic
3105 3520 3300 3566 auctor
3346 3530 3461 3580 qua
3495 3521 3551 3567 et
3596 3516 3859 3579 Cyprianus

2272 3598 2409 3634 usus
2455 3588 2557 3635 est.
2605 3586 2798 3649 Neque
2839 3589 3025 3637 tamen
3080 3587 3174 3637 ille
3226 3585 3575 3651 Cyprianum
3624 3583 3860 3637 concludit

2272 3654 2443 3717 hujus
2500 3659 2785 3706 auctorem
2828 3672 2968 3719 esse,
3012 3671 3077 3709 eo
3122 3658 3291 3723 quod,
3338 3658 3449 3708 sub
3485 3658 3648 3709 ﬁnem
3698 3656 3858 3721 cperis,

2272 3730 2594 3789 computum
2651 3742 2816 3777 suum
2877 3731 3132 3779 terminet
3203 3731 3274 3779 ad
3346 3742 3561 3779 annum
3636 3726 3856 3779 Gordiani

2273 3799 2552 3860 quintum,
2575 3798 2807 3847 Arriano
2842 3803 2897 3849 et
2922 3800 3070 3863 Papo
3093 3800 3453 3850 consulibus:
3491 3800 3585 3864 qui
3612 3810 3773 3849 annus
3795 3800 3859 3845 est

2273 3880 2386 3917 uno
2412 3882 2560 3917 anno
2588 3870 2737 3933 prior
2761 3884 2919 3919 ruam
2948 3884 3060 3934 quo
3102 3883 3161 3920 se
3202 3869 3588 3921 Christianum
3624 3870 3858 3933 professus

2275 3944 2360 3989 est
2394 3940 2724 4004 Cyprianus.
2772 3941 2937 4004 Quod
2984 3946 3169 3992 tamen
3218 3942 3339 3992 ﬁeri
3390 3945 3593 4006 potest,
3639 3954 3755 3991 cum
3792 3938 3859 3986 hi-

2273 4012 2568 4061 storiarum
2621 4016 2675 4062 et
2724 4013 3101 4077 chronologiae
3152 4015 3457 4077 scriptores
3519 4025 3630 4061 non
3682 4021 3859 4072 semper

2274 4081 2344 4132 ad
2402 4096 2533 4132 eum
2587 4083 2771 4145 ipsum
2835 4098 3045 4133 annum
3104 4098 3220 4134 rem
3281 4084 3594 4147 perducent
3637 4096 3737 4147 quo
3780 4078 3858 4142 ipsi

2274 4153 2545 4215 scribunt,
2595 4154 2695 4205 sed
2737 4155 3003 4205 desinunt
3032 4158 3219 4219 potius
3263 4156 3331 4205 ad
3369 4168 3585 4205 annum
3622 4154 3859 4217 aliquanto

2272 4227 2632 4288 superiorem.
2668 4225 2831 4287 Quod
2869 4226 2962 4277 hic
3003 4227 3235 4276 minime
3279 4227 3485 4276 mirum
3538 4226 3656 4285 erit,
3693 4227 3733 4274 si
3779 4224 3860 4272 Pa—

2274 4295 2409 4344 scha
2453 4298 2586 4346 anni
2616 4299 2799 4360 quinti
2843 4297 3110 4349 Gordiani
3139 4298 3401 4348 ultimum
3445 4298 3611 4347 fuerit
3643 4309 3702 4346 eo
3728 4296 3858 4357 impe-

2274 4372 2453 4418 ratore
2498 4367 2858 4427 celebratum,
2894 4370 3125 4421 ineunte
3169 4371 3288 4434 (qui
3340 4370 3597 4433 proximo
3645 4380 3773 4417 anno
3793 4376 3859 4413 so-

2274 4441 2436 4488 cutus
2493 4442 2598 4499 est)
2649 4439 2902 4504 Philippo
2963 4441 3147 4493 Arabe
3204 4445 3333 4491 ante
3410 4440 3641 4491 Pascha.
3700 4439 3857 4488 Mirum

2273 4511 2455 4572 potius
2504 4514 2651 4560 esset
2699 4512 2746 4560 si
2805 4510 3138 4575 Cyprianus,
3192 4512 3326 4561 alibi
3381 4516 3651 4562 terrarum
3707 4518 3854 4573 agens,

544 4580 799 4652 ascripsit
825 4586 1133 4649 quispiam;
1161 4587 1259 4637 sed
1306 4589 1362 4637 in
1408 4588 1761 4638 bibliothecis
1810 4588 1988 4643 latuit,
2036 4601 2169 4639 nec-
2194 4581 2248 4652 B
2273 4581 2566 4632 consulum
2603 4583 2977 4634 Romanorum
3011 4585 3327 4635 meminerit
3356 4597 3423 4634 ϐο
3453 4585 3576 4648 ipso
3609 4596 3745 4633 anno
3775 4589 3857 4642 (ἰυο

546 4649 683 4700 dum
727 4654 928 4716 editus,
968 4663 1024 4708 et
1079 4673 1109 4708 a
1154 4661 1346 4723 paucis
1390 4661 1528 4710 forte
1580 4661 1927 4711 observalus.
1984 4660 2174 4723 Neque

546 4736 738 4773 verum
800 4730 904 4787 est,
964 4731 1114 4793 quod
1176 4750 1203 4776 «
1261 4744 1429 4781 nemo
1491 4733 1598 4781 tale
1674 4745 1814 4793 opus
1897 4730 2176 4795 Cypriano

546 4797 898 4861 ascripserit;
925 4817 954 4848 ι»
990 4815 1119 4851 nam
1149 4803 1355 4851 Paulus
1384 4803 1670 4853 Diaconus
1706 4803 1762 4852 id
1798 4803 1930 4852 facit
1970 4805 2022 4851 in
2063 4803 2177 4851 Vita

547 4865 855 4929 Cypriani:
892 4889 919 4918 «
954 4871 1288 4923 Chronicam
1328 4888 1551 4938 quoque
1590 4874 1756 4925 valde
1792 4874 1984 4922 utilem
2028 4886 2177 4922 com-

544 4942 745 5002 posuit.
803 4960 831 4986 »
859 4943 941 4993 Ad
987 4946 1319 5006 secundum,
1364 4962 1471 4996 vox
1517 4946 1828 4997 discentibus
1864 4947 1919 4994 in
1988 4952 2176 4995 nostro

545 5013 736 5064 codice
793 5029 904 5065 non
958 5016 1211 5075 habetur,
1264 5032 1448 5083 neque
1498 5020 1611 5078 hic,
1667 5032 1851 5081 neque
1900 5018 2009 5066 alio
2056 5018 2177 5067 loco

545 5084 642 5134 ubi
674 5087 728 5134 in
757 5087 1057 5138 Rhemensi
1102 5090 1294 5140 codice
1346 5093 1643 5154 comparet,
1696 5089 1811 5150 sed,
1866 5090 1982 5152 ejus
2032 5088 2174 5147 loco,

545 5157 834 5221 discipulis.
865 5160 1011 5222 Quid
1042 5163 1190 5226 quod
1236 5176 1419 5227 neque
1474 5168 1584 5212 tam
1632 5162 1864 5211 barbara
1910 5161 2175 5211 censeba-

543 5231 651 5289 tur,
695 5243 758 5279 ea
807 5237 988 5291 mtale,
1027 5249 1133 5284 vox
1172 5236 1437 5291 discentes,
1480 5235 1587 5283 hoc
1634 5248 1824 5290 sensu,
1868 5235 2001 5297 quin
2054 5246 2174 5282 eam

544 5299 840 5363 aliquoties
871 5306 1035 5368 (quod
1085 5311 1273 5356 monet
1316 5306 1653 5356 reverendus
1695 5306 1989 5369 episcopus
2029 5306 2177 5355 Oxo-

545 5373 771 5435 mensis)
838 5380 1190 5441 usurpaverit
1245 5378 1624 5427 Tertullianus
1685 5377 1870 5440 (quem
1935 5377 2177 5425 maxime

545 5441 796 5495 imitatus
858 5452 939 5497 est
999 5449 1311 5513 Cyprianus
1368 5453 1421 5499 et
1480 5453 1800 5503 veneratus,
1855 5449 2175 5509 Magistrum

546 5515 825 5576 appellare
882 5521 1100 5580 solitus,
1153 5522 1427 5571 referente
1479 5520 1725 5569 Pamelio
1774 5520 1831 5568 in
1903 5521 2021 5568 Vita
2075 5520 2176 5581 Cy-

539 5585 772 5648 priani),
824 5589 897 5636 Ds
950 5590 1227 5645 Patientia,
1275 5604 1395 5653 cap.
1428 5604 1485 5639 ιιι
1519 5606 1585 5639 ;‹‹
1632 5589 1730 5640 Ille
1784 5590 1875 5639 cui
1933 5589 2178 5650 legiones

544 5656 887 5722 angelorum,
923 5662 969 5711 si
1008 5663 1296 5723 voluisset,
1352 5666 1465 5711 uno
1513 5661 1658 5712 dicto
1693 5663 1762 5713 de
1788 5662 1946 5711 caelis
1992 5660 2178 5710 affuis-

546 5732 690 5785 seut,
743 5744 815 5781 ne
860 5734 1030 5783 unius
1090 5734 1315 5798 quidem
1358 5734 1605 5784 discentis
1653 5733 1899 5796 gladium
1939 5732 2176 5782 ultorem

546 5801 835 5865 probavit;
866 5819 896 5853 ιδ
942 5807 995 5855 et
1035 5805 1099 5855 de
1138 5805 1439 5869 Praescript.
1488 5818 1613 5867 cap,
1660 5803 1723 5855 30
1751 5818 1762 5852 :
1789 5820 1817 5848 α
1869 5802 2071 5853 Adhuc
2121 5803 2177 5853 in

549 5876 758 5929 saeculo
813 5878 1109 5942 supersunt
1162 5876 1259 5941 qui
1300 5875 1658 5929 meminerint
1726 5886 1943 5937 eorum,
2008 5873 2176 5926 etiam

2278 4652 2409 4702 alibi
2460 4654 2743 4705 scriberet.
2801 4655 2910 4707 Sed
2961 4660 3015 4706 et
3058 4656 3325 4707 distincta
3370 4657 3482 4706 illa.
3531 4655 3637 4705 sub
3677 4655 3854 4705 initum,

2278 4724 2453 4774 Patris
2488 4730 2542 4775 et
2586 4726 2713 4776 Filii
2741 4731 2795 4776 et
2821 4727 3061 4790 Spiritus
3105 4726 3432 4789 recordatio,
3461 4726 3723 4791 passionis
3754 4724 3854 4772 item

2277 4801 2332 4845 et
2374 4799 2795 4848 resurrectionis
2843 4798 3052 4848 Christi
3097 4799 3186 4849 die
3242 4799 3420 4849 tertio.
3469 4802 3527 4848 et
3574 4798 3743 4855 saluti,
3786 4805 3857 4855 per

2276 4880 2406 4916 eum
2459 4870 2901 4933 consequendae;
2958 4874 3014 4921 et
3064 4869 3266 4919 diserta
3330 4871 3538 4933 agnitio
3598 4868 3855 4933 gratiarum

2278 4938 2515 5003 Spiritus
2567 4944 2765 5002 sancti,
2799 4944 3046 5006 pignoris
3080 4944 3254 4992 instar
3292 4942 3642 5001 collatarum,
3682 4939 3857 5000 aliaque

2277 5006 2568 5073 ejusmodi,
2600 5014 2733 5062 satis
2761 5013 3015 5064 redolent
3038 5016 3218 5062 virum
3260 5016 3371 5077 jam
3403 5027 3585 5077 nuper
3625 5025 3684 5061 ac
3731 5008 3856 5059 Chri-

2278 5083 2552 5132 stianismi
2603 5086 2785 5148 capita
2835 5086 3118 5136 volentem
3176 5085 3438 5135 distincte
3481 5085 3727 5148 proferre.
3772 5078 3857 5138 Ego

2276 5155 2499 5203 interim
2544 5155 2683 5204 nihil
2730 5160 2955 5206 statuo:
2985 5169 3167 5221 neque
3210 5157 3349 5205 tanti
3382 5170 3469 5206 res
3494 5159 3576 5205 est
3624 5157 3681 5203 ut
3720 5151 3856 5200 simus

2278 5225 2347 5275 de
2373 5230 2597 5276 auctore
2628 5226 2928 5277 admodum
2959 5228 3199 5277 solliciti.

2340 5298 2405 5359 (2)
2464 5298 2781 5346 Aistuantes.
2830 5298 2943 5348 Gul.
3009 5312 3020 5345 :
3081 5298 3343 5362 Cyprian.
3386 5296 3454 5347 de
3496 5294 3652 5346 laude
3715 5290 3856 5345 Mart.

2276 5368 2379 5415 nisi
2405 5367 2542 5431 quod
2567 5368 2673 5418 haec
2692 5370 2949 5432 aestuanti,
2972 5374 3079 5420 etc.

2343 5426 2427 5500 (3f
2450 5440 2507 5488 In
2564 5426 2946 5489 saecularibus;
2981 5438 3094 5501 Gal,
3123 5455 3134 5488 :
3166 5439 3444 5490 Proterius
3491 5440 3762 5502 episc0pus
3804 5426 3855 5476 ad

2277 5510 2518 5561 Leonem
2570 5511 2670 5560 PP.
2711 5509 2780 5561 de
2815 5514 3027 5562 ratione
3084 5511 3386 5570 Paschalis,
3424 5527 3454 5557 «
3490 5503 3854 5565 Patresd‘lica—

2277 5584 2461 5641 Di)....,
2487 5588 2811 5647 computum
2847 5587 3181 5645 statuerunt,
3228 5597 3337 5634 non
3376 5585 3535 5647 juxta
3576 5577 3853 5630 Judaeorum

2277 5667 2430 5704 nunc
2452 5654 2811 5705 inductas.....
2854 5657 3116 5717 actiones,
3168 5669 3352 5720 neque
3395 5652 3694 5726 secundum
3730 5647 3850 5726 ellff

2276 5726 2479 5775 riorem
2510 5727 2807 5790 putatitam
2828 5727 3133 5792 ﬁctamque
3172 5726 3542 5793 prudentiam,
3588 5720 3681 5775 sed
3704 5720 3854 5784 ,ει-ιω

2278 5796 2518 5861 Spiritus
2546 5799 2729 5850 sancti
2755 5798 3025 5851 instituti.
3051 5817 3080 5846 »
