4082 6194
180 253 315 308 1025

1412 249 1498 305 DE
1537 246 1795 305 PASCHA
1836 244 2108 303 COMPUT
2115 245 2222 302 US.

3415 250 3555 306 I026

173 392 288 448 quo
339 392 538 431 mense
591 377 941 445 prmceptum
995 378 1082 430 est
1132 374 1154 410 ὀ
1193 373 1399 430 Iudaeis
1440 374 1499 428 in
1537 375 1777 444 Egypto
1808 373 1907 461 5A
1932 370 1976 426 si
2008 371 2201 443 exigui
2234 374 2405 426 erunt
2433 370 2489 425 in
2519 370 2692 428 domo
2726 373 2795 442 ³³,
2830 376 2891 427 ut
2918 388 3035 429 non
3078 373 3193 428 sint
3216 373 3563 432 sufﬁcientes

171 487 265 524 xxv
305 470 443 525 luna
491 470 787 525 immolare
829 469 1064 523 Pascha.
1120 468 1329 523 Annuit
1374 469 1395 502 ⁶
1427 468 1619 539 itaque
1661 483 1818 521 sanc-

172 563 429 619 tissimus
463 564 534 635 (4)
567 563 666 634 qui
691 563 749 617 id
779 562 939 629 vidit,
971 565 1028 617 et
1066 562 1406 617 invenimus.
1442 561 1766 617 Invenimus
1794 562 1813 593 ⁷

171 664 393 726 autem,
423 674 529 728 per
556 656 734 729 ipsius
775 656 1193 726 omnipotentis
1230 655 1333 710 Dei
1390 656 1571 709 Patris
1601 654 1814 709 immen

170 769 293 808 sam
321 752 637 807 bonitatem
666 753 725 804 et
746 750 1048 822 justitiam,
1080 753 1138 804 et
1165 748 1371 806 Christi
1400 748 1525 803 Filii
1556 748 1679 818 ejus
1708 749 1814 802 Do-

169 845 314 901 mini
344 851 402 901 et
435 845 533 899 Dei
563 844 741 899 nostri
765 844 785 878 ⁸
809 844 1312 915 incomparabilem
1345 841 1816 909 misericordiam,

168 939 269 1011 qui
322 941 560 1010 prepter
611 943 840 1010 peccata
895 940 1088 992 nostra
1143 937 1591 992 obediens°suo
1645 934 1816 1004 Patri,

167 1034 432 1105 exposuit
461 1033 716 1087 animam
739 1047 933 1101 suam;
968 1047 1098 1085 cum
1129 1029 1323 1103 942
1354 1046 1469 1102 qua
1509 1044 1820 1099 resurgen—

167 1146 200 1183 a
227 1128 469 1181 mortuis
498 1127 590 1181 die
622 1125 811 1193 tertia,
841 1124 1129 1197 pollicitus
1175 1128 1262 1179 est
1299 1122 1588 1194 discipulis
1617 1122 1733 1176 suis
1775 1122 1821 1156 ¹⁰

164 1223 342 1277 vitam
376 1225 671 1287 aeternam,
704 1224 762 1274 et
801 1218 961 1273 dedit
1002 1219 1046 1253 “
1093 1218 1302 1290 pignus
1353 1216 1604 1289 Spiritus
1638 1215 1820 1270 sancti

172 1316 431 1388 gratiam
477 1313 844 1369 credentibus
883 1313 941 1367 in
986 1312 1251 1384 passione
1302 1314 1359 1367 et
1411 1312 1824 1366 resurrectione

202 1428 293 1465 ua.
321 1411 388 1465 In
428 1426 543 1481 quo
578 1409 622 1443 ¹²
655 1407 904 1479 Spiritus
934 1408 1057 1479 ipse
1090 1406 1363 1461 Dominus
1393 1406 1730 1475 volentibus,
1766 1403 1822 1458 id

199 1510 251 1560 st
276 1505 412 1559 totis
436 1501 568 1558 ﬁdei
598 1501 813 1556 viribus
841 1501 1255 1573 quaerentibus,
1288 1499 1458 1556 servis
1480 1499 1606 1569 suis
1670 1514 1827 1553 reve-

188 1604 248 1654 at
274 1600 319 1633 ¹³
351 1598 464 1653 alta
501 1596 793 1669 mysteria,
827 1602 885 1651 et
923 1597 967 1630 ¹⁴
997 1595 1324 1649 manifestat
1364 1594 1601 1649 obscura
1641 1608 1823 1647 sacra-

164 1694 386 1748 menta.
451 1694 531 1746 Ac
586 1692 631 1727 ¹⁶
676 1694 984 1763 propterea
1031 1689 1358 1759 credentes,
1419 1692 1477 1743 et
1522 1704 1625 1760 pro
1670 1689 1827 1741 certo

1930 467 1999 521 ad
2053 483 2245 534 ovem,
2299 469 2553 520 assumet
2603 483 2797 522 secum
2851 467 3100 522 vicinum
3146 469 3191 504 ³⁴
3235 470 3563 540 proximum

1920 577 2112 627 suum,
2144 577 2250 631 per
2277 576 2584 614 numerum
2617 561 2944 616 animarum
2985 579 3219 618 suarum
3253 565 3322 631 ³⁵,
3353 565 3563 637 singuli

1918 654 2074 726 quod
2119 654 2366 709 sufficiet
2404 653 2529 722 sibi,
2573 656 2989 726 computabunt
3018 658 3065 693 ³6
3091 658 3150 711 in
3191 674 3355 713 ovem
3386 660 3431 694 ³⁷
3461 660 3564 714 im-

1922 749 2274 803 maculatum
2321 750 2416 819 (5),
2462 747 2795 802 anniculum
2840 750 2907 813 ³⁸,
2958 750 3294 821 perfectum,
3344 770 3565 808 mascu-

1923 843 2045 896 lum
2075 843 2143 909 ³9,
2172 842 2243 896 ab
2269 842 2435 913 agnis
2461 842 2531 896 ab
2560 843 2607 877 t°
2638 842 2818 921 haedis
2844 843 3151 914 accipietis.
3179 846 3244 899 Et
3273 846 3383 901 erit
3407 847 3563 902 vobis

1920 936 2277 991 observatum
2304 952 2485 1007 usque
2508 936 2583 991 ad
2603 941 2873 1008 quartum
2904 937 3197 993 decimum
3225 939 3378 995 diem
3408 958 3566 996 men-

1922 1028 1996 1083 sis
2030 1030 2222 1101 hujus,
2255 1034 2310 1084 et
2335 1030 2595 1085 occident
2623 1032 2668 1065 “
2698 1047 2831 1086 eum
2864 1048 3036 1087 omne
3068 1032 3115 1067 "
3146 1033 3346 1103 vulgus
3382 1033 3561 1104 Syna-

1924 1141 2088 1196 goga:
2112 1123 2363 1179 ﬁliorum
2394 1125 2563 1179 Israel
2587 1125 2656 1179 ad
2685 1141 3016 1196 vesperam;
3045 1131 3103 1181 et
3123 1126 3405 1199 accipient
3424 1130 3471 1163 ⁴³
3495 1128 3565 1183 de

1925 1217 2227 1289 sanguine,
2259 1223 2316 1272 et
2359 1224 2577 1289 ponent
2608 1234 2785 1290 super
2810 1218 2955 1273 duos
2995 1224 3188 1291 postes
3219 1225 3277 1276 et
3305 1222 3568 1293 superli-

1924 1328 2061 1366 men
2080 1313 2126 1347 ⁴⁴
2146 1311 2205 1365 in
2224 1311 2490 1367 domibus
2510 1313 2578 1380 ‘5,
2601 1312 2659 1366 in
2680 1313 2888 1383 quibus
2906 1330 3038 1368 eum
3064 1314 3234 1369 edent
3251 1316 3298 1351 ⁴⁶
3314 1314 3374 1369 in
3392 1315 3565 1386 ipsis:

1926 1405 2100 1461 edent
2132 1422 2329 1461 carnes
2366 1405 2496 1461 istas
2531 1411 2697 1460 nocte
2740 1410 2948 1461 assatas
2995 1407 3137 1477 igni,
3188 1407 3388 1479 azyma
3436 1424 3569 1465 cum

1926 1499 2169 1572 pigridis
2196 1501 2242 1534 ‘7
2273 1498 2347 1571 (6)
2379 1499 2571 1554 edent.
2610 1500 2733 1554 Non
2776 1500 2956 1555 edetis
2996 1501 3063 1555 de
3103 1501 3184 1555 eis
3220 1503 3461 1557 crudum
3496 1504 3565 1571 ‘8,

1927 1609 2117 1665 neque
2147 1598 2368 1649 coctum
2400 1609 2566 1664 aqua,
2596 1593 2707 1648 nisi
2732 1597 2999 1664 assatum,
3034 1600 3201 1665 caput
3222 1593 3413 1667 944
3436 1612 3569 1652 cum

1930 1686 2171 1758 pedibus
2208 1690 2267 1741 et
2298 1686 2632 1754 interaneis,
2671 1687 2815 1742 nihil
2855 1688 3269 1760 derelinquetis
3298 1706 3367 1744 ex
3397 1690 3478 1745 eis
3507 1690 3568 1745 in

172 1787 431 1842 scientes
484 1786 620 1857 quia
668 1784 812 1839 nihil
861 1783 1111 1856 denegat
1158 1785 1323 1852 Deus,
1372 1782 1474 1837 sed
1515 1781 1823 1853 unicuique
1843 1773 1902 1846 B
1928 1797 2122 1851 mane,
2155 1786 2211 1837 et
2238 1796 2300 1835 os
2328 1797 2442 1836 non
2467 1780 2840 1853 confringetis
2872 1782 2944 1837 ab
2972 1799 3069 1853 eo;
3093 1799 3223 1855 quae
3252 1787 3448 1838 autem
3478 1799 3571 1840 re-

167 1880 386 1938 volenti
412 1883 472 1935 et
509 1879 867 1934 desideranti
918 1880 1152 1949 praestat
1190 1876 1353 1932 sicuti
1387 1880 1444 1932 et
1481 1876 1619 1944 vult,
1662 1891 1816 1930 com-

167 1975 434 2032 misimus
464 1974 510 2009 ¹⁶
536 1991 643 2029 nos
687 1971 880 2046 943
923 1974 983 2028 in
1023 1988 1149 2028 rem
1190 1977 1305 2027 tam
1342 1969 1716 2038 laboriosam;
1755 1968 1816 2023 in

179 2087 291 2143 qua
319 2086 382 2125 re
409 2085 526 2125 non
554 2068 805 2124 derelicti
839 2068 907 2137 ¹τ,
938 2067 1035 2122 sed
1074 2066 1262 2138 potius
1304 2065 1375 2121 ab
1416 2064 1538 2136 ipso
1578 2065 1691 2119 Deo
1723 2063 1813 2118 in-

180 2164 383 2236 spirati
410 2164 478 2233 ¹⁸,
510 2163 770 2218 volumus
790 2160 1109 2216 amantibus
1138 2165 1193 2215 et
1217 2159 1615 2232 appetentibus
1638 2158 1683 2192 ¹⁹
1704 2162 1818 2213 stu-

1915 1874 2045 1930 licta
2072 1876 2119 1910 "
2145 1875 2361 1930 fuerint
2392 1874 2462 1930 de
2493 1892 2561 1931 eo
2596 1891 2779 1948 usque
2816 1875 2879 1931 in
2910 1877 2958 1912 ⁸ο
2989 1893 3179 1945 mane,
3212 1877 3332 1948 igni
3362 1878 3406 1912 ⁵¹
3438 1894 3570 1933 cre-

1918 1968 2247 2038 mabuntur,
2278 1984 2347 2025 ex
2377 1969 2663 2025 intestinis
2694 1970 2817 2041 ejus
2845 1970 3118 2026 vorabitis
3141 1971 3211 2039 ⁸³,
3245 1976 3371 2042 post
3400 1988 3565 2027 suam

1918 2062 2266 2118 occisionem
2311 2063 2409 2136 (7).
2453 2063 2544 2120 Sic
2588 2066 2780 2119 autem
2825 2064 3137 2121 comedetis
3181 2081 3314 2120 eum
3346 2082 3359 2120 :
3388 2065 3569 2121 lumbi

1915 2156 2097 2211 vestri
2135 2157 2454 2228 praecincti,
2484 2160 2542 2212 et
2582 2158 2784 2229 caligas
2822 2162 3026 2213 vestra:
3065 2158 3124 2213 in
3164 2158 3405 2230 pedibus
3450 2176 3572 2216 ves-

175 2256 270 2313 dia
298 2258 512 2327 divina,
537 2256 838 2312 ostendere
868 2271 1167 2326 nunquam
1206 2270 1372 2326 posse
1407 2253 1819 2311 Christianosa
1915 2252 2045 2321 tris,
2108 2259 2165 2308 et
2212 2253 2419 2309 bacula
2471 2259 2658 2309 vestra
2706 2255 2767 2309 in
2823 2255 3084 2310 manibus
3133 2256 3332 2312 vestris
3387 2257 3466 2325 ⁵³,
3521 2262 3578 2314 et

173 2353 265 2406 via
302 2350 552 2407 veritatis
592 2366 810 2416 errare,
841 2352 899 2403 et
933 2354 1209 2420 tanquam
1244 2348 1572 2419 ignorantes
1612 2362 1742 2418 quae
1768 2346 1816 2379 2°

177 2447 251 2502 sit
278 2446 399 2501 dies
426 2444 679 2511 Pascha,
700 2444 892 2515 post2i
916 2442 1141 2498 Iudaeos
1160 2458 1335 2497 caecos
1362 2447 1417 2497 et
1444 2442 1679 2496 hebetes
1699 2455 1818 2494 am-

177 2541 411 2595 bulare.
455 2541 717 2610 Cumque
748 2554 781 2593 a
809 2539 922 2593 Deo
950 2554 1057 2592 nos
1087 2537 1134 2571 ²²
1165 2537 1457 2592 evidenter
1486 2535 1820 2606 incipiamus

178 2651 300 2690 non
333 2634 559 2687 tantum
584 2632 633 2666 ⁸³
665 2631 920 2703 primum
957 2631 1134 2701 diem,
1167 2630 1226 2685 in
1258 2646 1373 2702 quo
1412 2629 1472 2683 in
1503 2631 1742 2699 Egypto
1770 2627 1817 2662 ²⁴

173 2744 365 2801 agnus
385 2726 601 2782 occisus
623 2730 706 2781 est
724 2724 1048 2791 ostendere,
1075 2724 1173 2779 sed
1191 2724 1465 2796 praeteriti
1487 2728 1542 2778 et
1567 2722 1740 2776 futuri
1762 2721 1810 2755 ³⁵

172 2821 460 2892 temporis
493 2820 613 2875 dies
641 2818 868 2874 Paschze
903 2818 1231 2873 Iudaeorum
1271 2823 1327 2872 et
1366 2816 1818 2873 Christianorum

181 2917 602 2972 demonstrare.

253 3009 601 3081 Incipiamus
670 3007 860 3079 itaque
916 3006 993 3075 π,
1053 3004 1405 3061 dilectissimi
1459 3004 1694 3072 fratres,
1748 3003 1820 3057 ab

178 3103 360 3161 Exodi
410 3102 653 3158 lectione
702 3117 716 3155 :
764 3100 825 3154 in
883 3117 999 3172 qua
1051 3099 1299 3155 lectione
1359 3097 1821 3169 recognoscimus

180 3199 380 3271 ipsum
424 3197 470 3231 ³⁷
518 3197 699 3251 Deum
730 3200 787 3250 et
816 3194 1125 3250 Dominum
1164 3194 1233 3248 ad
1271 3195 1499 3264 Moysen
1537 3197 1594 3247 et
1631 3194 1822 3247 Aaron

182 3293 427 3348 fratrem
461 3292 583 3363 ejus
623 3291 686 3346 in
724 3294 879 3345 terra
918 3289 967 3324 ²⁸
1005 3289 1234 3360 Egypti
1271 3287 1474 3342 dixisse
1507 3303 1520 3340 :
1556 3307 1583 3335 «
1622 3286 1824 3342 Mensis

184 3387 285 3441 hic
311 3384 541 3440 initium
568 3384 855 3439 mensium
882 3382 1099 3455 primus
1119 3382 1229 3436 erit
1255 3381 1411 3436 vobis
1442 3381 1501 3434 in
1534 3379 1825 3434 mensibus

186 3480 353 3536 anni.
376 3479 511 3533 Fare
527 3479 574 3514 ²⁹
589 3480 661 3534 ad
678 3494 915 3534 omnem
934 3492 1286 3549 synagogam
1301 3475 1551 3529 filiorum
1570 3474 1739 3529 Israel
1756 3474 1823 3542 ³ο,

185 3575 428 3631 dicens:
458 3573 688 3628 Decimo
727 3573 773 3607 ³ί
804 3573 896 3627 die
934 3572 1145 3627 mensis
1187 3571 1358 3642 hujus
1398 3569 1679 3640 accipiant
1723 3567 1828 3622 sibi

187 3668 409 3742 singuli
435 3684 538 3740 per
562 3668 763 3723 domos
788 3667 836 3702 ³²
863 3666 1123 3721 tribuum
1155 3681 1321 3721 ovem
1341 3680 1443 3736 per
1468 3663 1744 3732 domum;
1775 3666 1834 3717 et

1919 2346 2101 2401 edetis
2156 2348 2293 2404 illud
2332 2350 2379 2384 ⁸⁴
2421 2349 2802 2416 festinanter;
2857 2350 3067 2404 Pascha
3121 2354 3207 2406 est
3255 2351 3410 2406 enim
3463 2352 3575 2408 Do~

1918 2441 2086 2496 mini.
2126 2463 2153 2492 »

1990 2536 2267 2607 Praecepit
2294 2536 2473 2608 igitur
2512 2537 2658 2592 Deus
2695 2554 2798 2608 per
2822 2539 3048 2610 Moysen
3082 2539 3361 2596 universas
3404 2558 3579 2614 syna-

1919 2645 2084 2701 goga:
2115 2629 2363 2685 filiorum
2388 2629 2557 2685 Israel
2579 2630 2637 2685 in
2660 2647 2859 2686 mense
2893 2650 3058 2701 novo,
3089 2634 3191 2706 qui
3222 2640 3313 2690 est
3342 2635 3575 2691 initium

1919 2723 2226 2789 mensium,
2258 2724 2475 2795 primus
2507 2724 2566 2779 in
2604 2726 2897 2781 mensibus
2927 2727 3085 2795 anni,
3133 2728 3194 2783 in
3232 2744 3348 2799 quo
3378 2729 3579 2786 habitu

1919 2817 2160 2872 ederent
2197 2818 2411 2872 Pascha
2454 2819 2883 2889 quartadecima
2917 2820 3078 2889 luna,
3108 2822 3179 2889 ad
3220 2822 3329 2877 hoc
3369 2823 3418 2857 ⁸⁵
3450 2825 3565 2879 uti-

1922 2927 2052 2983 que,
2078 2916 2143 2966 ut
2168 2912 2214 2946 ⁶⁶
2245 2915 2301 2965 et
2321 2929 2483 2966 suam
2510 2912 2865 2968 divinitatem
2896 2915 3264 2971 credentibus
3300 2917 3465 2973 nobis
3506 2918 3565 2974 in

1922 3005 2143 3061 Christo
2184 3006 2596 3073 manifestaret,
2639 3012 2695 3061 et
2736 3024 2938 3064 eorum
2971 3010 3017 3043 ⁵⁷
3057 3009 3424 3067 latrocinium
3448 3012 3573 3083 jam

1925 3102 2063 3154 tunc
2110 3099 2180 3153 ab
2238 3099 2404 3154 initio
2454 3100 2646 3154 smeuli
2712 3101 3130 3159 demonstraret
3185 3120 3200 3159 :
3252 3108 3311 3159 et
3366 3106 3465 3178 qui
3525 3106 3585 3162 in

1923 3195 2167 3264 Egypto
2197 3193 2266 3247 ad
2304 3210 2601 3265 vesperam
2633 3195 2704 3265 ⁸⁸,
2738 3195 2798 3250 id
2831 3199 2918 3251 est
2946 3197 3007 3252 in
3046 3198 3358 3254 novissima
3393 3201 3589 3267 swculi

1920 3290 2184 3357 tempora
2237 3289 2282 3322 ⁵9
2332 3288 2620 3359 praecincti
2670 3292 2725 3343 et
2766 3292 3005 3347 calceati
3053 3293 3330 3348 adversus
3374 3295 3422 3330 ⁸ο
3474 3284 3591 3351 Dei

1922 3385 2151 3451 Agnum
2181 3382 2226 3416 δι
2272 3382 2723 3452 immaculatum,
2763 3386 2951 3455 prima
2994 3387 3085 3443 die
3124 3393 3468 3460 Azymorum
3502 3390 3575 3445 ad

1925 3491 2223 3547 vesperam
2251 3493 2382 3531 cum
2413 3478 2615 3548 gladiis
2653 3482 2712 3532 et
2749 3480 2993 3535 fustibus
3029 3483 3324 3551 exierunt;
3371 3488 3428 3539 et
3459 3484 3584 3538 uni-

1928 3584 2092 3624 versa
2137 3569 2185 3604 “
2229 3587 2361 3642 quae
2413 3571 2482 3626 ab
2535 3572 2805 3628 omnibus
2854 3574 3153 3647 prephetis
3208 3576 3310 3633 Dei
3348 3578 3396 3612 ³³
3435 3582 3585 3649 pras-

1930 3663 2084 3719 dicta
2101 3664 2148 3700 ⁶¹ο
2164 3664 2413 3737 fuerant,
2447 3665 2508 3723 in
2536 3683 2670 3723 eum
2695 3669 3128 3726 commiserunt.
3154 3672 3221 3725 Et
3251 3670 3387 3727 ideo
3411 3673 3515 3745 qui
3537 3671 3586 3721 δε

1590 3808 1801 3875 Variae
1843 3807 2188 3874 lectiones.

263 3947 287 3979 ⁴
312 3947 366 3996 R.
396 3945 537 3996 deest
560 3945 801 3997 Judreis.
870 3948 889 3981 ⁵
916 3949 976 3998 R.
1008 3959 1040 3996 a
1069 3946 1269 4010 quarta
1295 3943 1516 3994 decima
1550 3940 1688 3992 luna
1717 3940 2010 4002 immolari,
2075 3942 2097 3977 ⁸
2134 3944 2208 3997 W.
2234 3945 2307 3993 sic
2348 3946 2567 3994 restituo
2604 3946 2661 3995 C.
2703 3946 2902 3997 annuit
2938 3947 3129 4012 itaque
3188 3950 3425 3999 sanctus
3468 3958 3597 4001 sum

200 4018 304 4082 qui
333 4015 545 4067 dividet
570 4017 623 4066 ﬂ.
647 4016 849 4067 annuit
881 4018 1111 4067 sanctus
1136 4015 1234 4080 qui
1290 4013 1432 4064 vidit
1468 4016 1525 4064 et
1562 4012 1905 4064 invenimus.

1243 4088 1282 4123 ιο
1316 4091 1369 4138 R.
1394 4087 1760 4138 discentibus
1791 4088 1925 4138 suis.

200 4090 609 4142 misericordia.
677 4091 699 4123 ’
727 4093 782 4141 Β.
818 4091 1152 4142 obaudiens.

2004 4012 2102 4065 'C.
2156 4013 2527 4067 inveniemus.
2585 4017 2638 4068 Ο.
2675 4017 2917 4069 relictus.

3015 4020 3037 4055 ⁸
3063 4020 3119 4069 R.
3172 4018 3596 4084 incomparabili

2029 4090 2069 4120 ¹¹
2096 4088 2153 4139 C.
2178 4087 2315 4135 deest
2352 4087 2574 4151 pignus.

2683 4092 2721 4122 ¹²
2748 4091 2801 4139 It.
2831 4088 3063 4154 spiritus
3088 4090 3200 4141 irse
3222 4089 3379 4140 Dom.
3485 4094 3521 4123 ’³
3557 4092 3597 4142 C

198 4162 349 4213 deest
379 4163 508 4212 alta.
581 4162 620 4194 ¹⁴
658 4163 711 4211 R.
747 4161 1066 4211 manifesra.
1143 4164 1181 4194 ‘5
1219 4161 1279 4211 Ο.
1308 4159 1457 4215 huic,
1478 4162 1529 4206 et
1557 4160 1630 4207 sic
1666 4158 2057 4222 aliquotiespro
2087 4171 2173 4208 ae.
2244 4157 2284 4189 ¹⁶
2307 4156 2362 4205 C.
2394 4170 2522 4207 cum
2550 4158 2741 4211 simus.
2783 4162 2843 4210 G.
2874 4161 3280 4211 consensimus.
3355 4161 3392 4193 ‘7
3422 4162 3477 4224 R,
3502 4160 3601 4210 de-

203 4233 436 4284 relictis.
507 4233 544 4263 ¹⁸
571 4234 626 4284 C.
658 4233 933 4295 inspirati.
966 4233 1022 4281 U.
1050 4233 1321 4297 inspirati.
1351 4231 1403 4281 Β.
1432 4231 1690 4294 inspirati
1742 4235 1796 4280 et
1828 4231 2147 4280 illuminati.
2222 4227 2259 4260 ³⁸
2290 4227 2348 4277 G.
2381 4229 2797 4291 apparentibus.
2848 4230 2905 4279 U.
2964 4230 3376 4295 appetentibus.
3401 4231 3463 4291 G,
3511 4243 3604 4294 ap-

203 4302 601 4370 probantibus.
628 4303 689 4352 R.
719 4302 1125 4366 adpetentibus.
1193 4305 1235 4335 ι)
1266 4303 1319 4351 R.
1343 4299 1515 4365 quod.

1610 4303 1651 4333 ²¹
1683 4302 1738 4349 R.
1764 4302 1970 4365 posuit.
2039 4301 2081 4331 “
2112 4300 2166 4350 Ο.
2200 4301 2250 4349 et
2277 4299 2341 4348 E.
2368 4311 2498 4348 cum
2525 4299 2751 4362 quando
2785 4312 2906 4349 nos.
2959 4300 3014 4349 U.
3047 4314 3209 4351 onus.
3238 4302 3298 4351 G.
3344 4301 3602 4365 Cumque

204 4366 238 4426 ἱ
268 4376 390 4426 Deo
417 4386 560 4424 nos..
629 4374 670 4407 ⁸³
703 4374 762 4435 C,
788 4372 1118 4424 notandum.
1186 4375 1226 4407 ³⁴
1256 4374 1307 4422 R.
1346 4385 1458 4436 quo
1489 4370 1746 4434 Egypto.
1816 4373 1857 4404 ⁸⁵
1888 4373 1941 4421 lt.
1960 4375 2015 4422 et
2038 4373 2307 4434 praeterea
2331 4367 2522 4418 futuri.
2591 4366 2633 4403 ’°
2662 4370 2719 4419 C.
2752 4370 3091 4434 incipiamus
3136 4384 3268 4436 ergo
3313 4373 3520 4437 itaque,
3554 4373 3607 4419 et

214 4443 360 4493 deest
385 4442 757 4495 dilectissimi.
786 4445 841 4493 Β.
875 4443 1145 4507 Incipiam
1170 4444 1380 4507 itaque,
1413 4442 1764 4493 dilectissimi
1789 4443 2013 4505 fratres,
2041 4443 2112 4495 ab
2138 4442 2325 4494 exodo
2346 4441 2679 4492 delectione.

219 4517 532 4569 Dominum
555 4519 824 4566 nostrum.
923 4514 967 4549 ³⁸
992 4517 1046 4564 R.
1077 4516 1137 4565 hi
1162 4519 1385 4579 terram,

1478 4515 1591 4566 ³⁸0.
1615 4515 1842 4567 Facere.
1879 4518 1935 4568 C.
1973 4517 2222 4581 loquere.
2258 4514 2311 4563 R.
2346 4512 2500 4562 Fare.

2768 4440 2811 4476 ⁸⁷
2841 4442 2896 4492 C.
2949 4445 3349 4507 cognoscimus
3396 4444 3599 4509 ipsum.

2597 4513 2638 4544 ³⁰
2660 4514 2715 4562 R.
2742 4512 2976 4575 Israhel,
3006 4517 3056 4562 et
3082 4514 3156 4562 sic
3178 4511 3381 4578 ubique.
3473 4513 3515 4547 ³⁸
3542 4516 3601 4566 C.

208 4592 454 4643 decima.
524 4593 564 4625 ³³
589 4593 644 4642 C.
682 4591 900 4641 domus.
968 4594 1009 4625 ³³
1040 4593 1096 4643 C.
1119 4591 1366 4641 domum.
1436 4593 1478 4624 ³⁴
1501 4590 1561 4643 C.
1595 4592 1847 4642 vicinum
1877 4604 1908 4641 e
1954 4592 2289 4656 proximum.
2359 4582 2400 4616 ³⁵
2432 4586 2485 4633 Β.
2512 4582 2973 4656 1168881185111ng
3007 4583 3049 4616 ⁹⁶
3077 4583 3130 4656 (ἶ.
3157 4588 3487 4656 ορωριιιθιη
3562 4585 3603 4617 ³³

213 4664 272 4713 Β.
315 4665 375 4713 in
399 4674 567 4726 quem
598 4675 758 4713 oven.
824 4661 869 4695 ⁴⁸
892 4663 949 4712 R.
975 4662 1303 4726 perfectum,
1337 4662 1671 4725 masculum,
1700 4652 2043 4714 annicuium.
2114 4661 2153 4696 ³³
2183 4664 2239 4713 C.
2266 4661 2319 4709 Β.
2345 4656 2535 4706 inserit
2558 4655 2661 4726 erit
2690 4653 2864 4726 vobis.
2904 4654 2988 4726 W.
3019 4652 3279 4726 redundat
3307 4657 3359 4726 et
3395 4654 3609 4726 uidetur

209 4744 280 4780 ea:
300 4723 549 4795 proiima
579 4733 719 4782 linea
748 4731 844 4782 huc
873 4723 1297 4796 "adsumptum.
1347 4736 1392 4767 ’³³
1423 4740 1459 4787 R
1486 4737 1547 4783 et
1592 4723 1679 4783 ab.
1746 4735 1791 4766 ⁴¹
1822 4736 1878 4784 R.
1912 4734 1968 4784 C.
2000 4733 2235 4784 occidet.
2301 4727 2345 4760 ⁴²
2366 4729 2421 4777 R.
2446 4725 2648 4774 omnis.
2715 4725 2758 4756 ⁴³
2788 4726 2842 4776 C.
2873 4723 3169 4787 accipiant.
3209 4723 3282 4796 _“
3305 4725 3367 4796 R.
3392 4724 3609 4788 limipa-

216 4803 321 4852 ria.
384 4805 430 4837 ⁴⁵
455 4806 511 4856 C.
543 4803 767 4855 domus.
835 4800 879 4836 ⁴⁸
903 4804 962 4855 C.
993 4803 1303 4854 comeditis.

1395 4806 1435 4841 ⁸⁷
1464 4807 1519 4855 R.
1548 4804 1948 4856 amaritudine.

2044 4805 2088 4839 ὀε
2107 4806 2161 4867 R,
2187 4799 2484 4855 crudam...
2521 4800 2800 4847 coctam...
2826 4801 3083 4845 essetam.
3183 4794 3226 4829 ⁴⁹
3252 4796 3307 4856 R,
3341 4794 3610 4847 derelicta

220 4872 268 4907 ‘°
297 4875 353 4925 Ο.
373 4873 516 4924 deest
549 4874 625 4925 in.
695 4876 796 4928 5'0.
814 4873 958 4940 igne.
1029 4876 1070 4907 ⁵³
1096 4876 1149 4924 R.
1179 4881 1313 4925 recte
1341 4876 1607 4927 desuntex
1633 4880 1909 4930 intestinis
1935 4881 2058 4944 ejus
2083 4879 2351 4933 vorabitis
2380 4876 2505 4939 post
2527 4872 2888 4923 occisionem.
2959 4873 3000 4904 ⁵³
3042 4872 3097 4924 C.
3129 4869 3271 4921 deest
3301 4876 3358 4921 et
3408 4870 3611 4921 bacula

221 4949 407 4995 vestra
428 4946 487 4995 in
511 4946 772 4997 manibus
790 4949 1001 4999 vestris.
1070 4949 1112 4981 ⁵⁸
1137 4948 1190 4997 R.
1217 4960 1366 4999 eum.
1435 4948 1476 4983 ⁸⁵
1507 4952 1569 5003 C.
1596 4954 1800 5006 adhuc.
1866 4954 1907 4990 ⁵⁸
1935 4959 1990 5009 C.
2013 4955 2155 5006 deest
2182 4959 2259 5006 ut.
2328 4952 2369 4987 ⁵⁷
2392 4953 2450 5001 R.
2480 4949 2724 5000 illorum.
2776 4945 2815 4978 ⁵³
2841 4948 2897 5007 C,
2924 4945 3065 4995 deest
3100 4949 3153 4997 et
3179 4946 3275 5011 qui
3311 4960 3348 4997 n
3374 4947 3611 5013 Egypto

222 5015 649 5094 a‘djesperams
696 5017 737 5051 5°
767 5021 827 5094 C.
851 5019 995 5094 deest
1020 5021 1293 5094 tempore.
1359 5021 1403 5057 ⁶⁰
1428 5024 1483 5075 C.
1514 5023 1836 5077 adversum.
1905 5028 1950 5062 θ’
1980 5029 2034 5079 R.
2062 5029 2283 5094 Agnum
2308 5024 2429 5076 Dei.
2509 5020 2551 5055 ⁶¹
2581 5022 2637 5072 C.
2667 5019 2803 5069 deest
2823 5019 3107 5069 universa.

222 5088 269 5121 “
301 5088 355 5138 Β.
386 5088 708 5152 pmdicate.
773 5088 816 5125 ⁸⁵
842 5091 897 5143 C.
935 5091 1091 5155 quia.

3191 5015 3236 5051 ⁸³
3257 5019 3310 5068 It.
3341 5017 3482 5069 deest
3507 5018 3610 5069 Dei

1474 5199 1741 5268 Henrici
1784 5203 2099 5271 Dodwelli
2142 5209 2340 5268 notae.

292 5312 819 5391 (t)_§auctissimus.
858 5320 955 5391 AC.
1028 5320 1253 5373 Sanctus
1315 5336 1429 5374 sum
1501 5328 1597 5391 qui
1652 5328 1873 5380 dividet.

230 5387 363 5463 Gal.
381 5386 528 5463 Illud
571 5400 689 5463 sum
726 5389 876 5455 quod
919 5395 1173 5457 sequitur
1210 5395 1266 5444 in
1312 5410 1417 5445 ms.
1461 5386 1628 5463 supra
1670 5401 1875 5452 lineam

228 5459 517 5538 scribitur,
546 5460 899 5538 alia_manu_;
933 5468 988 5515 et
1020 5466 1287 5518 mendose
1313 5483 1413 5532 pro
1446 5459 1549 5534 19p.—
1572 5474 1650 5522 ιν.
1687 5474 1878 5538 Neque

227 5532 293 5606 i_d
360 5532 551 5606 male,__
581 5533 681 5584 sed
739 5536 930 5585 malim
982 5538 1395 5603 Sanctissimae;
1442 5532 1575 5606 quia
1620 5559 1749 5595 mox
1785 5532 1880 5596 -de

231 5604 422 5680 Patre,
451 5603 694 5680 Eilioet
736 5606 945 5672 Spiritu
989 5613 1181 5659 sancto
1220 5603 1484 5664 distincte
1531 5615 1794 5680 loquitur,
1828 5620 1882 5666 et

232 5675 583 5751 pro‘divid‘et,
614 5677 740 5743 lego
771 5680 828 5729 id
855 5680 987 5751 uidit
1019 5685 1105 5745 et;
1134 5684 1485 5751 suppleoque
1521 5675 1653 5737 cuin
1690 5675 1884 5739 codice

236 5747 307 5832 Β..
337 5746 652 5832 invenimus,
687 5750 1146 5832 quodDIibrarius,
1173 5746 1522 5821 superﬂuum
1562 5758 1704 5811 forte
1732 5762 1883 5811 ratus

238 5824 382 5887 qiua
410 5824 717 5892 geminum,
753 5824 1032 5880 omiserat.

2029 5331 2096 5394 (ὅ)
2161 5326 2602 5390 Immaculatum,
2655 5329 2763 5377 etc.
2824 5326 2885 5376 G.
2940 5324 3020 5375 sic
3081 5321 3398 5389 Cyprianus
3453 5319 3614 5394 alibi,

1977 5393 2406 5461 immaculatum,
2462 5396 2798 5456 anniculam,
2856 5396 3163 5462 perfectum,
3220 5393 3316 5445 lib.
3374 5406 3431 5456 II,
3494 5393 3616 5444 adv.

1976 5474 2116 5609 “((16)
2177 5546 2305 5598 Cum
2333 5542 2578 5609 pigri'dis,
2649 5543 2709 5592 G.
2784 5538 2861 5588 ἐπί
2922 5538 3169 5606 πικρίδων,
3237 5537 3498 5603 Cyprian.
3556 5538 3622 5586 ut

1982 5631 2166 5682 supra.

2046 5691 2112 5753 (7)
2162 5690 2249 5740 Ea:
2296 5687 2549 5740 intestinis
2596 5688 2712 5753 ejus
2754 5685 3012 5739 vorabitis
3055 5691 3169 5752 post
3214 5686 3541 5738 occisionem.
3576 5682 3620 5735 G

1985 5758 2145 5812 Unde
2170 5758 2295 5813 hinc
2316 5760 2343 5810 ?
