  <div class='ocr_page' id='page_1' title='image "/cluster/home/n/w/nwhite01/storage/ocr_20150623/4/hvd.32044073549446/517.png"; bbox 0 0 4082 6194; ppageno 0'>
   <div class='ocr_carea' id='block_1_1' title="bbox 556 280 692 335">
    <p class='ocr_par' dir='ltr' id='par_1_1' title="bbox 556 280 692 335">
     <span class='ocr_line' id='line_1_1' title="bbox 556 280 692 335; baseline -0.007 0"><span class='ocrx_word' id='word_1_1' title='bbox 556 280 692 335; x_wconf 77' lang='grc'><strong>1027</strong></span> 
     </span>
    </p>
   </div>
   <div class='ocr_carea' id='block_1_2' title="bbox 1181 261 3332 330">
    <p class='ocr_par' dir='ltr' id='par_1_2' title="bbox 1181 261 3332 330">
     <span class='ocr_line' id='line_1_2' title="bbox 1181 261 3332 330; baseline -0.003 0"><span class='ocrx_word' id='word_1_2' title='bbox 1181 267 1271 330; x_wconf 81' lang='lat' dir='ltr'><strong>AD</strong></span> <span class='ocrx_word' id='word_1_3' title='bbox 1310 271 1533 330; x_wconf 79' lang='lat' dir='ltr'><strong>OPERA</strong></span> <span class='ocrx_word' id='word_1_4' title='bbox 1571 269 1624 326; x_wconf 92' lang='lat' dir='ltr'><strong>S.</strong></span> <span class='ocrx_word' id='word_1_5' title='bbox 1667 267 1955 327; x_wconf 78' lang='lat' dir='ltr'><strong>CYPRANI</strong></span> <span class='ocrx_word' id='word_1_6' title='bbox 1993 263 2290 323; x_wconf 80' lang='lat' dir='ltr'><strong>GENUINA</strong></span> <span class='ocrx_word' id='word_1_7' title='bbox 2328 261 2616 322; x_wconf 75' lang='lat' dir='ltr'><strong>APPEND.</strong></span> <span class='ocrx_word' id='word_1_8' title='bbox 2652 267 2720 322; x_wconf 88' lang='lat' dir='ltr'><strong>II.</strong></span> <span class='ocrx_word' id='word_1_9' title='bbox 2748 296 2817 308; x_wconf 89' lang='lat'><strong>—</strong></span> <span class='ocrx_word' id='word_1_10' title='bbox 2844 265 3332 326; x_wconf 84' lang='lat' dir='ltr'><strong>SUPPOSITITIA.</strong></span> 
     </span>
    </p>
   </div>
   <div class='ocr_carea' id='block_1_3' title="bbox 3736 285 3850 338">
    <p class='ocr_par' dir='ltr' id='par_1_3' title="bbox 3736 285 3850 338">
     <span class='ocr_line' id='line_1_3' title="bbox 3736 285 3850 338; baseline 0.026 -3"><span class='ocrx_word' id='word_1_11' title='bbox 3736 285 3752 335; x_wconf 85' lang='lat' dir='ltr'><strong>l</strong></span> <span class='ocrx_word' id='word_1_12' title='bbox 3762 285 3850 338; x_wconf 73' lang='lat'><strong>028</strong></span> 
     </span>
    </p>
   </div>
   <div class='ocr_carea' id='block_1_4' title="bbox 549 392 3850 479">
    <p class='ocr_par' dir='ltr' id='par_1_4' title="bbox 549 392 3850 479">
     <span class='ocr_line' id='line_1_4' title="bbox 549 392 3850 479; baseline -0.003 -18"><span class='ocrx_word' id='word_1_13' title='bbox 549 406 667 479; x_wconf 88' lang='lat' dir='ltr'><strong>jam</strong></span> <span class='ocrx_word' id='word_1_14' title='bbox 695 421 806 460; x_wconf 91' lang='lat' dir='ltr'><strong>non</strong></span> <span class='ocrx_word' id='word_1_15' title='bbox 847 400 1164 457; x_wconf 91' lang='lat' dir='ltr'><strong>secundum</strong></span> <span class='ocrx_word' id='word_1_16' title='bbox 1205 399 1523 470; x_wconf 83' lang='lat' dir='ltr'><strong>imaginem</strong></span> <span class='ocrx_word' id='word_1_17' title='bbox 1557 397 1652 467; x_wconf 89' lang='lat'>(8),</span> <span class='ocrx_word' id='word_1_18' title='bbox 1687 396 1831 450; x_wconf 87' lang='lat' dir='ltr'><strong>sicut</strong></span> <span class='ocrx_word' id='word_1_19' title='bbox 1864 395 1942 449; x_wconf 95' lang='lat' dir='ltr'><strong>illi</strong></span> <span class='ocrx_word' id='word_1_20' title='bbox 1977 395 2046 461; x_wconf 72' lang='grc'><strong>⁸⁸,</strong></span> <span class='ocrx_word' id='word_1_21' title='bbox 2087 394 2184 448; x_wconf 89' lang='lat' dir='ltr'><strong>sed</strong></span> <span class='ocrx_word' id='word_1_22' title='bbox 2211 392 2586 478; x_wconf 76' lang='lat' dir='ltr'><strong>Aevidenter</strong></span> <span class='ocrx_word' id='word_1_23' title='bbox 2631 395 2678 429; x_wconf 84' lang='grc'>⁷⁸</span> <span class='ocrx_word' id='word_1_24' title='bbox 2719 396 2970 450; x_wconf 82' lang='lat' dir='ltr'><strong>ostendit</strong></span> <span class='ocrx_word' id='word_1_25' title='bbox 3013 396 3168 452; x_wconf 87' lang='lat' dir='ltr'><strong>hunc</strong></span> <span class='ocrx_word' id='word_1_26' title='bbox 3207 414 3330 453; x_wconf 90' lang='lat' dir='ltr'><strong>esse</strong></span> <span class='ocrx_word' id='word_1_27' title='bbox 3375 399 3612 469; x_wconf 87' lang='lat' dir='ltr'><strong>primum</strong></span> <span class='ocrx_word' id='word_1_28' title='bbox 3655 404 3788 461; x_wconf 80' lang='lat' dir='ltr'><strong>diem</strong></span> <span class='ocrx_word' id='word_1_29' title='bbox 3827 426 3850 463; x_wconf 73' lang='grc' dir='ltr'><strong>ρ</strong></span> 
     </span>
    </p>
   </div>
   <div class='ocr_carea' id='block_1_5' title="bbox 554 487 2186 563">
    <p class='ocr_par' dir='ltr' id='par_1_5' title="bbox 554 487 2186 563">
     <span class='ocr_line' id='line_1_5' title="bbox 554 487 2186 563; baseline -0.009 -7"><span class='ocrx_word' id='word_1_30' title='bbox 554 499 868 556; x_wconf 84' lang='lat' dir='ltr'><strong>secundum</strong></span> <span class='ocrx_word' id='word_1_31' title='bbox 899 495 1217 563; x_wconf 75' lang='lat' dir='ltr'><strong>veritatem,</strong></span> <span class='ocrx_word' id='word_1_32' title='bbox 1246 494 1303 548; x_wconf 92' lang='lat' dir='ltr'><strong>in</strong></span> <span class='ocrx_word' id='word_1_33' title='bbox 1330 490 1945 548; x_wconf 75' lang='lat' dir='ltr'><strong>commemorationem</strong></span> <span class='ocrx_word' id='word_1_34' title='bbox 1971 487 2186 543; x_wconf 86' lang='lat' dir='ltr'><strong>Passio-</strong></span> 
     </span>
    </p>
   </div>
   <div class='ocr_carea' id='block_1_6' title="bbox 554 581 2188 658">
    <p class='ocr_par' dir='ltr' id='par_1_6' title="bbox 554 581 2188 658">
     <span class='ocr_line' id='line_1_6' title="bbox 554 581 2188 658; baseline -0.008 -10"><span class='ocrx_word' id='word_1_35' title='bbox 554 594 642 648; x_wconf 87' lang='lat' dir='ltr'><strong>nis</strong></span> <span class='ocrx_word' id='word_1_36' title='bbox 676 595 722 628; x_wconf 85' lang='grc'><strong>⁶⁷</strong></span> <span class='ocrx_word' id='word_1_37' title='bbox 764 591 885 647; x_wconf 85' lang='lat' dir='ltr'><strong>Filii</strong></span> <span class='ocrx_word' id='word_1_38' title='bbox 917 589 1036 658; x_wconf 90' lang='lat' dir='ltr'><strong>Dei,</strong></span> <span class='ocrx_word' id='word_1_39' title='bbox 1086 588 1296 645; x_wconf 78' lang='lat' dir='ltr'><strong>Pascha</strong></span> <span class='ocrx_word' id='word_1_40' title='bbox 1339 587 1726 652; x_wconf 83' lang='lat' dir='ltr'><strong>celebramus;</strong></span> <span class='ocrx_word' id='word_1_41' title='bbox 1757 583 1900 640; x_wconf 86' lang='lat' dir='ltr'><strong>nihil</strong></span> <span class='ocrx_word' id='word_1_42' title='bbox 1933 581 2188 651; x_wconf 65' lang='lat' dir='ltr'><strong>aliud,in</strong></span> 
     </span>
    </p>
   </div>
   <div class='ocr_carea' id='block_1_7' title="bbox 553 676 2188 758">
    <p class='ocr_par' dir='ltr' id='par_1_7' title="bbox 553 676 2188 758">
     <span class='ocr_line' id='line_1_7' title="bbox 553 676 2188 758; baseline -0.007 -17"><span class='ocrx_word' id='word_1_43' title='bbox 553 686 756 758; x_wconf 84' lang='lat' dir='ltr'><strong>primis</strong></span> <span class='ocrx_word' id='word_1_44' title='bbox 783 683 891 739; x_wconf 85' lang='lat' dir='ltr'><strong>nisi</strong></span> <span class='ocrx_word' id='word_1_45' title='bbox 918 698 1178 739; x_wconf 85' lang='lat' dir='ltr'><strong>mensem</strong></span> <span class='ocrx_word' id='word_1_46' title='bbox 1210 698 1446 748; x_wconf 91' lang='lat' dir='ltr'><strong>novum,</strong></span> <span class='ocrx_word' id='word_1_47' title='bbox 1477 680 1606 752; x_wconf 85' lang='lat' dir='ltr'><strong>quis</strong></span> <span class='ocrx_word' id='word_1_48' title='bbox 1635 680 1683 715; x_wconf 79' lang='grc'><strong>⁶⁶</strong></span> <span class='ocrx_word' id='word_1_49' title='bbox 1714 679 1806 745; x_wconf 92' lang='lat' dir='ltr'><strong>sit,</strong></span> <span class='ocrx_word' id='word_1_50' title='bbox 1834 684 1890 733; x_wconf 89' lang='lat' dir='ltr'><strong>et</strong></span> <span class='ocrx_word' id='word_1_51' title='bbox 1923 678 2073 732; x_wconf 89' lang='lat' dir='ltr'><strong>unde</strong></span> <span class='ocrx_word' id='word_1_52' title='bbox 2098 676 2188 730; x_wconf 88' lang='lat' dir='ltr'><strong>in-</strong></span> 
     </span>
    </p>
   </div>
   <div class='ocr_carea' id='block_1_8' title="bbox 555 771 2187 852">
    <p class='ocr_par' dir='ltr' id='par_1_8' title="bbox 555 771 2187 852">
     <span class='ocr_line' id='line_1_8' title="bbox 555 771 2187 852; baseline -0.007 -17"><span class='ocrx_word' id='word_1_53' title='bbox 555 779 748 852; x_wconf 79' lang='lat' dir='ltr'><strong>cipiat,</strong></span> <span class='ocrx_word' id='word_1_54' title='bbox 779 784 834 834; x_wconf 92' lang='lat' dir='ltr'><strong>et</strong></span> <span class='ocrx_word' id='word_1_55' title='bbox 859 778 959 833; x_wconf 90' lang='lat' dir='ltr'><strong>ubi</strong></span> <span class='ocrx_word' id='word_1_56' title='bbox 999 776 1179 840; x_wconf 82' lang='lat' dir='ltr'><strong>ﬁniat,</strong></span> <span class='ocrx_word' id='word_1_57' title='bbox 1223 777 1356 831; x_wconf 87' lang='lat' dir='ltr'><strong>totis</strong></span> <span class='ocrx_word' id='word_1_58' title='bbox 1385 775 1599 830; x_wconf 91' lang='lat' dir='ltr'><strong>viribus</strong></span> <span class='ocrx_word' id='word_1_59' title='bbox 1626 774 1756 828; x_wconf 75' lang='lat' dir='ltr'><strong>fidei</strong></span> <span class='ocrx_word' id='word_1_60' title='bbox 1796 776 2028 837; x_wconf 70' lang='lat' dir='ltr'><strong>nostraz,</strong></span> <span class='ocrx_word' id='word_1_61' title='bbox 2062 771 2187 824; x_wconf 88' lang='lat' dir='ltr'><strong>dili-</strong></span> 
     </span>
    </p>
   </div>
   <div class='ocr_carea' id='block_1_9' title="bbox 554 867 2192 946">
    <p class='ocr_par' dir='ltr' id='par_1_9' title="bbox 554 867 2192 946">
     <span class='ocr_line' id='line_1_9' title="bbox 554 867 2192 946; baseline -0.008 -15"><span class='ocrx_word' id='word_1_62' title='bbox 554 878 758 946; x_wconf 84' lang='lat' dir='ltr'><strong>genter</strong></span> <span class='ocrx_word' id='word_1_63' title='bbox 783 873 1074 944; x_wconf 82' lang='lat' dir='ltr'><strong>requirere</strong></span> <span class='ocrx_word' id='word_1_64' title='bbox 1103 871 1396 925; x_wconf 88' lang='lat' dir='ltr'><strong>debemus.</strong></span> <span class='ocrx_word' id='word_1_65' title='bbox 1424 871 1490 924; x_wconf 87' lang='lat' dir='ltr'><strong>Et</strong></span> <span class='ocrx_word' id='word_1_66' title='bbox 1515 875 1652 925; x_wconf 90' lang='lat' dir='ltr'><strong>tunc</strong></span> <span class='ocrx_word' id='word_1_67' title='bbox 1679 867 2056 933; x_wconf 84' lang='lat' dir='ltr'><strong>inveniemus,</strong></span> <span class='ocrx_word' id='word_1_68' title='bbox 2087 881 2192 919; x_wconf 92' lang='lat' dir='ltr'><strong>nec</strong></span> 
     </span>
    </p>
   </div>
   <div class='ocr_carea' id='block_1_10' title="bbox 553 960 2191 1038">
    <p class='ocr_par' dir='ltr' id='par_1_10' title="bbox 553 960 2191 1038">
     <span class='ocr_line' id='line_1_10' title="bbox 553 960 2191 1038; baseline -0.006 -14"><span class='ocrx_word' id='word_1_69' title='bbox 553 972 708 1036; x_wconf 87' lang='lat' dir='ltr'><strong>ante,</strong></span> <span class='ocrx_word' id='word_1_70' title='bbox 757 984 864 1022; x_wconf 89' lang='lat' dir='ltr'><strong>nec</strong></span> <span class='ocrx_word' id='word_1_71' title='bbox 908 970 1034 1038; x_wconf 88' lang='lat' dir='ltr'><strong>post</strong></span> <span class='ocrx_word' id='word_1_72' title='bbox 1087 982 1182 1020; x_wconf 86' lang='lat' dir='ltr'><strong>xxv</strong></span> <span class='ocrx_word' id='word_1_73' title='bbox 1236 967 1429 1020; x_wconf 89' lang='lat' dir='ltr'><strong>lunam</strong></span> <span class='ocrx_word' id='word_1_74' title='bbox 1482 965 1772 1018; x_wconf 88' lang='lat' dir='ltr'><strong>inventam</strong></span> <span class='ocrx_word' id='word_1_75' title='bbox 1805 964 1852 997; x_wconf 65' lang='lat'><strong><em>69</em></strong></span> <span class='ocrx_word' id='word_1_76' title='bbox 1891 977 2076 1032; x_wconf 84' lang='lat' dir='ltr'><strong>posse,</strong></span> <span class='ocrx_word' id='word_1_77' title='bbox 2121 960 2191 1014; x_wconf 89' lang='lat' dir='ltr'><strong>ab</strong></span> 
     </span>
    </p>
   </div>
   <div class='ocr_carea' id='block_1_11' title="bbox 554 1058 1583 1134">
    <p class='ocr_par' dir='ltr' id='par_1_11' title="bbox 554 1058 1583 1134">
     <span class='ocr_line' id='line_1_11' title="bbox 554 1058 1583 1134; baseline -0.006 -17"><span class='ocrx_word' id='word_1_78' title='bbox 554 1063 691 1134; x_wconf 87' lang='lat' dir='ltr'><strong>ipsis</strong></span> <span class='ocrx_word' id='word_1_79' title='bbox 718 1061 927 1117; x_wconf 70' lang='lat' dir='ltr'><strong>Iudaeis</strong></span> <span class='ocrx_word' id='word_1_80' title='bbox 957 1060 1165 1116; x_wconf 81' lang='lat' dir='ltr'><strong>Pascha</strong></span> <span class='ocrx_word' id='word_1_81' title='bbox 1193 1058 1480 1114; x_wconf 89' lang='lat' dir='ltr'><strong>observari</strong></span> <span class='ocrx_word' id='word_1_82' title='bbox 1514 1059 1583 1111; x_wconf 85' lang='grc' dir='ltr'><strong>⁷ο.</strong></span> 
     </span>
    </p>
   </div>
   <div class='ocr_carea' id='block_1_12' title="bbox 623 1149 2192 1226">
    <p class='ocr_par' dir='ltr' id='par_1_12' title="bbox 623 1149 2192 1226">
     <span class='ocr_line' id='line_1_12' title="bbox 623 1149 2192 1226; baseline -0.004 -17"><span class='ocrx_word' id='word_1_83' title='bbox 623 1156 783 1220; x_wconf 85' lang='lat' dir='ltr'><strong>Quod</strong></span> <span class='ocrx_word' id='word_1_84' title='bbox 829 1155 1012 1226; x_wconf 90' lang='lat' dir='ltr'><strong>ipsum</strong></span> <span class='ocrx_word' id='word_1_85' title='bbox 1056 1153 1292 1224; x_wconf 86' lang='lat' dir='ltr'><strong>quidem</strong></span> <span class='ocrx_word' id='word_1_86' title='bbox 1333 1152 1622 1207; x_wconf 84' lang='lat' dir='ltr'><strong>evidenter</strong></span> <span class='ocrx_word' id='word_1_87' title='bbox 1673 1151 1908 1222; x_wconf 81' lang='lat' dir='ltr'><strong>incipiat</strong></span> <span class='ocrx_word' id='word_1_88' title='bbox 1947 1151 1989 1185; x_wconf 75' lang='grc' dir='ltr'><strong>τί</strong></span> <span class='ocrx_word' id='word_1_89' title='bbox 2029 1149 2192 1204; x_wconf 87' lang='lat' dir='ltr'><strong>nobis</strong></span> 
     </span>
    </p>
   </div>
   <div class='ocr_carea' id='block_1_13' title="bbox 555 1245 2191 1316">
    <p class='ocr_par' dir='ltr' id='par_1_13' title="bbox 555 1245 2191 1316">
     <span class='ocr_line' id='line_1_13' title="bbox 555 1245 2191 1316; baseline -0.004 -11"><span class='ocrx_word' id='word_1_90' title='bbox 555 1250 854 1306; x_wconf 86' lang='lat' dir='ltr'><strong>ostendere</strong></span> <span class='ocrx_word' id='word_1_91' title='bbox 897 1253 1088 1302; x_wconf 88' lang='lat' dir='ltr'><strong>sancta</strong></span> <span class='ocrx_word' id='word_1_92' title='bbox 1121 1254 1176 1301; x_wconf 92' lang='lat' dir='ltr'><strong>et</strong></span> <span class='ocrx_word' id='word_1_93' title='bbox 1209 1248 1403 1301; x_wconf 86' lang='lat' dir='ltr'><strong>divina</strong></span> <span class='ocrx_word' id='word_1_94' title='bbox 1443 1247 1726 1301; x_wconf 87' lang='lat' dir='ltr'><strong>Genescos</strong></span> <span class='ocrx_word' id='word_1_95' title='bbox 1762 1246 2072 1316; x_wconf 83' lang='lat' dir='ltr'><strong>Scriptura,</strong></span> <span class='ocrx_word' id='word_1_96' title='bbox 2105 1245 2191 1298; x_wconf 91' lang='lat' dir='ltr'><strong>di-</strong></span> 
     </span>
    </p>
   </div>
   <div class='ocr_carea' id='block_1_14' title="bbox 554 1341 2190 1414">
    <p class='ocr_par' dir='ltr' id='par_1_14' title="bbox 554 1341 2190 1414">
     <span class='ocr_line' id='line_1_14' title="bbox 554 1341 2190 1414; baseline -0.006 -13"><span class='ocrx_word' id='word_1_97' title='bbox 554 1362 686 1401; x_wconf 87' lang='lat' dir='ltr'><strong>cens</strong></span> <span class='ocrx_word' id='word_1_98' title='bbox 721 1361 734 1399; x_wconf 88' lang='lat'><strong>:</strong></span> <span class='ocrx_word' id='word_1_99' title='bbox 770 1366 797 1394; x_wconf 82' lang='lat'><strong>«</strong></span> <span class='ocrx_word' id='word_1_100' title='bbox 826 1346 889 1398; x_wconf 91' lang='lat' dir='ltr'><strong>In</strong></span> <span class='ocrx_word' id='word_1_101' title='bbox 935 1342 1214 1414; x_wconf 91' lang='lat' dir='ltr'><strong>principio</strong></span> <span class='ocrx_word' id='word_1_102' title='bbox 1260 1341 1394 1396; x_wconf 85' lang='lat' dir='ltr'><strong>fecit</strong></span> <span class='ocrx_word' id='word_1_103' title='bbox 1434 1343 1575 1396; x_wconf 88' lang='lat' dir='ltr'><strong>[)eus</strong></span> <span class='ocrx_word' id='word_1_104' title='bbox 1619 1342 1823 1395; x_wconf 68' lang='lat' dir='ltr'><strong>cmlum</strong></span> <span class='ocrx_word' id='word_1_105' title='bbox 1869 1342 2190 1394; x_wconf 79' lang='lat' dir='ltr'><strong>et-‘terram.</strong></span> 
     </span>
    </p>
   </div>
   <div class='ocr_carea' id='block_1_15' title="bbox 551 1435 2191 1511">
    <p class='ocr_par' dir='ltr' id='par_1_15' title="bbox 551 1435 2191 1511">
     <span class='ocr_line' id='line_1_15' title="bbox 551 1435 2191 1511; baseline -0.005 -15"><span class='ocrx_word' id='word_1_106' title='bbox 551 1440 720 1496; x_wconf 80' lang='lat' dir='ltr'><strong>Terra</strong></span> <span class='ocrx_word' id='word_1_107' title='bbox 755 1437 947 1511; x_wconf 80' lang='grc'><strong>945</strong></span> <span class='ocrx_word' id='word_1_108' title='bbox 987 1443 1180 1491; x_wconf 90' lang='lat' dir='ltr'><strong>autem</strong></span> <span class='ocrx_word' id='word_1_109' title='bbox 1212 1442 1333 1491; x_wconf 87' lang='lat' dir='ltr'><strong>erat</strong></span> <span class='ocrx_word' id='word_1_110' title='bbox 1363 1435 1660 1490; x_wconf 88' lang='lat' dir='ltr'><strong>invisibilis</strong></span> <span class='ocrx_word' id='word_1_111' title='bbox 1701 1440 1756 1489; x_wconf 91' lang='lat' dir='ltr'><strong>et</strong></span> <span class='ocrx_word' id='word_1_112' title='bbox 1796 1435 2191 1505; x_wconf 88' lang='lat' dir='ltr'><strong>incomposita,</strong></span> 
     </span>
    </p>
   </div>
   <div class='ocr_carea' id='block_1_16' title="bbox 555 1529 2194 1602">
    <p class='ocr_par' dir='ltr' id='par_1_16' title="bbox 555 1529 2194 1602">
     <span class='ocr_line' id='line_1_16' title="bbox 555 1529 2194 1602; baseline -0.005 -12"><span class='ocrx_word' id='word_1_113' title='bbox 555 1539 612 1590; x_wconf 87' lang='lat' dir='ltr'><strong>et</strong></span> <span class='ocrx_word' id='word_1_114' title='bbox 649 1532 903 1588; x_wconf 69' lang='lat' dir='ltr'><strong>tenebras</strong></span> <span class='ocrx_word' id='word_1_115' title='bbox 947 1534 1110 1585; x_wconf 90' lang='lat' dir='ltr'><strong>erant</strong></span> <span class='ocrx_word' id='word_1_116' title='bbox 1150 1548 1324 1602; x_wconf 86' lang='lat' dir='ltr'><strong>super</strong></span> <span class='ocrx_word' id='word_1_117' title='bbox 1371 1531 1658 1602; x_wconf 80' lang='lat' dir='ltr'><strong>abyssum,</strong></span> <span class='ocrx_word' id='word_1_118' title='bbox 1701 1536 1756 1584; x_wconf 90' lang='lat' dir='ltr'><strong>et</strong></span> <span class='ocrx_word' id='word_1_119' title='bbox 1806 1529 2050 1600; x_wconf 85' lang='lat' dir='ltr'><strong>Spiritus</strong></span> <span class='ocrx_word' id='word_1_120' title='bbox 2094 1529 2194 1583; x_wconf 89' lang='lat' dir='ltr'><strong>Dei</strong></span> 
     </span>
    </p>
   </div>
   <div class='ocr_carea' id='block_1_17' title="bbox 553 1623 2198 1698">
    <p class='ocr_par' dir='ltr' id='par_1_17' title="bbox 553 1623 2198 1698">
     <span class='ocr_line' id='line_1_17' title="bbox 553 1623 2198 1698; baseline -0.003 -17"><span class='ocrx_word' id='word_1_121' title='bbox 553 1625 1019 1698; x_wconf 78' lang='lat' dir='ltr'><strong>superferebatur</strong></span> <span class='ocrx_word' id='word_1_122' title='bbox 1045 1642 1220 1697; x_wconf 89' lang='lat' dir='ltr'><strong>super</strong></span> <span class='ocrx_word' id='word_1_123' title='bbox 1254 1642 1430 1696; x_wconf 87' lang='lat' dir='ltr'><strong>aquas</strong></span> <span class='ocrx_word' id='word_1_124' title='bbox 1468 1626 1536 1678; x_wconf 68' lang='grc'>⁷⁷.</span> <span class='ocrx_word' id='word_1_125' title='bbox 1583 1627 1650 1679; x_wconf 88' lang='lat' dir='ltr'><strong>Et</strong></span> <span class='ocrx_word' id='word_1_126' title='bbox 1678 1623 1823 1678; x_wconf 81' lang='lat' dir='ltr'><strong>dixit</strong></span> <span class='ocrx_word' id='word_1_127' title='bbox 1850 1625 1997 1678; x_wconf 91' lang='lat' dir='ltr'><strong>Deus</strong></span> <span class='ocrx_word' id='word_1_128' title='bbox 2031 1641 2043 1678; x_wconf 90' lang='lat'><strong>:</strong></span> <span class='ocrx_word' id='word_1_129' title='bbox 2079 1624 2198 1677; x_wconf 81' lang='lat' dir='ltr'><strong>Fiat</strong></span> 
     </span>
    </p>
   </div>
   <div class='ocr_carea' id='block_1_18' title="bbox 555 1718 2194 1790">
    <p class='ocr_par' dir='ltr' id='par_1_18' title="bbox 555 1718 2194 1790">
     <span class='ocr_line' id='line_1_18' title="bbox 555 1718 2194 1790; baseline -0.002 -15"><span class='ocrx_word' id='word_1_130' title='bbox 555 1721 683 1787; x_wconf 88' lang='lat' dir='ltr'><strong>lux;</strong></span> <span class='ocrx_word' id='word_1_131' title='bbox 716 1726 771 1774; x_wconf 91' lang='lat' dir='ltr'><strong>et</strong></span> <span class='ocrx_word' id='word_1_132' title='bbox 801 1721 950 1774; x_wconf 82' lang='lat' dir='ltr'><strong>facta</strong></span> <span class='ocrx_word' id='word_1_133' title='bbox 980 1725 1066 1774; x_wconf 90' lang='lat' dir='ltr'><strong>est</strong></span> <span class='ocrx_word' id='word_1_134' title='bbox 1093 1721 1205 1788; x_wconf 87' lang='lat' dir='ltr'><strong>lux,</strong></span> <span class='ocrx_word' id='word_1_135' title='bbox 1239 1727 1295 1774; x_wconf 88' lang='lat' dir='ltr'><strong>et</strong></span> <span class='ocrx_word' id='word_1_136' title='bbox 1326 1720 1632 1773; x_wconf 91' lang='lat' dir='ltr'><strong>viditDeus</strong></span> <span class='ocrx_word' id='word_1_137' title='bbox 1660 1720 1848 1773; x_wconf 86' lang='lat' dir='ltr'><strong>lucem</strong></span> <span class='ocrx_word' id='word_1_138' title='bbox 1881 1718 2015 1790; x_wconf 85' lang='lat' dir='ltr'><strong>quia</strong></span> <span class='ocrx_word' id='word_1_139' title='bbox 2044 1718 2194 1772; x_wconf 87' lang='lat' dir='ltr'><strong>boxxa</strong></span> 
     </span>
    </p>
   </div>
   <div class='ocr_carea' id='block_1_19' title="bbox 556 1781 2270 1870">
    <p class='ocr_par' dir='ltr' id='par_1_19' title="bbox 556 1781 2270 1870">
     <span class='ocr_line' id='line_1_19' title="bbox 556 1781 2270 1870; baseline -0.002 -1"><span class='ocrx_word' id='word_1_140' title='bbox 556 1781 753 1870; x_wconf 19' lang='lat' dir='ltr'><strong>estdEt</strong></span> <span class='ocrx_word' id='word_1_141' title='bbox 776 1815 968 1868; x_wconf 85' lang='lat' dir='ltr'><strong>divisit</strong></span> <span class='ocrx_word' id='word_1_142' title='bbox 998 1817 1144 1870; x_wconf 90' lang='lat' dir='ltr'><strong>Deus</strong></span> <span class='ocrx_word' id='word_1_143' title='bbox 1167 1781 1318 1868; x_wconf 83' lang='lat' dir='ltr'><strong>inter</strong></span> <span class='ocrx_word' id='word_1_144' title='bbox 1346 1815 1530 1868; x_wconf 90' lang='lat' dir='ltr'><strong>lucem</strong></span> <span class='ocrx_word' id='word_1_145' title='bbox 1564 1817 1620 1868; x_wconf 91' lang='lat' dir='ltr'><strong>et</strong></span> <span class='ocrx_word' id='word_1_146' title='bbox 1653 1814 1803 1868; x_wconf 89' lang='lat' dir='ltr'><strong>inter</strong></span> <span class='ocrx_word' id='word_1_147' title='bbox 1829 1814 1874 1847; x_wconf 83' lang='grc'>⁷³</span> <span class='ocrx_word' id='word_1_148' title='bbox 1896 1781 2189 1867; x_wconf 71' lang='lat' dir='ltr'><strong>tenebras.</strong></span> <span class='ocrx_word' id='word_1_149' title='bbox 2215 1781 2270 1852; x_wconf 82' lang='grc' dir='ltr'>Β</span> 
     </span>
    </p>
   </div>
   <div class='ocr_carea' id='block_1_20' title="bbox 556 1908 2190 1974">
    <p class='ocr_par' dir='ltr' id='par_1_20' title="bbox 556 1908 2190 1974">
     <span class='ocr_line' id='line_1_20' title="bbox 556 1908 2190 1974; baseline -0.002 -9"><span class='ocrx_word' id='word_1_150' title='bbox 556 1911 624 1965; x_wconf 87' lang='lat' dir='ltr'><strong>Et</strong></span> <span class='ocrx_word' id='word_1_151' title='bbox 649 1909 862 1963; x_wconf 90' lang='lat' dir='ltr'><strong>vocavit</strong></span> <span class='ocrx_word' id='word_1_152' title='bbox 895 1911 1041 1964; x_wconf 90' lang='lat' dir='ltr'><strong>Deus</strong></span> <span class='ocrx_word' id='word_1_153' title='bbox 1084 1909 1272 1963; x_wconf 88' lang='lat' dir='ltr'><strong>lucem</strong></span> <span class='ocrx_word' id='word_1_154' title='bbox 1305 1909 1475 1974; x_wconf 91' lang='lat' dir='ltr'><strong>diem,</strong></span> <span class='ocrx_word' id='word_1_155' title='bbox 1507 1915 1564 1963; x_wconf 87' lang='lat' dir='ltr'><strong>et</strong></span> <span class='ocrx_word' id='word_1_156' title='bbox 1601 1908 1862 1962; x_wconf 87' lang='lat' dir='ltr'><strong>tenebras</strong></span> <span class='ocrx_word' id='word_1_157' title='bbox 1901 1908 2115 1962; x_wconf 90' lang='lat' dir='ltr'><strong>vocavit</strong></span> <span class='ocrx_word' id='word_1_158' title='bbox 2144 1909 2190 1942; x_wconf 68' lang='lat'><strong>7‘</strong></span> 
     </span>
    </p>
   </div>
   <div class='ocr_carea' id='block_1_21' title="bbox 557 1999 2192 2073">
    <p class='ocr_par' dir='ltr' id='par_1_21' title="bbox 557 1999 2192 2073">
     <span class='ocr_line' id='line_1_21' title="bbox 557 1999 2192 2073; baseline -0.001 -16"><span class='ocrx_word' id='word_1_159' title='bbox 557 2008 808 2057; x_wconf 90' lang='lat' dir='ltr'><strong>noctem.</strong></span> <span class='ocrx_word' id='word_1_160' title='bbox 838 2004 904 2058; x_wconf 88' lang='lat' dir='ltr'><strong>Et</strong></span> <span class='ocrx_word' id='word_1_161' title='bbox 933 2003 1082 2057; x_wconf 82' lang='lat' dir='ltr'><strong>facta</strong></span> <span class='ocrx_word' id='word_1_162' title='bbox 1109 2008 1194 2057; x_wconf 90' lang='lat' dir='ltr'><strong>est</strong></span> <span class='ocrx_word' id='word_1_163' title='bbox 1221 2019 1458 2073; x_wconf 85' lang='lat' dir='ltr'><strong>vespera</strong></span> <span class='ocrx_word' id='word_1_164' title='bbox 1483 1999 1527 2037; x_wconf 84' lang='grc'>⁷⁵</span> <span class='ocrx_word' id='word_1_165' title='bbox 1556 2005 1613 2056; x_wconf 92' lang='lat' dir='ltr'><strong>et</strong></span> <span class='ocrx_word' id='word_1_166' title='bbox 1646 2003 1858 2057; x_wconf 86' lang='lat' dir='ltr'><strong>factum</strong></span> <span class='ocrx_word' id='word_1_167' title='bbox 1903 2005 1986 2057; x_wconf 88' lang='lat' dir='ltr'><strong>est</strong></span> <span class='ocrx_word' id='word_1_168' title='bbox 2022 2019 2192 2056; x_wconf 89' lang='lat' dir='ltr'><strong>mane</strong></span> 
     </span>
    </p>
   </div>
   <div class='ocr_carea' id='block_1_22' title="bbox 561 2097 938 2152">
    <p class='ocr_par' dir='ltr' id='par_1_22' title="bbox 561 2097 938 2152">
     <span class='ocr_line' id='line_1_22' title="bbox 561 2097 938 2152; baseline -0.005 0"><span class='ocrx_word' id='word_1_169' title='bbox 561 2097 678 2152; x_wconf 90' lang='lat' dir='ltr'><strong>dies</strong></span> <span class='ocrx_word' id='word_1_170' title='bbox 704 2113 874 2151; x_wconf 88' lang='lat' dir='ltr'><strong>unus.</strong></span> <span class='ocrx_word' id='word_1_171' title='bbox 911 2116 938 2149; x_wconf 80' lang='grc'><strong>››</strong></span> 
     </span>
    </p>
   </div>
   <div class='ocr_carea' id='block_1_23' title="bbox 631 2190 2196 2262">
    <p class='ocr_par' dir='ltr' id='par_1_23' title="bbox 631 2190 2196 2262">
     <span class='ocr_line' id='line_1_23' title="bbox 631 2190 2196 2262; baseline 0.001 -17"><span class='ocrx_word' id='word_1_172' title='bbox 631 2190 954 2246; x_wconf 80' lang='lat' dir='ltr'><strong>Referendo</strong></span> <span class='ocrx_word' id='word_1_173' title='bbox 993 2191 1040 2226; x_wconf 81' lang='grc'>⁷⁸</span> <span class='ocrx_word' id='word_1_174' title='bbox 1080 2191 1256 2262; x_wconf 86' lang='lat' dir='ltr'><strong>igitur</strong></span> <span class='ocrx_word' id='word_1_175' title='bbox 1299 2198 1355 2246; x_wconf 86' lang='lat' dir='ltr'><strong>et</strong></span> <span class='ocrx_word' id='word_1_176' title='bbox 1395 2190 1734 2246; x_wconf 90' lang='lat' dir='ltr'><strong>insinuando</strong></span> <span class='ocrx_word' id='word_1_177' title='bbox 1759 2191 1951 2262; x_wconf 63' lang='lat' dir='ltr'><strong>{nobis</strong></span> <span class='ocrx_word' id='word_1_178' title='bbox 1997 2195 2196 2247; x_wconf 88' lang='lat' dir='ltr'><strong>sancta</strong></span> 
     </span>
    </p>
   </div>
   <div class='ocr_carea' id='block_1_24' title="bbox 562 2285 2196 2356">
    <p class='ocr_par' dir='ltr' id='par_1_24' title="bbox 562 2285 2196 2356">
     <span class='ocr_line' id='line_1_24' title="bbox 562 2285 2196 2356; baseline 0 -15"><span class='ocrx_word' id='word_1_179' title='bbox 562 2285 854 2356; x_wconf 84' lang='lat' dir='ltr'><strong>Scriptura</strong></span> <span class='ocrx_word' id='word_1_180' title='bbox 905 2286 1098 2356; x_wconf 89' lang='lat' dir='ltr'><strong>ipsum</strong></span> <span class='ocrx_word' id='word_1_181' title='bbox 1155 2286 1454 2340; x_wconf 90' lang='lat' dir='ltr'><strong>Dominum</strong></span> <span class='ocrx_word' id='word_1_182' title='bbox 1507 2285 1762 2342; x_wconf 82' lang='lat' dir='ltr'><strong>divisisse</strong></span> <span class='ocrx_word' id='word_1_183' title='bbox 1820 2287 1970 2341; x_wconf 89' lang='lat' dir='ltr'><strong>inter</strong></span> <span class='ocrx_word' id='word_1_184' title='bbox 2011 2288 2196 2342; x_wconf 86' lang='lat' dir='ltr'><strong>lucem</strong></span> 
     </span>
    </p>
   </div>
   <div class='ocr_carea' id='block_1_25' title="bbox 563 2379 2198 2450">
    <p class='ocr_par' dir='ltr' id='par_1_25' title="bbox 563 2379 2198 2450">
     <span class='ocr_line' id='line_1_25' title="bbox 563 2379 2198 2450; baseline 0.001 -15"><span class='ocrx_word' id='word_1_185' title='bbox 563 2385 620 2435; x_wconf 89' lang='lat' dir='ltr'><strong>et</strong></span> <span class='ocrx_word' id='word_1_186' title='bbox 651 2379 802 2436; x_wconf 89' lang='lat' dir='ltr'><strong>inter</strong></span> <span class='ocrx_word' id='word_1_187' title='bbox 839 2381 883 2414; x_wconf 90' lang='grc'><strong>⁷⁷</strong></span> <span class='ocrx_word' id='word_1_188' title='bbox 926 2380 1208 2448; x_wconf 88' lang='lat' dir='ltr'><strong>tenebras,</strong></span> <span class='ocrx_word' id='word_1_189' title='bbox 1253 2380 1307 2435; x_wconf 92' lang='lat' dir='ltr'><strong>id</strong></span> <span class='ocrx_word' id='word_1_190' title='bbox 1355 2385 1437 2435; x_wconf 90' lang='lat' dir='ltr'><strong>est</strong></span> <span class='ocrx_word' id='word_1_191' title='bbox 1482 2381 1630 2436; x_wconf 88' lang='lat' dir='ltr'><strong>inter</strong></span> <span class='ocrx_word' id='word_1_192' title='bbox 1671 2380 1822 2436; x_wconf 89' lang='lat' dir='ltr'><strong>diem</strong></span> <span class='ocrx_word' id='word_1_193' title='bbox 1853 2385 1909 2436; x_wconf 88' lang='lat' dir='ltr'><strong>et</strong></span> <span class='ocrx_word' id='word_1_194' title='bbox 1949 2388 2198 2450; x_wconf 84' lang='lat' dir='ltr'><strong>noctem,</strong></span> 
     </span>
    </p>
   </div>
   <div class='ocr_carea' id='block_1_26' title="bbox 2289 489 3862 564">
    <p class='ocr_par' dir='ltr' id='par_1_26' title="bbox 2289 489 3862 564">
     <span class='ocr_line' id='line_1_26' title="bbox 2289 489 3862 564; baseline 0.009 -22"><span class='ocrx_word' id='word_1_195' title='bbox 2289 493 2625 558; x_wconf 84' lang='lat' dir='ltr'><strong>sequentem</strong></span> <span class='ocrx_word' id='word_1_196' title='bbox 2665 489 2786 560; x_wconf 88' lang='lat' dir='ltr'><strong>ejus</strong></span> <span class='ocrx_word' id='word_1_197' title='bbox 2833 493 3062 546; x_wconf 89' lang='lat' dir='ltr'><strong>noctem</strong></span> <span class='ocrx_word' id='word_1_198' title='bbox 3103 493 3184 559; x_wconf 72' lang='lat'><strong>7’;</strong></span> <span class='ocrx_word' id='word_1_199' title='bbox 3221 492 3374 548; x_wconf 91' lang='lat' dir='ltr'><strong>inter</strong></span> <span class='ocrx_word' id='word_1_200' title='bbox 3410 510 3543 564; x_wconf 90' lang='lat' dir='ltr'><strong>quos</strong></span> <span class='ocrx_word' id='word_1_201' title='bbox 3576 500 3800 556; x_wconf 89' lang='lat' dir='ltr'><strong>omnium</strong></span> <span class='ocrx_word' id='word_1_202' title='bbox 3826 505 3862 538; x_wconf 74' lang='grc' dir='ltr'>⁸ο</span> 
     </span>
    </p>
   </div>
   <div class='ocr_carea' id='block_1_27' title="bbox 2290 582 3865 658">
    <p class='ocr_par' dir='ltr' id='par_1_27' title="bbox 2290 582 3865 658">
     <span class='ocr_line' id='line_1_27' title="bbox 2290 582 3865 658; baseline 0.01 -22"><span class='ocrx_word' id='word_1_203' title='bbox 2290 582 2492 636; x_wconf 81' lang='lat' dir='ltr'><strong>artifex</strong></span> <span class='ocrx_word' id='word_1_204' title='bbox 2544 583 2856 654; x_wconf 65' lang='lat' dir='ltr'><strong>aequaliter,</strong></span> <span class='ocrx_word' id='word_1_205' title='bbox 2915 585 3020 640; x_wconf 90' lang='lat' dir='ltr'><strong>hoc</strong></span> <span class='ocrx_word' id='word_1_206' title='bbox 3074 588 3158 640; x_wconf 88' lang='lat' dir='ltr'><strong>est</strong></span> <span class='ocrx_word' id='word_1_207' title='bbox 3212 585 3750 658; x_wconf 87' lang='lat' dir='ltr'><strong>irreprehensibiliter</strong></span> <span class='ocrx_word' id='word_1_208' title='bbox 3802 596 3865 650; x_wconf 86' lang='lat' dir='ltr'><strong>di-</strong></span> 
     </span>
    </p>
   </div>
   <div class='ocr_carea' id='block_1_28' title="bbox 2290 675 2436 730">
    <p class='ocr_par' dir='ltr' id='par_1_28' title="bbox 2290 675 2436 730">
     <span class='ocr_line' id='line_1_28' title="bbox 2290 675 2436 730; baseline 0.014 -2"><span class='ocrx_word' id='word_1_209' title='bbox 2290 675 2436 730; x_wconf 86' lang='lat' dir='ltr'><strong>visit.</strong></span> 
     </span>
    </p>
   </div>
   <div class='ocr_carea' id='block_1_29' title="bbox 2361 768 3864 852">
    <p class='ocr_par' dir='ltr' id='par_1_29' title="bbox 2361 768 3864 852">
     <span class='ocr_line' id='line_1_29' title="bbox 2361 768 3864 852; baseline 0.009 -28"><span class='ocrx_word' id='word_1_210' title='bbox 2361 768 2468 834; x_wconf 85' lang='lat' dir='ltr'><strong>Qui</strong></span> <span class='ocrx_word' id='word_1_211' title='bbox 2499 788 2650 826; x_wconf 91' lang='lat' dir='ltr'><strong>nunc</strong></span> <span class='ocrx_word' id='word_1_212' title='bbox 2686 771 2726 808; x_wconf 82' lang='grc'>⁸¹</span> <span class='ocrx_word' id='word_1_213' title='bbox 2753 773 3260 847; x_wconf 87' lang='lat' dir='ltr'><strong>comprehenditur</strong></span> <span class='ocrx_word' id='word_1_214' title='bbox 3287 791 3406 832; x_wconf 88' lang='lat' dir='ltr'><strong>esse</strong></span> <span class='ocrx_word' id='word_1_215' title='bbox 3435 777 3506 848; x_wconf 87' lang='lat'>(9)</span> <span class='ocrx_word' id='word_1_216' title='bbox 3536 794 3624 832; x_wconf 84' lang='lat' dir='ltr'><strong>vxxx</strong></span> <span class='ocrx_word' id='word_1_217' title='bbox 3653 778 3726 834; x_wconf 85' lang='lat' dir='ltr'><strong>Kl.</strong></span> <span class='ocrx_word' id='word_1_218' title='bbox 3755 782 3864 852; x_wconf 75' lang='lat' dir='ltr'><strong>Apr.</strong></span> 
     </span>
    </p>
   </div>
   <div class='ocr_carea' id='block_1_30' title="bbox 2294 865 3866 945">
    <p class='ocr_par' dir='ltr' id='par_1_30' title="bbox 2294 865 3866 945">
     <span class='ocr_line' id='line_1_30' title="bbox 2294 865 3866 945; baseline 0.007 -26"><span class='ocrx_word' id='word_1_219' title='bbox 2294 881 2326 919; x_wconf 89' lang='lat' dir='ltr'><strong>a</strong></span> <span class='ocrx_word' id='word_1_220' title='bbox 2351 881 2462 935; x_wconf 91' lang='lat' dir='ltr'><strong>quo</strong></span> <span class='ocrx_word' id='word_1_221' title='bbox 2487 865 2589 934; x_wconf 67' lang='lat' dir='ltr'><strong>{die</strong></span> <span class='ocrx_word' id='word_1_222' title='bbox 2630 873 3026 938; x_wconf 88' lang='lat' dir='ltr'><strong>computantes</strong></span> <span class='ocrx_word' id='word_1_223' title='bbox 3055 869 3229 941; x_wconf 86' lang='lat' dir='ltr'><strong>aliqui</strong></span> <span class='ocrx_word' id='word_1_224' title='bbox 3274 886 3341 925; x_wconf 89' lang='lat' dir='ltr'><strong>ex</strong></span> <span class='ocrx_word' id='word_1_225' title='bbox 3383 871 3538 925; x_wconf 89' lang='lat' dir='ltr'><strong>nobis</strong></span> <span class='ocrx_word' id='word_1_226' title='bbox 3572 873 3661 944; x_wconf 90' lang='lat' dir='ltr'><strong>qui</strong></span> <span class='ocrx_word' id='word_1_227' title='bbox 3689 875 3866 945; x_wconf 83' lang='lat' dir='ltr'><strong>priores</strong></span> 
     </span>
    </p>
   </div>
   <div class='ocr_carea' id='block_1_31' title="bbox 2293 960 3866 1041">
    <p class='ocr_par' dir='ltr' id='par_1_31' title="bbox 2293 960 3866 1041">
     <span class='ocr_line' id='line_1_31' title="bbox 2293 960 3866 1041; baseline 0.007 -28"><span class='ocrx_word' id='word_1_228' title='bbox 2293 960 2592 1014; x_wconf 91' lang='lat' dir='ltr'><strong>voluerunt</strong></span> <span class='ocrx_word' id='word_1_229' title='bbox 2621 961 2772 1016; x_wconf 86' lang='lat' dir='ltr'><strong>hunc</strong></span> <span class='ocrx_word' id='word_1_230' title='bbox 2800 979 3054 1018; x_wconf 86' lang='lat' dir='ltr'><strong>mensem</strong></span> <span class='ocrx_word' id='word_1_231' title='bbox 3092 980 3305 1018; x_wconf 92' lang='lat' dir='ltr'><strong>novum</strong></span> <span class='ocrx_word' id='word_1_232' title='bbox 3348 966 3650 1035; x_wconf 89' lang='lat' dir='ltr'><strong>ostendere,</strong></span> <span class='ocrx_word' id='word_1_233' title='bbox 3693 972 3740 1022; x_wconf 91' lang='lat' dir='ltr'><strong>et</strong></span> <span class='ocrx_word' id='word_1_234' title='bbox 3773 971 3866 1041; x_wconf 85' lang='lat' dir='ltr'><strong>ipso</strong></span> 
     </span>
    </p>
   </div>
   <div class='ocr_carea' id='block_1_32' title="bbox 2293 1053 3870 1118">
    <p class='ocr_par' dir='ltr' id='par_1_32' title="bbox 2293 1053 3870 1118">
     <span class='ocr_line' id='line_1_32' title="bbox 2293 1053 3870 1118; baseline 0.007 -11"><span class='ocrx_word' id='word_1_235' title='bbox 2293 1069 2382 1109; x_wconf 87' lang='lat' dir='ltr'><strong>xxv</strong></span> <span class='ocrx_word' id='word_1_236' title='bbox 2409 1053 2549 1110; x_wconf 89' lang='lat' dir='ltr'><strong>luna</strong></span> <span class='ocrx_word' id='word_1_237' title='bbox 2580 1055 2811 1110; x_wconf 88' lang='lat' dir='ltr'><strong>iuventa</strong></span> <span class='ocrx_word' id='word_1_238' title='bbox 2837 1057 2954 1112; x_wconf 91' lang='lat' dir='ltr'><strong>dies</strong></span> <span class='ocrx_word' id='word_1_239' title='bbox 2985 1058 3212 1112; x_wconf 86' lang='lat' dir='ltr'><strong>Paschae</strong></span> <span class='ocrx_word' id='word_1_240' title='bbox 3241 1059 3550 1114; x_wconf 89' lang='lat' dir='ltr'><strong>secundum</strong></span> <span class='ocrx_word' id='word_1_241' title='bbox 3578 1060 3770 1116; x_wconf 68' lang='lat' dir='ltr'><strong>Iudaeos</strong></span> <span class='ocrx_word' id='word_1_242' title='bbox 3795 1063 3870 1118; x_wconf 83' lang='lat' dir='ltr'><strong>de-</strong></span> 
     </span>
    </p>
   </div>
   <div class='ocr_carea' id='block_1_33' title="bbox 2294 1150 3867 1219">
    <p class='ocr_par' dir='ltr' id='par_1_33' title="bbox 2294 1150 3867 1219">
     <span class='ocr_line' id='line_1_33' title="bbox 2294 1150 3867 1219; baseline 0.006 -17"><span class='ocrx_word' id='word_1_243' title='bbox 2294 1152 2652 1219; x_wconf 83' lang='lat' dir='ltr'><strong>monstrare;</strong></span> <span class='ocrx_word' id='word_1_244' title='bbox 2701 1150 2963 1206; x_wconf 86' lang='lat' dir='ltr'><strong>dixerunt</strong></span> <span class='ocrx_word' id='word_1_245' title='bbox 3003 1153 3273 1208; x_wconf 88' lang='lat' dir='ltr'><strong>eumdem</strong></span> <span class='ocrx_word' id='word_1_246' title='bbox 3326 1169 3578 1208; x_wconf 89' lang='lat' dir='ltr'><strong>mensem</strong></span> <span class='ocrx_word' id='word_1_247' title='bbox 3627 1156 3688 1210; x_wconf 91' lang='lat' dir='ltr'><strong>ab</strong></span> <span class='ocrx_word' id='word_1_248' title='bbox 3732 1157 3794 1210; x_wconf 89' lang='lat' dir='ltr'><strong>ld.</strong></span> <span class='ocrx_word' id='word_1_249' title='bbox 3833 1157 3867 1192; x_wconf 75' lang='grc'><strong>⁸³</strong></span> 
     </span>
    </p>
   </div>
   <div class='ocr_carea' id='block_1_34' title="bbox 2294 1243 3871 1318">
    <p class='ocr_par' dir='ltr' id='par_1_34' title="bbox 2294 1243 3871 1318">
     <span class='ocr_line' id='line_1_34' title="bbox 2294 1243 3871 1318; baseline 0.005 -21"><span class='ocrx_word' id='word_1_250' title='bbox 2294 1244 2472 1298; x_wconf 84' lang='lat' dir='ltr'><strong>Martii</strong></span> <span class='ocrx_word' id='word_1_251' title='bbox 2501 1243 2754 1315; x_wconf 85' lang='lat' dir='ltr'><strong>incipere</strong></span> <span class='ocrx_word' id='word_1_252' title='bbox 2785 1249 2841 1301; x_wconf 88' lang='lat' dir='ltr'><strong>et</strong></span> <span class='ocrx_word' id='word_1_253' title='bbox 2870 1246 2925 1300; x_wconf 90' lang='lat' dir='ltr'><strong>in</strong></span> <span class='ocrx_word' id='word_1_254' title='bbox 2955 1247 3102 1302; x_wconf 89' lang='lat' dir='ltr'><strong>diem</strong></span> <span class='ocrx_word' id='word_1_255' title='bbox 3130 1248 3210 1302; x_wconf 91' lang='lat' dir='ltr'><strong>Id.</strong></span> <span class='ocrx_word' id='word_1_256' title='bbox 3243 1250 3376 1318; x_wconf 82' lang='lat' dir='ltr'><strong>Apr.</strong></span> <span class='ocrx_word' id='word_1_257' title='bbox 3414 1264 3804 1317; x_wconf 86' lang='lat' dir='ltr'><strong>consummare;</strong></span> <span class='ocrx_word' id='word_1_258' title='bbox 3829 1257 3871 1305; x_wconf 86' lang='lat' dir='ltr'><strong>et</strong></span> 
     </span>
    </p>
   </div>
   <div class='ocr_carea' id='block_1_35' title="bbox 2295 1337 3872 1413">
    <p class='ocr_par' dir='ltr' id='par_1_35' title="bbox 2295 1337 3872 1413">
     <span class='ocr_line' id='line_1_35' title="bbox 2295 1337 3872 1413; baseline 0.004 -21"><span class='ocrx_word' id='word_1_259' title='bbox 2295 1337 2372 1392; x_wconf 90' lang='lat' dir='ltr'><strong>sic</strong></span> <span class='ocrx_word' id='word_1_260' title='bbox 2424 1339 2808 1409; x_wconf 81' lang='lat' dir='ltr'><strong>impcgerunt.</strong></span> <span class='ocrx_word' id='word_1_261' title='bbox 2851 1344 2929 1394; x_wconf 83' lang='lat' dir='ltr'><strong>Ac</strong></span> <span class='ocrx_word' id='word_1_262' title='bbox 2984 1349 3286 1412; x_wconf 85' lang='lat' dir='ltr'><strong>propterea</strong></span> <span class='ocrx_word' id='word_1_263' title='bbox 3344 1343 3492 1413; x_wconf 88' lang='lat' dir='ltr'><strong>ipsos</strong></span> <span class='ocrx_word' id='word_1_264' title='bbox 3548 1343 3659 1399; x_wconf 90' lang='lat' dir='ltr'><strong>dies</strong></span> <span class='ocrx_word' id='word_1_265' title='bbox 3710 1362 3796 1398; x_wconf 84' lang='lat' dir='ltr'><strong>xxx</strong></span> <span class='ocrx_word' id='word_1_266' title='bbox 3840 1345 3872 1380; x_wconf 73' lang='grc'>⁸³</span> 
     </span>
    </p>
   </div>
   <div class='ocr_carea' id='block_1_36' title="bbox 2295 1433 3876 1506">
    <p class='ocr_par' dir='ltr' id='par_1_36' title="bbox 2295 1433 3876 1506">
     <span class='ocr_line' id='line_1_36' title="bbox 2295 1433 3876 1506; baseline 0.004 -20"><span class='ocrx_word' id='word_1_267' title='bbox 2295 1434 2549 1504; x_wconf 82' lang='lat' dir='ltr'><strong>quamvis</strong></span> <span class='ocrx_word' id='word_1_268' title='bbox 2572 1433 2763 1506; x_wconf 80' lang='grc'>946</span> <span class='ocrx_word' id='word_1_269' title='bbox 2791 1441 2942 1489; x_wconf 89' lang='lat' dir='ltr'><strong>recte</strong></span> <span class='ocrx_word' id='word_1_270' title='bbox 2967 1435 3339 1491; x_wconf 87' lang='lat' dir='ltr'><strong>diviserintin</strong></span> <span class='ocrx_word' id='word_1_271' title='bbox 3369 1453 3424 1490; x_wconf 84' lang='lat' dir='ltr'><strong>xx</strong></span> <span class='ocrx_word' id='word_1_272' title='bbox 3451 1441 3507 1490; x_wconf 92' lang='lat' dir='ltr'><strong>et</strong></span> <span class='ocrx_word' id='word_1_273' title='bbox 3532 1453 3619 1492; x_wconf 70' lang='lat' dir='ltr'><strong>xxx</strong></span> <span class='ocrx_word' id='word_1_274' title='bbox 3637 1437 3675 1472; x_wconf 66' lang='grc'><strong>⁸⁸</strong></span> <span class='ocrx_word' id='word_1_275' title='bbox 3702 1455 3713 1490; x_wconf 90' lang='lat'><strong>:</strong></span> <span class='ocrx_word' id='word_1_276' title='bbox 3740 1441 3876 1493; x_wconf 86' lang='lat' dir='ltr'><strong>unde-</strong></span> 
     </span>
    </p>
   </div>
   <div class='ocr_carea' id='block_1_37' title="bbox 2296 1527 3873 1605">
    <p class='ocr_par' dir='ltr' id='par_1_37' title="bbox 2296 1527 3873 1605">
     <span class='ocr_line' id='line_1_37' title="bbox 2296 1527 3873 1605; baseline 0.004 -23"><span class='ocrx_word' id='word_1_277' title='bbox 2296 1527 2404 1582; x_wconf 90' lang='lat' dir='ltr'><strong>cim</strong></span> <span class='ocrx_word' id='word_1_278' title='bbox 2437 1529 2647 1584; x_wconf 89' lang='lat' dir='ltr'><strong>scilicet</strong></span> <span class='ocrx_word' id='word_1_279' title='bbox 2671 1531 2714 1565; x_wconf 72' lang='grc'><strong>³⁵</strong></span> <span class='ocrx_word' id='word_1_280' title='bbox 2743 1530 2799 1583; x_wconf 88' lang='lat' dir='ltr'><strong>in</strong></span> <span class='ocrx_word' id='word_1_281' title='bbox 2833 1531 3125 1586; x_wconf 90' lang='lat' dir='ltr'><strong>communi</strong></span> <span class='ocrx_word' id='word_1_282' title='bbox 3158 1548 3309 1585; x_wconf 91' lang='lat' dir='ltr'><strong>anno</strong></span> <span class='ocrx_word' id='word_1_283' title='bbox 3349 1538 3655 1586; x_wconf 87' lang='lat' dir='ltr'><strong>retrorsum</strong></span> <span class='ocrx_word' id='word_1_284' title='bbox 3683 1550 3873 1605; x_wconf 82' lang='lat' dir='ltr'><strong>compu-</strong></span> 
     </span>
    </p>
   </div>
   <div class='ocr_carea' id='block_1_38' title="bbox 2297 1623 3875 1697">
    <p class='ocr_par' dir='ltr' id='par_1_38' title="bbox 2297 1623 3875 1697">
     <span class='ocr_line' id='line_1_38' title="bbox 2297 1623 3875 1697; baseline 0.004 -22"><span class='ocrx_word' id='word_1_285' title='bbox 2297 1625 2497 1690; x_wconf 85' lang='lat' dir='ltr'><strong>tantes,</strong></span> <span class='ocrx_word' id='word_1_286' title='bbox 2550 1628 2605 1676; x_wconf 93' lang='lat' dir='ltr'><strong>et</strong></span> <span class='ocrx_word' id='word_1_287' title='bbox 2649 1623 2718 1677; x_wconf 91' lang='lat' dir='ltr'><strong>ad</strong></span> <span class='ocrx_word' id='word_1_288' title='bbox 2769 1623 2898 1680; x_wconf 90' lang='lat' dir='ltr'><strong>ldus</strong></span> <span class='ocrx_word' id='word_1_289' title='bbox 2946 1625 3123 1680; x_wconf 84' lang='lat' dir='ltr'><strong>Martii</strong></span> <span class='ocrx_word' id='word_1_290' title='bbox 3169 1627 3584 1697; x_wconf 86' lang='lat' dir='ltr'><strong>pervenientes,</strong></span> <span class='ocrx_word' id='word_1_291' title='bbox 3633 1627 3802 1681; x_wconf 86' lang='lat' dir='ltr'><strong>decem</strong></span> <span class='ocrx_word' id='word_1_292' title='bbox 3837 1633 3875 1681; x_wconf 87' lang='lat' dir='ltr'><strong>et</strong></span> 
     </span>
    </p>
   </div>
   <div class='ocr_carea' id='block_1_39' title="bbox 2298 1717 3877 1792">
    <p class='ocr_par' dir='ltr' id='par_1_39' title="bbox 2298 1717 3877 1792">
     <span class='ocr_line' id='line_1_39' title="bbox 2298 1717 3877 1792; baseline 0.004 -23"><span class='ocrx_word' id='word_1_293' title='bbox 2298 1733 2504 1770; x_wconf 90' lang='lat' dir='ltr'><strong>novem</strong></span> <span class='ocrx_word' id='word_1_294' title='bbox 2534 1719 2579 1754; x_wconf 64' lang='lat'><strong>3‘3</strong></span> <span class='ocrx_word' id='word_1_295' title='bbox 2603 1717 2660 1771; x_wconf 91' lang='lat' dir='ltr'><strong>in</strong></span> <span class='ocrx_word' id='word_1_296' title='bbox 2689 1717 2946 1788; x_wconf 88' lang='lat' dir='ltr'><strong>priorem</strong></span> <span class='ocrx_word' id='word_1_297' title='bbox 2977 1719 3139 1774; x_wconf 89' lang='lat' dir='ltr'><strong>illum</strong></span> <span class='ocrx_word' id='word_1_298' title='bbox 3167 1737 3386 1775; x_wconf 88' lang='lat' dir='ltr'><strong>annum</strong></span> <span class='ocrx_word' id='word_1_299' title='bbox 3418 1737 3531 1792; x_wconf 90' lang='lat' dir='ltr'><strong>quo</strong></span> <span class='ocrx_word' id='word_1_300' title='bbox 3564 1721 3877 1776; x_wconf 87' lang='lat' dir='ltr'><strong>embolismus</strong></span> 
     </span>
    </p>
   </div>
   <div class='ocr_carea' id='block_1_40' title="bbox 2295 1810 3874 1886">
    <p class='ocr_par' dir='ltr' id='par_1_40' title="bbox 2295 1810 3874 1886">
     <span class='ocr_line' id='line_1_40' title="bbox 2295 1810 3874 1886; baseline 0.004 -22"><span class='ocrx_word' id='word_1_301' title='bbox 2295 1810 2534 1865; x_wconf 89' lang='lat' dir='ltr'><strong>incnrrit</strong></span> <span class='ocrx_word' id='word_1_302' title='bbox 2562 1811 2952 1882; x_wconf 90' lang='lat' dir='ltr'><strong>immittentes,</strong></span> <span class='ocrx_word' id='word_1_303' title='bbox 2982 1817 3039 1868; x_wconf 89' lang='lat' dir='ltr'><strong>et</strong></span> <span class='ocrx_word' id='word_1_304' title='bbox 3066 1830 3246 1886; x_wconf 88' lang='lat' dir='ltr'><strong>usque</strong></span> <span class='ocrx_word' id='word_1_305' title='bbox 3281 1814 3356 1870; x_wconf 89' lang='lat' dir='ltr'><strong>ad</strong></span> <span class='ocrx_word' id='word_1_306' title='bbox 3395 1815 3526 1870; x_wconf 91' lang='lat' dir='ltr'><strong>ldus</strong></span> <span class='ocrx_word' id='word_1_307' title='bbox 3552 1817 3720 1886; x_wconf 78' lang='lat' dir='ltr'><strong>April.</strong></span> <span class='ocrx_word' id='word_1_308' title='bbox 3749 1817 3874 1870; x_wconf 78' lang='lat' dir='ltr'><strong>deve-</strong></span> 
     </span>
    </p>
   </div>
   <div class='ocr_carea' id='block_1_41' title="bbox 2294 1905 3877 1982">
    <p class='ocr_par' dir='ltr' id='par_1_41' title="bbox 2294 1905 3877 1982">
     <span class='ocr_line' id='line_1_41' title="bbox 2294 1905 3877 1982; baseline 0.003 -23"><span class='ocrx_word' id='word_1_309' title='bbox 2294 1905 2534 1961; x_wconf 90' lang='lat' dir='ltr'><strong>nientes.</strong></span> <span class='ocrx_word' id='word_1_310' title='bbox 2567 1907 2628 1960; x_wconf 93' lang='lat' dir='ltr'><strong>lu</strong></span> <span class='ocrx_word' id='word_1_311' title='bbox 2668 1907 2771 1962; x_wconf 86' lang='lat' dir='ltr'><strong>hoc</strong></span> <span class='ocrx_word' id='word_1_312' title='bbox 2813 1913 3172 1976; x_wconf 88' lang='lat' dir='ltr'><strong>erraverunt,</strong></span> <span class='ocrx_word' id='word_1_313' title='bbox 3205 1914 3265 1962; x_wconf 90' lang='lat' dir='ltr'><strong>ut</strong></span> <span class='ocrx_word' id='word_1_314' title='bbox 3293 1910 3432 1979; x_wconf 83' lang='lat' dir='ltr'><strong>dixi,</strong></span> <span class='ocrx_word' id='word_1_315' title='bbox 3478 1927 3604 1965; x_wconf 91' lang='lat' dir='ltr'><strong>cum</strong></span> <span class='ocrx_word' id='word_1_316' title='bbox 3639 1927 3753 1966; x_wconf 90' lang='lat' dir='ltr'><strong>vere</strong></span> <span class='ocrx_word' id='word_1_317' title='bbox 3789 1912 3877 1982; x_wconf 85' lang='lat' dir='ltr'><strong>pri-</strong></span> 
     </span>
    </p>
   </div>
   <div class='ocr_carea' id='block_1_42' title="bbox 2294 2001 3878 2075">
    <p class='ocr_par' dir='ltr' id='par_1_42' title="bbox 2294 2001 3878 2075">
     <span class='ocr_line' id='line_1_42' title="bbox 2294 2001 3878 2075; baseline 0.004 -21"><span class='ocrx_word' id='word_1_318' title='bbox 2294 2016 2455 2054; x_wconf 91' lang='lat' dir='ltr'><strong>mum</strong></span> <span class='ocrx_word' id='word_1_319' title='bbox 2497 2001 2648 2056; x_wconf 92' lang='lat' dir='ltr'><strong>diem</strong></span> <span class='ocrx_word' id='word_1_320' title='bbox 2685 2003 2814 2057; x_wconf 89' lang='lat' dir='ltr'><strong>novi</strong></span> <span class='ocrx_word' id='word_1_321' title='bbox 2853 2003 3062 2059; x_wconf 88' lang='lat' dir='ltr'><strong>mensis</strong></span> <span class='ocrx_word' id='word_1_322' title='bbox 3102 2004 3534 2075; x_wconf 88' lang='lat' dir='ltr'><strong>comprehensis</strong></span> <span class='ocrx_word' id='word_1_323' title='bbox 3579 2021 3687 2059; x_wconf 91' lang='lat' dir='ltr'><strong>non</strong></span> <span class='ocrx_word' id='word_1_324' title='bbox 3728 2008 3878 2075; x_wconf 82' lang='lat' dir='ltr'><strong>potue-</strong></span> 
     </span>
    </p>
   </div>
   <div class='ocr_carea' id='block_1_43' title="bbox 2295 2097 3877 2159">
    <p class='ocr_par' dir='ltr' id='par_1_43' title="bbox 2295 2097 3877 2159">
     <span class='ocr_line' id='line_1_43' title="bbox 2295 2097 3877 2159; baseline 0.003 -12"><span class='ocrx_word' id='word_1_325' title='bbox 2295 2099 2446 2148; x_wconf 89' lang='lat' dir='ltr'><strong>runt.</strong></span> <span class='ocrx_word' id='word_1_326' title='bbox 2477 2097 2610 2159; x_wconf 68' lang='lat' dir='ltr'><strong>Quae</strong></span> <span class='ocrx_word' id='word_1_327' title='bbox 2637 2113 2725 2150; x_wconf 90' lang='lat' dir='ltr'><strong>res</strong></span> <span class='ocrx_word' id='word_1_328' title='bbox 2757 2098 2836 2152; x_wconf 91' lang='lat' dir='ltr'><strong>sic</strong></span> <span class='ocrx_word' id='word_1_329' title='bbox 2873 2099 3043 2153; x_wconf 92' lang='lat' dir='ltr'><strong>modo</strong></span> <span class='ocrx_word' id='word_1_330' title='bbox 3086 2115 3213 2153; x_wconf 89' lang='lat' dir='ltr'><strong>vere</strong></span> <span class='ocrx_word' id='word_1_331' title='bbox 3255 2103 3486 2153; x_wconf 87' lang='lat' dir='ltr'><strong>ostensa</strong></span> <span class='ocrx_word' id='word_1_332' title='bbox 3523 2099 3877 2155; x_wconf 83' lang='lat' dir='ltr'><strong>demonstrabi-</strong></span> 
     </span>
    </p>
   </div>
   <div class='ocr_carea' id='block_1_44' title="bbox 2297 2190 3880 2264">
    <p class='ocr_par' dir='ltr' id='par_1_44' title="bbox 2297 2190 3880 2264">
     <span class='ocr_line' id='line_1_44' title="bbox 2297 2190 3880 2264; baseline 0.001 -21"><span class='ocrx_word' id='word_1_333' title='bbox 2297 2193 2410 2258; x_wconf 90' lang='lat' dir='ltr'><strong>tur,</strong></span> <span class='ocrx_word' id='word_1_334' title='bbox 2441 2206 2571 2244; x_wconf 89' lang='lat' dir='ltr'><strong>cum</strong></span> <span class='ocrx_word' id='word_1_335' title='bbox 2610 2190 2670 2244; x_wconf 91' lang='lat' dir='ltr'><strong>in</strong></span> <span class='ocrx_word' id='word_1_336' title='bbox 2704 2192 2823 2263; x_wconf 89' lang='lat' dir='ltr'><strong>ipso</strong></span> <span class='ocrx_word' id='word_1_337' title='bbox 2863 2193 3068 2248; x_wconf 89' lang='lat' dir='ltr'><strong>Pinace</strong></span> <span class='ocrx_word' id='word_1_338' title='bbox 3103 2211 3136 2247; x_wconf 90' lang='lat' dir='ltr'><strong>a</strong></span> <span class='ocrx_word' id='word_1_339' title='bbox 3170 2193 3334 2248; x_wconf 90' lang='lat' dir='ltr'><strong>nobis</strong></span> <span class='ocrx_word' id='word_1_340' title='bbox 3365 2194 3695 2264; x_wconf 91' lang='lat' dir='ltr'><strong>composito,</strong></span> <span class='ocrx_word' id='word_1_341' title='bbox 3731 2193 3880 2248; x_wconf 87' lang='lat' dir='ltr'><strong>nullus</strong></span> 
     </span>
    </p>
   </div>
   <div class='ocr_carea' id='block_1_45' title="bbox 2299 2284 3084 2343">
    <p class='ocr_par' dir='ltr' id='par_1_45' title="bbox 2299 2284 3084 2343">
     <span class='ocr_line' id='line_1_45' title="bbox 2299 2284 3084 2343; baseline 0.006 -6"><span class='ocrx_word' id='word_1_342' title='bbox 2299 2301 2484 2340; x_wconf 90' lang='lat' dir='ltr'><strong>anuus</strong></span> <span class='ocrx_word' id='word_1_343' title='bbox 2512 2284 2705 2341; x_wconf 82' lang='lat' dir='ltr'><strong>fallere</strong></span> <span class='ocrx_word' id='word_1_344' title='bbox 2738 2287 3084 2343; x_wconf 88' lang='lat' dir='ltr'><strong>invenietur.</strong></span> 
     </span>
    </p>
   </div>
   <div class='ocr_carea' id='block_1_46' title="bbox 2376 2379 3880 2452">
    <p class='ocr_par' dir='ltr' id='par_1_46' title="bbox 2376 2379 3880 2452">
     <span class='ocr_line' id='line_1_46' title="bbox 2376 2379 3880 2452; baseline 0.002 -21"><span class='ocrx_word' id='word_1_345' title='bbox 2376 2379 2634 2434; x_wconf 89' lang='lat' dir='ltr'><strong>Volentes</strong></span> <span class='ocrx_word' id='word_1_346' title='bbox 2692 2381 2869 2452; x_wconf 79' lang='lat' dir='ltr'><strong>igitur</strong></span> <span class='ocrx_word' id='word_1_347' title='bbox 2922 2381 3073 2438; x_wconf 90' lang='lat' dir='ltr'><strong>hunc</strong></span> <span class='ocrx_word' id='word_1_348' title='bbox 3128 2399 3392 2439; x_wconf 89' lang='lat' dir='ltr'><strong>mensem</strong></span> <span class='ocrx_word' id='word_1_349' title='bbox 3455 2398 3586 2438; x_wconf 89' lang='lat' dir='ltr'><strong>vero</strong></span> <span class='ocrx_word' id='word_1_350' title='bbox 3636 2383 3880 2440; x_wconf 80' lang='lat' dir='ltr'><strong>ostendere</strong></span> 
     </span>
    </p>
   </div>
   <div class='ocr_carea' id='block_1_47' title="bbox 1923 2557 2524 2623">
    <p class='ocr_par' dir='ltr' id='par_1_47' title="bbox 1923 2557 2524 2623">
     <span class='ocr_line' id='line_1_47' title="bbox 1923 2557 2524 2623; baseline 0 -1"><span class='ocrx_word' id='word_1_351' title='bbox 1923 2557 2133 2622; x_wconf 77' lang='lat' dir='ltr'><strong>Variae</strong></span> <span class='ocrx_word' id='word_1_352' title='bbox 2177 2558 2524 2623; x_wconf 87' lang='lat' dir='ltr'><strong>lectiones.</strong></span> 
     </span>
    </p>
   </div>
   <div class='ocr_carea' id='block_1_48' title="bbox 627 2692 2532 2761">
    <p class='ocr_par' dir='ltr' id='par_1_48' title="bbox 627 2692 2532 2761">
     <span class='ocr_line' id='line_1_48' title="bbox 627 2692 2532 2761; baseline 0.001 -18"><span class='ocrx_word' id='word_1_353' title='bbox 627 2694 670 2729; x_wconf 80' lang='lat'><strong><em>“</em></strong></span> <span class='ocrx_word' id='word_1_354' title='bbox 699 2697 753 2744; x_wconf 74' lang='grc' dir='ltr'><strong>Β.</strong></span> <span class='ocrx_word' id='word_1_355' title='bbox 785 2694 895 2745; x_wconf 90' lang='lat' dir='ltr'><strong>illis</strong></span> <span class='ocrx_word' id='word_1_356' title='bbox 925 2697 1053 2748; x_wconf 86' lang='lat' dir='ltr'><strong>etC.</strong></span> <span class='ocrx_word' id='word_1_357' title='bbox 1085 2695 1256 2758; x_wconf 90' lang='lat' dir='ltr'><strong>prius.</strong></span> <span class='ocrx_word' id='word_1_358' title='bbox 1322 2692 1364 2728; x_wconf 79' lang='grc'>⁸⁷</span> <span class='ocrx_word' id='word_1_359' title='bbox 1388 2698 1443 2747; x_wconf 84' lang='lat' dir='ltr'><strong>C.</strong></span> <span class='ocrx_word' id='word_1_360' title='bbox 1480 2693 1618 2744; x_wconf 89' lang='lat' dir='ltr'><strong>deest</strong></span> <span class='ocrx_word' id='word_1_361' title='bbox 1651 2695 1922 2759; x_wconf 88' lang='lat' dir='ltr'><strong>passionis</strong></span> <span class='ocrx_word' id='word_1_362' title='bbox 2008 2696 2050 2730; x_wconf 81' lang='grc'><strong>⁶⁸</strong></span> <span class='ocrx_word' id='word_1_363' title='bbox 2075 2700 2130 2748; x_wconf 82' lang='lat' dir='ltr'><strong>C.</strong></span> <span class='ocrx_word' id='word_1_364' title='bbox 2159 2711 2302 2761; x_wconf 60' lang='lat' dir='ltr'><strong>quas.</strong></span> <span class='ocrx_word' id='word_1_365' title='bbox 2337 2697 2388 2745; x_wconf 93' lang='lat' dir='ltr'><strong>S.</strong></span> <span class='ocrx_word' id='word_1_366' title='bbox 2418 2698 2532 2761; x_wconf 89' lang='lat' dir='ltr'><strong>qui.</strong></span> 
     </span>
    </p>
   </div>
   <div class='ocr_carea' id='block_1_49' title="bbox 1795 2767 2262 2820">
    <p class='ocr_par' dir='ltr' id='par_1_49' title="bbox 1795 2767 2262 2820">
     <span class='ocr_line' id='line_1_49' title="bbox 1795 2767 2262 2820; baseline -0.002 -5"><span class='ocrx_word' id='word_1_367' title='bbox 1795 2767 1834 2799; x_wconf 73' lang='lat'>”</span> <span class='ocrx_word' id='word_1_368' title='bbox 1862 2771 1914 2820; x_wconf 87' lang='lat' dir='ltr'><strong>C.</strong></span> <span class='ocrx_word' id='word_1_369' title='bbox 1949 2767 2083 2816; x_wconf 83' lang='lat' dir='ltr'><strong>deest</strong></span> <span class='ocrx_word' id='word_1_370' title='bbox 2105 2768 2262 2818; x_wconf 88' lang='lat' dir='ltr'><strong>inter.</strong></span> 
     </span>
    </p>
   </div>
   <div class='ocr_carea' id='block_1_50' title="bbox 565 2780 802 2818">
    <p class='ocr_par' dir='ltr' id='par_1_50' title="bbox 565 2780 802 2818">
     <span class='ocr_line' id='line_1_50' title="bbox 565 2780 802 2818; baseline 0 0"><span class='ocrx_word' id='word_1_371' title='bbox 565 2780 802 2818; x_wconf 82' lang='lat' dir='ltr'><strong>servare.</strong></span> 
     </span>
    </p>
   </div>
   <div class='ocr_carea' id='block_1_51' title="bbox 572 2837 1392 2900">
    <p class='ocr_par' dir='ltr' id='par_1_51' title="bbox 572 2837 1392 2900">
     <span class='ocr_line' id='line_1_51' title="bbox 572 2837 1392 2900; baseline -0.004 -13"><span class='ocrx_word' id='word_1_372' title='bbox 572 2837 926 2888; x_wconf 82' lang='lat' dir='ltr'><strong>referendum</strong></span> <span class='ocrx_word' id='word_1_373' title='bbox 953 2840 1001 2886; x_wconf 91' lang='lat' dir='ltr'><strong>et</strong></span> <span class='ocrx_word' id='word_1_374' title='bbox 1034 2838 1174 2887; x_wconf 87' lang='lat' dir='ltr'><strong>deest</strong></span> <span class='ocrx_word' id='word_1_375' title='bbox 1213 2839 1392 2900; x_wconf 81' lang='lat' dir='ltr'><strong>igitur.</strong></span> 
     </span>
    </p>
   </div>
   <div class='ocr_carea' id='block_1_52' title="bbox 867 2766 1883 2886">
    <p class='ocr_par' dir='ltr' id='par_1_52' title="bbox 867 2766 1883 2886">
     <span class='ocr_line' id='line_1_52' title="bbox 867 2766 1883 2830; baseline 0.002 -14"><span class='ocrx_word' id='word_1_376' title='bbox 867 2766 908 2800; x_wconf 91' lang='grc'>⁷¹</span> <span class='ocrx_word' id='word_1_377' title='bbox 937 2769 991 2817; x_wconf 84' lang='lat' dir='ltr'><strong>R.</strong></span> <span class='ocrx_word' id='word_1_378' title='bbox 1019 2767 1270 2830; x_wconf 89' lang='lat' dir='ltr'><strong>incipiet.</strong></span> <span class='ocrx_word' id='word_1_379' title='bbox 1336 2767 1379 2800; x_wconf 77' lang='grc'>⁷³</span> <span class='ocrx_word' id='word_1_380' title='bbox 1411 2769 1465 2818; x_wconf 88' lang='lat' dir='ltr'><strong>C.</strong></span> <span class='ocrx_word' id='word_1_381' title='bbox 1493 2781 1711 2830; x_wconf 87' lang='lat' dir='ltr'><strong>aquam.</strong></span> <span class='ocrx_word' id='word_1_382' title='bbox 1795 2767 1883 2818; x_wconf 69' lang='grc' dir='ltr'><strong>υ(</strong></span> 
     </span>
     <span class='ocr_line' id='line_1_53' title="bbox 871 2835 1883 2886; baseline 0 0"><span class='ocrx_word' id='word_1_383' title='bbox 871 2853 926 2886; x_wconf 89' lang='lat' dir='ltr'><strong>m</strong></span> <span class='ocrx_word' id='word_1_384' title='bbox 953 2840 1001 2886; x_wconf 88' lang='lat' dir='ltr'><strong>et</strong></span> <span class='ocrx_word' id='word_1_385' title='bbox 1034 2838 1174 2886; x_wconf 87' lang='lat' dir='ltr'><strong>deest</strong></span> <span class='ocrx_word' id='word_1_386' title='bbox 1213 2839 1392 2886; x_wconf 70' lang='lat' dir='ltr'><strong>igitur.</strong></span> <span class='ocrx_word' id='word_1_387' title='bbox 1484 2835 1526 2869; x_wconf 81' lang='grc'><strong>⁷⁷</strong></span> <span class='ocrx_word' id='word_1_388' title='bbox 1555 2839 1608 2884; x_wconf 75' lang='lat' dir='ltr'><strong>li.</strong></span> <span class='ocrx_word' id='word_1_389' title='bbox 1639 2835 1780 2886; x_wconf 79' lang='lat' dir='ltr'><strong>deest</strong></span> <span class='ocrx_word' id='word_1_390' title='bbox 1809 2837 1883 2886; x_wconf 88' lang='lat' dir='ltr'><strong>int</strong></span> 
     </span>
    </p>
   </div>
   <div class='ocr_carea' id='block_1_53' title="bbox 1598 2850 1965 2888">
    <p class='ocr_par' dir='ltr' id='par_1_53' title="bbox 1598 2850 1965 2888">
     <span class='ocr_line' id='line_1_54' title="bbox 1598 2850 1965 2888; baseline 0.005 -4"><span class='ocrx_word' id='word_1_391' title='bbox 1598 2874 1608 2884; x_wconf 90' lang='lat'><strong>.</strong></span> <span class='ocrx_word' id='word_1_392' title='bbox 1639 2850 1780 2886; x_wconf 63' lang='grc' dir='ltr'><strong>σθαι</strong></span> <span class='ocrx_word' id='word_1_393' title='bbox 1809 2850 1965 2888; x_wconf 87' lang='lat' dir='ltr'><strong>inter.</strong></span> 
     </span>
    </p>
   </div>
   <div class='ocr_carea' id='block_1_54' title="bbox 2059 2837 2570 2889">
    <p class='ocr_par' dir='ltr' id='par_1_54' title="bbox 2059 2837 2570 2889">
     <span class='ocr_line' id='line_1_55' title="bbox 2059 2837 2570 2889; baseline 0.002 -1"><span class='ocrx_word' id='word_1_394' title='bbox 2059 2837 2100 2871; x_wconf 75' lang='grc'>⁷⁸</span> <span class='ocrx_word' id='word_1_395' title='bbox 2117 2840 2170 2888; x_wconf 84' lang='grc' dir='ltr'><strong>Β.</strong></span> <span class='ocrx_word' id='word_1_396' title='bbox 2206 2839 2570 2889; x_wconf 86' lang='lat' dir='ltr'><strong>ostendimus.</strong></span> 
     </span>
    </p>
   </div>
   <div class='ocr_carea' id='block_1_55' title="bbox 2619 2690 3887 2761">
    <p class='ocr_par' dir='ltr' id='par_1_55' title="bbox 2619 2690 3887 2761">
     <span class='ocr_line' id='line_1_56' title="bbox 2619 2690 3887 2761; baseline 0.003 -16"><span class='ocrx_word' id='word_1_397' title='bbox 2619 2695 2664 2730; x_wconf 78' lang='grc' dir='ltr'><strong>ίο</strong></span> <span class='ocrx_word' id='word_1_398' title='bbox 2687 2697 2737 2746; x_wconf 82' lang='lat' dir='ltr'><strong>R.</strong></span> <span class='ocrx_word' id='word_1_399' title='bbox 2763 2697 3182 2761; x_wconf 88' lang='lat' dir='ltr'><strong>quartadecima</strong></span> <span class='ocrx_word' id='word_1_400' title='bbox 3213 2698 3347 2749; x_wconf 88' lang='lat' dir='ltr'><strong>luna</strong></span> <span class='ocrx_word' id='word_1_401' title='bbox 3365 2701 3608 2752; x_wconf 87' lang='lat' dir='ltr'><strong>inventa.</strong></span> <span class='ocrx_word' id='word_1_402' title='bbox 3683 2701 3720 2735; x_wconf 82' lang='grc' dir='ltr'><strong>το</strong></span> <span class='ocrx_word' id='word_1_403' title='bbox 3740 2704 3786 2754; x_wconf 91' lang='lat' dir='ltr'><strong>C.</strong></span> <span class='ocrx_word' id='word_1_404' title='bbox 3809 2690 3887 2750; x_wconf 66' lang='lat' dir='ltr'><strong>ob&#39;</strong></span> 
     </span>
    </p>
   </div>
   <div class='ocr_carea' id='block_1_56' title="bbox 2356 2767 3885 2835">
    <p class='ocr_par' dir='ltr' id='par_1_56' title="bbox 2356 2767 3885 2835">
     <span class='ocr_line' id='line_1_57' title="bbox 2356 2767 3885 2835; baseline 0.001 -16"><span class='ocrx_word' id='word_1_405' title='bbox 2356 2767 2396 2800; x_wconf 73' lang='lat'><strong>7‘</strong></span> <span class='ocrx_word' id='word_1_406' title='bbox 2427 2774 2478 2818; x_wconf 62' lang='lat'><strong>(3.</strong></span> <span class='ocrx_word' id='word_1_407' title='bbox 2502 2768 2640 2818; x_wconf 80' lang='lat' dir='ltr'><strong>deest</strong></span> <span class='ocrx_word' id='word_1_408' title='bbox 2665 2770 2905 2818; x_wconf 85' lang='lat' dir='ltr'><strong>vocavit.</strong></span> <span class='ocrx_word' id='word_1_409' title='bbox 2997 2767 3038 2802; x_wconf 81' lang='grc'>⁷⁵</span> <span class='ocrx_word' id='word_1_410' title='bbox 3061 2771 3114 2820; x_wconf 85' lang='lat' dir='ltr'><strong>C.</strong></span> <span class='ocrx_word' id='word_1_411' title='bbox 3143 2770 3353 2820; x_wconf 87' lang='lat' dir='ltr'><strong>factum</strong></span> <span class='ocrx_word' id='word_1_412' title='bbox 3394 2778 3482 2821; x_wconf 89' lang='lat' dir='ltr'><strong>est</strong></span> <span class='ocrx_word' id='word_1_413' title='bbox 3507 2786 3736 2835; x_wconf 77' lang='lat' dir='ltr'><strong>vespere.</strong></span> <span class='ocrx_word' id='word_1_414' title='bbox 3795 2767 3885 2820; x_wconf 63' lang='grc'><strong>⁷⁸6⁸</strong></span> 
     </span>
    </p>
   </div>
   <div class='ocr_carea' id='block_1_57' title="bbox 2671 2839 3886 2906">
    <p class='ocr_par' dir='ltr' id='par_1_57' title="bbox 2671 2839 3886 2906">
     <span class='ocr_line' id='line_1_58' title="bbox 2671 2839 3886 2906; baseline 0 -16"><span class='ocrx_word' id='word_1_415' title='bbox 2671 2839 2711 2873; x_wconf 78' lang='grc'>⁷³</span> <span class='ocrx_word' id='word_1_416' title='bbox 2740 2842 2793 2890; x_wconf 85' lang='lat' dir='ltr'><strong>C.</strong></span> <span class='ocrx_word' id='word_1_417' title='bbox 2825 2844 3096 2904; x_wconf 88' lang='lat' dir='ltr'><strong>sequente</strong></span> <span class='ocrx_word' id='word_1_418' title='bbox 3123 2843 3242 2905; x_wconf 87' lang='lat' dir='ltr'><strong>ejus</strong></span> <span class='ocrx_word' id='word_1_419' title='bbox 3272 2846 3460 2894; x_wconf 88' lang='lat' dir='ltr'><strong>nocte.</strong></span> <span class='ocrx_word' id='word_1_420' title='bbox 3529 2843 3569 2877; x_wconf 72' lang='grc' dir='ltr'><strong>ε’</strong></span> <span class='ocrx_word' id='word_1_421' title='bbox 3596 2845 3649 2894; x_wconf 89' lang='lat' dir='ltr'><strong>C.</strong></span> <span class='ocrx_word' id='word_1_422' title='bbox 3673 2857 3886 2906; x_wconf 80' lang='lat' dir='ltr'><strong>perperam</strong></span> 
     </span>
    </p>
   </div>
   <div class='ocr_carea' id='block_1_58' title="bbox 570 2907 3884 2977">
    <p class='ocr_par' dir='ltr' id='par_1_58' title="bbox 570 2907 3884 2977">
     <span class='ocr_line' id='line_1_59' title="bbox 570 2907 3884 2977; baseline -0 -18"><span class='ocrx_word' id='word_1_423' title='bbox 570 2912 759 2959; x_wconf 79' lang='lat' dir='ltr'><strong>inserit</strong></span> <span class='ocrx_word' id='word_1_424' title='bbox 781 2909 1104 2960; x_wconf 89' lang='lat' dir='ltr'><strong>nocteinter</strong></span> <span class='ocrx_word' id='word_1_425' title='bbox 1134 2922 1274 2972; x_wconf 89' lang='lat' dir='ltr'><strong>quos</strong></span> <span class='ocrx_word' id='word_1_426' title='bbox 1293 2909 1542 2958; x_wconf 90' lang='lat' dir='ltr'><strong>omnium</strong></span> <span class='ocrx_word' id='word_1_427' title='bbox 1571 2909 1676 2959; x_wconf 91' lang='lat' dir='ltr'><strong>die.</strong></span> <span class='ocrx_word' id='word_1_428' title='bbox 1746 2907 1784 2940; x_wconf 77' lang='grc'><strong>⁸³</strong></span> <span class='ocrx_word' id='word_1_429' title='bbox 1807 2912 1860 2960; x_wconf 86' lang='lat' dir='ltr'><strong>C.</strong></span> <span class='ocrx_word' id='word_1_430' title='bbox 1885 2911 1939 2958; x_wconf 91' lang='lat' dir='ltr'><strong>in</strong></span> <span class='ocrx_word' id='word_1_431' title='bbox 1976 2909 2145 2958; x_wconf 89' lang='lat' dir='ltr'><strong>hunc.</strong></span> <span class='ocrx_word' id='word_1_432' title='bbox 2185 2912 2241 2959; x_wconf 76' lang='grc' dir='ltr'><strong>(ἰ.</strong></span> <span class='ocrx_word' id='word_1_433' title='bbox 2275 2912 2320 2959; x_wconf 88' lang='lat' dir='ltr'><strong>is</strong></span> <span class='ocrx_word' id='word_1_434' title='bbox 2347 2924 2517 2960; x_wconf 88' lang='lat' dir='ltr'><strong>nunc.</strong></span> <span class='ocrx_word' id='word_1_435' title='bbox 2552 2913 2603 2958; x_wconf 77' lang='lat' dir='ltr'><strong>Ii.</strong></span> <span class='ocrx_word' id='word_1_436' title='bbox 2633 2913 2728 2974; x_wconf 92' lang='lat' dir='ltr'><strong>qui</strong></span> <span class='ocrx_word' id='word_1_437' title='bbox 2765 2923 2937 2973; x_wconf 90' lang='lat' dir='ltr'><strong>nunc,</strong></span> <span class='ocrx_word' id='word_1_438' title='bbox 2967 2914 3085 2972; x_wconf 88' lang='lat' dir='ltr'><strong>etc.,</strong></span> <span class='ocrx_word' id='word_1_439' title='bbox 3109 2912 3200 2960; x_wconf 85' lang='lat' dir='ltr'><strong>sed</strong></span> <span class='ocrx_word' id='word_1_440' title='bbox 3246 2913 3405 2962; x_wconf 73' lang='lat' dir='ltr'><strong>codex</strong></span> <span class='ocrx_word' id='word_1_441' title='bbox 3457 2917 3612 2962; x_wconf 88' lang='lat' dir='ltr'><strong>totam</strong></span> <span class='ocrx_word' id='word_1_442' title='bbox 3649 2913 3884 2977; x_wconf 68' lang='lat' dir='ltr'><strong>periochae:</strong></span> 
     </span>
    </p>
   </div>
   <div class='ocr_carea' id='block_1_59' title="bbox 566 2978 3678 3046">
    <p class='ocr_par' dir='ltr' id='par_1_59' title="bbox 566 2978 3678 3046">
     <span class='ocr_line' id='line_1_60' title="bbox 566 2978 3678 3046; baseline 0.001 -15"><span class='ocrx_word' id='word_1_443' title='bbox 566 2981 735 3031; x_wconf 73' lang='lat' dir='ltr'><strong>Multo</strong></span> <span class='ocrx_word' id='word_1_444' title='bbox 764 2979 922 3030; x_wconf 80' lang='lat' dir='ltr'><strong>aliter</strong></span> <span class='ocrx_word' id='word_1_445' title='bbox 948 2978 1115 3036; x_wconf 86' lang='lat' dir='ltr'><strong>habet,</strong></span> <span class='ocrx_word' id='word_1_446' title='bbox 1146 2983 1202 3027; x_wconf 86' lang='lat' dir='ltr'><strong>ut</strong></span> <span class='ocrx_word' id='word_1_447' title='bbox 1234 2981 1284 3026; x_wconf 86' lang='lat' dir='ltr'><strong>in</strong></span> <span class='ocrx_word' id='word_1_448' title='bbox 1315 2981 1454 3028; x_wconf 88' lang='lat' dir='ltr'><strong>notis</strong></span> <span class='ocrx_word' id='word_1_449' title='bbox 1473 2978 1734 3044; x_wconf 71' lang='lat' dir='ltr'><strong>subjectis.</strong></span> <span class='ocrx_word' id='word_1_450' title='bbox 1801 2980 1842 3014; x_wconf 69' lang='grc' dir='ltr'>θ’</span> <span class='ocrx_word' id='word_1_451' title='bbox 1871 2983 1925 3031; x_wconf 77' lang='grc' dir='ltr'><strong>Β.</strong></span> <span class='ocrx_word' id='word_1_452' title='bbox 1954 2980 2101 3030; x_wconf 90' lang='lat' dir='ltr'><strong>Idus.</strong></span> <span class='ocrx_word' id='word_1_453' title='bbox 2156 2981 2197 3014; x_wconf 74' lang='grc' dir='ltr'>θ’</span> <span class='ocrx_word' id='word_1_454' title='bbox 2235 2983 2287 3030; x_wconf 78' lang='lat' dir='ltr'><strong>lt.</strong></span> <span class='ocrx_word' id='word_1_455' title='bbox 2316 2981 2476 3031; x_wconf 78' lang='lat' dir='ltr'><strong>XXX</strong></span> <span class='ocrx_word' id='word_1_456' title='bbox 2505 2995 2626 3046; x_wconf 85' lang='lat' dir='ltr'><strong>gen.</strong></span> <span class='ocrx_word' id='word_1_457' title='bbox 2657 2983 2932 3046; x_wconf 84' lang='lat' dir='ltr'><strong>quamvis.</strong></span> <span class='ocrx_word' id='word_1_458' title='bbox 3001 2981 3043 3016; x_wconf 72' lang='grc'>⁸⁸</span> <span class='ocrx_word' id='word_1_459' title='bbox 3070 2984 3132 3035; x_wconf 89' lang='lat' dir='ltr'><strong>R.</strong></span> <span class='ocrx_word' id='word_1_460' title='bbox 3162 2984 3218 3034; x_wconf 92' lang='lat' dir='ltr'><strong>in</strong></span> <span class='ocrx_word' id='word_1_461' title='bbox 3247 2985 3324 3036; x_wconf 78' lang='lat' dir='ltr'><strong>XI</strong></span> <span class='ocrx_word' id='word_1_462' title='bbox 3353 2989 3412 3036; x_wconf 91' lang='lat' dir='ltr'><strong>et</strong></span> <span class='ocrx_word' id='word_1_463' title='bbox 3435 2985 3486 3035; x_wconf 83' lang='lat' dir='ltr'>X</span> <span class='ocrx_word' id='word_1_464' title='bbox 3512 2988 3566 3036; x_wconf 88' lang='lat' dir='ltr'><strong>et</strong></span> <span class='ocrx_word' id='word_1_465' title='bbox 3589 2985 3678 3035; x_wconf 85' lang='lat' dir='ltr'><strong>IX.</strong></span> 
     </span>
    </p>
   </div>
   <div class='ocr_carea' id='block_1_60' title="bbox 566 3047 1864 3101">
    <p class='ocr_par' dir='ltr' id='par_1_60' title="bbox 566 3047 1864 3101">
     <span class='ocr_line' id='line_1_61' title="bbox 566 3047 1864 3101; baseline -0.002 0"><span class='ocrx_word' id='word_1_466' title='bbox 566 3052 641 3101; x_wconf 75' lang='lat' dir='ltr'><strong>sic</strong></span> <span class='ocrx_word' id='word_1_467' title='bbox 664 3051 896 3101; x_wconf 73' lang='lat' dir='ltr'><strong>rescribo.</strong></span> <span class='ocrx_word' id='word_1_468' title='bbox 929 3051 990 3100; x_wconf 81' lang='grc' dir='ltr'><strong>Κ.</strong></span> <span class='ocrx_word' id='word_1_469' title='bbox 1014 3051 1199 3101; x_wconf 89' lang='lat' dir='ltr'><strong>sciunt</strong></span> <span class='ocrx_word' id='word_1_470' title='bbox 1221 3053 1276 3099; x_wconf 90' lang='lat' dir='ltr'><strong>et</strong></span> <span class='ocrx_word' id='word_1_471' title='bbox 1301 3050 1376 3100; x_wconf 92' lang='lat' dir='ltr'><strong>in.</strong></span> <span class='ocrx_word' id='word_1_472' title='bbox 1440 3047 1484 3084; x_wconf 79' lang='grc'><strong>⁸⁸</strong></span> <span class='ocrx_word' id='word_1_473' title='bbox 1519 3051 1573 3099; x_wconf 82' lang='lat' dir='ltr'><strong>R.</strong></span> <span class='ocrx_word' id='word_1_474' title='bbox 1607 3049 1658 3100; x_wconf 84' lang='lat' dir='ltr'>X</span> <span class='ocrx_word' id='word_1_475' title='bbox 1688 3054 1741 3100; x_wconf 90' lang='lat' dir='ltr'><strong>et</strong></span> <span class='ocrx_word' id='word_1_476' title='bbox 1770 3049 1864 3100; x_wconf 88' lang='lat' dir='ltr'><strong>IX.</strong></span> 
     </span>
    </p>
   </div>
   <div class='ocr_carea' id='block_1_61' title="bbox 3761 2983 3881 3030">
    <p class='ocr_par' dir='ltr' id='par_1_61' title="bbox 3761 2983 3881 3030">
     <span class='ocr_line' id='line_1_62' title="bbox 3761 2983 3881 3030; baseline -0.017 0"><span class='ocrx_word' id='word_1_477' title='bbox 3761 2985 3796 3018; x_wconf 72' lang='grc'><strong>⁸⁸</strong></span> <span class='ocrx_word' id='word_1_478' title='bbox 3825 2983 3881 3030; x_wconf 74' lang='grc' dir='ltr'><strong>ιγ.</strong></span> 
     </span>
    </p>
   </div>
   <div class='ocr_carea' id='block_1_62' title="bbox 1817 3223 2673 3290">
    <p class='ocr_par' dir='ltr' id='par_1_62' title="bbox 1817 3223 2673 3290">
     <span class='ocr_line' id='line_1_63' title="bbox 1817 3223 2673 3290; baseline 0.007 -6"><span class='ocrx_word' id='word_1_479' title='bbox 1817 3223 2074 3286; x_wconf 85' lang='lat' dir='ltr'><strong>llenrici</strong></span> <span class='ocrx_word' id='word_1_480' title='bbox 2122 3224 2432 3288; x_wconf 83' lang='lat' dir='ltr'><strong>Dodwelli</strong></span> <span class='ocrx_word' id='word_1_481' title='bbox 2475 3230 2673 3290; x_wconf 77' lang='lat' dir='ltr'><strong>notae.</strong></span> 
     </span>
    </p>
   </div>
   <div class='ocr_carea' id='block_1_63' title="bbox 633 3367 2210 3432">
    <p class='ocr_par' dir='ltr' id='par_1_63' title="bbox 633 3367 2210 3432">
     <span class='ocr_line' id='line_1_64' title="bbox 633 3367 2210 3432; baseline 0.002 -13"><span class='ocrx_word' id='word_1_482' title='bbox 633 3371 700 3432; x_wconf 89' lang='lat'><strong>(8)</strong></span> <span class='ocrx_word' id='word_1_483' title='bbox 733 3367 1022 3421; x_wconf 54' lang='lat' dir='ltr'><strong>Secundum</strong></span> <span class='ocrx_word' id='word_1_484' title='bbox 1073 3369 1350 3429; x_wconf 82' lang='lat' dir='ltr'><strong>maginem.</strong></span> <span class='ocrx_word' id='word_1_485' title='bbox 1405 3369 1463 3418; x_wconf 88' lang='lat' dir='ltr'><strong>G.</strong></span> <span class='ocrx_word' id='word_1_486' title='bbox 1495 3368 1756 3432; x_wconf 84' lang='lat' dir='ltr'><strong>Cyprian.</strong></span> <span class='ocrx_word' id='word_1_487' title='bbox 1803 3370 1870 3420; x_wconf 91' lang='lat' dir='ltr'><strong>ad</strong></span> <span class='ocrx_word' id='word_1_488' title='bbox 1902 3372 2210 3422; x_wconf 85' lang='lat' dir='ltr'><strong>Demetria-</strong></span> 
     </span>
    </p>
   </div>
   <div class='ocr_carea' id='block_1_64' title="bbox 572 3438 2216 3505">
    <p class='ocr_par' dir='ltr' id='par_1_64' title="bbox 572 3438 2216 3505">
     <span class='ocr_line' id='line_1_65' title="bbox 572 3438 2216 3505; baseline -0.001 -14"><span class='ocrx_word' id='word_1_489' title='bbox 572 3454 726 3502; x_wconf 87' lang='lat' dir='ltr'><strong>num,</strong></span> <span class='ocrx_word' id='word_1_490' title='bbox 767 3438 912 3501; x_wconf 85' lang='lat' dir='ltr'><strong>Quod</strong></span> <span class='ocrx_word' id='word_1_491' title='bbox 935 3442 1052 3486; x_wconf 88' lang='lat' dir='ltr'><strong>ante</strong></span> <span class='ocrx_word' id='word_1_492' title='bbox 1073 3439 1238 3488; x_wconf 86' lang='lat' dir='ltr'><strong>occiso</strong></span> <span class='ocrx_word' id='word_1_493' title='bbox 1268 3452 1413 3502; x_wconf 85' lang='lat' dir='ltr'><strong>aquo</strong></span> <span class='ocrx_word' id='word_1_494' title='bbox 1457 3441 1701 3501; x_wconf 65' lang='lat' dir='ltr'><strong>praecedit</strong></span> <span class='ocrx_word' id='word_1_495' title='bbox 1735 3443 1783 3489; x_wconf 84' lang='lat' dir='ltr'><strong>in</strong></span> <span class='ocrx_word' id='word_1_496' title='bbox 1829 3444 2080 3505; x_wconf 75' lang='lat' dir='ltr'><strong>imagine,</strong></span> <span class='ocrx_word' id='word_1_497' title='bbox 2110 3443 2216 3490; x_wconf 76' lang='lat' dir='ltr'><strong>im—</strong></span> 
     </span>
    </p>
   </div>
   <div class='ocr_carea' id='block_1_65' title="bbox 567 3509 1574 3577">
    <p class='ocr_par' dir='ltr' id='par_1_65' title="bbox 567 3509 1574 3577">
     <span class='ocr_line' id='line_1_66' title="bbox 567 3509 1574 3577; baseline -0.002 -17"><span class='ocrx_word' id='word_1_498' title='bbox 567 3513 749 3577; x_wconf 79' lang='lat' dir='ltr'><strong>pletur</strong></span> <span class='ocrx_word' id='word_1_499' title='bbox 777 3513 834 3558; x_wconf 82' lang='lat' dir='ltr'><strong>in</strong></span> <span class='ocrx_word' id='word_1_500' title='bbox 861 3509 1088 3568; x_wconf 85' lang='lat' dir='ltr'><strong>Christo,</strong></span> <span class='ocrx_word' id='word_1_501' title='bbox 1118 3516 1312 3559; x_wconf 82' lang='lat' dir='ltr'><strong>secuta</strong></span> <span class='ocrx_word' id='word_1_502' title='bbox 1339 3511 1574 3560; x_wconf 74' lang='lat' dir='ltr'><strong>veritate.</strong></span> 
     </span>
    </p>
   </div>
   <div class='ocr_carea' id='block_1_66' title="bbox 641 3582 2212 3646">
    <p class='ocr_par' dir='ltr' id='par_1_66' title="bbox 641 3582 2212 3646">
     <span class='ocr_line' id='line_1_67' title="bbox 641 3582 2212 3646; baseline 0.003 -14"><span class='ocrx_word' id='word_1_503' title='bbox 641 3584 701 3646; x_wconf 85' lang='lat'>(9)</span> <span class='ocrx_word' id='word_1_504' title='bbox 759 3582 860 3631; x_wconf 80' lang='lat' dir='ltr'><strong>Cui</strong></span> <span class='ocrx_word' id='word_1_505' title='bbox 912 3596 1039 3630; x_wconf 83' lang='lat' dir='ltr'><strong>nunc</strong></span> <span class='ocrx_word' id='word_1_506' title='bbox 1091 3582 1558 3646; x_wconf 76' lang='lat' dir='ltr'><strong>comprehenditur</strong></span> <span class='ocrx_word' id='word_1_507' title='bbox 1599 3597 1720 3633; x_wconf 81' lang='lat' dir='ltr'><strong>esse.</strong></span> <span class='ocrx_word' id='word_1_508' title='bbox 1776 3585 1856 3632; x_wconf 85' lang='lat' dir='ltr'><strong>W.</strong></span> <span class='ocrx_word' id='word_1_509' title='bbox 1905 3585 2096 3635; x_wconf 88' lang='lat' dir='ltr'><strong>Codex</strong></span> <span class='ocrx_word' id='word_1_510' title='bbox 2148 3588 2212 3636; x_wconf 73' lang='lat'><strong>(.1-</strong></span> 
     </span>
    </p>
   </div>
   <div class='ocr_carea' id='block_1_67' title="bbox 574 3653 2215 3718">
    <p class='ocr_par' dir='ltr' id='par_1_67' title="bbox 574 3653 2215 3718">
     <span class='ocr_line' id='line_1_68' title="bbox 574 3653 2215 3718; baseline 0.001 -14"><span class='ocrx_word' id='word_1_511' title='bbox 574 3657 746 3704; x_wconf 88' lang='lat' dir='ltr'><strong>totam</strong></span> <span class='ocrx_word' id='word_1_512' title='bbox 791 3653 937 3703; x_wconf 87' lang='lat' dir='ltr'><strong>hanc</strong></span> <span class='ocrx_word' id='word_1_513' title='bbox 974 3654 1296 3718; x_wconf 77' lang='lat' dir='ltr'><strong>parochiam</strong></span> <span class='ocrx_word' id='word_1_514' title='bbox 1345 3654 1520 3704; x_wconf 90' lang='lat' dir='ltr'><strong>multo</strong></span> <span class='ocrx_word' id='word_1_515' title='bbox 1557 3654 1718 3706; x_wconf 84' lang='lat' dir='ltr'><strong>aliter</strong></span> <span class='ocrx_word' id='word_1_516' title='bbox 1755 3655 1945 3717; x_wconf 88' lang='lat' dir='ltr'><strong>habet,</strong></span> <span class='ocrx_word' id='word_1_517' title='bbox 1990 3662 2045 3706; x_wconf 90' lang='lat' dir='ltr'><strong>et</strong></span> <span class='ocrx_word' id='word_1_518' title='bbox 2094 3657 2215 3707; x_wconf 79' lang='lat' dir='ltr'><strong>cal-—</strong></span> 
     </span>
    </p>
   </div>
   <div class='ocr_carea' id='block_1_68' title="bbox 576 3725 2214 3792">
    <p class='ocr_par' dir='ltr' id='par_1_68' title="bbox 576 3725 2214 3792">
     <span class='ocr_line' id='line_1_69' title="bbox 576 3725 2214 3792; baseline 0.001 -17"><span class='ocrx_word' id='word_1_519' title='bbox 576 3727 766 3775; x_wconf 90' lang='lat' dir='ltr'><strong>culum</strong></span> <span class='ocrx_word' id='word_1_520' title='bbox 817 3725 982 3788; x_wconf 86' lang='lat' dir='ltr'><strong>plane</strong></span> <span class='ocrx_word' id='word_1_521' title='bbox 1030 3725 1322 3786; x_wconf 88' lang='lat' dir='ltr'><strong>(aliorum)</strong></span> <span class='ocrx_word' id='word_1_522' title='bbox 1366 3727 1580 3776; x_wconf 89' lang='lat' dir='ltr'><strong>alium:</strong></span> <span class='ocrx_word' id='word_1_523' title='bbox 1619 3744 1647 3770; x_wconf 91' lang='lat'>«</span> <span class='ocrx_word' id='word_1_524' title='bbox 1692 3727 1753 3776; x_wconf 89' lang='lat' dir='ltr'><strong>In</strong></span> <span class='ocrx_word' id='word_1_525' title='bbox 1789 3727 1942 3778; x_wconf 89' lang='lat' dir='ltr'><strong>hunc</strong></span> <span class='ocrx_word' id='word_1_526' title='bbox 1987 3729 2131 3792; x_wconf 81' lang='lat' dir='ltr'><strong>(lego</strong></span> <span class='ocrx_word' id='word_1_527' title='bbox 2167 3729 2214 3777; x_wconf 85' lang='lat' dir='ltr'><strong>Is</strong></span> 
     </span>
    </p>
   </div>
   <div class='ocr_carea' id='block_1_69' title="bbox 575 3799 2215 3866">
    <p class='ocr_par' dir='ltr' id='par_1_69' title="bbox 575 3799 2215 3866">
     <span class='ocr_line' id='line_1_70' title="bbox 575 3799 2215 3866; baseline 0.002 -18"><span class='ocrx_word' id='word_1_528' title='bbox 575 3803 722 3863; x_wconf 83' lang='lat' dir='ltr'><strong>nunc)</strong></span> <span class='ocrx_word' id='word_1_529' title='bbox 761 3799 1260 3864; x_wconf 85' lang='lat' dir='ltr'><strong>comprehenditur</strong></span> <span class='ocrx_word' id='word_1_530' title='bbox 1306 3813 1426 3849; x_wconf 90' lang='lat' dir='ltr'><strong>esse</strong></span> <span class='ocrx_word' id='word_1_531' title='bbox 1469 3813 1524 3850; x_wconf 85' lang='lat' dir='ltr'><strong>vx</strong></span> <span class='ocrx_word' id='word_1_532' title='bbox 1567 3800 1686 3849; x_wconf 85' lang='lat' dir='ltr'><strong>Kal.</strong></span> <span class='ocrx_word' id='word_1_533' title='bbox 1728 3803 1857 3864; x_wconf 85' lang='lat' dir='ltr'><strong>Apr.</strong></span> <span class='ocrx_word' id='word_1_534' title='bbox 1892 3805 1938 3851; x_wconf 86' lang='lat' dir='ltr'><strong>A</strong></span> <span class='ocrx_word' id='word_1_535' title='bbox 1983 3816 2094 3866; x_wconf 86' lang='lat' dir='ltr'><strong>quo</strong></span> <span class='ocrx_word' id='word_1_536' title='bbox 2126 3802 2215 3851; x_wconf 90' lang='lat' dir='ltr'><strong>die</strong></span> 
     </span>
    </p>
   </div>
   <div class='ocr_carea' id='block_1_70' title="bbox 541 3872 2213 3936">
    <p class='ocr_par' dir='ltr' id='par_1_70' title="bbox 541 3872 2213 3936">
     <span class='ocr_line' id='line_1_71' title="bbox 541 3872 2213 3936; baseline 0.001 -15"><span class='ocrx_word' id='word_1_537' title='bbox 541 3873 832 3936; x_wconf 78' lang='lat' dir='ltr'><strong>putantes</strong></span> <span class='ocrx_word' id='word_1_538' title='bbox 899 3873 1047 3936; x_wconf 84' lang='lat' dir='ltr'><strong>(lego</strong></span> <span class='ocrx_word' id='word_1_539' title='bbox 1100 3875 1477 3935; x_wconf 86' lang='lat' dir='ltr'><strong>computantes)</strong></span> <span class='ocrx_word' id='word_1_540' title='bbox 1536 3872 1708 3935; x_wconf 81' lang='lat' dir='ltr'><strong>aliqui</strong></span> <span class='ocrx_word' id='word_1_541' title='bbox 1767 3887 1834 3921; x_wconf 86' lang='lat' dir='ltr'><strong>ex</strong></span> <span class='ocrx_word' id='word_1_542' title='bbox 1897 3873 2060 3923; x_wconf 88' lang='lat' dir='ltr'><strong>nobis</strong></span> <span class='ocrx_word' id='word_1_543' title='bbox 2118 3875 2213 3936; x_wconf 87' lang='lat' dir='ltr'><strong>qui</strong></span> 
     </span>
    </p>
   </div>
   <div class='ocr_carea' id='block_1_71' title="bbox 574 3943 2213 4009">
    <p class='ocr_par' dir='ltr' id='par_1_71' title="bbox 574 3943 2213 4009">
     <span class='ocr_line' id='line_1_72' title="bbox 574 3943 2213 4009; baseline 0.001 -16"><span class='ocrx_word' id='word_1_544' title='bbox 574 3945 772 4009; x_wconf 86' lang='lat' dir='ltr'><strong>prioris</strong></span> <span class='ocrx_word' id='word_1_545' title='bbox 804 3945 948 4008; x_wconf 88' lang='lat' dir='ltr'><strong>(lego</strong></span> <span class='ocrx_word' id='word_1_546' title='bbox 991 3945 1214 4008; x_wconf 74' lang='lat' dir='ltr'><strong>priores)</strong></span> <span class='ocrx_word' id='word_1_547' title='bbox 1259 3943 1554 3993; x_wconf 88' lang='lat' dir='ltr'><strong>voluerunt</strong></span> <span class='ocrx_word' id='word_1_548' title='bbox 1602 3943 1757 3994; x_wconf 85' lang='lat' dir='ltr'><strong>hunc</strong></span> <span class='ocrx_word' id='word_1_549' title='bbox 1805 3958 2057 3996; x_wconf 88' lang='lat' dir='ltr'><strong>mensem</strong></span> <span class='ocrx_word' id='word_1_550' title='bbox 2106 3959 2213 3995; x_wconf 90' lang='lat' dir='ltr'><strong>no-</strong></span> 
     </span>
    </p>
   </div>
   <div class='ocr_carea' id='block_1_72' title="bbox 574 4015 2212 4066">
    <p class='ocr_par' dir='ltr' id='par_1_72' title="bbox 574 4015 2212 4066">
     <span class='ocr_line' id='line_1_73' title="bbox 574 4015 2212 4066; baseline 0.001 -1"><span class='ocrx_word' id='word_1_551' title='bbox 574 4030 705 4065; x_wconf 89' lang='lat' dir='ltr'><strong>vum</strong></span> <span class='ocrx_word' id='word_1_552' title='bbox 751 4015 1060 4065; x_wconf 85' lang='lat' dir='ltr'><strong>ostendere.</strong></span> <span class='ocrx_word' id='word_1_553' title='bbox 1116 4017 1392 4066; x_wconf 86' lang='lat' dir='ltr'><strong>Dixerunt</strong></span> <span class='ocrx_word' id='word_1_554' title='bbox 1449 4015 1597 4064; x_wconf 86' lang='lat' dir='ltr'><strong>enim</strong></span> <span class='ocrx_word' id='word_1_555' title='bbox 1653 4015 1913 4065; x_wconf 85' lang='lat' dir='ltr'><strong>eumdem</strong></span> <span class='ocrx_word' id='word_1_556' title='bbox 1965 4029 2212 4066; x_wconf 85' lang='lat' dir='ltr'><strong>mensem</strong></span> 
     </span>
    </p>
   </div>
   <div class='ocr_carea' id='block_1_73' title="bbox 577 4086 2210 4152">
    <p class='ocr_par' dir='ltr' id='par_1_73' title="bbox 577 4086 2210 4152">
     <span class='ocr_line' id='line_1_74' title="bbox 577 4086 2210 4152; baseline 0 -15"><span class='ocrx_word' id='word_1_557' title='bbox 577 4088 646 4137; x_wconf 88' lang='lat' dir='ltr'><strong>ab</strong></span> <span class='ocrx_word' id='word_1_558' title='bbox 691 4101 789 4137; x_wconf 82' lang='lat' dir='ltr'><strong>vxxx</strong></span> <span class='ocrx_word' id='word_1_559' title='bbox 838 4088 915 4136; x_wconf 93' lang='lat' dir='ltr'><strong>Id.</strong></span> <span class='ocrx_word' id='word_1_560' title='bbox 969 4088 1149 4137; x_wconf 86' lang='lat' dir='ltr'><strong>Martii</strong></span> <span class='ocrx_word' id='word_1_561' title='bbox 1200 4086 1463 4149; x_wconf 89' lang='lat' dir='ltr'><strong>incipere,</strong></span> <span class='ocrx_word' id='word_1_562' title='bbox 1510 4091 1566 4136; x_wconf 89' lang='lat' dir='ltr'><strong>et</strong></span> <span class='ocrx_word' id='word_1_563' title='bbox 1615 4086 1671 4136; x_wconf 90' lang='lat' dir='ltr'><strong>in</strong></span> <span class='ocrx_word' id='word_1_564' title='bbox 1724 4087 1813 4136; x_wconf 88' lang='lat' dir='ltr'><strong>die</strong></span> <span class='ocrx_word' id='word_1_565' title='bbox 1855 4088 1991 4137; x_wconf 89' lang='lat' dir='ltr'><strong>Non.</strong></span> <span class='ocrx_word' id='word_1_566' title='bbox 2039 4089 2210 4152; x_wconf 81' lang='lat' dir='ltr'><strong>April.</strong></span> 
     </span>
    </p>
   </div>
   <div class='ocr_carea' id='block_1_74' title="bbox 578 4159 2214 4224">
    <p class='ocr_par' dir='ltr' id='par_1_74' title="bbox 578 4159 2214 4224">
     <span class='ocr_line' id='line_1_75' title="bbox 578 4159 2214 4224; baseline 0 -14"><span class='ocrx_word' id='word_1_567' title='bbox 578 4173 966 4210; x_wconf 88' lang='lat' dir='ltr'><strong>consummare</strong></span> <span class='ocrx_word' id='word_1_568' title='bbox 1044 4173 1055 4206; x_wconf 87' lang='lat'><strong>:</strong></span> <span class='ocrx_word' id='word_1_569' title='bbox 1133 4159 1252 4209; x_wconf 82' lang='lat' dir='ltr'><strong>Hac</strong></span> <span class='ocrx_word' id='word_1_570' title='bbox 1328 4159 1468 4222; x_wconf 88' lang='lat' dir='ltr'><strong>(lego</strong></span> <span class='ocrx_word' id='word_1_571' title='bbox 1542 4159 1635 4220; x_wconf 81' lang='lat' dir='ltr'><strong>Ac)</strong></span> <span class='ocrx_word' id='word_1_572' title='bbox 1708 4164 1995 4223; x_wconf 90' lang='lat' dir='ltr'><strong>propterea</strong></span> <span class='ocrx_word' id='word_1_573' title='bbox 2066 4162 2214 4224; x_wconf 88' lang='lat' dir='ltr'><strong>ipsos</strong></span> 
     </span>
    </p>
   </div>
   <div class='ocr_carea' id='block_1_75' title="bbox 579 4230 2214 4291">
    <p class='ocr_par' dir='ltr' id='par_1_75' title="bbox 579 4230 2214 4291">
     <span class='ocr_line' id='line_1_76' title="bbox 579 4230 2214 4291; baseline 0.002 -12"><span class='ocrx_word' id='word_1_574' title='bbox 579 4231 697 4280; x_wconf 91' lang='lat' dir='ltr'><strong>dies</strong></span> <span class='ocrx_word' id='word_1_575' title='bbox 746 4242 911 4280; x_wconf 91' lang='lat' dir='ltr'><strong>xxxx.</strong></span> <span class='ocrx_word' id='word_1_576' title='bbox 963 4230 1326 4280; x_wconf 81' lang='lat' dir='ltr'><strong>Reverlamur</strong></span> <span class='ocrx_word' id='word_1_577' title='bbox 1383 4230 1453 4278; x_wconf 88' lang='lat' dir='ltr'><strong>ad</strong></span> <span class='ocrx_word' id='word_1_578' title='bbox 1505 4231 1768 4291; x_wconf 88' lang='lat' dir='ltr'><strong>Genesin,</strong></span> <span class='ocrx_word' id='word_1_579' title='bbox 1823 4247 1854 4278; x_wconf 87' lang='lat'>»</span> <span class='ocrx_word' id='word_1_580' title='bbox 1897 4238 2002 4282; x_wconf 90' lang='lat' dir='ltr'><strong>etc.</strong></span> <span class='ocrx_word' id='word_1_581' title='bbox 2060 4233 2214 4284; x_wconf 88' lang='lat' dir='ltr'><strong>Duas</strong></span> 
     </span>
    </p>
   </div>
   <div class='ocr_carea' id='block_1_76' title="bbox 577 4301 2213 4366">
    <p class='ocr_par' dir='ltr' id='par_1_76' title="bbox 577 4301 2213 4366">
     <span class='ocr_line' id='line_1_77' title="bbox 577 4301 2213 4366; baseline 0 -14"><span class='ocrx_word' id='word_1_582' title='bbox 577 4304 766 4364; x_wconf 86' lang='lat' dir='ltr'><strong>itaque</strong></span> <span class='ocrx_word' id='word_1_583' title='bbox 822 4303 1111 4364; x_wconf 84' lang='lat' dir='ltr'><strong>Opiniones</strong></span> <span class='ocrx_word' id='word_1_584' title='bbox 1169 4303 1345 4364; x_wconf 85' lang='lat' dir='ltr'><strong>rejicit</strong></span> <span class='ocrx_word' id='word_1_585' title='bbox 1413 4301 1507 4352; x_wconf 92' lang='lat' dir='ltr'><strong>hic</strong></span> <span class='ocrx_word' id='word_1_586' title='bbox 1564 4306 1778 4362; x_wconf 88' lang='lat' dir='ltr'><strong>auctor,</strong></span> <span class='ocrx_word' id='word_1_587' title='bbox 1842 4306 2213 4366; x_wconf 63' lang='lat' dir='ltr'><strong>quaerentium</strong></span> 
     </span>
    </p>
   </div>
   <div class='ocr_carea' id='block_1_77' title="bbox 575 4373 2213 4436">
    <p class='ocr_par' dir='ltr' id='par_1_77' title="bbox 575 4373 2213 4436">
     <span class='ocr_line' id='line_1_78' title="bbox 575 4373 2213 4436; baseline 0.002 -14"><span class='ocrx_word' id='word_1_588' title='bbox 575 4378 724 4436; x_wconf 89' lang='lat' dir='ltr'><strong>(ante</strong></span> <span class='ocrx_word' id='word_1_589' title='bbox 785 4373 961 4434; x_wconf 90' lang='lat' dir='ltr'><strong>illum)</strong></span> <span class='ocrx_word' id='word_1_590' title='bbox 1024 4374 1245 4422; x_wconf 83' lang='lat' dir='ltr'><strong>initium</strong></span> <span class='ocrx_word' id='word_1_591' title='bbox 1303 4373 1466 4436; x_wconf 88' lang='lat' dir='ltr'><strong>primi</strong></span> <span class='ocrx_word' id='word_1_592' title='bbox 1528 4379 1740 4423; x_wconf 88' lang='lat' dir='ltr'><strong>mensts</strong></span> <span class='ocrx_word' id='word_1_593' title='bbox 1797 4389 1807 4423; x_wconf 91' lang='lat'><strong>:</strong></span> <span class='ocrx_word' id='word_1_594' title='bbox 1868 4376 2098 4426; x_wconf 86' lang='lat' dir='ltr'><strong>alteram</strong></span> <span class='ocrx_word' id='word_1_595' title='bbox 2156 4377 2213 4425; x_wconf 89' lang='lat' dir='ltr'><strong>in</strong></span> 
     </span>
    </p>
   </div>
   <div class='ocr_carea' id='block_1_78' title="bbox 577 4444 2213 4509">
    <p class='ocr_par' dir='ltr' id='par_1_78' title="bbox 577 4444 2213 4509">
     <span class='ocr_line' id='line_1_79' title="bbox 577 4444 2213 4509; baseline 0.001 -13"><span class='ocrx_word' id='word_1_596' title='bbox 577 4444 770 4496; x_wconf 88' lang='lat' dir='ltr'><strong>codice</strong></span> <span class='ocrx_word' id='word_1_597' title='bbox 807 4445 870 4507; x_wconf 77' lang='grc' dir='ltr'><strong>Η,</strong></span> <span class='ocrx_word' id='word_1_598' title='bbox 898 4459 1064 4509; x_wconf 89' lang='lat' dir='ltr'><strong>quam</strong></span> <span class='ocrx_word' id='word_1_599' title='bbox 1100 4449 1160 4494; x_wconf 92' lang='lat' dir='ltr'><strong>ut</strong></span> <span class='ocrx_word' id='word_1_600' title='bbox 1197 4446 1470 4508; x_wconf 81' lang='lat' dir='ltr'><strong>prolixius</strong></span> <span class='ocrx_word' id='word_1_601' title='bbox 1515 4447 1842 4509; x_wconf 85' lang='lat' dir='ltr'><strong>expositam,</strong></span> <span class='ocrx_word' id='word_1_602' title='bbox 1893 4448 1949 4496; x_wconf 88' lang='lat' dir='ltr'><strong>in</strong></span> <span class='ocrx_word' id='word_1_603' title='bbox 1999 4452 2213 4498; x_wconf 88' lang='lat' dir='ltr'><strong>textum</strong></span> 
     </span>
    </p>
   </div>
   <div class='ocr_carea' id='block_1_79' title="bbox 576 4517 2214 4581">
    <p class='ocr_par' dir='ltr' id='par_1_79' title="bbox 576 4517 2214 4581">
     <span class='ocr_line' id='line_1_80' title="bbox 576 4517 2214 4581; baseline 0.001 -14"><span class='ocrx_word' id='word_1_604' title='bbox 576 4518 910 4581; x_wconf 87' lang='lat' dir='ltr'><strong>recipimus;</strong></span> <span class='ocrx_word' id='word_1_605' title='bbox 965 4519 1194 4568; x_wconf 87' lang='lat' dir='ltr'><strong>alteram</strong></span> <span class='ocrx_word' id='word_1_606' title='bbox 1253 4518 1308 4566; x_wconf 90' lang='lat' dir='ltr'><strong>in</strong></span> <span class='ocrx_word' id='word_1_607' title='bbox 1369 4517 1561 4567; x_wconf 88' lang='lat' dir='ltr'><strong>codice</strong></span> <span class='ocrx_word' id='word_1_608' title='bbox 1616 4517 1683 4579; x_wconf 89' lang='lat' dir='ltr'><strong>C,</strong></span> <span class='ocrx_word' id='word_1_609' title='bbox 1734 4532 1901 4581; x_wconf 87' lang='lat' dir='ltr'><strong>quam</strong></span> <span class='ocrx_word' id='word_1_610' title='bbox 1954 4520 2010 4568; x_wconf 92' lang='lat' dir='ltr'><strong>in</strong></span> <span class='ocrx_word' id='word_1_611' title='bbox 2068 4521 2214 4570; x_wconf 85' lang='lat' dir='ltr'><strong>notis</strong></span> 
     </span>
    </p>
   </div>
   <div class='ocr_carea' id='block_1_80' title="bbox 575 4582 2788 4655">
    <p class='ocr_par' dir='ltr' id='par_1_80' title="bbox 575 4582 2788 4655">
     <span class='ocr_line' id='line_1_81' title="bbox 575 4582 2788 4655; baseline -0 -15"><span class='ocrx_word' id='word_1_612' title='bbox 575 4589 923 4640; x_wconf 80' lang='lat' dir='ltr'><strong>exhibemus.</strong></span> <span class='ocrx_word' id='word_1_613' title='bbox 974 4590 1058 4638; x_wconf 90' lang='lat' dir='ltr'><strong>Illi</strong></span> <span class='ocrx_word' id='word_1_614' title='bbox 1111 4602 1252 4654; x_wconf 91' lang='lat' dir='ltr'><strong>quos</strong></span> <span class='ocrx_word' id='word_1_615' title='bbox 1312 4593 1469 4638; x_wconf 88' lang='lat' dir='ltr'><strong>notat</strong></span> <span class='ocrx_word' id='word_1_616' title='bbox 1532 4588 1709 4638; x_wconf 85' lang='lat' dir='ltr'><strong>codex</strong></span> <span class='ocrx_word' id='word_1_617' title='bbox 1763 4589 1808 4640; x_wconf 87' lang='lat' dir='ltr'><strong>R</strong></span> <span class='ocrx_word' id='word_1_618' title='bbox 1871 4582 2624 4655; x_wconf 83' lang='lat' dir='ltr'><strong>existimasseCsequitur),</strong></span> <span class='ocrx_word' id='word_1_619' title='bbox 2692 4588 2788 4639; x_wconf 90' lang='lat' dir='ltr'><strong>ubi</strong></span> 
     </span>
    </p>
   </div>
   <div class='ocr_carea' id='block_1_81' title="bbox 576 4661 2216 4725">
    <p class='ocr_par' dir='ltr' id='par_1_81' title="bbox 576 4661 2216 4725">
     <span class='ocr_line' id='line_1_82' title="bbox 576 4661 2216 4725; baseline 0.002 -15"><span class='ocrx_word' id='word_1_620' title='bbox 576 4661 836 4711; x_wconf 76' lang='lat' dir='ltr'><strong>videntur</strong></span> <span class='ocrx_word' id='word_1_621' title='bbox 874 4663 1066 4711; x_wconf 90' lang='lat' dir='ltr'><strong>lunam</strong></span> <span class='ocrx_word' id='word_1_622' title='bbox 1106 4675 1234 4711; x_wconf 90' lang='lat' dir='ltr'><strong>cum</strong></span> <span class='ocrx_word' id='word_1_623' title='bbox 1281 4662 1397 4710; x_wconf 89' lang='lat' dir='ltr'><strong>sole</strong></span> <span class='ocrx_word' id='word_1_624' title='bbox 1443 4665 1640 4725; x_wconf 85' lang='lat' dir='ltr'><strong>quarto</strong></span> <span class='ocrx_word' id='word_1_625' title='bbox 1685 4661 1880 4710; x_wconf 88' lang='lat' dir='ltr'><strong>mundi</strong></span> <span class='ocrx_word' id='word_1_626' title='bbox 1929 4661 2018 4710; x_wconf 90' lang='lat' dir='ltr'><strong>die</strong></span> <span class='ocrx_word' id='word_1_627' title='bbox 2066 4676 2216 4713; x_wconf 88' lang='lat' dir='ltr'><strong>crea-</strong></span> 
     </span>
    </p>
   </div>
   <div class='ocr_carea' id='block_1_82' title="bbox 580 4730 2216 4798">
    <p class='ocr_par' dir='ltr' id='par_1_82' title="bbox 580 4730 2216 4798">
     <span class='ocr_line' id='line_1_83' title="bbox 580 4730 2216 4798; baseline 0.001 -15"><span class='ocrx_word' id='word_1_628' title='bbox 580 4738 725 4794; x_wconf 89' lang='lat' dir='ltr'><strong>tam,</strong></span> <span class='ocrx_word' id='word_1_629' title='bbox 798 4734 956 4798; x_wconf 88' lang='lat' dir='ltr'><strong>quasi</strong></span> <span class='ocrx_word' id='word_1_630' title='bbox 1027 4737 1281 4797; x_wconf 87' lang='lat' dir='ltr'><strong>quartam</strong></span> <span class='ocrx_word' id='word_1_631' title='bbox 1355 4730 1679 4789; x_wconf 87' lang='lat' dir='ltr'><strong>decimam;</strong></span> <span class='ocrx_word' id='word_1_632' title='bbox 1749 4736 1812 4781; x_wconf 92' lang='lat' dir='ltr'><strong>ut</strong></span> <span class='ocrx_word' id='word_1_633' title='bbox 1887 4732 2083 4794; x_wconf 78' lang='lat' dir='ltr'><strong>fuerit,</strong></span> <span class='ocrx_word' id='word_1_634' title='bbox 2150 4747 2216 4784; x_wconf 90' lang='lat' dir='ltr'><strong>eo</strong></span> 
     </span>
    </p>
   </div>
   <div class='ocr_carea' id='block_1_83' title="bbox 577 4802 2213 4867">
    <p class='ocr_par' dir='ltr' id='par_1_83' title="bbox 577 4802 2213 4867">
     <span class='ocr_line' id='line_1_84' title="bbox 577 4802 2213 4867; baseline -0.001 -12"><span class='ocrx_word' id='word_1_635' title='bbox 577 4808 853 4866; x_wconf 83' lang='lat' dir='ltr'><strong>exeunte,</strong></span> <span class='ocrx_word' id='word_1_636' title='bbox 921 4808 974 4855; x_wconf 93' lang='lat' dir='ltr'><strong>et</strong></span> <span class='ocrx_word' id='word_1_637' title='bbox 1024 4807 1254 4855; x_wconf 86' lang='lat' dir='ltr'><strong>ineunte</strong></span> <span class='ocrx_word' id='word_1_638' title='bbox 1315 4802 1403 4852; x_wconf 91' lang='lat' dir='ltr'><strong>die</strong></span> <span class='ocrx_word' id='word_1_639' title='bbox 1468 4802 1754 4864; x_wconf 90' lang='lat' dir='ltr'><strong>secundo,</strong></span> <span class='ocrx_word' id='word_1_640' title='bbox 1810 4803 2213 4867; x_wconf 88' lang='lat' dir='ltr'><strong>plenilunium,</strong></span> 
     </span>
    </p>
   </div>
   <div class='ocr_carea' id='block_1_84' title="bbox 578 4875 2217 4942">
    <p class='ocr_par' dir='ltr' id='par_1_84' title="bbox 578 4875 2217 4942">
     <span class='ocr_line' id='line_1_85' title="bbox 578 4875 2217 4942; baseline 0 -15"><span class='ocrx_word' id='word_1_641' title='bbox 578 4891 746 4942; x_wconf 87' lang='lat' dir='ltr'><strong>quam</strong></span> <span class='ocrx_word' id='word_1_642' title='bbox 782 4881 984 4927; x_wconf 89' lang='lat' dir='ltr'><strong>vocant</strong></span> <span class='ocrx_word' id='word_1_643' title='bbox 1021 4877 1212 4926; x_wconf 88' lang='lat' dir='ltr'><strong>lunam</strong></span> <span class='ocrx_word' id='word_1_644' title='bbox 1261 4876 1515 4939; x_wconf 89' lang='lat' dir='ltr'><strong>quintam</strong></span> <span class='ocrx_word' id='word_1_645' title='bbox 1563 4875 1860 4938; x_wconf 89' lang='lat' dir='ltr'><strong>decimam,</strong></span> <span class='ocrx_word' id='word_1_646' title='bbox 1888 4881 1944 4926; x_wconf 91' lang='lat' dir='ltr'><strong>et</strong></span> <span class='ocrx_word' id='word_1_647' title='bbox 1987 4877 2217 4939; x_wconf 87' lang='lat' dir='ltr'><strong>quidem</strong></span> 
     </span>
    </p>
   </div>
   <div class='ocr_carea' id='block_1_85' title="bbox 576 4947 2218 5014">
    <p class='ocr_par' dir='ltr' id='par_1_85' title="bbox 576 4947 2218 5014">
     <span class='ocr_line' id='line_1_86' title="bbox 576 4947 2218 5014; baseline 0 -15"><span class='ocrx_word' id='word_1_648' title='bbox 576 4951 633 4999; x_wconf 91' lang='lat' dir='ltr'><strong>in</strong></span> <span class='ocrx_word' id='word_1_649' title='bbox 693 4951 812 5014; x_wconf 90' lang='lat' dir='ltr'><strong>ipso</strong></span> <span class='ocrx_word' id='word_1_650' title='bbox 869 4949 1243 5012; x_wconf 69' lang='lat' dir='ltr'><strong>mquinoctio;</strong></span> <span class='ocrx_word' id='word_1_651' title='bbox 1297 4947 1580 5012; x_wconf 90' lang='lat' dir='ltr'><strong>adeoque,</strong></span> <span class='ocrx_word' id='word_1_652' title='bbox 1650 4947 1740 4997; x_wconf 90' lang='lat' dir='ltr'><strong>die</strong></span> <span class='ocrx_word' id='word_1_653' title='bbox 1792 4949 2004 5011; x_wconf 89' lang='lat' dir='ltr'><strong>primo,</strong></span> <span class='ocrx_word' id='word_1_654' title='bbox 2051 4949 2218 5000; x_wconf 82' lang='lat' dir='ltr'><strong>fuerit</strong></span> 
     </span>
    </p>
   </div>
   <div class='ocr_carea' id='block_1_86' title="bbox 577 5019 2218 5084">
    <p class='ocr_par' dir='ltr' id='par_1_86' title="bbox 577 5019 2218 5084">
     <span class='ocr_line' id='line_1_87' title="bbox 577 5019 2218 5084; baseline 0 -14"><span class='ocrx_word' id='word_1_655' title='bbox 577 5021 917 5073; x_wconf 88' lang='lat' dir='ltr'><strong>undecima:</strong></span> <span class='ocrx_word' id='word_1_656' title='bbox 967 5025 1022 5071; x_wconf 89' lang='lat' dir='ltr'><strong>et</strong></span> <span class='ocrx_word' id='word_1_657' title='bbox 1062 5023 1371 5084; x_wconf 88' lang='lat' dir='ltr'><strong>propterea,</strong></span> <span class='ocrx_word' id='word_1_658' title='bbox 1406 5033 1614 5069; x_wconf 90' lang='lat' dir='ltr'><strong>annum</strong></span> <span class='ocrx_word' id='word_1_659' title='bbox 1656 5019 1851 5069; x_wconf 89' lang='lat' dir='ltr'><strong>mundi</strong></span> <span class='ocrx_word' id='word_1_660' title='bbox 1898 5025 2218 5083; x_wconf 87' lang='lat' dir='ltr'><strong>reputantes</strong></span> 
     </span>
    </p>
   </div>
   <div class='ocr_carea' id='block_1_87' title="bbox 576 5091 2218 5156">
    <p class='ocr_par' dir='ltr' id='par_1_87' title="bbox 576 5091 2218 5156">
     <span class='ocr_line' id='line_1_88' title="bbox 576 5091 2218 5156; baseline -0.003 -13"><span class='ocrx_word' id='word_1_661' title='bbox 576 5095 821 5156; x_wconf 87' lang='lat' dir='ltr'><strong>incipere</strong></span> <span class='ocrx_word' id='word_1_662' title='bbox 863 5107 893 5142; x_wconf 88' lang='lat' dir='ltr'><strong>a</strong></span> <span class='ocrx_word' id='word_1_663' title='bbox 939 5092 1027 5144; x_wconf 88' lang='lat' dir='ltr'><strong>die</strong></span> <span class='ocrx_word' id='word_1_664' title='bbox 1072 5093 1268 5156; x_wconf 89' lang='lat' dir='ltr'><strong>primo,</strong></span> <span class='ocrx_word' id='word_1_665' title='bbox 1304 5093 1523 5154; x_wconf 77' lang='lat' dir='ltr'><strong>triginta</strong></span> <span class='ocrx_word' id='word_1_666' title='bbox 1557 5091 1692 5154; x_wconf 90' lang='lat' dir='ltr'><strong>dies,</strong></span> <span class='ocrx_word' id='word_1_667' title='bbox 1723 5091 1930 5155; x_wconf 88' lang='lat' dir='ltr'><strong>quibus</strong></span> <span class='ocrx_word' id='word_1_668' title='bbox 1970 5103 2218 5139; x_wconf 88' lang='lat' dir='ltr'><strong>mensem</strong></span> 
     </span>
    </p>
   </div>
   <div class='ocr_carea' id='block_1_88' title="bbox 576 5162 2220 5229">
    <p class='ocr_par' dir='ltr' id='par_1_88' title="bbox 576 5162 2220 5229">
     <span class='ocr_line' id='line_1_89' title="bbox 576 5162 2220 5229; baseline -0.001 -15"><span class='ocrx_word' id='word_1_669' title='bbox 576 5167 802 5229; x_wconf 90' lang='lat' dir='ltr'><strong>plenum</strong></span> <span class='ocrx_word' id='word_1_670' title='bbox 857 5170 1113 5215; x_wconf 89' lang='lat' dir='ltr'><strong>constare</strong></span> <span class='ocrx_word' id='word_1_671' title='bbox 1157 5165 1366 5222; x_wconf 87' lang='lat' dir='ltr'><strong>volunt,</strong></span> <span class='ocrx_word' id='word_1_672' title='bbox 1399 5166 1454 5212; x_wconf 91' lang='lat' dir='ltr'><strong>in</strong></span> <span class='ocrx_word' id='word_1_673' title='bbox 1497 5164 1636 5213; x_wconf 90' lang='lat' dir='ltr'><strong>duas</strong></span> <span class='ocrx_word' id='word_1_674' title='bbox 1683 5169 1864 5227; x_wconf 87' lang='lat' dir='ltr'><strong>partes</strong></span> <span class='ocrx_word' id='word_1_675' title='bbox 1913 5162 2220 5212; x_wconf 88' lang='lat' dir='ltr'><strong>distribue-</strong></span> 
     </span>
    </p>
   </div>
   <div class='ocr_carea' id='block_1_89' title="bbox 575 5234 2218 5294">
    <p class='ocr_par' dir='ltr' id='par_1_89' title="bbox 575 5234 2218 5294">
     <span class='ocr_line' id='line_1_90' title="bbox 575 5234 2218 5294; baseline -0.002 -8"><span class='ocrx_word' id='word_1_676' title='bbox 575 5237 728 5294; x_wconf 87' lang='lat' dir='ltr'><strong>bant,</strong></span> <span class='ocrx_word' id='word_1_677' title='bbox 782 5235 1000 5286; x_wconf 89' lang='lat' dir='ltr'><strong>dierum</strong></span> <span class='ocrx_word' id='word_1_678' title='bbox 1051 5249 1112 5287; x_wconf 89' lang='lat' dir='ltr'><strong>xx</strong></span> <span class='ocrx_word' id='word_1_679' title='bbox 1165 5240 1219 5285; x_wconf 90' lang='lat' dir='ltr'><strong>et</strong></span> <span class='ocrx_word' id='word_1_680' title='bbox 1266 5236 1481 5286; x_wconf 87' lang='lat' dir='ltr'><strong>dierum</strong></span> <span class='ocrx_word' id='word_1_681' title='bbox 1531 5248 1677 5286; x_wconf 85' lang='lat' dir='ltr'><strong>xxx:</strong></span> <span class='ocrx_word' id='word_1_682' title='bbox 1739 5239 1817 5294; x_wconf 90' lang='lat' dir='ltr'><strong>ut,</strong></span> <span class='ocrx_word' id='word_1_683' title='bbox 1871 5235 2030 5284; x_wconf 82' lang='lat' dir='ltr'><strong>finito</strong></span> <span class='ocrx_word' id='word_1_684' title='bbox 2084 5234 2218 5283; x_wconf 90' lang='lat' dir='ltr'><strong>anni</strong></span> 
     </span>
    </p>
   </div>
   <div class='ocr_carea' id='block_1_90' title="bbox 578 5305 2216 5368">
    <p class='ocr_par' dir='ltr' id='par_1_90' title="bbox 578 5305 2216 5368">
     <span class='ocr_line' id='line_1_91' title="bbox 578 5305 2216 5368; baseline 0.001 -14"><span class='ocrx_word' id='word_1_685' title='bbox 578 5307 796 5366; x_wconf 79' lang='lat' dir='ltr'><strong>lunaris</strong></span> <span class='ocrx_word' id='word_1_686' title='bbox 826 5319 1021 5356; x_wconf 89' lang='lat' dir='ltr'><strong>mense</strong></span> <span class='ocrx_word' id='word_1_687' title='bbox 1061 5305 1395 5356; x_wconf 91' lang='lat' dir='ltr'><strong>duodecimo</strong></span> <span class='ocrx_word' id='word_1_688' title='bbox 1441 5306 1567 5367; x_wconf 85' lang='lat' dir='ltr'><strong>(hoc</strong></span> <span class='ocrx_word' id='word_1_689' title='bbox 1606 5311 1688 5356; x_wconf 90' lang='lat' dir='ltr'><strong>est</strong></span> <span class='ocrx_word' id='word_1_690' title='bbox 1739 5305 1942 5356; x_wconf 89' lang='lat' dir='ltr'><strong>diebus</strong></span> <span class='ocrx_word' id='word_1_691' title='bbox 1991 5308 2216 5368; x_wconf 78' lang='lat' dir='ltr'><strong>cccmv)</strong></span> 
     </span>
    </p>
   </div>
   <div class='ocr_carea' id='block_1_91' title="bbox 574 5377 2219 5442">
    <p class='ocr_par' dir='ltr' id='par_1_91' title="bbox 574 5377 2219 5442">
     <span class='ocr_line' id='line_1_92' title="bbox 574 5377 2219 5442; baseline -0.002 -13"><span class='ocrx_word' id='word_1_692' title='bbox 574 5380 733 5438; x_wconf 78' lang='lat' dir='ltr'><strong>foret,</strong></span> <span class='ocrx_word' id='word_1_693' title='bbox 782 5392 881 5442; x_wconf 89' lang='lat' dir='ltr'><strong>pro</strong></span> <span class='ocrx_word' id='word_1_694' title='bbox 929 5379 1218 5428; x_wconf 84' lang='lat' dir='ltr'><strong>novilunio</strong></span> <span class='ocrx_word' id='word_1_695' title='bbox 1256 5379 1418 5442; x_wconf 87' lang='lat' dir='ltr'><strong>primi</strong></span> <span class='ocrx_word' id='word_1_696' title='bbox 1463 5380 1673 5428; x_wconf 90' lang='lat' dir='ltr'><strong>mensis</strong></span> <span class='ocrx_word' id='word_1_697' title='bbox 1723 5380 1802 5438; x_wconf 92' lang='lat' dir='ltr'><strong>(in</strong></span> <span class='ocrx_word' id='word_1_698' title='bbox 1857 5391 2003 5427; x_wconf 90' lang='lat' dir='ltr'><strong>anno</strong></span> <span class='ocrx_word' id='word_1_699' title='bbox 2053 5377 2219 5430; x_wconf 87' lang='lat' dir='ltr'><strong>solari</strong></span> 
     </span>
    </p>
   </div>
   <div class='ocr_carea' id='block_1_92' title="bbox 577 5450 2218 5514">
    <p class='ocr_par' dir='ltr' id='par_1_92' title="bbox 577 5450 2218 5514">
     <span class='ocr_line' id='line_1_93' title="bbox 577 5450 2218 5514; baseline -0.002 -13"><span class='ocrx_word' id='word_1_700' title='bbox 577 5451 882 5511; x_wconf 90' lang='lat' dir='ltr'><strong>communi,</strong></span> <span class='ocrx_word' id='word_1_701' title='bbox 935 5450 1035 5514; x_wconf 88' lang='lat' dir='ltr'><strong>qui</strong></span> <span class='ocrx_word' id='word_1_702' title='bbox 1086 5463 1148 5500; x_wconf 81' lang='lat' dir='ltr'><strong>xx</strong></span> <span class='ocrx_word' id='word_1_703' title='bbox 1193 5450 1393 5500; x_wconf 86' lang='lat' dir='ltr'><strong>diebus</strong></span> <span class='ocrx_word' id='word_1_704' title='bbox 1441 5450 1658 5513; x_wconf 80' lang='lat' dir='ltr'><strong>longior</strong></span> <span class='ocrx_word' id='word_1_705' title='bbox 1715 5454 1796 5500; x_wconf 89' lang='lat' dir='ltr'><strong>est</strong></span> <span class='ocrx_word' id='word_1_706' title='bbox 1853 5463 2018 5513; x_wconf 87' lang='lat' dir='ltr'><strong>quam</strong></span> <span class='ocrx_word' id='word_1_707' title='bbox 2065 5463 2218 5499; x_wconf 85' lang='lat' dir='ltr'><strong>com-</strong></span> 
     </span>
    </p>
   </div>
   <div class='ocr_carea' id='block_1_93' title="bbox 575 5521 2219 5586">
    <p class='ocr_par' dir='ltr' id='par_1_93' title="bbox 575 5521 2219 5586">
     <span class='ocr_line' id='line_1_94' title="bbox 575 5521 2219 5586; baseline -0.001 -14"><span class='ocrx_word' id='word_1_708' title='bbox 575 5522 762 5572; x_wconf 89' lang='lat' dir='ltr'><strong>munis</strong></span> <span class='ocrx_word' id='word_1_709' title='bbox 784 5522 1017 5583; x_wconf 90' lang='lat' dir='ltr'><strong>lunaris)</strong></span> <span class='ocrx_word' id='word_1_710' title='bbox 1047 5522 1136 5573; x_wconf 90' lang='lat' dir='ltr'><strong>vel</strong></span> <span class='ocrx_word' id='word_1_711' title='bbox 1164 5521 1544 5586; x_wconf 90' lang='lat' dir='ltr'><strong>repedandum</strong></span> <span class='ocrx_word' id='word_1_712' title='bbox 1573 5522 1770 5573; x_wconf 88' lang='lat' dir='ltr'><strong>diebus</strong></span> <span class='ocrx_word' id='word_1_713' title='bbox 1805 5535 1862 5572; x_wconf 91' lang='lat' dir='ltr'><strong>xx</strong></span> <span class='ocrx_word' id='word_1_714' title='bbox 1899 5537 1909 5569; x_wconf 96' lang='lat'>:</span> <span class='ocrx_word' id='word_1_715' title='bbox 1938 5523 2044 5583; x_wconf 92' lang='lat' dir='ltr'><strong>vel,</strong></span> <span class='ocrx_word' id='word_1_716' title='bbox 2076 5523 2219 5571; x_wconf 79' lang='lat' dir='ltr'><strong>{acto</strong></span> 
     </span>
    </p>
   </div>
   <div class='ocr_carea' id='block_1_94' title="bbox 578 5591 2216 5655">
    <p class='ocr_par' dir='ltr' id='par_1_94' title="bbox 578 5591 2216 5655">
     <span class='ocr_line' id='line_1_95' title="bbox 578 5591 2216 5655; baseline 0 -11"><span class='ocrx_word' id='word_1_717' title='bbox 578 5593 908 5644; x_wconf 88' lang='lat' dir='ltr'><strong>embolismo</strong></span> <span class='ocrx_word' id='word_1_718' title='bbox 969 5593 1176 5642; x_wconf 88' lang='lat' dir='ltr'><strong>mensis</strong></span> <span class='ocrx_word' id='word_1_719' title='bbox 1249 5591 1451 5642; x_wconf 90' lang='lat' dir='ltr'><strong>decimi</strong></span> <span class='ocrx_word' id='word_1_720' title='bbox 1523 5595 1669 5643; x_wconf 89' lang='lat' dir='ltr'><strong>tertii</strong></span> <span class='ocrx_word' id='word_1_721' title='bbox 1749 5594 1964 5644; x_wconf 90' lang='lat' dir='ltr'><strong>dierum</strong></span> <span class='ocrx_word' id='word_1_722' title='bbox 2045 5607 2216 5655; x_wconf 86' lang='lat' dir='ltr'><strong>xxx,</strong></span> 
     </span>
    </p>
   </div>
   <div class='ocr_carea' id='block_1_95' title="bbox 576 5664 2219 5731">
    <p class='ocr_par' dir='ltr' id='par_1_95' title="bbox 576 5664 2219 5731">
     <span class='ocr_line' id='line_1_96' title="bbox 576 5664 2219 5731; baseline 0 -15"><span class='ocrx_word' id='word_1_723' title='bbox 576 5665 993 5731; x_wconf 89' lang='lat' dir='ltr'><strong>procedendum</strong></span> <span class='ocrx_word' id='word_1_724' title='bbox 1065 5664 1264 5715; x_wconf 89' lang='lat' dir='ltr'><strong>diebus</strong></span> <span class='ocrx_word' id='word_1_725' title='bbox 1338 5677 1463 5715; x_wconf 90' lang='lat' dir='ltr'><strong>xxx.</strong></span> <span class='ocrx_word' id='word_1_726' title='bbox 1523 5665 1704 5728; x_wconf 90' lang='lat' dir='ltr'><strong>Quam</strong></span> <span class='ocrx_word' id='word_1_727' title='bbox 1772 5665 2219 5716; x_wconf 87' lang='lat' dir='ltr'><strong>distributionem</strong></span> 
     </span>
    </p>
   </div>
   <div class='ocr_carea' id='block_1_96' title="bbox 578 5736 2218 5803">
    <p class='ocr_par' dir='ltr' id='par_1_96' title="bbox 578 5736 2218 5803">
     <span class='ocr_line' id='line_1_97' title="bbox 578 5736 2218 5803; baseline 0.001 -15"><span class='ocrx_word' id='word_1_728' title='bbox 578 5740 796 5789; x_wconf 90' lang='lat' dir='ltr'><strong>dierum</strong></span> <span class='ocrx_word' id='word_1_729' title='bbox 843 5751 992 5800; x_wconf 86' lang='lat' dir='ltr'><strong>xxx,</strong></span> <span class='ocrx_word' id='word_1_730' title='bbox 1024 5740 1216 5788; x_wconf 90' lang='lat' dir='ltr'><strong>auctor</strong></span> <span class='ocrx_word' id='word_1_731' title='bbox 1248 5736 1341 5787; x_wconf 92' lang='lat' dir='ltr'><strong>hic</strong></span> <span class='ocrx_word' id='word_1_732' title='bbox 1379 5751 1492 5788; x_wconf 91' lang='lat' dir='ltr'><strong>non</strong></span> <span class='ocrx_word' id='word_1_733' title='bbox 1539 5738 1833 5802; x_wconf 89' lang='lat' dir='ltr'><strong>improbat,</strong></span> <span class='ocrx_word' id='word_1_734' title='bbox 1871 5738 1969 5789; x_wconf 90' lang='lat' dir='ltr'><strong>sed</strong></span> <span class='ocrx_word' id='word_1_735' title='bbox 2012 5739 2218 5803; x_wconf 84' lang='lat' dir='ltr'><strong>impro-</strong></span> 
     </span>
    </p>
   </div>
   <div class='ocr_carea' id='block_1_97' title="bbox 578 5810 2219 5878">
    <p class='ocr_par' dir='ltr' id='par_1_97' title="bbox 578 5810 2219 5878">
     <span class='ocr_line' id='line_1_98' title="bbox 578 5810 2219 5878; baseline -0.001 -15"><span class='ocrx_word' id='word_1_736' title='bbox 578 5811 675 5863; x_wconf 85' lang='lat' dir='ltr'><strong>bat</strong></span> <span class='ocrx_word' id='word_1_737' title='bbox 733 5826 902 5878; x_wconf 88' lang='lat' dir='ltr'><strong>quam</strong></span> <span class='ocrx_word' id='word_1_738' title='bbox 974 5811 1080 5875; x_wconf 89' lang='lat' dir='ltr'><strong>ipsi</strong></span> <span class='ocrx_word' id='word_1_739' title='bbox 1136 5811 1383 5862; x_wconf 78' lang='lat' dir='ltr'><strong>fecerant</strong></span> <span class='ocrx_word' id='word_1_740' title='bbox 1439 5810 1716 5862; x_wconf 89' lang='lat' dir='ltr'><strong>delectum</strong></span> <span class='ocrx_word' id='word_1_741' title='bbox 1781 5811 1891 5861; x_wconf 90' lang='lat' dir='ltr'><strong>diei</strong></span> <span class='ocrx_word' id='word_1_742' title='bbox 1954 5811 2009 5860; x_wconf 89' lang='lat' dir='ltr'><strong>in</strong></span> <span class='ocrx_word' id='word_1_743' title='bbox 2072 5824 2219 5862; x_wconf 87' lang='lat' dir='ltr'><strong>anno</strong></span> 
     </span>
    </p>
   </div>
   <div class='ocr_carea' id='block_1_98' title="bbox 578 5880 2221 5952">
    <p class='ocr_par' dir='ltr' id='par_1_98' title="bbox 578 5880 2221 5952">
     <span class='ocr_line' id='line_1_99' title="bbox 578 5880 2221 5952; baseline 0 -16"><span class='ocrx_word' id='word_1_744' title='bbox 578 5883 761 5948; x_wconf 83' lang='lat' dir='ltr'><strong>solari,</strong></span> <span class='ocrx_word' id='word_1_745' title='bbox 815 5897 929 5952; x_wconf 87' lang='lat' dir='ltr'><strong>quo</strong></span> <span class='ocrx_word' id='word_1_746' title='bbox 984 5881 1262 5936; x_wconf 85' lang='lat' dir='ltr'><strong>mundum</strong></span> <span class='ocrx_word' id='word_1_747' title='bbox 1315 5880 1404 5935; x_wconf 88' lang='lat' dir='ltr'><strong>die</strong></span> <span class='ocrx_word' id='word_1_748' title='bbox 1457 5883 1658 5950; x_wconf 88' lang='lat' dir='ltr'><strong>primo,</strong></span> <span class='ocrx_word' id='word_1_749' title='bbox 1714 5881 1970 5949; x_wconf 86' lang='lat' dir='ltr'><strong>adeoque</strong></span> <span class='ocrx_word' id='word_1_750' title='bbox 2027 5882 2221 5936; x_wconf 85' lang='lat' dir='ltr'><strong>lunam</strong></span> 
     </span>
    </p>
   </div>
   <div class='ocr_carea' id='block_1_99' title="bbox 2313 3373 3888 3439">
    <p class='ocr_par' dir='ltr' id='par_1_99' title="bbox 2313 3373 3888 3439">
     <span class='ocr_line' id='line_1_100' title="bbox 2313 3373 3888 3439; baseline 0.001 -18"><span class='ocrx_word' id='word_1_751' title='bbox 2313 3373 2482 3422; x_wconf 82' lang='lat' dir='ltr'><strong>fuisse</strong></span> <span class='ocrx_word' id='word_1_752' title='bbox 2531 3373 2811 3424; x_wconf 90' lang='lat' dir='ltr'><strong>conditam</strong></span> <span class='ocrx_word' id='word_1_753' title='bbox 2859 3374 2949 3425; x_wconf 91' lang='lat' dir='ltr'><strong>die</strong></span> <span class='ocrx_word' id='word_1_754' title='bbox 3006 3379 3219 3439; x_wconf 88' lang='lat' dir='ltr'><strong>quarto,</strong></span> <span class='ocrx_word' id='word_1_755' title='bbox 3274 3375 3657 3428; x_wconf 87' lang='lat' dir='ltr'><strong>autumabant.</strong></span> <span class='ocrx_word' id='word_1_756' title='bbox 3703 3375 3888 3439; x_wconf 80' lang='lat' dir='ltr'><strong>Reputa‘</strong></span> 
     </span>
    </p>
   </div>
   <div class='ocr_carea' id='block_1_100' title="bbox 2315 3444 3888 3512">
    <p class='ocr_par' dir='ltr' id='par_1_100' title="bbox 2315 3444 3888 3512">
     <span class='ocr_line' id='line_1_101' title="bbox 2315 3444 3888 3512; baseline 0.001 -19"><span class='ocrx_word' id='word_1_757' title='bbox 2315 3444 2450 3494; x_wconf 87' lang='lat' dir='ltr'><strong>bant</strong></span> <span class='ocrx_word' id='word_1_758' title='bbox 2493 3446 2640 3495; x_wconf 89' lang='lat' dir='ltr'><strong>enim</strong></span> <span class='ocrx_word' id='word_1_759' title='bbox 2692 3445 2839 3496; x_wconf 89' lang='lat' dir='ltr'><strong>diem</strong></span> <span class='ocrx_word' id='word_1_760' title='bbox 2871 3447 3032 3496; x_wconf 90' lang='lat' dir='ltr'><strong>illum</strong></span> <span class='ocrx_word' id='word_1_761' title='bbox 3060 3449 3321 3511; x_wconf 89' lang='lat' dir='ltr'><strong>primum,</strong></span> <span class='ocrx_word' id='word_1_762' title='bbox 3354 3463 3473 3512; x_wconf 87' lang='lat' dir='ltr'><strong>quo</strong></span> <span class='ocrx_word' id='word_1_763' title='bbox 3508 3447 3737 3498; x_wconf 89' lang='lat' dir='ltr'><strong>mundus</strong></span> <span class='ocrx_word' id='word_1_764' title='bbox 3775 3460 3888 3496; x_wconf 82' lang='lat' dir='ltr'><strong>cres-</strong></span> 
     </span>
    </p>
   </div>
   <div class='ocr_carea' id='block_1_101' title="bbox 2316 3515 3888 3580">
    <p class='ocr_par' dir='ltr' id='par_1_101' title="bbox 2316 3515 3888 3580">
     <span class='ocr_line' id='line_1_102' title="bbox 2316 3515 3888 3580; baseline 0.005 -17"><span class='ocrx_word' id='word_1_765' title='bbox 2316 3520 2486 3576; x_wconf 87' lang='lat' dir='ltr'><strong>retur,</strong></span> <span class='ocrx_word' id='word_1_766' title='bbox 2519 3529 2615 3564; x_wconf 83' lang='lat' dir='ltr'><strong>vxxx</strong></span> <span class='ocrx_word' id='word_1_767' title='bbox 2659 3515 2778 3566; x_wconf 85' lang='lat' dir='ltr'><strong>Kal.</strong></span> <span class='ocrx_word' id='word_1_768' title='bbox 2833 3518 3056 3580; x_wconf 85' lang='lat' dir='ltr'><strong>Aprilis,</strong></span> <span class='ocrx_word' id='word_1_769' title='bbox 3103 3517 3209 3568; x_wconf 87' lang='lat' dir='ltr'><strong>hoc</strong></span> <span class='ocrx_word' id='word_1_770' title='bbox 3256 3523 3338 3568; x_wconf 91' lang='lat' dir='ltr'><strong>est</strong></span> <span class='ocrx_word' id='word_1_771' title='bbox 3394 3520 3576 3568; x_wconf 81' lang='lat' dir='ltr'><strong>Martii</strong></span> <span class='ocrx_word' id='word_1_772' title='bbox 3619 3519 3749 3569; x_wconf 88' lang='lat' dir='ltr'><strong>diem</strong></span> <span class='ocrx_word' id='word_1_773' title='bbox 3785 3530 3888 3571; x_wconf 72' lang='lat' dir='ltr'><strong>xxv.</strong></span> 
     </span>
    </p>
   </div>
   <div class='ocr_carea' id='block_1_102' title="bbox 2316 3587 3890 3652">
    <p class='ocr_par' dir='ltr' id='par_1_102' title="bbox 2316 3587 3890 3652">
     <span class='ocr_line' id='line_1_103' title="bbox 2316 3587 3890 3652; baseline -0.002 -17"><span class='ocrx_word' id='word_1_774' title='bbox 2316 3599 2428 3650; x_wconf 88' lang='lat' dir='ltr'><strong>quo</strong></span> <span class='ocrx_word' id='word_1_775' title='bbox 2477 3587 2570 3636; x_wconf 92' lang='lat' dir='ltr'><strong>die</strong></span> <span class='ocrx_word' id='word_1_776' title='bbox 2621 3591 2685 3637; x_wconf 89' lang='lat' dir='ltr'><strong>ut</strong></span> <span class='ocrx_word' id='word_1_777' title='bbox 2741 3588 2871 3637; x_wconf 88' lang='lat' dir='ltr'><strong>luna</strong></span> <span class='ocrx_word' id='word_1_778' title='bbox 2920 3589 3062 3640; x_wconf 84' lang='lat' dir='ltr'><strong>foret</strong></span> <span class='ocrx_word' id='word_1_779' title='bbox 3116 3589 3439 3652; x_wconf 85' lang='lat' dir='ltr'><strong>undecima,</strong></span> <span class='ocrx_word' id='word_1_780' title='bbox 3501 3602 3734 3640; x_wconf 90' lang='lat' dir='ltr'><strong>mensem</strong></span> <span class='ocrx_word' id='word_1_781' title='bbox 3775 3587 3890 3651; x_wconf 83' lang='lat' dir='ltr'><strong>quasi</strong></span> 
     </span>
    </p>
   </div>
   <div class='ocr_carea' id='block_1_103' title="bbox 2316 3659 3891 3723">
    <p class='ocr_par' dir='ltr' id='par_1_103' title="bbox 2316 3659 3891 3723">
     <span class='ocr_line' id='line_1_104' title="bbox 2316 3659 3891 3723; baseline -0.002 -16"><span class='ocrx_word' id='word_1_782' title='bbox 2316 3659 2590 3722; x_wconf 84' lang='lat' dir='ltr'><strong>incepisse</strong></span> <span class='ocrx_word' id='word_1_783' title='bbox 2653 3659 2982 3723; x_wconf 89' lang='lat' dir='ltr'><strong>reputabant</strong></span> <span class='ocrx_word' id='word_1_784' title='bbox 3042 3660 3111 3711; x_wconf 89' lang='lat' dir='ltr'><strong>ab</strong></span> <span class='ocrx_word' id='word_1_785' title='bbox 3173 3661 3365 3712; x_wconf 90' lang='lat' dir='ltr'><strong>Idibus</strong></span> <span class='ocrx_word' id='word_1_786' title='bbox 3435 3662 3646 3722; x_wconf 80' lang='lat' dir='ltr'><strong>Martii,</strong></span> <span class='ocrx_word' id='word_1_787' title='bbox 3700 3661 3791 3709; x_wconf 87' lang='lat' dir='ltr'><strong>hoc</strong></span> <span class='ocrx_word' id='word_1_788' title='bbox 3836 3663 3891 3706; x_wconf 83' lang='lat' dir='ltr'><strong>est</strong></span> 
     </span>
    </p>
   </div>
   <div class='ocr_carea' id='block_1_104' title="bbox 2315 3730 3886 3795">
    <p class='ocr_par' dir='ltr' id='par_1_104' title="bbox 2315 3730 3886 3795">
     <span class='ocr_line' id='line_1_105' title="bbox 2315 3730 3886 3795; baseline 0.003 -17"><span class='ocrx_word' id='word_1_789' title='bbox 2315 3730 2494 3779; x_wconf 84' lang='lat' dir='ltr'><strong>Martii</strong></span> <span class='ocrx_word' id='word_1_790' title='bbox 2541 3731 2630 3780; x_wconf 89' lang='lat' dir='ltr'><strong>die</strong></span> <span class='ocrx_word' id='word_1_791' title='bbox 2684 3745 2782 3792; x_wconf 87' lang='lat' dir='ltr'><strong>xv,</strong></span> <span class='ocrx_word' id='word_1_792' title='bbox 2830 3733 3099 3795; x_wconf 88' lang='lat' dir='ltr'><strong>adeoque,</strong></span> <span class='ocrx_word' id='word_1_793' title='bbox 3149 3746 3278 3783; x_wconf 90' lang='lat' dir='ltr'><strong>cum</strong></span> <span class='ocrx_word' id='word_1_794' title='bbox 3327 3733 3497 3783; x_wconf 81' lang='lat' dir='ltr'><strong>fuerit</strong></span> <span class='ocrx_word' id='word_1_795' title='bbox 3548 3733 3745 3781; x_wconf 86' lang='lat' dir='ltr'><strong>dierum</strong></span> <span class='ocrx_word' id='word_1_796' title='bbox 3781 3740 3886 3782; x_wconf 66' lang='lat' dir='ltr'><strong>xxx,</strong></span> 
     </span>
    </p>
   </div>
   <div class='ocr_carea' id='block_1_105' title="bbox 2314 3801 3888 3868">
    <p class='ocr_par' dir='ltr' id='par_1_105' title="bbox 2314 3801 3888 3868">
     <span class='ocr_line' id='line_1_106' title="bbox 2314 3801 3888 3868; baseline 0.003 -20"><span class='ocrx_word' id='word_1_797' title='bbox 2314 3801 2507 3852; x_wconf 88' lang='lat' dir='ltr'><strong>Idibus</strong></span> <span class='ocrx_word' id='word_1_798' title='bbox 2554 3805 2778 3867; x_wconf 90' lang='lat' dir='ltr'><strong>Aprilis,</strong></span> <span class='ocrx_word' id='word_1_799' title='bbox 2806 3806 2902 3868; x_wconf 91' lang='lat' dir='ltr'><strong>qui</strong></span> <span class='ocrx_word' id='word_1_800' title='bbox 2947 3810 3032 3854; x_wconf 91' lang='lat' dir='ltr'><strong>est</strong></span> <span class='ocrx_word' id='word_1_801' title='bbox 3075 3806 3280 3868; x_wconf 84' lang='lat' dir='ltr'><strong>Aprilis</strong></span> <span class='ocrx_word' id='word_1_802' title='bbox 3324 3804 3447 3854; x_wconf 87' lang='lat' dir='ltr'><strong>dies</strong></span> <span class='ocrx_word' id='word_1_803' title='bbox 3495 3817 3614 3865; x_wconf 88' lang='lat' dir='ltr'><strong>xxxx,</strong></span> <span class='ocrx_word' id='word_1_804' title='bbox 3648 3801 3888 3852; x_wconf 77' lang='lat' dir='ltr'><strong>terminari.</strong></span> 
     </span>
    </p>
   </div>
   <div class='ocr_carea' id='block_1_106' title="bbox 2315 3871 3888 3940">
    <p class='ocr_par' dir='ltr' id='par_1_106' title="bbox 2315 3871 3888 3940">
     <span class='ocr_line' id='line_1_107' title="bbox 2315 3871 3888 3940; baseline 0.003 -21"><span class='ocrx_word' id='word_1_805' title='bbox 2315 3871 2564 3936; x_wconf 89' lang='lat' dir='ltr'><strong>adeoque</strong></span> <span class='ocrx_word' id='word_1_806' title='bbox 2599 3875 2793 3924; x_wconf 91' lang='lat' dir='ltr'><strong>lunam</strong></span> <span class='ocrx_word' id='word_1_807' title='bbox 2839 3875 3112 3926; x_wconf 89' lang='lat' dir='ltr'><strong>decimam</strong></span> <span class='ocrx_word' id='word_1_808' title='bbox 3151 3881 3428 3940; x_wconf 88' lang='lat' dir='ltr'><strong>quartam,</strong></span> <span class='ocrx_word' id='word_1_809' title='bbox 3457 3889 3496 3926; x_wconf 78' lang='grc' dir='ltr'><strong><em>ν</em></strong></span> <span class='ocrx_word' id='word_1_810' title='bbox 3537 3875 3618 3924; x_wconf 87' lang='lat' dir='ltr'><strong>Kl.</strong></span> <span class='ocrx_word' id='word_1_811' title='bbox 3666 3872 3888 3936; x_wconf 51' lang='lat' dir='ltr'><strong>Apulia:</strong></span> 
     </span>
    </p>
   </div>
   <div class='ocr_carea' id='block_1_107' title="bbox 2314 3944 3888 4010">
    <p class='ocr_par' dir='ltr' id='par_1_107' title="bbox 2314 3944 3888 4010">
     <span class='ocr_line' id='line_1_108' title="bbox 2314 3944 3888 4010; baseline -0.004 -18"><span class='ocrx_word' id='word_1_812' title='bbox 2314 3947 2399 3992; x_wconf 88' lang='lat' dir='ltr'><strong>est</strong></span> <span class='ocrx_word' id='word_1_813' title='bbox 2441 3944 2620 3994; x_wconf 85' lang='lat' dir='ltr'><strong>Martii</strong></span> <span class='ocrx_word' id='word_1_814' title='bbox 2651 3945 2738 3996; x_wconf 89' lang='lat' dir='ltr'><strong>die</strong></span> <span class='ocrx_word' id='word_1_815' title='bbox 2777 3960 2990 3996; x_wconf 84' lang='lat' dir='ltr'><strong>xxvxxx.</strong></span> <span class='ocrx_word' id='word_1_816' title='bbox 3037 3959 3148 4010; x_wconf 90' lang='lat' dir='ltr'><strong>quo</strong></span> <span class='ocrx_word' id='word_1_817' title='bbox 3191 3951 3478 3996; x_wconf 88' lang='lat' dir='ltr'><strong>crearetur</strong></span> <span class='ocrx_word' id='word_1_818' title='bbox 3514 3947 3662 3995; x_wconf 85' lang='lat' dir='ltr'><strong>luna.</strong></span> <span class='ocrx_word' id='word_1_819' title='bbox 3702 3944 3773 3992; x_wconf 88' lang='lat' dir='ltr'><strong>Illi</strong></span> <span class='ocrx_word' id='word_1_820' title='bbox 3797 3952 3888 3991; x_wconf 83' lang='lat' dir='ltr'><strong>vero</strong></span> 
     </span>
    </p>
   </div>
   <div class='ocr_carea' id='block_1_108' title="bbox 2313 4014 3888 4082">
    <p class='ocr_par' dir='ltr' id='par_1_108' title="bbox 2313 4014 3888 4082">
     <span class='ocr_line' id='line_1_109' title="bbox 2313 4014 3888 4082; baseline -0.002 -19"><span class='ocrx_word' id='word_1_821' title='bbox 2313 4028 2453 4078; x_wconf 89' lang='lat' dir='ltr'><strong>quos</strong></span> <span class='ocrx_word' id='word_1_822' title='bbox 2487 4020 2642 4067; x_wconf 89' lang='lat' dir='ltr'><strong>notat</strong></span> <span class='ocrx_word' id='word_1_823' title='bbox 2665 4017 2842 4068; x_wconf 89' lang='lat' dir='ltr'><strong>codex</strong></span> <span class='ocrx_word' id='word_1_824' title='bbox 2870 4019 2934 4079; x_wconf 87' lang='lat' dir='ltr'><strong>C,</strong></span> <span class='ocrx_word' id='word_1_825' title='bbox 2964 4020 3206 4082; x_wconf 89' lang='lat' dir='ltr'><strong>primum</strong></span> <span class='ocrx_word' id='word_1_826' title='bbox 3231 4014 3455 4068; x_wconf 89' lang='lat' dir='ltr'><strong>dierum</strong></span> <span class='ocrx_word' id='word_1_827' title='bbox 3481 4029 3645 4078; x_wconf 85' lang='lat' dir='ltr'><strong>xxxx,</strong></span> <span class='ocrx_word' id='word_1_828' title='bbox 3677 4014 3888 4077; x_wconf 82' lang='lat' dir='ltr'><strong>incepisse</strong></span> 
     </span>
    </p>
   </div>
   <div class='ocr_carea' id='block_1_109' title="bbox 2315 4086 3885 4150">
    <p class='ocr_par' dir='ltr' id='par_1_109' title="bbox 2315 4086 3885 4150">
     <span class='ocr_line' id='line_1_110' title="bbox 2315 4086 3885 4150; baseline -0.001 -16"><span class='ocrx_word' id='word_1_829' title='bbox 2315 4086 2542 4150; x_wconf 87' lang='lat' dir='ltr'><strong>quidem</strong></span> <span class='ocrx_word' id='word_1_830' title='bbox 2589 4102 2688 4142; x_wconf 85' lang='lat' dir='ltr'><strong>vxxx</strong></span> <span class='ocrx_word' id='word_1_831' title='bbox 2733 4089 2808 4139; x_wconf 92' lang='lat' dir='ltr'><strong>Id.</strong></span> <span class='ocrx_word' id='word_1_832' title='bbox 2854 4090 3052 4150; x_wconf 89' lang='lat' dir='ltr'><strong>Martii,</strong></span> <span class='ocrx_word' id='word_1_833' title='bbox 3097 4089 3206 4140; x_wconf 88' lang='lat' dir='ltr'><strong>hoc</strong></span> <span class='ocrx_word' id='word_1_834' title='bbox 3249 4093 3337 4140; x_wconf 88' lang='lat' dir='ltr'><strong>est</strong></span> <span class='ocrx_word' id='word_1_835' title='bbox 3381 4090 3564 4140; x_wconf 86' lang='lat' dir='ltr'><strong>Martii</strong></span> <span class='ocrx_word' id='word_1_836' title='bbox 3605 4088 3687 4138; x_wconf 90' lang='lat' dir='ltr'><strong>die</strong></span> <span class='ocrx_word' id='word_1_837' title='bbox 3726 4099 3832 4139; x_wconf 82' lang='lat' dir='ltr'><strong>vux;</strong></span> <span class='ocrx_word' id='word_1_838' title='bbox 3866 4097 3885 4132; x_wconf 79' lang='grc' dir='ltr'>θ</span> 
     </span>
    </p>
   </div>
   <div class='ocr_carea' id='block_1_110' title="bbox 2315 4155 3887 4225">
    <p class='ocr_par' dir='ltr' id='par_1_110' title="bbox 2315 4155 3887 4225">
     <span class='ocr_line' id='line_1_111' title="bbox 2315 4155 3887 4225; baseline -0.001 -21"><span class='ocrx_word' id='word_1_839' title='bbox 2315 4159 2598 4208; x_wconf 88' lang='lat' dir='ltr'><strong>terminari</strong></span> <span class='ocrx_word' id='word_1_840' title='bbox 2659 4160 2795 4222; x_wconf 89' lang='lat' dir='ltr'><strong>ipsis</strong></span> <span class='ocrx_word' id='word_1_841' title='bbox 2859 4161 3032 4211; x_wconf 89' lang='lat' dir='ltr'><strong>Nonis</strong></span> <span class='ocrx_word' id='word_1_842' title='bbox 3093 4161 3334 4225; x_wconf 84' lang='lat' dir='ltr'><strong>Aprilis,</strong></span> <span class='ocrx_word' id='word_1_843' title='bbox 3409 4161 3520 4210; x_wconf 88' lang='lat' dir='ltr'><strong>hoc</strong></span> <span class='ocrx_word' id='word_1_844' title='bbox 3594 4164 3673 4208; x_wconf 90' lang='lat' dir='ltr'><strong>est</strong></span> <span class='ocrx_word' id='word_1_845' title='bbox 3738 4155 3887 4220; x_wconf 83' lang='lat' dir='ltr'><strong>Aprilis</strong></span> 
     </span>
    </p>
   </div>
   <div class='ocr_carea' id='block_1_111' title="bbox 2315 4227 3885 4295">
    <p class='ocr_par' dir='ltr' id='par_1_111' title="bbox 2315 4227 3885 4295">
     <span class='ocr_line' id='line_1_112' title="bbox 2315 4227 3885 4295; baseline 0.004 -19"><span class='ocrx_word' id='word_1_846' title='bbox 2315 4227 2405 4278; x_wconf 91' lang='lat' dir='ltr'><strong>die</strong></span> <span class='ocrx_word' id='word_1_847' title='bbox 2431 4242 2507 4281; x_wconf 89' lang='lat' dir='ltr'><strong>v:</strong></span> <span class='ocrx_word' id='word_1_848' title='bbox 2559 4233 2620 4279; x_wconf 92' lang='lat' dir='ltr'><strong>ut</strong></span> <span class='ocrx_word' id='word_1_849' title='bbox 2657 4230 2874 4280; x_wconf 88' lang='lat' dir='ltr'><strong>decima</strong></span> <span class='ocrx_word' id='word_1_850' title='bbox 2921 4235 3116 4295; x_wconf 89' lang='lat' dir='ltr'><strong>quarta</strong></span> <span class='ocrx_word' id='word_1_851' title='bbox 3164 4232 3332 4282; x_wconf 82' lang='lat' dir='ltr'><strong>fuerit</strong></span> <span class='ocrx_word' id='word_1_852' title='bbox 3367 4232 3523 4291; x_wconf 89' lang='lat' dir='ltr'><strong>luna,</strong></span> <span class='ocrx_word' id='word_1_853' title='bbox 3558 4245 3630 4281; x_wconf 87' lang='lat' dir='ltr'><strong>xxx</strong></span> <span class='ocrx_word' id='word_1_854' title='bbox 3672 4228 3745 4278; x_wconf 81' lang='lat' dir='ltr'><strong>Kl.</strong></span> <span class='ocrx_word' id='word_1_855' title='bbox 3779 4231 3885 4288; x_wconf 45' lang='lat' dir='ltr'><strong>Apr.)</strong></span> 
     </span>
    </p>
   </div>
   <div class='ocr_carea' id='block_1_112' title="bbox 2313 4295 3886 4368">
    <p class='ocr_par' dir='ltr' id='par_1_112' title="bbox 2313 4295 3886 4368">
     <span class='ocr_line' id='line_1_113' title="bbox 2313 4295 3886 4368; baseline -0.003 -20"><span class='ocrx_word' id='word_1_856' title='bbox 2313 4299 2421 4350; x_wconf 89' lang='lat' dir='ltr'><strong>hoc</strong></span> <span class='ocrx_word' id='word_1_857' title='bbox 2448 4305 2532 4351; x_wconf 89' lang='lat' dir='ltr'><strong>est</strong></span> <span class='ocrx_word' id='word_1_858' title='bbox 2567 4301 2745 4351; x_wconf 85' lang='lat' dir='ltr'><strong>Martii</strong></span> <span class='ocrx_word' id='word_1_859' title='bbox 2776 4302 2864 4352; x_wconf 91' lang='lat' dir='ltr'><strong>die</strong></span> <span class='ocrx_word' id='word_1_860' title='bbox 2893 4315 2999 4352; x_wconf 86' lang='lat' dir='ltr'><strong>xxx</strong></span> <span class='ocrx_word' id='word_1_861' title='bbox 3023 4318 3036 4363; x_wconf 89' lang='lat'>;</span> <span class='ocrx_word' id='word_1_862' title='bbox 3076 4303 3356 4367; x_wconf 80' lang='lat' dir='ltr'><strong>fueritque</strong></span> <span class='ocrx_word' id='word_1_863' title='bbox 3383 4305 3596 4368; x_wconf 88' lang='lat' dir='ltr'><strong>primus</strong></span> <span class='ocrx_word' id='word_1_864' title='bbox 3625 4303 3709 4350; x_wconf 92' lang='lat' dir='ltr'><strong>ille</strong></span> <span class='ocrx_word' id='word_1_865' title='bbox 3745 4295 3886 4348; x_wconf 86' lang='lat' dir='ltr'><strong>mundi</strong></span> 
     </span>
    </p>
   </div>
   <div class='ocr_carea' id='block_1_113' title="bbox 2313 4371 3886 4440">
    <p class='ocr_par' dir='ltr' id='par_1_113' title="bbox 2313 4371 3886 4440">
     <span class='ocr_line' id='line_1_114' title="bbox 2313 4371 3886 4440; baseline -0.003 -19"><span class='ocrx_word' id='word_1_866' title='bbox 2313 4371 2432 4422; x_wconf 88' lang='lat' dir='ltr'><strong>dies</strong></span> <span class='ocrx_word' id='word_1_867' title='bbox 2471 4373 2865 4436; x_wconf 88' lang='lat' dir='ltr'><strong>plenilunium,</strong></span> <span class='ocrx_word' id='word_1_868' title='bbox 2896 4388 2998 4424; x_wconf 88' lang='lat' dir='ltr'><strong>seu</strong></span> <span class='ocrx_word' id='word_1_869' title='bbox 3037 4376 3170 4424; x_wconf 80' lang='lat' dir='ltr'><strong>luna</strong></span> <span class='ocrx_word' id='word_1_870' title='bbox 3200 4377 3420 4427; x_wconf 86' lang='lat' dir='ltr'><strong>decima</strong></span> <span class='ocrx_word' id='word_1_871' title='bbox 3468 4377 3676 4440; x_wconf 88' lang='lat' dir='ltr'><strong>quinta.</strong></span> <span class='ocrx_word' id='word_1_872' title='bbox 3710 4373 3770 4424; x_wconf 82' lang='lat' dir='ltr'><strong>Et</strong></span> <span class='ocrx_word' id='word_1_873' title='bbox 3801 4371 3886 4434; x_wconf 87' lang='lat' dir='ltr'><strong>qui-</strong></span> 
     </span>
    </p>
   </div>
   <div class='ocr_carea' id='block_1_114' title="bbox 2313 4442 3886 4508">
    <p class='ocr_par' dir='ltr' id='par_1_114' title="bbox 2313 4442 3886 4508">
     <span class='ocr_line' id='line_1_115' title="bbox 2313 4442 3886 4508; baseline -0.001 -15"><span class='ocrx_word' id='word_1_874' title='bbox 2313 4442 2442 4494; x_wconf 90' lang='lat' dir='ltr'><strong>dem</strong></span> <span class='ocrx_word' id='word_1_875' title='bbox 2485 4458 2614 4494; x_wconf 90' lang='lat' dir='ltr'><strong>cum</strong></span> <span class='ocrx_word' id='word_1_876' title='bbox 2650 4445 2738 4496; x_wconf 87' lang='lat' dir='ltr'><strong>his</strong></span> <span class='ocrx_word' id='word_1_877' title='bbox 2777 4449 2985 4498; x_wconf 86' lang='lat' dir='ltr'><strong>sentire</strong></span> <span class='ocrx_word' id='word_1_878' title='bbox 3031 4447 3251 4498; x_wconf 90' lang='lat' dir='ltr'><strong>videtur</strong></span> <span class='ocrx_word' id='word_1_879' title='bbox 3284 4448 3464 4498; x_wconf 90' lang='lat' dir='ltr'><strong>codex</strong></span> <span class='ocrx_word' id='word_1_880' title='bbox 3508 4447 3552 4497; x_wconf 88' lang='lat' dir='ltr'>C</span> <span class='ocrx_word' id='word_1_881' title='bbox 3599 4448 3651 4496; x_wconf 89' lang='lat' dir='ltr'><strong>in</strong></span> <span class='ocrx_word' id='word_1_882' title='bbox 3685 4453 3886 4508; x_wconf 76' lang='lat' dir='ltr'><strong>paragra-</strong></span> 
     </span>
    </p>
   </div>
   <div class='ocr_carea' id='block_1_115' title="bbox 2313 4512 3884 4583">
    <p class='ocr_par' dir='ltr' id='par_1_115' title="bbox 2313 4512 3884 4583">
     <span class='ocr_line' id='line_1_116' title="bbox 2313 4512 3884 4583; baseline -0.003 -21"><span class='ocrx_word' id='word_1_883' title='bbox 2313 4512 2427 4575; x_wconf 88' lang='lat' dir='ltr'><strong>pho</strong></span> <span class='ocrx_word' id='word_1_884' title='bbox 2465 4515 2693 4566; x_wconf 72' lang='lat' dir='ltr'><strong>Posthaec</strong></span> <span class='ocrx_word' id='word_1_885' title='bbox 2740 4519 2878 4568; x_wconf 83' lang='lat' dir='ltr'><strong>enim</strong></span> <span class='ocrx_word' id='word_1_886' title='bbox 2931 4519 3158 4568; x_wconf 83' lang='lat' dir='ltr'><strong>breviter</strong></span> <span class='ocrx_word' id='word_1_887' title='bbox 3192 4519 3367 4570; x_wconf 85' lang='lat' dir='ltr'><strong>dicam</strong></span> <span class='ocrx_word' id='word_1_888' title='bbox 3411 4520 3532 4583; x_wconf 91' lang='lat' dir='ltr'><strong>(qui</strong></span> <span class='ocrx_word' id='word_1_889' title='bbox 3575 4518 3662 4567; x_wconf 89' lang='lat' dir='ltr'><strong>hic</strong></span> <span class='ocrx_word' id='word_1_890' title='bbox 3703 4518 3748 4565; x_wconf 90' lang='lat' dir='ltr'><strong>in</strong></span> <span class='ocrx_word' id='word_1_891' title='bbox 3786 4512 3884 4562; x_wconf 72' lang='lat' dir='ltr'><strong>notis</strong></span> 
     </span>
    </p>
   </div>
   <div class='ocr_carea' id='block_1_116' title="bbox 2864 4585 3884 4654">
    <p class='ocr_par' dir='ltr' id='par_1_116' title="bbox 2864 4585 3884 4654">
     <span class='ocr_line' id='line_1_117' title="bbox 2864 4585 3884 4654; baseline -0.008 -13"><span class='ocrx_word' id='word_1_892' title='bbox 2864 4590 3074 4642; x_wconf 88' lang='lat' dir='ltr'><strong>dicitur</strong></span> <span class='ocrx_word' id='word_1_893' title='bbox 3144 4590 3386 4642; x_wconf 62' lang='lat' dir='ltr'><strong>Hebraeos</strong></span> <span class='ocrx_word' id='word_1_894' title='bbox 3443 4603 3710 4654; x_wconf 80' lang='lat' dir='ltr'><strong>nunquam</strong></span> <span class='ocrx_word' id='word_1_895' title='bbox 3756 4585 3884 4647; x_wconf 73' lang='lat' dir='ltr'><strong>fecisse</strong></span> 
     </span>
    </p>
   </div>
   <div class='ocr_carea' id='block_1_117' title="bbox 2317 4655 3883 4726">
    <p class='ocr_par' dir='ltr' id='par_1_117' title="bbox 2317 4655 3883 4726">
     <span class='ocr_line' id='line_1_118' title="bbox 2317 4655 3883 4726; baseline 0.002 -22"><span class='ocrx_word' id='word_1_896' title='bbox 2317 4655 2521 4706; x_wconf 86' lang='lat' dir='ltr'><strong>Pascha</strong></span> <span class='ocrx_word' id='word_1_897' title='bbox 2549 4662 2674 4708; x_wconf 82' lang='lat' dir='ltr'><strong>ante</strong></span> <span class='ocrx_word' id='word_1_898' title='bbox 2711 4673 2792 4710; x_wconf 86' lang='lat' dir='ltr'><strong>xxx</strong></span> <span class='ocrx_word' id='word_1_899' title='bbox 2834 4661 2919 4712; x_wconf 84' lang='lat' dir='ltr'><strong>Kl.</strong></span> <span class='ocrx_word' id='word_1_900' title='bbox 2959 4664 3181 4725; x_wconf 72' lang='lat' dir='ltr'><strong>Aprilis,</strong></span> <span class='ocrx_word' id='word_1_901' title='bbox 3213 4662 3363 4726; x_wconf 89' lang='lat' dir='ltr'><strong>quod</strong></span> <span class='ocrx_word' id='word_1_902' title='bbox 3411 4676 3480 4714; x_wconf 90' lang='lat' dir='ltr'><strong>eo</strong></span> <span class='ocrx_word' id='word_1_903' title='bbox 3517 4662 3606 4712; x_wconf 89' lang='lat' dir='ltr'><strong>die</strong></span> <span class='ocrx_word' id='word_1_904' title='bbox 3653 4661 3764 4709; x_wconf 81' lang='lat' dir='ltr'><strong>tuna</strong></span> <span class='ocrx_word' id='word_1_905' title='bbox 3797 4659 3883 4702; x_wconf 71' lang='lat' dir='ltr'><strong>nam</strong></span> 
     </span>
    </p>
   </div>
   <div class='ocr_carea' id='block_1_118' title="bbox 2316 4728 3881 4799">
    <p class='ocr_par' dir='ltr' id='par_1_118' title="bbox 2316 4728 3881 4799">
     <span class='ocr_line' id='line_1_119' title="bbox 2316 4728 3881 4799; baseline 0.004 -22"><span class='ocrx_word' id='word_1_906' title='bbox 2316 4739 2413 4777; x_wconf 81' lang='lat' dir='ltr'><strong>vui</strong></span> <span class='ocrx_word' id='word_1_907' title='bbox 2442 4728 2531 4799; x_wconf 27' lang='lat' dir='ltr'><strong>Ald</strong></span> <span class='ocrx_word' id='word_1_908' title='bbox 2592 4732 2782 4783; x_wconf 78' lang='lat' dir='ltr'><strong>Martii</strong></span> <span class='ocrx_word' id='word_1_909' title='bbox 2839 4733 3043 4784; x_wconf 84' lang='lat' dir='ltr'><strong>decima</strong></span> <span class='ocrx_word' id='word_1_910' title='bbox 3109 4741 3308 4799; x_wconf 86' lang='lat' dir='ltr'><strong>quarta</strong></span> <span class='ocrx_word' id='word_1_911' title='bbox 3376 4734 3557 4798; x_wconf 77' lang='lat' dir='ltr'><strong>fuerit.</strong></span> <span class='ocrx_word' id='word_1_912' title='bbox 3617 4732 3881 4794; x_wconf 63' lang='lat' dir='ltr'><strong>Quanquam</strong></span> 
     </span>
    </p>
   </div>
   <div class='ocr_carea' id='block_1_119' title="bbox 2316 4796 3882 4868">
    <p class='ocr_par' dir='ltr' id='par_1_119' title="bbox 2316 4796 3882 4868">
     <span class='ocr_line' id='line_1_120' title="bbox 2316 4796 3882 4868; baseline 0.007 -23"><span class='ocrx_word' id='word_1_913' title='bbox 2316 4810 2388 4868; x_wconf 87' lang='lat' dir='ltr'><strong>ne</strong></span> <span class='ocrx_word' id='word_1_914' title='bbox 2441 4796 2534 4849; x_wconf 90' lang='lat' dir='ltr'><strong>hic</strong></span> <span class='ocrx_word' id='word_1_915' title='bbox 2590 4801 2698 4851; x_wconf 88' lang='lat' dir='ltr'><strong>sibi</strong></span> <span class='ocrx_word' id='word_1_916' title='bbox 2753 4807 3010 4855; x_wconf 86' lang='lat' dir='ltr'><strong>constans</strong></span> <span class='ocrx_word' id='word_1_917' title='bbox 3058 4796 3142 4856; x_wconf 75' lang='lat' dir='ltr'><strong>est</strong></span> <span class='ocrx_word' id='word_1_918' title='bbox 3188 4796 3384 4856; x_wconf 71' lang='lat' dir='ltr'><strong>codex</strong></span> <span class='ocrx_word' id='word_1_919' title='bbox 3413 4806 3528 4865; x_wconf 89' lang='lat' dir='ltr'><strong>ille,</strong></span> <span class='ocrx_word' id='word_1_920' title='bbox 3578 4804 3761 4868; x_wconf 81' lang='lat' dir='ltr'><strong>quippe</strong></span> <span class='ocrx_word' id='word_1_921' title='bbox 3795 4807 3882 4868; x_wconf 51' lang='lat' dir='ltr'><strong>m0?</strong></span> 
     </span>
    </p>
   </div>
   <div class='ocr_carea' id='block_1_120' title="bbox 2319 4865 3878 4942">
    <p class='ocr_par' dir='ltr' id='par_1_120' title="bbox 2319 4865 3878 4942">
     <span class='ocr_line' id='line_1_121' title="bbox 2319 4865 3878 4942; baseline 0 -25"><span class='ocrx_word' id='word_1_922' title='bbox 2319 4867 2469 4919; x_wconf 91' lang='lat' dir='ltr'><strong>dicit.</strong></span> <span class='ocrx_word' id='word_1_923' title='bbox 2521 4871 2721 4932; x_wconf 88' lang='lat' dir='ltr'><strong>tunam,</strong></span> <span class='ocrx_word' id='word_1_924' title='bbox 2761 4880 2967 4939; x_wconf 86' lang='lat' dir='ltr'><strong>quarta</strong></span> <span class='ocrx_word' id='word_1_925' title='bbox 3008 4875 3169 4938; x_wconf 79' lang='lat' dir='ltr'><strong>feria,</strong></span> <span class='ocrx_word' id='word_1_926' title='bbox 3214 4877 3266 4925; x_wconf 83' lang='lat' dir='ltr'><strong>in</strong></span> <span class='ocrx_word' id='word_1_927' title='bbox 3315 4865 3795 4942; x_wconf 23' lang='lat' dir='ltr'><strong>equinoctiampvxxx</strong></span> <span class='ocrx_word' id='word_1_928' title='bbox 3827 4865 3878 4917; x_wconf 77' lang='lat' dir='ltr'><strong>Kl.</strong></span> 
     </span>
    </p>
   </div>
   <div class='ocr_carea' id='block_1_121' title="bbox 2317 4942 3882 5012">
    <p class='ocr_par' dir='ltr' id='par_1_121' title="bbox 2317 4942 3882 5012">
     <span class='ocr_line' id='line_1_122' title="bbox 2317 4942 3882 5012; baseline 0.006 -21"><span class='ocrx_word' id='word_1_929' title='bbox 2317 4944 2443 5005; x_wconf 86' lang='lat' dir='ltr'><strong>Apr.</strong></span> <span class='ocrx_word' id='word_1_930' title='bbox 2493 4942 2748 4995; x_wconf 83' lang='lat' dir='ltr'><strong>decimum</strong></span> <span class='ocrx_word' id='word_1_931' title='bbox 2795 4949 3042 5011; x_wconf 87' lang='lat' dir='ltr'><strong>quintam</strong></span> <span class='ocrx_word' id='word_1_932' title='bbox 3087 4949 3286 5011; x_wconf 81' lang='lat' dir='ltr'><strong>factam</strong></span> <span class='ocrx_word' id='word_1_933' title='bbox 3337 4963 3462 5008; x_wconf 83' lang='lat' dir='ltr'><strong>esse,</strong></span> <span class='ocrx_word' id='word_1_934' title='bbox 3502 4949 3645 5012; x_wconf 88' lang='lat' dir='ltr'><strong>quod</strong></span> <span class='ocrx_word' id='word_1_935' title='bbox 3692 4942 3882 5010; x_wconf 70' lang='lat' dir='ltr'><strong>propri“s</strong></span> 
     </span>
    </p>
   </div>
   <div class='ocr_carea' id='block_1_122' title="bbox 2318 5014 3882 5090">
    <p class='ocr_par' dir='ltr' id='par_1_122' title="bbox 2318 5014 3882 5090">
     <span class='ocr_line' id='line_1_123' title="bbox 2318 5014 3882 5090; baseline 0.001 -27"><span class='ocrx_word' id='word_1_936' title='bbox 2318 5014 2534 5090; x_wconf 80' lang='lat' dir='ltr'><strong>accedit</strong></span> <span class='ocrx_word' id='word_1_937' title='bbox 2577 5017 2647 5066; x_wconf 88' lang='lat' dir='ltr'><strong>ad</strong></span> <span class='ocrx_word' id='word_1_938' title='bbox 2694 5019 2931 5082; x_wconf 87' lang='lat' dir='ltr'><strong>priorem</strong></span> <span class='ocrx_word' id='word_1_939' title='bbox 2961 5021 3278 5084; x_wconf 89' lang='lat' dir='ltr'><strong>opinionem</strong></span> <span class='ocrx_word' id='word_1_940' title='bbox 3313 5021 3616 5072; x_wconf 88' lang='lat' dir='ltr'><strong>dicentium</strong></span> <span class='ocrx_word' id='word_1_941' title='bbox 3652 5019 3809 5068; x_wconf 86' lang='lat' dir='ltr'><strong>lunam</strong></span> <span class='ocrx_word' id='word_1_942' title='bbox 3840 5023 3882 5090; x_wconf 55' lang='lat' dir='ltr'><strong>eo</strong></span> 
     </span>
    </p>
   </div>
   <div class='ocr_carea' id='block_1_123' title="bbox 2319 5085 3880 5154">
    <p class='ocr_par' dir='ltr' id='par_1_123' title="bbox 2319 5085 3880 5154">
     <span class='ocr_line' id='line_1_124' title="bbox 2319 5085 3880 5154; baseline 0.009 -19"><span class='ocrx_word' id='word_1_943' title='bbox 2319 5085 2407 5136; x_wconf 85' lang='lat' dir='ltr'><strong>die</strong></span> <span class='ocrx_word' id='word_1_944' title='bbox 2433 5087 2631 5138; x_wconf 82' lang='lat' dir='ltr'><strong>factam</strong></span> <span class='ocrx_word' id='word_1_945' title='bbox 2658 5095 2912 5154; x_wconf 89' lang='lat' dir='ltr'><strong>quartam</strong></span> <span class='ocrx_word' id='word_1_946' title='bbox 2941 5093 3234 5143; x_wconf 88' lang='lat' dir='ltr'><strong>decimam.</strong></span> <span class='ocrx_word' id='word_1_947' title='bbox 3269 5094 3379 5145; x_wconf 87' lang='lat' dir='ltr'><strong>Sed</strong></span> <span class='ocrx_word' id='word_1_948' title='bbox 3415 5093 3594 5145; x_wconf 90' lang='lat' dir='ltr'><strong>codex</strong></span> <span class='ocrx_word' id='word_1_949' title='bbox 3626 5091 3682 5151; x_wconf 77' lang='grc' dir='ltr'><strong>Β,</strong></span> <span class='ocrx_word' id='word_1_950' title='bbox 3710 5094 3754 5138; x_wconf 71' lang='lat' dir='ltr'><strong>et</strong></span> <span class='ocrx_word' id='word_1_951' title='bbox 3791 5085 3880 5148; x_wconf 62' lang='grc' dir='ltr'><strong>ίῖθί·</strong></span> 
     </span>
    </p>
   </div>
   <div class='ocr_carea' id='block_1_124' title="bbox 2320 5157 3880 5228">
    <p class='ocr_par' dir='ltr' id='par_1_124' title="bbox 2320 5157 3880 5228">
     <span class='ocr_line' id='line_1_125' title="bbox 2320 5157 3880 5228; baseline 0.001 -22"><span class='ocrx_word' id='word_1_952' title='bbox 2320 5157 2446 5208; x_wconf 90' lang='lat' dir='ltr'><strong>dem</strong></span> <span class='ocrx_word' id='word_1_953' title='bbox 2489 5160 2666 5212; x_wconf 85' lang='lat' dir='ltr'><strong>codex</strong></span> <span class='ocrx_word' id='word_1_954' title='bbox 2709 5163 2772 5224; x_wconf 88' lang='lat' dir='ltr'><strong>C,</strong></span> <span class='ocrx_word' id='word_1_955' title='bbox 2822 5165 2877 5213; x_wconf 91' lang='lat' dir='ltr'><strong>in</strong></span> <span class='ocrx_word' id='word_1_956' title='bbox 2925 5166 3310 5228; x_wconf 89' lang='lat' dir='ltr'><strong>sequentibus,</strong></span> <span class='ocrx_word' id='word_1_957' title='bbox 3367 5166 3541 5228; x_wconf 90' lang='lat' dir='ltr'><strong>rejicit</strong></span> <span class='ocrx_word' id='word_1_958' title='bbox 3588 5165 3739 5213; x_wconf 86' lang='lat' dir='ltr'><strong>etiam</strong></span> <span class='ocrx_word' id='word_1_959' title='bbox 3778 5157 3880 5228; x_wconf 75' lang='lat' dir='ltr'><strong>hanc</strong></span> 
     </span>
    </p>
   </div>
   <div class='ocr_carea' id='block_1_125' title="bbox 2319 5226 3880 5302">
    <p class='ocr_par' dir='ltr' id='par_1_125' title="bbox 2319 5226 3880 5302">
     <span class='ocr_line' id='line_1_126' title="bbox 2319 5226 3880 5302; baseline 0.003 -24"><span class='ocrx_word' id='word_1_960' title='bbox 2319 5231 2662 5302; x_wconf 87' lang='lat' dir='ltr'><strong>opinionem,</strong></span> <span class='ocrx_word' id='word_1_961' title='bbox 2698 5226 3033 5300; x_wconf 78' lang='lat' dir='ltr'><strong>assignando</strong></span> <span class='ocrx_word' id='word_1_962' title='bbox 3094 5226 3335 5300; x_wconf 90' lang='lat' dir='ltr'><strong>primum</strong></span> <span class='ocrx_word' id='word_1_963' title='bbox 3383 5226 3527 5287; x_wconf 84' lang='lat' dir='ltr'><strong>diem</strong></span> <span class='ocrx_word' id='word_1_964' title='bbox 3577 5247 3681 5298; x_wconf 93' lang='lat' dir='ltr'><strong>quo</strong></span> <span class='ocrx_word' id='word_1_965' title='bbox 3724 5226 3880 5302; x_wconf 46' lang='lat' dir='ltr'><strong>Pasti]?</strong></span> 
     </span>
    </p>
   </div>
   <div class='ocr_carea' id='block_1_126' title="bbox 2321 5295 3880 5372">
    <p class='ocr_par' dir='ltr' id='par_1_126' title="bbox 2321 5295 3880 5372">
     <span class='ocr_line' id='line_1_127' title="bbox 2321 5295 3880 5372; baseline 0 -21"><span class='ocrx_word' id='word_1_966' title='bbox 2321 5301 2590 5353; x_wconf 89' lang='lat' dir='ltr'><strong>celebrari</strong></span> <span class='ocrx_word' id='word_1_967' title='bbox 2652 5295 2839 5368; x_wconf 64' lang='lat' dir='ltr'><strong>possit</strong></span> <span class='ocrx_word' id='word_1_968' title='bbox 2889 5309 3043 5370; x_wconf 90' lang='lat' dir='ltr'><strong>(luna</strong></span> <span class='ocrx_word' id='word_1_969' title='bbox 3095 5295 3336 5360; x_wconf 53' lang='lat' dir='ltr'><strong>_decima</strong></span> <span class='ocrx_word' id='word_1_970' title='bbox 3407 5295 3617 5372; x_wconf 77' lang='lat' dir='ltr'><strong>quarta)</strong></span> <span class='ocrx_word' id='word_1_971' title='bbox 3684 5313 3772 5354; x_wconf 84' lang='lat' dir='ltr'><strong>xvx</strong></span> <span class='ocrx_word' id='word_1_972' title='bbox 3822 5295 3880 5346; x_wconf 66' lang='grc' dir='ltr'><strong>ΕΙ·</strong></span> 
     </span>
    </p>
   </div>
   <div class='ocr_carea' id='block_1_127' title="bbox 2320 5375 3882 5446">
    <p class='ocr_par' dir='ltr' id='par_1_127' title="bbox 2320 5375 3882 5446">
     <span class='ocr_line' id='line_1_128' title="bbox 2320 5375 3882 5446; baseline 0.007 -22"><span class='ocrx_word' id='word_1_973' title='bbox 2320 5375 2543 5438; x_wconf 88' lang='lat' dir='ltr'><strong>Aprilis,</strong></span> <span class='ocrx_word' id='word_1_974' title='bbox 2591 5377 2700 5428; x_wconf 93' lang='lat' dir='ltr'><strong>hoc</strong></span> <span class='ocrx_word' id='word_1_975' title='bbox 2751 5384 2833 5429; x_wconf 90' lang='lat' dir='ltr'><strong>est</strong></span> <span class='ocrx_word' id='word_1_976' title='bbox 2895 5381 3075 5431; x_wconf 85' lang='lat' dir='ltr'><strong>Martii</strong></span> <span class='ocrx_word' id='word_1_977' title='bbox 3131 5381 3276 5433; x_wconf 89' lang='lat' dir='ltr'><strong>diem</strong></span> <span class='ocrx_word' id='word_1_978' title='bbox 3338 5395 3494 5442; x_wconf 87' lang='lat' dir='ltr'><strong>xvxx;</strong></span> <span class='ocrx_word' id='word_1_979' title='bbox 3550 5380 3700 5440; x_wconf 83' lang='lat' dir='ltr'><strong>cujus</strong></span> <span class='ocrx_word' id='word_1_980' title='bbox 3741 5376 3882 5446; x_wconf 56' lang='grc' dir='ltr'><strong>ἱξεῖίίΡὲ</strong></span> 
     </span>
    </p>
   </div>
   <div class='ocr_carea' id='block_1_128' title="bbox 2320 5443 3881 5516">
    <p class='ocr_par' dir='ltr' id='par_1_128' title="bbox 2320 5443 3881 5516">
     <span class='ocr_line' id='line_1_129' title="bbox 2320 5443 3881 5516; baseline -0.001 -20"><span class='ocrx_word' id='word_1_981' title='bbox 2320 5449 2691 5511; x_wconf 90' lang='lat' dir='ltr'><strong>novilunium,</strong></span> <span class='ocrx_word' id='word_1_982' title='bbox 2723 5464 2822 5500; x_wconf 89' lang='lat' dir='ltr'><strong>seu</strong></span> <span class='ocrx_word' id='word_1_983' title='bbox 2860 5454 3038 5516; x_wconf 90' lang='lat' dir='ltr'><strong>prima</strong></span> <span class='ocrx_word' id='word_1_984' title='bbox 3080 5453 3234 5516; x_wconf 90' lang='lat' dir='ltr'><strong>luna,</strong></span> <span class='ocrx_word' id='word_1_985' title='bbox 3264 5455 3428 5505; x_wconf 80' lang='lat' dir='ltr'><strong>fuerit</strong></span> <span class='ocrx_word' id='word_1_986' title='bbox 3467 5465 3525 5502; x_wconf 78' lang='grc' dir='ltr'><strong>ιν</strong></span> <span class='ocrx_word' id='word_1_987' title='bbox 3570 5450 3695 5501; x_wconf 87' lang='lat' dir='ltr'><strong>Non.</strong></span> <span class='ocrx_word' id='word_1_988' title='bbox 3734 5443 3881 5494; x_wconf 72' lang='lat' dir='ltr'><strong>Martii.</strong></span> 
     </span>
    </p>
   </div>
   <div class='ocr_carea' id='block_1_129' title="bbox 2321 5520 3882 5590">
    <p class='ocr_par' dir='ltr' id='par_1_129' title="bbox 2321 5520 3882 5590">
     <span class='ocr_line' id='line_1_130' title="bbox 2321 5520 3882 5590; baseline 0.01 -23"><span class='ocrx_word' id='word_1_989' title='bbox 2321 5520 2417 5582; x_wconf 90' lang='lat' dir='ltr'><strong>qui</strong></span> <span class='ocrx_word' id='word_1_990' title='bbox 2445 5523 2527 5570; x_wconf 89' lang='lat' dir='ltr'><strong>est</strong></span> <span class='ocrx_word' id='word_1_991' title='bbox 2572 5522 2749 5573; x_wconf 88' lang='lat' dir='ltr'><strong>Martii</strong></span> <span class='ocrx_word' id='word_1_992' title='bbox 2784 5523 2903 5576; x_wconf 89' lang='lat' dir='ltr'><strong>dies</strong></span> <span class='ocrx_word' id='word_1_993' title='bbox 2939 5539 3016 5576; x_wconf 90' lang='lat' dir='ltr'><strong>xv.</strong></span> <span class='ocrx_word' id='word_1_994' title='bbox 3044 5524 3226 5588; x_wconf 87' lang='lat' dir='ltr'><strong>Quam</strong></span> <span class='ocrx_word' id='word_1_995' title='bbox 3265 5525 3576 5590; x_wconf 88' lang='lat' dir='ltr'><strong>opinionem</strong></span> <span class='ocrx_word' id='word_1_996' title='bbox 3605 5521 3656 5571; x_wconf 89' lang='lat' dir='ltr'><strong>in</strong></span> <span class='ocrx_word' id='word_1_997' title='bbox 3697 5523 3882 5590; x_wconf 46' lang='lat' dir='ltr'><strong>Seque?</strong></span> 
     </span>
    </p>
   </div>
   <div class='ocr_carea' id='block_1_130' title="bbox 2323 5581 3859 5660">
    <p class='ocr_par' dir='ltr' id='par_1_130' title="bbox 2323 5581 3859 5660">
     <span class='ocr_line' id='line_1_131' title="bbox 2323 5581 3859 5660; baseline -0.001 -21"><span class='ocrx_word' id='word_1_998' title='bbox 2323 5581 2472 5640; x_wconf 79' lang='lat' dir='ltr'><strong>tibus</strong></span> <span class='ocrx_word' id='word_1_999' title='bbox 2501 5595 2866 5646; x_wconf 89' lang='lat' dir='ltr'><strong>statuminare</strong></span> <span class='ocrx_word' id='word_1_1000' title='bbox 2891 5581 3088 5660; x_wconf 72' lang='lat' dir='ltr'><strong>satagit</strong></span> <span class='ocrx_word' id='word_1_1001' title='bbox 3118 5615 3129 5648; x_wconf 90' lang='lat'>:</span> <span class='ocrx_word' id='word_1_1002' title='bbox 3162 5601 3223 5648; x_wconf 94' lang='lat' dir='ltr'><strong>ut</strong></span> <span class='ocrx_word' id='word_1_1003' title='bbox 3261 5581 3490 5649; x_wconf 75' lang='lat' dir='ltr'><strong>dubium</strong></span> <span class='ocrx_word' id='word_1_1004' title='bbox 3527 5608 3633 5646; x_wconf 90' lang='lat' dir='ltr'><strong>non</strong></span> <span class='ocrx_word' id='word_1_1005' title='bbox 3669 5593 3732 5641; x_wconf 84' lang='lat' dir='ltr'><strong>sit</strong></span> <span class='ocrx_word' id='word_1_1006' title='bbox 3766 5581 3859 5638; x_wconf 71' lang='lat' dir='ltr'><strong>codl</strong></span> 
     </span>
    </p>
   </div>
   <div class='ocr_carea' id='block_1_131' title="bbox 2323 5662 3304 5734">
    <p class='ocr_par' dir='ltr' id='par_1_131' title="bbox 2323 5662 3304 5734">
     <span class='ocr_line' id='line_1_132' title="bbox 2323 5662 3304 5734; baseline 0.012 -22"><span class='ocrx_word' id='word_1_1007' title='bbox 2323 5674 2445 5713; x_wconf 86' lang='lat' dir='ltr'><strong>cem</strong></span> <span class='ocrx_word' id='word_1_1008' title='bbox 2477 5662 2519 5714; x_wconf 92' lang='lat' dir='ltr'>C</span> <span class='ocrx_word' id='word_1_1009' title='bbox 2551 5664 2756 5717; x_wconf 87' lang='lat' dir='ltr'><strong>ibidem</strong></span> <span class='ocrx_word' id='word_1_1010' title='bbox 2787 5667 3152 5734; x_wconf 86' lang='lat' dir='ltr'><strong>depravatum</strong></span> <span class='ocrx_word' id='word_1_1011' title='bbox 3181 5682 3304 5724; x_wconf 85' lang='lat' dir='ltr'><strong>esse</strong></span> 
     </span>
    </p>
   </div>
  </div>
