4082 6194
213 295 354 350 1029

1471 286 1558 350 De
1598 293 1860 350 pascua
1898 292 2272 349 conrurus.
2334 266 2335 273 Ν

3440 293 3577 352 1030

192 419 353 473 unde
379 418 611 489 incipiat
644 423 699 474 et
729 419 827 475 ubi
853 419 1035 491 ﬁniat,
1058 425 1423 476 revertamur
1449 421 1517 476 ad
1547 420 1831 488 Genesim,
1856 433 1911 507 Α
1937 420 2087 476 diem
2114 424 2306 474 autem
2336 420 2589 490 primum
2620 422 2834 477 mensis
2853 421 3027 493 primi
3049 438 3164 478 non
3192 425 3580 496 comprehen-

193 529 329 584 qua":
357 514 557 569 retulit
580 513 744 569 nobis
787 514 976 586 ipsum
1010 510 1189 571 Deum
1220 516 1264 550 ³⁷
1308 515 1561 573 divisisse
1594 516 1640 551 ⁸⁸
1684 516 1837 570 inter

189 608 451 678 primum
489 607 641 665 diem
683 612 738 663 et
782 609 1030 680 primam
1081 612 1329 665 noctem.
1359 610 1520 665 Unde
1561 626 1837 681 recogno—

190 701 427 767 scimus,
480 705 538 756 et
583 703 626 742 ⁸ο
668 701 818 757 inter
867 704 1182 758 secundum
1222 709 1279 760 et
1323 704 1473 761 inter
1514 705 1563 740 ⁹⁰
1602 704 1835 759 tertium

190 793 352 849 diem
392 797 448 849 et
497 801 755 865 noctem,
805 797 1101 853 neminem
1160 799 1342 853 alium
1400 798 1509 852 nisi
1556 799 1745 869 ipsum
1786 799 1832 833 9‘

187 890 377 944 Deum
429 889 698 958 divisisse,
743 894 801 945 et
845 891 923 946 sic
967 909 1000 948 a
1053 896 1254 962 quarta
1293 892 1384 948 die
1439 893 1545 948 hoc
1583 892 1835 947 ofﬁcium

188 983 303 1038 soli
346 989 404 1039 et
440 984 595 1043 lunae
636 985 953 1055 injunxisse
972 986 1040 1039 ”.
1072 988 1195 1057 ipsa
1226 992 1357 1042 sunt
1408 988 1564 1042 enim
1596 987 1708 1042 duo
1746 988 1833 1040 lu-

190 1078 444 1132 minaria
474 1078 693 1148 majora
723 1080 791 1147 ”,
823 1079 892 1133 de
939 1080 1145 1152 quibus
1188 1082 1268 1136 ait
1314 1083 1462 1137 Deus
1480 1079 1569 1136 9‘:
1607 1103 1634 1130 ‹‹
1678 1083 1837 1137 Fiant

188 1172 510 1226 luminaria
562 1173 622 1226 in
667 1174 1031 1229 firmamento
1086 1176 1211 1229 coeli
1250 1176 1395 1230 sicut
1439 1180 1753 1248 appareant
1786 1177 1835 1210 ³⁸

188 1284 373 1338 super
405 1271 639 1335 terram,
661 1271 719 1322 et
753 1267 1005 1324 dividant
1034 1270 1185 1324 inter
1214 1270 1368 1325 diem
1395 1273 1453 1326 et
1478 1278 1705 1326 noctem
1731 1289 1747 1340 ;
1779 1274 1838 1325 et

187 1360 386 1415 sintin
405 1361 600 1433 signis,
635 1363 681 1397 9⁸
712 1364 774 1416 in
800 1363 1177 1434 temporibus,
1215 1362 1401 1436 947
1449 1365 1581 1419 etin
1612 1365 1833 1433 diebus,

188 1460 248 1509 et
277 1456 337 1511 in
367 1457 558 1524 annis;
593 1462 647 1510 et
687 1458 801 1512 sint
840 1458 899 1512 in
934 1459 1239 1529 splendore
1292 1460 1350 1513 in
1395 1460 1761 1515 ﬁrmamento
1788 1461 1833 1494 ’7

187 1550 344 1617 cceli,
383 1550 461 1604 ita
491 1551 538 1586 ⁸⁸
584 1555 647 1605 ut
681 1552 908 1606 luceant
949 1568 1121 1623 super
1167 1556 1381 1608 terram
1414 1554 1484 1608 99.
1515 1555 1583 1608 Et
1633 1555 1713 1608 sic
1752 1560 1835 1609 est

189 1644 436 1699 factum.
470 1647 537 1699 Et
577 1645 714 1702 fecit
756 1647 905 1700 Deus
947 1647 1061 1703 duo
1112 1646 1427 1703 luminaria
1471 1648 1711 1719 majora,
1744 1649 1832 1703 lu-

189 1738 424 1794 minare
466 1741 675 1811 majus,
715 1741 950 1796 initium
992 1740 1145 1811 diei;
1188 1746 1247 1797 et
1288 1742 1573 1799 luminare
1621 1744 1833 1811 minus,

192 1833 438 1889 initium
478 1835 733 1903 noctis,»
771 1841 881 1891 etc.
922 1838 1053 1892 Haec
1093 1840 1228 1891 sunt
1276 1840 1472 1892 autem
1509 1838 1620 1893 duo
1665 1837 1836 1893 lumi-
1861 1809 1916 1882 Β

194 1929 387 1997 naria,
416 1945 546 2001 quae
587 1946 702 1984 non
746 1934 973 1986 tantum
1021 1931 1129 1986 hoc
1175 1930 1427 1987 officium
1470 1937 1839 2004 acceperunt,

191 2024 258 2077 ut
300 2022 560 2079 dividant
592 2024 744 2080 inter
783 2025 937 2080 diem
986 2031 1043 2082 et
1078 2031 1330 2095 noctem,
1374 2028 1477 2082 sed
1520 2030 1577 2081 et
1620 2032 1684 2082 ut
1730 2028 1843 2082 sint

186 2116 251 2172 in
325 2117 507 2190 signis
569 2122 627 2174 et
672 2119 733 2175 in
785 2121 1151 2191 temporibus
1205 2125 1262 2177 et
1309 2121 1370 2177 in
1415 2120 1621 2176 diebus
1670 2127 1727 2176 et
1781 2122 1841 2175 in

186 2214 384 2268 annis.

262 2309 507 2379 Propter
554 2309 665 2364 hoc
707 2309 819 2383 (l0)
870 2326 1010 2382 ergo
1062 2310 1324 2366 Hebraei1
1372 2313 1508 2365 tunc
1546 2310 1643 2382 qui
1683 2309 1840 2382 digni

183 2405 449 2470 fuerunt,
507 2404 721 2474 Spiritu
761 2405 783 2439 ³
837 2406 936 2460 Dei
987 2406 1190 2473 edocti,
1241 2405 1499 2477 singulos
1538 2422 1767 2477 quoque
1819 2407 1839 2440 ³

186 2514 384 2553 annos
414 2499 728 2553 secundum
754 2500 904 2555 lunze
944 2517 1179 2555 cursum
1216 2503 1717 2571 computaverunt.
1751 2502 1838 2566 Et,

194 2598 265 2647 ut
326 2592 401 2647 ad
462 2610 691 2648 cursum
754 2596 887 2649 solis
943 2602 1307 2650 occurrerent
1351 2595 1504 2649 inter
1556 2595 1858 2655 sexdecim.

186 2702 392 2754 annos,
417 2688 630 2742 mensis
656 2688 827 2759 primi
856 2691 877 2724 ⁴
906 2689 1024 2745 dies
1052 2706 1178 2757 xxx,
1223 2690 1283 2743 in
1318 2689 1457 2743 duas
1487 2694 1694 2760 partes,
1729 2706 1841 2743 non

191 2782 518 2852 aequaliter,
545 2783 641 2837 sed
675 2784 992 2839 secundum
1019 2784 1302 2840 rationem
1332 2783 1668 2853 diviserunt;
1691 2784 1841 2838 sicut

191 2876 463 2948 superius
524 2876 773 2932 diximus
841 2882 1067 2934 nostros
1120 2881 1504 2934 antecessores
1559 2878 1836 2950 quidem,

193 2972 519 3027 secundum
567 2973 855 3044 Hebraeos,
883 2980 1037 3030 recte
1079 2973 1330 3030 divisisse
1359 2974 1379 3008 ⁵
1424 2973 1484 3029 in
1522 2989 1575 3028 ιι
1620 2975 1677 3029 et
1706 2989 1838 3042 xxx;

1939 515 2085 569 disse
2116 518 2169 569 et
2198 514 2326 569 ideo
2359 530 2595 569 errasse.
2630 514 2739 579 Qui
2779 516 2903 572 dies
2941 517 3164 588 primus
3196 518 3328 573 novi
3358 518 3578 573 mensis

1936 607 2250 662 secundum
2317 624 2549 662 cursum
2615 609 2766 663 lunae
2823 609 3125 667 duodecies
3190 612 3579 668 decrescentis

1936 701 2368 773 recognoscitur
2411 700 2544 757 xvx‘
2587 702 2674 756 Kl.
2708 703 2885 773 April.
2924 705 2986 758 In
3035 720 3148 775 quo
3193 705 3341 773 talis,
3374 707 3577 761 eadem

1936 796 2098 862 hora,
2147 795 2377 850 inventa
2417 801 2501 851 est
2545 796 2702 863 luna,
2746 796 2927 868 qualis
2972 802 3105 853 ante
3154 815 3373 854 annum
3410 799 3521 854 fuit
3547 815 3578 852 ν

1935 889 2021 944 Kl.
2072 889 2249 960 April.
2297 890 2471 944 facta.
2523 890 2695 961 Cujus
2740 891 2878 945 anni
2920 891 3039 948 dies
3083 891 3307 956 Hebraai
3363 909 3574 948 nume-

1936 986 2066 1037 rant
2106 998 2285 1040 cchiv
2313 985 2332 1018 ⁷
2365 1001 2545 1056 usque
2586 984 2645 1039 in
2695 1000 2803 1042 xvu
2847 986 2931 1040 Kl.
2963 986 3193 1057 Aprilis.
3225 986 3335 1050 Qui
3383 991 3578 1042 autem

1937 1078 2251 1133 secundum
2297 1094 2525 1134 cursum
2564 1079 2699 1134 solis
2737 1083 3090 1152 computant,
3133 1084 3261 1151 post
3301 1080 3574 1135 undecim

1939 1172 2058 1227 dies
2088 1176 2144 1227 et
2169 1179 2435 1244 quartam
2472 1174 2649 1236 8diei,
2679 1190 2733 1229 v1
2780 1175 2870 1229 Kl.
2909 1173 3085 1244 April.
3133 1174 3410 1246 suppletis
3456 1173 3573 1228 die-

1935 1266 2043 1322 bus
2071 1283 2271 1324 CCCva
2317 1271 2373 1323 et
2404 1272 2610 1339 quarta
2653 1268 2835 1337 dici“,
2878 1285 3095 1324 annum
3144 1285 3573 1325 consummasse
3666 1256 3671 1261 ’

1937 1362 2261 1430 inveniunt,
2291 1365 2347 1416 et
2391 1363 2468 1417 sic
2512 1363 2771 1434 primum
2812 1363 2965 1417 diem
3008 1362 3144 1417 novi
3178 1364 3395 1418 mensis
3435 1379 3577 1418 ven-

1936 1457 2051 1511 turi
2090 1472 2124 1511 v
2172 1456 2259 1510 Kl.
2305 1456 2481 1527 April.
2531 1454 2724 1529 948
2778 1456 3107 1512 ostendunt.
3145 1460 3224 1511 Ac
3281 1462 3585 1529 propterea

1939 1554 2187 1622 quatuor
2237 1551 2587 1621 quadrantes
2634 1551 3002 1622 quadriennii
3052 1551 3111 1605 in
3175 1567 3358 1607 unum
3422 1551 3582 1607 diem

1936 1650 2282 1721 redigentes,
2321 1648 2525 1720 quinto
2570 1665 2800 1721 quoque
2848 1665 3022 1718 anno,
3070 1666 3188 1705 non
3218 1667 3250 1703 ν
3292 1650 3379 1705 Kl.
3416 1651 3578 1720 Apr.,

1938 1743 2038 1798 sed
2069 1759 2100 1797 v
2130 1742 2218 1798 Kl.
2248 1743 2407 1797 Mart.
2439 1742 2851 1809 immittunt“,
2882 1760 2954 1798 ne
2981 1743 3165 1814 primo
3193 1745 3235 1779 ¹¹
3272 1743 3386 1799 diei
3412 1760 3576 1799 men-

1940 1836 2016 1891 sis
2061 1836 2196 1892 novi
2250 1836 2653 1908 superventuri
2700 1836 2992 1907 integrum
3044 1837 3197 1893 diem
3244 1837 3581 1904 immittant,

1943 1937 2000 1987 et
2035 1931 2188 1986 hunc
2215 1936 2403 1986 totum
2448 1930 2713 1987 ordinem
2759 1947 2930 2001 quem
2981 1930 3205 1986 Hebrmi
3246 1931 3493 2002 priores,
3528 1935 3587 1986 et

1942 2030 2076 2081 ante
2106 2026 2288 2097 ipsam
2324 2026 2571 2081 Romam
2611 2025 2926 2089 conditam,
2960 2028 3115 2080 certa
3158 2025 3382 2080 ratione
3432 2041 3582 2080 asse-

1942 2120 2059 2175 cuti
2112 2124 2266 2188 sunt,
2316 2120 2667 2175 subvertant.
2708 2120 2908 2175 Annus
2957 2119 3137 2191 igitur
3183 2119 3583 2186 Hebraeorum,

1941 2215 2002 2269 in
2033 2231 2111 2270 xu
2139 2231 2364 2270 menses
2408 2213 2616 2269 divisus
2664 2214 2800 2269 facit
2850 2230 3115 2270 mensem
3155 2230 3278 2269 uix
3318 2214 3376 2270 S.
3424 2211 3583 2285 (tl):

1942 2308 2211 2365 similiter
2260 2315 2316 2365 et
2366 2310 2758 2364 Romanorum
2810 2308 2868 2363 in
2925 2308 3301 2364 duodecim“
3359 2305 3591 2380 quoque

1941 2404 2218 2475 partibus,
2250 2404 2384 2458 facit
2414 2420 2669 2459 mensem
2698 2404 2743 2437 ¹³
2774 2420 2880 2458 xxx
2908 2403 2965 2459 S.
2997 2404 3143 2475 Ergo
3181 2403 3337 2458 inter
3366 2419 3495 2458 xxxx
3528 2402 3583 2457 S.

1944 2501 2001 2553 et
2024 2515 2131 2553 xxx
2164 2499 2222 2553 S.
2260 2499 2304 2532 ¹⁴
2342 2498 2585 2552 interest
2611 2514 2738 2569 quos
2755 2497 3160 2568 intelliguntur
3189 2513 3310 2553 esse
3341 2497 3501 2553 horas
3528 2513 3590 2551 xi

1943 2597 2001 2647 et
2035 2598 2237 2663 quarta
2270 2593 2314 2626 ¹⁸
2346 2592 2503 2647 hora:
2535 2592 2668 2663 (t3).
2697 2593 2761 2646 in
2793 2591 2997 2663 quibus
3029 2608 3083 2648 xx
3118 2592 3274 2649 horis
3307 2597 3365 2647 et
3412 2606 3585 2664 quar-

1943 2690 1999 2741 ta
2033 2687 2077 2722 ¹⁸
2115 2686 2271 2741 hora:
2318 2686 2477 2757 prior
2521 2686 2836 2742 ambulavit
2879 2685 2963 2741 sol
3002 2687 3233 2759 quando
3276 2686 3463 2741 factus
3505 2688 3590 2741 est

1941 2780 2173 2836 initium
2204 2780 2339 2836 diei.
2368 2780 2455 2837 Sic
2485 2786 2683 2836 autem
2709 2786 2767 2836 et
2792 2782 2928 2836 luna
2967 2780 3198 2836 initium
3248 2780 3429 2836 noctis
3461 2779 3591 2835 ﬁeri

1939 2875 2308 2949 repromissa,
2338 2892 2455 2931 non
2498 2877 2754 2947 oportuit
2798 2892 2928 2930 eam
2971 2881 3101 2947 post
3146 2891 3411 2931 occasum
3455 2873 3591 2930 solis

1936 2970 2084 3038 ﬁeri,
2117 2975 2173 3026 et
2199 2969 2277 3024 sic
2301 2970 2361 3025 in
2397 2970 2537 3026 coelo
2577 2969 2775 3039 videri,
2808 2969 3082 3042 quoniam
3110 2969 3359 3026 debebat
3384 2986 3419 3025 a
3457 2968 3583 3041 pri-

1570 3127 1782 3191 Variae
1826 3125 2167 3190 lectiones.

251 3236 295 3273 ⁸⁷
328 3238 379 3287 R.
405 3238 727 3289 Dominum.
793 3238 837 3274 ⁸⁸
869 3240 923 3290 C.
954 3240 1235 3291 dividisse.
1301 3240 1342 3275 ⁸⁸
1364 3241 1419 3291 C.
1448 3239 1587 3288 deest
1623 3242 1695 3289 et.
1758 3237 1801 3272 ⁸³
1823 3239 1878 3289 C.
1905 3236 2040 3285 deest
2075 3236 2234 3286 inter.
2303 3235 2356 3270 ⁹¹
2388 3239 2445 3295 R,
2473 3236 2794 3287 Dominum.
2861 3232 2906 3269 ⁹²
2939 3235 2995 3284 R.
3028 3248 3059 3284 a
3096 3237 3295 3299 quarto
3341 3233 3433 3286 die
3483 3233 3596 3286 hoc

210 3309 468 3359 ofﬁcium
498 3309 633 3359 solis
665 3313 719 3361 et
747 3310 899 3362 lunae
919 3312 1190 3362 illuxisse.
1268 3311 1311 3346 ⁸³
1335 3314 1388 3364 C.
1419 3310 1556 3361 deest
1582 3312 1809 3374 majora.
1877 3308 1920 3341 9‘
1955 3310 2008 3357 It.
2041 3308 2314 3358 Dominus
2341 3308 2495 3358 dixit.

1358 3381 1469 3434 9⁸6.
1507 3382 1563 3431 in
1585 3381 1731 3443 signi
1762 3419 1774 3442 ,
1806 3383 1858 3431 et
1880 3381 1935 3431 in
1968 3379 2165 3429 diebus
2196 3382 2245 3428 et
2271 3380 2326 3429 in
2357 3380 2643 3429 mensibus
2673 3383 2727 3427 et
2759 3380 2815 3427 in
2847 3376 3187 3441 temporibus
3237 3380 3295 3427 et
3316 3377 3372 3427 in
3409 3378 3590 3428 annis.

212 3380 366 3429 sicut
389 3384 707 3442 appareant,
748 3382 803 3430 tt.
840 3382 914 3429 ita
938 3385 1000 3429 ut
1022 3381 1264 3433 luceant.

2582 3306 2624 3341 95
2647 3308 2701 3356 C.
2723 3306 2871 3356 sicut
2894 3305 3134 3368 pariant,
3170 3307 3223 3354 U.
3251 3310 3497 3370 pareant.
3524 3308 3584 3357 G-

190 3440 242 3482 "’
269 3451 325 3497 ti.
359 3440 748 3500 soli—damento.
818 3449 862 3484 9'
894 3452 951 3503 C.
983 3451 1065 3500 sic
1090 3455 1165 3499 ut.
1232 3451 1277 3485 9°
1307 3455 1360 3505 C.
1388 3458 1607 3511 terram,
1640 3440 1744 3501 etc.
1764 3440 1980 3501 omissis
2005 3450 2343 3514 sequentibus.
2413 3454 2428 3483 ¹
2470 3454 2542 3505 W.
2564 3452 2691 3500 hanc
2716 3453 2881 3500 totum
2914 3440 3204 3512 periocha»:
3240 3449 3407 3498 multo
3430 3448 3601 3499 aliter

199 3518 355 3569 habet
386 3521 541 3570 eodem
565 3522 619 3570 Ο.
653 3525 709 3570 ut
736 3523 787 3571 in
817 3524 958 3570 nobis
979 3520 1237 3583 subjectis.
1309 3527 1327 3555 ²
1356 3525 1408 3572 Π.
1439 3524 1712 3586 spiritum.
1785 3524 1801 3554 ³
1825 3525 1879 3572 Il.
1911 3523 1966 3571 in
1992 3523 2150 3572 caelis
2173 3537 2414 3588 quoque.
2482 3525 2503 3556 ⁴
2529 3525 2581 3572 Β.
2607 3522 2713 3573 die.
2783 3521 2801 3552 ⁵
2826 3522 2901 3571 XI
2930 3526 2984 3571 et
3004 3521 3099 3582 IX,
3132 3521 3243 3583 lege
3274 3521 3332 3570 in
3353 3520 3431 3570 XI
3458 3522 3511 3570 et
3546 3518 3599 3569 X

216 3594 274 3639 et
291 3589 387 3639 IX.
477 3590 498 3623 ⁸
532 3594 587 3641 R.
618 3591 790 3641 XVII.
874 3590 893 3623 7
924 3589 1177 3641 CCLVII.
1262 3593 1284 3626 ⁸
1317 3594 1368 3642 lt.
1408 3594 1482 3643 1V
1508 3600 1788 3659 quartum.

215 3659 257 3692 το
279 3662 336 3710 R.
367 3662 626 3725 quintum
652 3662 739 3712 Kl.
773 3663 932 3713 Mart.
962 3663 1357 3715 immittuntur.
1477 3668 1514 3697 ¹¹
1561 3667 1614 3715 lt.
1642 3666 1824 3730 primi.

160 3748 432 3813 rmenses.
498 3735 539 3769 ¹⁴
568 3738 623 3787 lt.
650 3736 857 3787 XXXI.
928 3739 967 3769 ¹⁵
989 3739 1041 3787 ll.
1075 3742 1354 3802 quartum.

1452 3737 1491 3771 ¹⁶
1510 3740 1564 3788 R.
1590 3743 1870 3803 quartum.

1875 3594 1895 3625 9
1949 3595 2032 3642 W.
2057 3595 2266 3657 suppteo
2292 3597 2487 3659 quarta
2517 3594 2647 3654 diei,
2677 3595 2887 3657 propter
2907 3596 2961 3642 et
2985 3591 3125 3657 quod
3151 3591 3320 3641 adhuc
3343 3593 3594 3657 superest-

1935 3665 1974 3698 ³³
2002 3666 2058 3715 lt.
2090 3664 2196 3714 XII
2224 3665 2416 3728 decisa,
2446 3678 2592 3730 quae,
2629 3664 2738 3726 lege
2778 3661 3115 3713 XII-decim.
3172 3661 3417 3728 quoqde.
3468 3664 3506 3695 '3
3539 3661 3593 3711 Β·

1445 3857 1707 3921 Henrici
1748 3856 2064 3923 Dodwelli
2122 3859 2319 3920 notas.

273 3962 380 4025 (t0)
422 3964 647 4027 Propter
680 3962 789 4014 hoc.
824 3962 907 4013 W.
941 3963 1099 4015 Hanc
1129 3964 1262 4015 item
1307 3965 1630 4030 periocham
1669 3966 1855 4017 multo

212 4034 378 4085 aliter
420 4034 594 4085 habet
640 4035 819 4086 codex
876 4034 939 4096 C,
997 4040 1164 4100 atque
1212 4036 1281 4087 ad
1329 4051 1430 4087 VIII
1473 4038 1558 4087 Kl.
1608 4039 1740 4102 Apr.
1793 4038 1851 4088 id

198 4104 612 4164 accommodat,
640 4108 791 4170 quod
817 4106 996 4156 codex
1031 4106 1097 4158 R.
1147 4106 1217 4157 ad
1257 4122 1292 4157 v
1321 4108 1407 4158 Kl.
1458 4111 1589 4172 Apr.
1640 4110 1852 4173 Nempe

196 4177 304 4227 sic.
334 4193 363 4222 «
401 4177 656 4228 Posthaec
691 4179 840 4227 enim
870 4178 1114 4229 breviter
1142 4178 1362 4240 dicam;
1418 4179 1570 4244 quod
1626 4180 1834 4231 Hebrus

198 4251 341 4298 tunc
367 4249 463 4312 qui
490 4248 643 4313 digni
680 4249 927 4313 fuerunt,
958 4250 996 4301 S
1017 4251 1186 4314 piritu
1233 4252 1336 4302 Dei
1377 4251 1560 4302 edocti
1608 4252 1859 4316 singulos

196 4330 433 4383 quoque
508 4333 683 4370 annos
743 4321 1059 4373 secundum
1132 4336 1361 4374 cursum
1427 4324 1577 4375 lunas
1639 4325 1857 4388 (supple

194 4396 689 4455 computaverunt),
717 4406 1009 4458 nunquam
1049 4396 1304 4446 fecerunt
1347 4396 1558 4446 Pascha
1608 4399 1737 4446 ante
1774 4409 1857 4447 xu

198 4461 326 4512 Kal.
356 4464 489 4527 Apr,
526 4463 667 4526 Quae
711 4465 846 4517 luna
893 4470 1025 4516 nata
1070 4467 1126 4517 in
1172 4480 1272 4518 VIII
1308 4467 1369 4516 Id
1421 4468 1581 4517 Mart.
1626 4480 1731 4519 xxv
1772 4469 1857 4518 est

198 4534 261 4583 in
308 4546 372 4585 x1
402 4536 543 4600 (lege
586 4537 692 4599 xu)
736 4537 856 4587 Kal.
899 4541 1033 4602 Apr.
1083 4538 1227 4590 Cum
1266 4552 1379 4604 quo
1426 4542 1539 4590 tam
1591 4553 1858 4603 magnum

201 4606 460 4657 ofﬁcium
506 4608 688 4659 fuerat
745 4608 963 4674 adepta.
1016 4610 1137 4661 Hoc
1189 4615 1270 4662 est
1322 4612 1510 4676 itaque
1565 4612 1715 4676 quod
1761 4624 1859 4675 per

202 4678 461 4741 singulos
519 4692 744 4731 menses
818 4686 1072 4745 reparata
1142 4694 1229 4732 xv
1308 4682 1443 4731 luna
1524 4682 1860 4745 praecidatur

206 4749 355 4813 (lege
396 4752 719 4813 proceditur)
758 4765 789 4801 a
840 4753 995 4815 sole;
1041 4756 1098 4803 et
1144 4753 1273 4803 ideo
1323 4767 1423 4818 per
1471 4766 1681 4804 annum
1732 4754 1859 4818 plus

204 4821 499 4871 ambulare
535 4823 820 4873 invenitur
870 4825 954 4874 sol
986 4838 1049 4875 x1
1093 4824 1211 4875 dies
1249 4828 1304 4875 et
1344 4829 1597 4889 quartam
1646 4829 1857 4890 partem

207 4893 340 4944 diei.
376 4892 446 4942 Et
487 4893 570 4943 sic
619 4893 754 4943 luna
794 4907 922 4958 quas
969 4896 1026 4945 in
1060 4900 1257 4960 quarta
1300 4896 1436 4947 feria
1469 4897 1526 4945 in
1570 4898 1858 4961 aequinoc-

204 4967 349 5025 ium,
388 4976 487 5016 vui
538 4965 659 5015 Kal.
715 4968 848 5029 Apr.
892 4979 973 5017 xv
1031 4968 1217 5019 fuerat
1269 4967 1437 5030 facta,
1484 4969 1716 5020 inventa
1760 4973 1842 5019 est

205 5036 469 5100 suppleto
525 5037 706 5100 primo
762 5051 910 5088 anno
967 5050 1135 5100 xxvx,
1190 5053 1290 5090 VIII
1339 5040 1459 5088 Kal.
1513 5041 1650 5104 Apr.
1703 5040 1857 5091 Idem

209 5108 357 5170 (lege
398 5107 546 5170 Item)
591 5108 839 5158 secundo
869 5123 1036 5171 anno,
1075 5111 1376 5162 subtractis
1418 5111 1613 5163 decem
1657 5116 1709 5162 et
1750 5126 1859 5162 no-

206 5191 340 5228 vem
371 5178 599 5228 inventa
630 5184 714 5230 est
737 5193 832 5231 vn.
868 5182 1054 5231 Tertio
1094 5195 1240 5232 anno
1264 5195 1423 5234 xvui.
1461 5183 1673 5245 Quarto
1707 5196 1853 5234 xxx.

209 5250 425 5313 Quinto
460 5262 537 5300 x1.
585 5250 754 5302 Sexto
800 5265 946 5304 xxu.
1002 5253 1249 5318 Septimo
1295 5267 1370 5304 Ili.
1418 5254 1626 5306 Octavo
1670 5260 1857 5306 autem

208 5334 360 5372 anno
395 5322 622 5372 inventa
659 5327 744 5373 est
789 5337 892 5386 xv,
919 5326 1103 5388 qualis
1144 5326 1200 5375 in
1249 5327 1519 5390 principio
1567 5328 1624 5376 in
1668 5327 1857 5376 ﬁrma-

1951 3967 2118 4019 betur
2148 3968 2205 4018 in
2249 3963 2441 4017 codice
2481 3961 2837 4021 Cottoniano,
2874 3962 2931 4010 et
2971 3971 3145 4008 manu
3188 3957 3354 4022 plane
3399 3954 3597 4007 eadem

1955 4042 2227 4091 exaratur.
2269 4034 2481 4086 Laudat
2528 4032 2833 4098 Josephum
2868 4031 2966 4096 qui
3013 4030 3228 4094 primus
3272 4029 3606 4093 conscripsit
3682 4074 3685 4077 .

1960 4111 2236 4162 circulum
2262 4121 2304 4158 x
2326 4111 2379 4157 et
2397 4119 2461 4157 1x
2486 4118 2782 4165 annorum,
2808 4102 3185 4154 Anastasium.
3203 4100 3599 4164 TheOphilum,

1959 4183 2255 4247 Cyrillum,
2295 4179 2625 4243 Dionysium
2677 4177 2978 4241 Exiguum,
3004 4179 3060 4225 et
3107 4174 3457 4247 Victorinum
3507 4173 3606 4239 qui

1955 4246 2177 4318 scripsit
2202 4252 2393 4303 Hilaro
2417 4248 2784 4315 papashurbis
2814 4248 3005 4299 Roma
3031 4246 3313 4318 episcopo.

2019 4313 2117 4389 (ll)
2165 4326 2314 4377 Facit
2368 4313 2608 4383 mensem,
2663 4332 2835 4371 xxnx.
2895 4320 2976 4368 W.
3033 4316 3280 4382 Suppleo
3340 4328 3467 4382 qum
3516 4313 3606 4365 vl-

1957 4398 2121 4449 detur
2175 4394 2451 4447 excidisse
2524 4394 2578 4442 S.
2653 4395 2841 4442 notam
2908 4390 3178 4453 semissis,
3244 4393 3299 4440 et
3358 4394 3423 4439 ut
3473 4401 3607 4439 mox

1956 4473 2084 4535 post
2127 4481 2294 4529 xxx;
2350 4479 2482 4516 nam
2534 4464 2628 4515 355
2680 4476 2779 4527 per
2830 4463 2891 4513 12
2942 4461 3128 4524 divisi,
3179 4461 3602 4535 dant_A29_cum

1959 4531 2189 4592 semisse
2243 4554 2254 4590 :
2316 4539 2562 4601 itemque
2612 4536 2707 4586 365
2766 4534 2823 4585 et,
2889 4536 3122 4598 quarta,
3172 4545 3272 4597 per
3321 4532 3381 4582 l2
3435 4531 3605 4582 divisi

1959 4613 2091 4664 dant
2135 4613 2196 4662 30
2241 4625 2369 4662 cum
2417 4608 2647 4660 semisse
2679 4606 2929 4670 proxime
2964 4619 2975 4654 :
3025 4608 3090 4654 ut
3128 4604 3297 4654 fuerit
3336 4602 3605 4654 Hebraeo-

1958 4699 2082 4736 rum
2109 4683 2319 4735 mensis
2352 4681 2570 4732 dierum
2608 4690 2762 4730 xxrx
2804 4690 2934 4728 cum
2974 4676 3244 4736 semisse;
3296 4677 3351 4725 et
3396 4674 3605 4725 Roma-

1958 4769 2158 4807 norum
2205 4755 2434 4816 mensis,
2466 4752 2683 4803 dierum
2720 4762 2853 4801 xxx
2878 4761 3011 4799 cum
3057 4747 3306 4809 semisse,
3340 4747 3457 4798 fere
3493 4759 3505 4794 :
3544 4748 3608 4796 ut

1958 4828 2259 4892 legendum
2284 4828 2357 4877 sit
2380 4837 2533 4877 xxxx
2564 4825 2617 4886 S,
2646 4824 2780 4873 item
2805 4833 2939 4873 xxx
2962 4821 3000 4871 S
3018 4833 3038 4885 ;
3058 4822 3112 4871 et
3141 4830 3279 4869 mox
3309 4819 3451 4883 Ergo
3469 4818 3606 4868 inter

1959 4913 2113 4951 xxix
2143 4900 2179 4949 S
2208 4904 2255 4948 ct
2277 4910 2410 4950 xxx
2442 4896 2495 4959 S,
2528 4899 2633 4947 etc.

2022 4971 2119 5035 (ιθ)
2161 4971 2313 5020 Horae
2355 4982 2417 5020 x1
2452 4971 2499 5017 et
2544 4969 2742 5031 quarta
2785 4963 2944 5015 horae.
2992 4964 3075 5015 W.
3112 4962 3236 5015 Non
3283 4961 3393 5035 hoc
3437 4958 3605 5012 intel-

1958 5041 2249 5106 ligendum
2298 5045 2383 5092 est
2432 5038 2501 5089 de
2552 5039 2901 5088 incremento
2947 5034 3115 5085 totius
3171 5033 3417 5093 mensis;
3472 5044 3604 5106 nam

1959 5105 2112 5165 horae
2171 5128 2235 5165 x1
2296 5127 2427 5166 cum
2488 5111 2813 5177 quadrante,
2872 5121 2971 5172 pro
3017 5119 3253 5177 numero
3307 5105 3607 5177 mensium,

1961 5186 2265 5237 duodecies
2298 5175 2536 5249 sumptas
2570 5196 2683 5232 non
2712 5180 3011 5232 conﬁcient
3054 5176 3287 5229 totidem
3321 5175 3477 5238 dies;
3509 5176 3609 5228 sed

1959 5273 2058 5323 pro
2100 5259 2447 5309 incremento
2491 5255 2700 5306 mensis
2737 5251 2975 5329 dimidii,
3015 5254 3286 5315 quantum
3337 5249 3611 5329 acreverit

1960 5321 2029 5382 ab
2056 5331 2213 5381 initio
2242 5329 2451 5381 mensis
2485 5328 2568 5387 fad
2609 5324 2982 5391 plenilunium
3011 5337 3023 5383 ;
3069 5334 3272 5386 nempe
3296 5324 3361 5371 ut
3393 5321 3509 5384 jam
3553 5321 3611 5391 in

206 5398 466 5446 mentum
514 5395 642 5445 coeli
674 5395 859 5446 fuerat
902 5398 1083 5460 posita
1113 5410 1210 5449 VIII
1240 5388 1358 5448 Kal.
1393 5388 1523 5462 Apr.
1553 5412 1611 5450 1v
1650 5398 1800 5448 feria.
1828 5414 1857 5445 »
1877 5389 1937 5461 D
1960 5401 2289 5466 phenilunio
2322 5403 2563 5465 (peracto
2592 5388 2786 5448 mense
2829 5392 3085 5456 dimidio)
3130 5390 3484 5466 tantumdem
3521 5388 3610 5466 sol

204 5471 295 5520 De
348 5468 553 5531 quibus
590 5470 671 5519 sic
717 5468 944 5520 adnotat
1000 5470 1226 5521 Galseus
1274 5487 1285 5520 :
1333 5489 1360 5518 «
1407 5471 1665 5521 Postluec
1706 5472 1858 5520 enim

204 5541 402 5593 omnia
445 5540 687 5591 breviter
730 5541 931 5606 dicam,
984 5544 1133 5607 quod
1181 5558 1474 5608 nunquam
1518 5545 1726 5595 factum
1776 5549 1860 5595 est

202 5612 429 5664 Pascha
472 5613 619 5677 apud
666 5612 893 5665 Judasos
942 5619 1069 5666 ante
1114 5630 1194 5667 xu
1223 5617 1342 5666 Kal.
1388 5618 1517 5679 Apr.
1566 5629 1692 5679 quae
1727 5616 1861 5666 luna

202 5688 345 5738 nata
391 5685 446 5734 in
472 5697 572 5736 Vili
604 5684 681 5733 Id.
721 5686 900 5749 Mart,
944 5700 1048 5739 xiv
1094 5692 1179 5739 est
1224 5689 1279 5737 in
1325 5702 1387 5739 xx
1416 5689 1561 5752 (lege
1608 5701 1689 5739 xu
1738 5688 1856 5739 Kal.

206 5762 348 5824 Apr.
398 5774 426 5803 »
482 5757 613 5808 Obs.
662 5758 801 5810 Haec
852 5774 922 5812 ex
976 5761 1329 5825 disputatione
1384 5761 1583 5810 Murim‘
1638 5761 1862 5825 episcopt

206 5828 565 5884 Alexandrini
612 5829 675 5881 de
732 5832 929 5883 ratione
981 5833 1237 5884 Paschalt.
1290 5832 1430 5897 Quis
1475 5832 1548 5883 sit
1596 5831 1858 5895 Marinus,

207 5900 429 5958 nescio.
483 5901 663 5957 Simul
710 5918 841 5959 cum
896 5905 1008 5960 hoc
1057 5906 1332 5973 scriptore
1380 5904 1699 5974 (Cypriane)
1756 5904 1862 5958 ha-

1956 5462 2312 5539 processerit,
2343 5462 2465 5522 'seu
2518 5470 2668 5534 prior
2721 5465 3115 5527 ambulaverit,
3166 5463 3307 5539 boc‘
3332 5465 3437 5539 est,
3484 5462 3611 5526 plus

1958 5534 2223 5610 temporis
2269 5542 2604 5607 impenderit
2659 5541 2716 5590 in
2779 5552 2881 5589 suo
2942 5534 3409 5610 mensedimidio
3452 5545 3612 5610 pera-

1959 5606 2185 5683 grando,
2215 5606 2384 5681 quam
2423 5615 2484 5665 in
2527 5625 2631 5663 suo
2678 5611 2851 5663 luna:
2904 5608 3055 5683 quod
3102 5608 3279 5658 vicies
3320 5609 3375 5683 et
3417 5606 3612 5669 quater

1960 5678 2249 5753 sumptum
2307 5688 2413 5751 (tot
2470 5686 2665 5750 utique
2721 5687 2853 5735 sunt
2905 5682 2964 5733 in
3024 5694 3172 5753 anno
3228 5678 3614 5742 semimenseS)

1961 5752 2224 5813 conficiet
2277 5757 2511 5811 totidem
2552 5757 2705 5819 dies;
2758 5766 2961 5821 nempe
3010 5752 3134 5803 dies
3178 5762 3242 5804 x1
3286 5762 3417 5800 cum
3443 5760 3612 5821 _qua-

1962 5832 2175 5898 dsante,
2212 5834 2421 5900 quanto
2465 5817 2698 5884 scilicet
2721 5817 2918 5880 solaris
2958 5836 3142 5877 annus
3184 5821 3408 5887 superat
3442 5817 3614 5873 luna-

1964 5917 2101 5972 rem,
