4082 6194
500 308 509 319 ,
562 251 690 306 1031

1147 244 1234 301 AD
1262 241 1485 301 OPERA
1525 244 1578 300 S.
1622 240 1941 299 CYPRIANI
1981 238 2285 297 GENUINA
2324 234 2610 296 APPEND.
2641 234 2801 317 II.‘—_-
2822 236 3301 296 SUPPOSITITIA.

3717 252 3731 302 1
3741 250 3825 306 032

557 397 653 438 ma
691 380 734 414 ¹⁷
785 376 876 432 die
927 374 1108 429 videri
1160 378 1217 429 et
1275 374 1565 446 prosequi,
1623 390 1754 428 cum
1796 373 1841 407 ¹⁸
1897 389 2010 443 quo
2065 376 2259 461 tamA
2285 370 2365 425 eis
2397 371 2441 405 ³¹
2472 370 2703 425 inventa
2727 373 2814 424 est
2851 370 3008 424 luna.
3048 370 3246 438 Itaque
3276 366 3323 401 ³²
3353 372 3642 438 quaerentes
3679 377 3827 443 xiv”,

560 488 835 545 magnum
889 469 1142 525 officium
1194 469 1383 523 fuerat
1433 467 1658 539 adepta.
1713 468 1827 522 Iloc
1878 472 1963 522 est
2012 466 2185 538 igitur

561 567 714 639 quod
742 582 843 637 per
867 564 1120 634 singulos
1159 579 1407 632 menses,
1438 564 1699 633 reparata
1727 561 1924 632 quinta
1964 561 2184 615 decima

554 661 712 728 luna,
756 657 1084 731 proceditur
1126 674 1159 711 a
1201 658 1338 711 sole.
1370 658 1438 710 Et
1480 656 1606 710 ideo
1644 671 1748 727 per
1793 670 2009 709 annum
2057 654 2183 725 plus

557 753 850 810 ambulare
881 751 1171 807 invenitur
1198 751 1278 805 sol
1310 767 1364 806 xI
1392 749 1514 805 dies
1562 751 1620 803 et
1664 752 1924 820 quartam
1959 751 2183 819 partem

557 849 691 905 diei.
723 850 788 902 Et
809 848 887 903 sic
912 848 1044 925 luna
1076 862 1203 918 quae
1230 851 1432 917 quarta
1462 844 1602 899 feria
1628 860 1661 896 v
1694 843 1777 897 Kl.
1821 846 1955 912 Apr.
1986 842 2184 913 quinta

556 942 779 999 decima
805 942 851 976 5°
896 942 1083 997 fuerat
1110 940 1279 1007 facta,
1320 940 1550 994 inventa
1587 942 1670 992 est
1704 937 1966 1008 suppleto
1999 935 2183 1007 primo

557 1053 710 1093 anno
744 1052 863 1091 xva
892 1052 988 1107 qu.
1022 1051 1053 1089 v
1099 1036 1183 1089 Kl.
1216 1038 1356 1106 Apx.
1390 1035 1531 1088 Item
1576 1030 1826 1085 secundo
1872 1046 2045 1100 anno,
2079 1030 2179 1085 ad-

549 1131 716 1203 jectis
739 1147 792 1185 XI
826 1130 1027 1185 diebus
1071 1132 1129 1183 et
1175 1144 1273 1199 qu.
1309 1128 1359 1162 ²⁰
1399 1127 1627 1181 inventa
1674 1131 1759 1181 est
1799 1142 1873 1181 v11
1918 1126 1995 1192 S.,
2028 1141 2059 1176 γ
2092 1124 2178 1179 Kl.

554 1228 692 1297 Apr.
738 1224 926 1279 Tertio
967 1239 1120 1278 anno
1174 1238 1305 1278 xvm
1351 1220 1482 1276 dod.
1530 1237 1562 1273 v
1609 1220 1694 1274 Kl.
1739 1220 1915 1291 April.
1967 1219 2181 1284 Quarto

557 1336 705 1374 anno
748 1335 874 1385 xxx,
926 1334 959 1374 γ
1008 1317 1095 1373 Kl.
1136 1318 1272 1387 Apr.
1322 1314 1529 1379 Quinto
1564 1330 1712 1368 anno
1760 1330 1815 1369 ιιι
1868 1331 1963 1386 qu.
2013 1317 2182 1370 Sexto

553 1431 705 1469 anno
731 1430 845 1468 xxii
880 1413 935 1467 S.
965 1410 1216 1483 Septimo
1260 1426 1411 1464 anno
1460 1424 1517 1463 Ill
1567 1409 1696 1464 dod.
1744 1410 1948 1464 Octavo
1990 1415 2182 1464 autem

554 1524 702 1563 anno
747 1505 938 1579 949
985 1506 1217 1560 inventa
1246 1508 1331 1559 est
1355 1520 1444 1571 xv,
1476 1520 1507 1555 v
1551 1503 1674 1558 Kal.
1706 1505 1864 1573 Apr.,
1912 1503 2093 1574 qualis
2123 1503 2180 1557 in

552 1601 830 1673 principio
859 1601 1049 1656 fuerat
1077 1598 1248 1654 facta.

625 1697 737 1751 Hac
760 1695 956 1766 itaque
982 1693 1199 1749 ratione
1226 1693 1273 1727 ²¹
1316 1709 1432 1748 non
1473 1708 1592 1759 sua,
1626 1690 1721 1747 sed
1758 1691 1859 1745 Dei
1902 1690 2180 1762 sapientia

2282 481 2512 521 necesse
2572 462 2868 518 habebant
2922 462 3194 517 immissis
3222 462 3269 495 3‘
3318 477 3444 517 xvnl
3477 462 3651 520 diebus
3698 483 3729 522 II
3763 469 3831 525 Kl.

2280 558 2409 613 Maii
2434 559 2479 594 ³⁸
2509 557 2619 630 (li)
2653 557 2914 612 invenire
2938 573 3030 611 xiv
3057 557 3253 611 lunam
3287 555 3356 610 ³⁷.
3385 555 3511 624 Sed,
3548 573 3611 612 ne
3637 562 3835 617 secundo

2281 672 2477 712 mense
2507 656 2613 727 (15)
2642 655 2965 727 inciperent
2986 671 3162 726 agere
3198 654 3434 723 Pascha,
3457 657 3511 709 et
3549 672 3651 710 non
3687 660 3832 730 prlmo

2284 767 2479 805 mense
2510 751 2578 817 ³⁸,
2624 749 2721 821 qui
2753 752 2837 804 est
2861 766 2895 803 a
2919 766 3010 804 XVI
3043 749 3088 783 ³9
3135 749 3218 803 Kl.
3254 748 3433 819 April.
3480 765 3637 821 usque
3672 751 3722 806 in
3754 770 3836 809 vaI

2284 845 2364 899 Kl.
2399 843 2585 912 Maias,
2618 844 2687 900 de
2714 860 2820 900 xxv
2844 843 3042 899 diebus
3066 844 3217 898 lunia
3244 849 3545 897 retrorsum
3574 845 3618 879 ⁴⁰
3650 861 3836 918 compu—

2283 943 2488 1006 tantes,
2517 939 2572 993 id
2620 943 2704 993 est
2740 954 2796 994 x1
2837 937 2959 992 dies
2992 937 3170 1009 ipsius
3217 937 3371 991 luna:
3416 936 3737 1009 deducentes,
3768 942 3838 997 in-

2282 1038 2580 1102 venerunt,
2626 1048 2719 1088 x1v
2745 1032 2790 1066 ’σί
2849 1032 2983 1087 luna
3028 1038 3085 1087 et
3136 1033 3291 1087 sexta
3336 1030 3494 1099 feria,
3538 1031 3616 1085 Kl.
3645 1031 3684 1066 δ’
3718 1038 3839 1105 Apr.,

2283 1127 2382 1199 qui
2414 1126 2523 1181 fuit
2550 1143 2733 1181 annus
2760 1126 3086 1182 communis
3117 1132 3173 1181 et
3197 1126 3438 1197 primus.
3477 1126 3706 1181 Secundo
3725 1145 3843 1184 anno

2283 1221 2423 1278 item
2452 1221 2769 1288 communi,
2803 1218 2993 1293 950
3024 1237 3105 1277 x11
3130 1220 3255 1274 Kal.
3280 1220 3327 1255 ⁸³
3357 1221 3492 1290 Apr.
3521 1236 3573 1276 ιιι
3605 1221 3843 1277 feria.'l‘er-

2282 1315 2362 1370 tio
2389 1323 2577 1370 autem
2606 1332 2758 1370 anno
2799 1317 2847 1351 ιθ
2892 1332 3005 1370 non
3049 1318 3361 1370 retrorsum
3396 1318 3769 1385 computantes,
3792 1332 3847 1371 ne

2284 1410 2625 1465 excederent
2651 1426 2743 1465 xv1
2773 1410 2898 1466 Kal.
2924 1409 3193 1481 Apr.,qui
3220 1414 3305 1463 est
3335 1409 3457 1463 dies
3486 1408 3685 1479 primus
3716 1426 3843 1463 men-

2283 1504 2357 1558 sis
2404 1504 2595 1574 primi,
2635 1507 2693 1557 et
2742 1503 2800 1557 in
2842 1520 3099 1557 mensem
3148 1519 3222 1559 xII
3264 1502 3534 1574 praeteriti
3574 1502 3695 1556 anni
3736 1502 3848 1557 inci-

2283 1598 2487 1653 derent
2517 1598 2586 1665 ‘5,
2617 1598 2779 1652 aliter
2807 1600 3302 1668 computaverunt.
3331 1597 3431 1651 Hic
3472 1596 3618 1650 enim
3656 1595 3749 1649 fuit
3770 1613 3846 1649 an-

2285 1708 2411 1760 nus,
2440 1691 2499 1746 in
2534 1708 2647 1763 quo
2688 1708 2807 1747 non
2849 1707 2940 1747 xIx
2988 1691 3057 1759 ⁸⁸,
3098 1691 3194 1745 sed
3240 1690 3485 1745 deducto
3524 1706 3651 1759 uno,
3695 1690 3848 1745 mn"

551 1790 837 1858 instructi,
882 1789 1105 1843 Hebraei
1132 1789 1179 1823 ²²
1221 1786 1368 1843 circa
1398 1802 1627 1841 cursum
1668 1786 1928 1840 lunarem
1958 1786 2007 1820 ³³
2047 1785 2180 1858 (13),
2204 1764 2260 1836 Β
2286 1786 2403 1842 dies
2428 1802 2527 1841 eos
2557 1785 2871 1841 immittere
2895 1784 3215 1857 oportebat.
3238 1785 3371 1849 Quis
3403 1790 3591 1840 autem
3629 1784 3710 1838 hic
3740 1800 3853 1837 unus

546 1886 774 1957 juxta“
802 1884 1061 1956 regulam
1080 1882 1326 1954 primam
1349 1882 1873 1947 Graecorum,more
1896 1879 2185 1952 Egyptio-
2284 1879 2353 1936 de
2379 1897 2471 1935 xIx
2502 1880 2602 1952 qui
2625 1879 2930 1935 deducitur
2960 1880 3008 1915 ‘3
3054 1879 3196 1947 dies,
3223 1879 3482 1934 dicemus
3519 1894 3617 1950 per
3648 1878 3733 1932 Dei
3756 1893 3855 1948 gra-

552 1996 708 2047 rum,
739 1982 796 2033 et
823 1995 937 2033 non
960 1977 1275 2032 secundum
1305 1980 1530 2047 epactas
1557 1975 1809 2042 lunares,
1840 1990 1954 2029 non
1982 1976 2181 2045 potue-
2282 1974 2442 2030 tiam.
2470 1975 2659 2030 Primo
2686 1974 2843 2030 enim
2871 1980 3123 2046 tempore
3142 1975 3189 2009 ‘9
3223 1973 3357 2047 (l6),
3376 1973 3599 2045 quando
3625 1972 3677 2027 in
3699 1972 3857 2042 Egyp-

552 2080 692 2129 runt
719 2088 907 2129 errare
932 2073 1002 2127 ³⁵.
1026 2073 1094 2127 Ει
1122 2069 1519 2141 ideo,quando
1546 2069 1803 2140 ptimum
1833 2069 1892 2124 in
1920 2070 2183 2140 Egypto,
2284 2074 2343 2125 to
2371 2069 2665 2125 observata
2720 2072 2807 2123 est
2840 2068 3075 2137 Pascha,
3126 2068 3237 2123 fuit
3272 2067 3397 2139 ipso
3438 2082 3585 2122 anno
3631 2065 3854 2132 debitum,

552 2168 740 2241 pridie
788 2168 994 2222 Iduum
1037 2166 1085 2200 ²⁶
1140 2164 1503 2236 Apriliarum.
1563 2162 1816 2218 secunda
1868 2162 2037 2231 feria,
2092 2179 2183 2219 XIX
2285 2162 2601 2234 quadrans:
2633 2163 2820 2234 primo
2852 2178 3005 2218 anno
3028 2166 3327 2234 sequente,
3359 2162 3670 2216 factumest
3694 2159 3853 2214 semis:

551 2259 710 2327 luna,
739 2256 1183 2312 immolaverunt
1208 2254 1458 2320 Pascha;
1492 2254 1752 2324 suppleto
1778 2252 1965 2323 primo
2010 2269 2181 2323 anno,
2283 2257 2531 2313 secundo
2579 2273 2730 2312 anno
2780 2257 3023 2328 adjecto,
3053 2256 3263 2312 factum
3295 2260 3380 2311 est
3414 2256 3686 2311 dodrans:
3729 2253 3859 2307 tertio

551 2353 764 2408 iterum
806 2352 852 2385 ²⁷
900 2367 1015 2405 non
1056 2351 1371 2420 potuerunt
1411 2364 1450 2403 II
1490 2346 1567 2402 Id.
1615 2349 1748 2418 Apr.
1801 2346 1850 2380 ²⁸
1897 2346 2184 2402 celebrare
2284 2354 2479 2406 autem
2503 2368 2657 2406 anno
2685 2352 2895 2406 factum
2924 2354 3010 2405 est
3031 2368 3135 2406 as:
3177 2350 3382 2405 tertius
3421 2350 3598 2422 igitur
3629 2365 3785 2403 annus
3814 2347 3859 2400 in

551 2447 786 2515 Pascha,
836 2443 1106 2518 quoniam
1156 2443 1204 2478 9°
1252 2459 1367 2498 non
1406 2458 1492 2497 xIv
1543 2458 1577 2495 a
1617 2442 1686 2512 ³ο,
1735 2441 1831 2496 sed
1879 2458 1983 2496 xxv
2033 2459 2066 2496 a
2113 2442 2183 2497 ab
2284 2446 2504 2515 Pinace,
2550 2445 2611 2500 in
2664 2462 2777 2517 quo
2824 2446 2992 2502 modo
3046 2444 3326 2503 bissextus
3348 2445 3401 2480 ⁸ο
3448 2446 3507 2500 et
3549 2441 3861 2500 embolismus

1914 2616 2123 2681 Variae
2168 2618 2502 2683 lectiones.

618 2758 657 2795 ³⁷
698 2762 774 2811 W.
802 2758 989 2809 malim
1010 2756 1443 2821 primo,pr0pler
1491 2769 1623 2806 cum
1668 2768 1781 2820 quo
1814 2755 1951 2819 quod
1996 2758 2245 2821 sequitur.
2338 2757 2376 2790 "
2399 2758 2453 2806 R.
2488 2770 2678 2821 quum.
2772 2757 2811 2791 ‘9
2841 2758 2892 2806 Β.
2946 2756 3049 2807 XV
3086 2756 3319 2808 decima.
3403 2758 3447 2790 ιθ
3478 2757 3558 2805 W.
3580 2754 3768 2820 ,ιυρρῖεο
3783 2769 3864 2819 qua

549 2830 845 2880 exciderant
871 2842 964 2891 qu.
990 2842 1085 2890 pro
1109 2826 1441 2892 quadrante,
1470 2832 1516 2876 et
1541 2825 1672 2875 dod.
1700 2840 1798 2888 pro
1825 2825 2115 2889 dodantre,
2140 2832 2357 2891 prapter
2383 2829 2484 2878 VII
2511 2828 2565 2879 S.
2592 2833 2642 2877 et
2674 2829 2831 2879 XXII
2854 2828 2908 2879 S.
2932 2843 3044 2893 qua
3063 2828 3227 2877 adhuc
3249 2831 3570 2892 comparent.
3620 2830 3657 2859 ¹¹
3682 2829 3731 2881 C.
3758 2828 3867 2876 facta

546 2908 589 2937 ²²
611 2904 664 2953 C.
692 2902 831 2950 deest
857 2899 1097 2949 Hebrmi.
1177 2899 1217 2930 ”
1247 2900 1299 2947 It.
1334 2899 1499 2947 lunia.
1604 2895 1647 2928 ³⁸
1671 2898 1721 2946 R.
1753 2895 1890 2944 deest
1909 2899 2072 2958 juxta
2101 2900 2345 2962 regulam
2378 2901 2611 2963 primum
2633 2899 2975 2960 Graecorum,
3008 2912 3162 2950 more
3192 2900 3581 2963 Egyptorum,
3602 2902 3657 2948 et
3678 2910 3774 2947 non
3801 2908 3866 2945 se-

548 2973 798 3027 cundum
823 2971 1057 3034 Epacias
1084 2969 1326 3019 lunares.
1423 2969 1465 3001 '5
1495 2970 1551 3019 C.
1585 2981 1812 3018 errasse.
1910 2966 1951 2999 ³⁵
1977 2970 2027 3017 R.
2062 2970 2189 3019 idus
2217 2973 2345 3033 Apr.
2448 2970 2488 3002 ³⁷
2520 2974 2573 3020 lt.
2599 2984 2813 3020 eorum.
2911 2969 2953 3003 ³³
2983 2971 3035 3019 R.
3070 2971 3244 3033 pridie
3270 2972 3402 3021 idus
3438 2972 3567 3033 Apr.
3633 2968 3672 3002 ²⁹
3699 2970 3747 3019 (2.
3766 2980 3863 3031 quo.

550 3050 591 3082 3°
621 3049 672 3095 R.
702 3043 831 3094 XIV
857 3041 1088 3090 decima.
1157 3040 1203 3072 ³1
1230 3042 1282 3088 It.
1313 3040 1540 3089 inventa
1568 3043 1648 3088 est
1677 3038 1745 3088 ab
1770 3039 1869 3089 eis.
1942 3043 1980 3071 ³³
2003 3042 2057 3091 C.
2086 3041 2176 3089 ita.
2265 3047 2304 3075 ³³
2336 3045 2387 3091 R.
2421 3043 2547 3092 XIV
2578 3043 2871 3092 decimam.
2962 3044 3002 3074 3*
3033 3042 3089 3091 (ε.
3115 3043 3253 3090 deest
3275 3043 3564 3092 immissis.
3630 3042 3667 3074 ³⁵
3692 3043 3738 3091 C.
3771 3042 3868 3087 recte

547 3114 746 3167 XVIII.
766 3116 824 3163 Β.
859 3111 1008 3161 XIX.
1075 3108 1117 3143 ⁸⁸
1143 3112 1197 3161 C.
1228 3108 1301 3157 Ill
1326 3108 1436 3157 kal.
1476 3109 1627 3167 maii,
1658 3112 1711 3158 lt.
1734 3109 1912 3172 pridie
1942 3110 2017 3159 k1.
2047 3111 2232 3161 Maias.
2303 3113 2342 3147 ³⁷
2369 3115 2420 3162 R.
2443 3113 2581 3162 deest
2612 3113 2821 3162 lunam.
2890 3112 2931 3147 ³⁸
2954 3113 3014 3164 C.
3063 3113 3202 3162 deest
3253 3118 3309 3163 et
3334 3127 3453 3163 non
3497 3113 3671 3177 primo
3700 3123 3865 3166 mense,

546 3187 643 3251 qni
669 3190 751 3235 est
779 3198 811 3232 a
840 3181 969 3231 XVI
996 3178 1071 3228 k1.
1105 3194 1217 3251 apr.
1250 3191 1429 3242 usque
1453 3180 1509 3227 in
1538 3179 1691 3229 XVII
1713 3179 1791 3228 kl.
1826 3180 1997 3231 Maias
2026 3181 2094 3231 de
2118 3183 2273 3233 XXV
2304 3185 2504 3235 diebus
2526 3186 2691 3236 lunae.
2773 3184 2812 3215 ³9
2836 3186 2889 3233 R.
2918 3185 3068 3235 XIII.
3151 3185 3193 3216 ⁴⁰
3225 3186 3282 3237 C.
3313 3184 3417 3234 sed
3445 3190 3731 3234 retrorsum
3757 3181 3865 3243 .(lege

556 3250 1006 3311 nonantrorsum,
1030 3250 1127 3300 sed
1161 3252 1499 3310 retrorsum).
1566 3252 1607 3282 ⁴¹
1636 3253 1688 3298 li.
1724 3251 1853 3300 XIV
1888 3252 1990 3303 doc
2076 3256 2117 3285 ⁴²
2146 3257 2198 3303 lt.
2227 3256 2361 3318 ipsis
2391 3256 2466 3305 k1.
2534 3258 2576 3288 υ
2611 3257 2663 3305 It.
2686 3255 2782 3304 XI.
2810 3255 2895 3305 Kl.
2979 3255 3002 3287 ⁴
3031 3257 3088 3308 C.
3126 3256 3312 3306 Tertio
3342 3259 3535 3305 autem
3562 3267 3717 3314 anno,
3744 3253 3789 3301 in
3808 3252 3868 3300 Pi-

546 3340 706 3384 nace,
730 3328 785 3374 in
815 3338 927 3388 quo
952 3322 1271 3372 bissextum
1295 3325 1349 3370 et
1370 3321 1733 3370 embolismus
1764 3323 2044 3372 invenitur
2066 3328 2182 3382 etc.,
2209 3328 2409 3374 omissis
2437 3325 2637 3390 aliquot
2678 3324 2905 3374 versibus
2950 3325 3297 3375 z'nlermediis.
3391 3327 3437 3357 ⁴⁵
3467 3326 3520 3374 Β.
3557 3325 3685 3375 etin
3716 3332 3867 3372 mense

546 3398 651 3449 XII
679 3398 798 3448 dec.
830 3395 1090 3459 praeteriti
1114 3393 1245 3442 anni
1271 3394 1556 3443 inciderat.
1624 3393 1669 3425 ‘5
1693 3393 1745 3441 ll.
1783 3406 1931 3442 nono
1956 3392 2025 3441 X.
2091 3393 2134 3426 ⁴⁷
2158 3396 2211 3443 R.
2250 3395 2382 3445 XIX
2414 3410 2558 3447 nove
2592 3394 2727 3459 quid
2747 3394 3060 3446 deducitur.
3142 3396 3219 3443 ιν.
3253 3396 3328 3443 sic
3360 3394 3586 3460 suppleo
3617 3393 3744 3460 quod
3790 3405 3868 3439 ma-

546 3484 696 3521 neum
721 3471 866 3519 estin
891 3470 952 3517 1i.
978 3466 1167 3515 Primo
1198 3465 1346 3514 enim
1374 3470 1618 3526 tempore
1646 3463 1864 3526 quando
1894 3466 1947 3512 in
1979 3464 2212 3527 zE-gypto
2238 3466 2524 3516 observata
2556 3474 2640 3519 est
2668 3467 2876 3519 Pascha
2912 3468 3017 3518 fuit
3047 3469 3165 3532 ipso
3189 3481 3337 3518 anno
3360 3466 3632 3517 debitum.
3657 3464 3867 3516 Secundo

546 3554 693 3592 anno
723 3539 940 3602 adjecto
968 3536 1177 3586 factum
1213 3538 1312 3595 ost,
1337 3539 1534 3597 quarto
1551 3538 1739 3583 autem
1766 3547 1912 3583 anno
1937 3536 2144 3585 factum
2162 3541 2246 3586 est
2269 3550 2329 3586 as
2356 3538 2728 3601 (euidentibus
2755 3540 2895 3590 inter
2916 3540 3025 3589 alia
3052 3540 3193 3588 nolis
3212 3537 3559 3604 quadrantis,
3596 3538 3808 3595 semissi.,
3832 3537 3868 3583 et

544 3610 876 3673 dodandris).
911 3607 1131 3658 Tertius
1153 3605 1424 3670 est,igitur
1448 3618 1631 3655 annus
1664 3606 1722 3655 in
1747 3605 1968 3669 Pinace,
1996 3608 2208 3672 in:quo,
2230 3611 2337 3659 etc.
2405 3611 2446 3643 5’
2472 3610 2527 3661 C.
2551 3609 2888 3673 Bissextum,
2923 3612 2972 3659 et
3005 3609 3145 3661 deest
3179 3608 3365 3660 modo.

1791 3759 2056 3824 Ilenrici
2097 3761 2409 3827 Dodwelli
2453 3767 2651 3828 notas.

609 3900 715 3964 (13)
777 3899 932 3998 δίνεξι
992 3909 1201 3947 cursum
1233 3897 1511 3998 .lwiarem.
1710 3898 1955 3951 Observa
2016 3901 2436 3998 igiturclupza
2467 3903 2854 3998 Adeducentes,
2904 3904 3242 3998 in’venerunt
3290 3916 3398 3955 xIv
3441 3903 3566 3954 dec.
3607 3898 3752 3966 (illud
3763 3897 3866 3998 (ξεί,

619 3984 839 3998 nuinnilm
920 3981 1152 3998 sanat-nm
1232 3982 1323 3998 In"
1354 3983 1379 3998 τι
1439 3984 1568 3998 “nn-11
1600 3984 1683 3998 nm
1744 3973 1972 3998 νιηῖ-νιηηι
2052 3989 2151 3998 -..ιν-ι
2282 3988 2338 3998 ..Α
2384 3989 2453 3998 ...η
2504 3976 2569 3998 AM
2637 3979 2686 3998 Λι
2744 3979 2894 3998 ηις-ιη
2978 3975 3084 3998 Ακζιι
3154 3975 3284 3998 ε-νλιιιεη
3344 3975 3446 3998 ⁸17.ιῖ
3531 3975 3551 3998 Α
3572 3986 3629 3998 Α-
3687 3986 3713 3998 ,Α
3806 3981 3866 3998 nn

545 3993 573 4021 ‹‹
617 3984 843 4023 cursum
900 3969 1176 4024 lunarem.
1226 3968 1382 4031 juxta
1439 3970 1684 4034 regulam
1742 3973 1977 4035 primam
2026 3968 2571 4037 Grae-“redundatl
2634 3979 2690 4026 et
2743 3979 2899 4025 sexta
2952 3975 3106 4037 feria,
3152 3975 3286 4038 ipsis
3343 3975 3468 4025 Kal.
3517 3975 3646 4025 Aer.
3687 3986 3715 4021 »
3763 3968 3867 4031 Qua

544 4058 758 4105 00mm:
790 4056 944 4093 more
976 4041 1361 4105 Egymiorum
1409 4045 1465 4091 et
1498 4056 1611 4092 non
1649 4044 1961 4094 secundum
2009 4059 2183 4110 epac-
2283 4052 2535 4097 constare
2561 4060 2672 4096 non
2707 4050 2941 4110 possunt
2965 4061 2982 4109 ;
3010 4060 3139 4096 nam
3166 4060 3197 4095 a
3222 4059 3323 4097 xm
3347 4046 3473 4097 Kal.
3516 4048 3647 4109 Apr,
3683 4042 3746 4094 ad
3778 4050 3867 4090 xm

544 4123 645 4168 138-
672 4136 701 4162 »
2281 4116 2402 4169 Kal.
2442 4117 2571 4168 Maii
2619 4130 2731 4167 non
2782 4121 2914 4166 sunt
2957 4119 3048 4180 (ne
3105 4116 3333 4181 quidem
3390 4117 3627 4168 inclusis
3667 4113 3867 4173 utrisque

609 4185 708 4250 (14)
758 4184 1007 4234 [inmissis
1056 4196 1195 4235 XVIII
1251 4183 1445 4234 diebus.
1493 4193 1531 4235 II
1574 4184 1691 4236 Kal.
1740 4189 1891 4237 Maii.
1946 4189 2022 4238 W.
2074 4187 2181 4241 Co-
2281 4190 2559 4248 extremis)
2584 4189 2689 4239 nisi
2733 4189 2853 4239 dies
2881 4201 3021 4241 XVII.
3058 4188 3169 4241 Sed
3215 4191 3448 4241 omnino
3500 4186 3781 4254 legendum
3810 4185 3870 4232 est

549 4259 656 4309 dex
712 4258 768 4305 lt.
798 4254 967 4306 habet
1004 4267 1163 4307 XVIII.
1198 4254 1320 4306 ideo
1370 4256 1510 4307 forte
1551 4259 1680 4320 quia
1731 4261 1938 4309 mensis
1989 4261 2179 4311 embo-
2280 4279 2311 4312 ιι
2341 4261 2581 4313 Χνιιῖαι.
2613 4264 2744 4325 Apr.

554 4331 781 4381 limmus
805 4327 1018 4377 dierum
1071 4340 1201 4378 xxx
1250 4329 1389 4379 solet
1437 4342 1577 4392 esse,
1629 4330 1880 4395 adeoque
1926 4347 2180 4397 prorsum
2343 4334 2447 4397 (16)
2500 4334 2677 4384 Primo
2723 4333 2857 4382 enim
2909 4336 3151 4398 tempore.
3213 4334 3428 4384 Locum
3485 4333 3658 4394 hunc,
3699 4328 3782 4395 qui
3826 4326 3867 4374 in

543 4399 798 4452 sumendi
834 4399 952 4449 dies
977 4413 1117 4460 xIx;
1149 4400 1249 4450 sed
1289 4413 1402 4450 non
1449 4402 1524 4451 ita
1555 4402 1767 4465 primus
1814 4405 2022 4453 mensis
2050 4407 2181 4455 novi
2280 4406 2475 4459 codice
2524 4405 2587 4468 C,
2627 4405 2790 4469 plane
2837 4405 3013 4467 deest,
3051 4407 3108 4455 in
3162 4406 3224 4458 R.
3278 4420 3523 4457 mancus
3560 4410 3672 4466 est;
3715 4406 3869 4452 utcuno

545 4475 694 4537 anni,
729 4472 877 4538 quod
913 4473 1136 4523 librario
1175 4474 1313 4523 forte
1358 4487 1414 4521 In
1460 4486 1625 4523 causa
1675 4474 1842 4524 fuerit
1885 4489 1985 4525 cur
2037 4490 2180 4527 xvm
2280 4490 2390 4541 que
2432 4476 2705 4540 supplevi.
2751 4475 2960 4527 Sensus
3005 4476 3098 4527 hic
3142 4482 3267 4528 est:
3305 4478 3455 4530 Cum
3502 4489 3682 4528 annus
3717 4470 3865 4523 solaris

540 4561 640 4613 pro
682 4559 824 4596 xvuI
868 4544 962 4595 hic
1012 4547 1259 4608 poneret,
1287 4548 1350 4593 ut
1405 4543 1535 4593 alibi
1576 4545 1695 4595 fieri
1740 4546 1883 4596 solet
1942 4547 2038 4597 ubi
2094 4552 2180 4597 est
2279 4549 2495 4598 dierum
2545 4548 2660 4604 365.
2711 4561 2841 4598 cum
2893 4547 3224 4612 quadrante,
3277 4553 3509 4614 superet
3562 4552 3867 4600 communem

540 4617 946 4668 embolismus:
1006 4615 1103 4665 sed
1168 4617 1396 4666 omnino
1458 4616 1755 4679 legendum
1812 4631 1975 4677 xvm,
2040 4632 2172 4669 cum
2276 4620 2529 4670 lunarem
2596 4617 2813 4669 dierum
2864 4619 2978 4677 354,
3032 4620 3231 4671 diebus
3278 4622 3329 4671 11
3391 4635 3529 4672 cum
3576 4619 3866 4685 quadrante;

542 4690 733 4741 codice
755 4687 817 4739 C.
858 4688 995 4737 Nam
1026 4687 1144 4736 dies
1188 4698 1313 4747 xIx,
1358 4692 1483 4750 post
1520 4687 1698 4750 pridie
1743 4687 1814 4736 id.
1863 4688 2018 4751 april.
2072 4690 2177 4738 im-
2276 4694 2335 4742 iu
2381 4692 2547 4742 solari
2591 4692 2770 4755 primo
2824 4692 3130 4753 communi,
3165 4692 3385 4742 dierum
3440 4694 3556 4753 365,
3596 4692 3741 4741 deest
3767 4697 3866 4750 qua-

541 4762 695 4812 missi
740 4758 1119 4817 extenderent,
1148 4771 1260 4806 non
1306 4758 1374 4805 ad
1422 4757 1560 4820 prid.
1590 4758 1730 4818 Kal.,
1772 4758 1870 4809 sed
1918 4773 1981 4810 ac
2028 4761 2177 4823 ipsas
2277 4763 2443 4813 drans
2468 4763 2607 4823 diei;
2658 4776 2804 4813 anno
2856 4764 3123 4824 secundo,
3171 4768 3402 4827 propter
3450 4763 3694 4814 similem
3734 4757 3871 4808 defece

538 4834 660 4884 Kal.
710 4831 856 4889 Maii,
902 4829 1053 4894 quod
1095 4829 1283 4890 itaque
1332 4828 1793 4878 substituendum
1847 4829 1937 4879 hic
1980 4832 2101 4893 erit,
2130 4831 2179 4881 si
2277 4838 2414 4896 tum,
2452 4834 2627 4885 deerit
2672 4836 2949 4895 semissis;
2988 4835 3047 4884 in
3099 4836 3280 4897 tertio,
3320 4834 3605 4895 dodrans;
3651 4832 3752 4898 qui,
3776 4838 3869 4878 cum

539 4904 656 4955 illic
685 4902 988 4971 retineatur
1015 4911 1136 4971 xix.
1167 4898 1431 4971 Similiter
1457 4913 1585 4949 cum
1613 4900 1791 4949 codex
1820 4899 1884 4971 Ω.
1914 4900 2178 4952 immissis
2276 4907 2445 4956 simili
2497 4905 2826 4970 quadrante,
2874 4907 2931 4956 in
2970 4919 3118 4956 anno
3159 4909 3374 4971 quarto.
3431 4907 3675 4971 complet
3712 4910 3867 4971 essent.

541 4974 740 5026 diebus
769 4969 1148 5042 xvm,habet
1185 4983 1243 5020 ιιι
1283 4969 1401 5020 Kal.
1434 4971 1589 5031 maii,
1636 4970 1932 5034 legendum
1976 4982 2013 5024 II
2054 4973 2172 5023 Kal.
2275 4977 2385 5028 hoc
2459 4969 2545 5027 est
2610 4975 2758 5027 diem
2814 4977 3125 5040 integrum;
3177 4969 3292 5041 iqui
3364 4969 3583 5042 itaque
3631 4986 3763 5026 anno
3812 4969 3870 5018 illi

540 5047 631 5098 Vel
660 5045 835 5109 Pridie
862 5041 982 5093 ΚδῙ·
1185 5112 1195 5114 Α
1654 5113 1661 5114 ί
1739 5112 1747 5114 _
2276 5052 2472 5114 quarto
2524 5050 2789 5111 insertus,
2840 5061 3050 5098 annum
3100 5050 3251 5099 facit.
3308 5041 3657 5099 bissextilem
3703 5045 3869 5095 dictum

604 5116 706 5180 (15)
749 5113 852 5164 Sed
902 5127 962 5161 ne
1007 5112 1227 5163 secundo
1273 5126 1455 5164 mense.
1511 5114 1590 5163 W.
1636 5112 1825 5165 Codex
1878 5116 1938 5167 C.
1986 5114 2171 5166 habet.
2274 5112 2490 5171 dierum
2538 5119 2662 5181 366;
2723 5121 2942 5183 propter
2985 5133 3043 5169 VI
3087 5118 3206 5171 Kal.
3267 5119 3454 5171 Martii
3520 5121 3605 5173 bis
3656 5116 3873 5183 positum.

539 5204 569 5238 α
600 5188 711 5239 Sed
753 5198 824 5235 ne
867 5186 1116 5236 secundo
1156 5199 1347 5236 mense
1396 5186 1704 5257 inciperent
1754 5200 1915 5250 agere
1963 5186 2174 5238 Pascha
2276 5191 2401 5255 Quo
2456 5190 2538 5253 ﬁt,
2586 5194 2653 5239 ut
2695 5203 2733 5241 ν
2776 5190 2895 5241 Kal.
2952 5190 3149 5253 Martii,
3200 5193 3529 5257 singulique
3578 5192 3719 5241 hunc
3758 5187 3871 5257 diem

539 5258 843 5329 (suppleas
870 5272 899 5303 ›>
928 5270 1041 5329 non
1069 5263 1382 5308 antrorsnm
1406 5258 1456 5321 »)
1479 5256 1583 5329 sed,
1611 5261 1910 5329 retrorsum
1940 5271 2174 5323 compu-
2193 5308 2247 5329 ἢ
2274 5266 2591 5328 sequentes,
2621 5276 2737 5313 uno
2782 5263 2873 5313 die
2911 5264 3089 5313 serius
3136 5255 3470 5329 contingant
3515 5276 3682 5328 quam
3719 5259 3763 5309 si
3798 5255 3869 5306 illa

539 5333 737 5380 tantes.
766 5328 951 5402 id_est
981 5327 1099 5379 dies
1144 5330 1321 5393 ipsius
1356 5329 1507 5402 lunae
1551 5328 1914 5402 deducentes,
1951 5327 2252 5381 invene-U
2274 5327 2386 5387 non
2433 5337 2579 5387 facta
2616 5337 2784 5386 fuerit
2828 5336 3189 5387 intercalatio.
3241 5327 3612 5402 Quapropter,
3647 5347 3760 5399 qua
3797 5340 3871 5394 pro

538 5404 793 5452 "1“th
837 5400 969 5449 luna
1005 5405 1061 5449 θίι
1099 5404 1254 5451 Sex”
1285 5400 1421 5450 feria
1465 5400 1582 5449 Kal-
1635 5403 1764 5465 ΑΡΓι
1796 5418 1824 5446 »
1865 5401 2003 5463 Qute
2037 5404 2172 5452 satis
2273 5407 2557 5460 communi
2606 5421 2752 5458 anno
2804 5408 2988 5458 lunari
3038 5408 3292 5459 facienda
3347 5400 3494 5471 erat,
3536 5410 3595 5458 in
3634 5402 3869 5471 communi

539 5473 689 5525 clara
716 5475 867 5545 sunt,
897 5474 953 5521 et
994 5476 1261 5545 quantum
1310 5472 1463 5522 dictu
1492 5472 1714 5545 sufficit.
1761 5471 1869 5523 Sed
1896 5472 2074 5545 codex
2102 5472 2166 5525 1i.
2271 5494 2418 5532 anno
2477 5480 2661 5541 solari,
2725 5480 3006 5544 repedatio
3061 5481 3280 5531 dierum
3340 5494 3425 5544 xI,
3474 5469 3598 5545 ’jam
3650 5469 3869 5528 facienda

538 5543 964 5610 interpolatione
1019 5544 1157 5617 forte
1207 5544 1370 5605 facta,
1400 5556 1536 5617 rem
1590 5544 1767 5594 iusius
1818 5545 1900 5594 sic
1942 5544 2110 5617 habet
2154 5561 2166 5595 :
2270 5557 2370 5613 est,
2429 5566 2574 5603 anno
2630 5543 2923 5613 bissexti“,
2984 5552 3201 5603 dierum
3260 5566 3357 5615 χιι,
3414 5543 3645 5617 ρεξοριθι-
3695 5556 3868 5599 annum

537 5637 569 5671 ς
608 5617 721 5671 Sed
749 5629 821 5667 ne
859 5615 1111 5665 secundo
1154 5627 1346 5667 mense
1395 5616 1703 5680 inciperent
1730 5629 1893 5681 agere
1937 5615 2164 5666 Pascha.
2265 5624 2504 5676 solarem
2527 5626 2643 5688 jam
2670 5637 2754 5675 xu
2795 5623 2993 5675 diebus
3040 5615 3441 5677 excurrenteni
3464 5640 3477 5674 ;
3521 5615 3704 5677 éontra
3745 5630 3865 5680 vero,

536 5696 592 5745 et
614 5705 728 5762 non
754 5689 932 5762 primo
972 5700 1183 5749 mense,
1213 5688 1309 5752 qui
1357 5692 1441 5739 est
1481 5702 1517 5762 s_
1554 5702 1670 5762 xui
1707 5688 1843 5762 Kal._
1870 5688 2059 5762 Maias,
2097 5687 2167 5740 de

2282 5698 2543 5761 promotio
2592 5711 2692 5762 pro
2734 5710 2883 5748 anno
2925 5696 3296 5761 embolimaao,
3333 5697 3478 5750 alias
3524 5695 3731 5750 dierum
3764 5702 3866 5753 III:

535 5775 665 5815 XXV
688 5760 886 5812 diebus
914 5759 1066 5811 Ῑηηεθ
1091 5762 1246 5836 ((Ιιιοῑ
1273 5771 1485 5836 Πβξηρθ-
1504 5757 2165 5836 habPiKPFngIdgAPT-l
2265 5757 2383 5836 iam
2412 5757 2670 5824 facienda
2702 5771 2806 5824 erit
2833 5769 3052 5825 dierum
3081 5782 3242 5828 xvm.

536 5838 840 5892 retrorsum
888 5833 1292 5899 computentes,
1317 5829 1374 5885 id
1409 5834 1494 5884 est
1525 5830 1791 5885 undecim
1831 5829 1951 5884 dies
1990 5831 2165 5897 ipsius
