4082 6194
501 297 637 353 1035

1101 288 1195 345 AD
1235 287 1463 345 OPERA
1489 288 1544 344 S.
1585 284 1899 343 CYPRIANI
1919 282 2218 342 GENUINA
2247 282 2536 340 APPEND.
2564 280 2631 339 II.
2653 312 2724 324 --
2750 280 3228 341 SUPPOSITITIA.

3678 287 3797 344 1036

477 420 659 495 pridie
703 419 785 475 Id.
834 415 1008 489 April.
1054 415 1115 471 in
1171 432 1283 488 quo
1326 415 1417 471 die
1472 414 1722 469 diximus
1766 411 1999 469 Iudaeos
2046 412 2103 467 in
2125 410 2619 497 Abenedicentur
2640 411 2688 447 ²³
2730 427 2933 467 omnes
2979 411 3240 467 nationes
3280 414 3464 468 terrai.
3490 434 3516 463 »
3544 413 3801 486 Numquid

477 519 720 587 Egypto
748 510 793 549 ’7
819 512 1075 585 primum
1106 510 1435 565 observasse
1466 508 1702 563 Pascha.

547 613 706 669 Unde
752 628 934 683 usque
976 610 1050 665 ad
1095 611 1284 666 Iesum
1325 608 1507 662 lilium
1543 609 1716 673 Nave,
1747 605 1909 660 annis
1947 594 2106 659 1m98

476 705 796 779 suppletis,
859 704 1302 758 immolaverunt
1382 702 1484 756 Iitii
1554 700 1725 755 Israel
1795 717 1829 754 a
1895 696 2108 753 Pascha

475 802 602 857 Kal.
636 801 745 872 (19)
771 802 906 870 Apr.
939 797 1184 853 Sabbato
1208 797 1278 851 99.
1318 795 1581 851 Ezechias
1619 797 1810 848 autem
1850 791 1922 847 ab
1950 790 2106 845 exitu

476 913 543 954 ex
573 894 850 966 rEgypto1
890 907 1074 962 usque
1110 890 1211 944 in”
1256 891 1503 960 primum
1544 904 1758 942 annum
1798 885 1967 956 regni
1997 884 2105 951 sui,

475 996 607 1064 post
654 1004 836 1042 annos
889 1001 1167 1040 ncccuvn
1187 985 1232 1050 ³,
1274 981 1578 1038 celebravit
1625 980 1839 1035 Pascha
1891 994 1948 1033 vi
1999 977 2102 1050 (20)

476 1086 558 1141 Id.
591 1087 726 1155 Apr.
756 1097 805 1135 Iv
829 1082 849 1115 ‘
889 1079 1051 1133 feria.
1084 1079 1225 1133 Item
1252 1077 1429 1132 Josias
1460 1073 1919 1130 duodevicesimo
1956 1088 2108 1126 anno

476 1182 643 1254 regni
700 1180 810 1247 sui,
861 1184 991 1250 post
1043 1194 1225 1231 annos
1274 1173 1586 1230 accounts“
1634 1171 1955 1227 immolavit
2006 1172 2106 1225 Pa-

480 1277 614 1330 scha
659 1274 779 1329 xn‘
826 1273 934 1344 (21)
980 1272 1099 1326 Kal.
1141 1269 1375 1340 Aprilis,
1422 1267 1561 1323 feria
1612 1282 1669 1321 II.
1723 1266 1965 1321 Esdras"
2016 1280 2111 1318 au-

478 1375 595 1426 tem
629 1369 738 1424 eo8
767 1374 1029 1438 tempore
1059 1381 1170 1435 quo
1202 1363 1478 1434 suppleta:
1514 1361 1688 1415 sunt9
1717 1363 1932 1431 septem
1964 1358 2108 1413 heb-

477 1460 805 1519 domadae10
831 1478 863 1514 a
905 1458 1119 1528 templo
1156 1456 1423 1511 restituto
1460 1460 1517 1510 et
1546 1455 1801 1526 perfecto
1830 1454 1873 1487 “
1919 1455 1977 1506 et
2018 1469 2107 1506 re-

475 1557 671 1612 stituta
718 1554 939 1608 civitate
969 1554 1010 1589 η
1050 1551 1382 1615 Jerusalem,
1425 1554 1552 1621 post
1597 1564 1780 1603 annos
1820 1565 1841 1602 ι
1893 1563 2015 1601 cxrv
2042 1548 2108 1612 ‘3,

474 1649 812 1706 sacrilicavit
874 1647 1081 1702 Pascha
1131 1661 1204 1700 xu
1269 1646 1374 1715 (2'2)
1445 1644 1563 1698 Kal.
1633 1645 1771 1714 Apr.
1839 1640 2109 1697 Sahbato.

473 1744 582 1801 Sed
619 1747 677 1798 et
715 1743 836 1813 ipse
868 1742 1027 1795 .Iesus
1062 1739 1168 1810 (2|)
1202 1737 1472 1793 Dominus
1509 1742 1563 1791 et
1596 1738 1642 1771 “
1684 1736 1942 1791 Salvator
1986 1751 2111 1788 nos-

484 1848 592 1907 ter,
644 1840 773 1908 post
817 1834 1069 1889 annos”
1117 1850 1130 1887 ι
1172 1848 1375 1886 anxm
1403 1832 1449 1867 ¹⁶
1502 1848 1629 1885 cum
1680 1829 1970 1899 discipulis
2013 1827 2128 1883 suis

477 1928 840 1987 manducavit
886 1928 1097 1984 Pascha
1121 1925 1163 1961 ¹⁷
1197 1942 1249 1980 vi
1291 1925 1402 1996 (‘24)
1446 1925 1525 1979 ld.
1559 1924 1733 1994 April.
1764 1940 1793 1976 v
1830 1922 1974 1977 feria
2003 1939 2017 1977 :
2047 1924 2106 1977 et

480 2040 679 2096 passus
710 2029 792 2077 est
820 2023 994 2076 altera
1029 2021 1141 2087 die,
1170 2036 1202 2072 v
1228 2018 1270 2054 ¹³
1295 2019 1378 2074 Id.
1411 2018 1586 2090 April.
1621 2034 1672 2073 vn
1700 2018 1859 2071 feria.

553 2116 747 2191 954
782 2116 878 2170 Hic
917 2118 1004 2169 est
1031 2113 1286 2167 Christus
1309 2113 1468 2167 Iesus
1494 2111 1612 2184 qui,
1644 2111 1959 2165 secundum
1988 2126 2111 2164 car-

483 2229 639 2278 nem,
685 2209 924 2265 Abrahm
962 2207 1071 2262 fuit
1117 2207 1305 2276 Illius;
1352 2206 1412 2260 in
1451 2206 1611 2276 cujus
1655 2205 1946 2276 mysterio,
1987 2220 2114 2257 cen-

480 2304 768 2363 tenario”
816 2302 968 2374 patri
1018 2306 1189 2356 natus
1242 2302 1390 2355 Isaac
1441 2316 1612 2370 super
1663 2299 1931 2352 humeros
1982 2314 2115 2353 suos

483 2399 734 2472 portavit
774 2397 998 2467 lignum
1040 2411 1053 2449 :
1106 2400 1165 2448 ut
1206 2411 1271 2448 ex
1318 2410 1385 2448 eo
1425 2393 1918 2448 demonstraretur
1943 2392 2013 2459 9°,
2060 2397 2117 2446 et

483 2490 831 2548 adversarios
897 2488 1304 2559 expugnari“,
1368 2491 1425 2541 et
1498 2486 1795 2541 credentes
1874 2486 2115 2539 salutem

485 2584 757 2656 consequi
789 2599 889 2655 per
920 2583 1165 2653 lignum,
1200 2580 1259 2635 id
1300 2586 1385 2635 est
1425 2596 1534 2652 per
1566 2580 1747 2634 crucis
1785 2579 2013 2651 signum
2039 2579 2110 2633 ³³.

486 2680 610 2752 Ipse
649 2682 736 2733 est
769 2675 1076 2744 Abraham,
1112 2673 1203 2729 cui
1235 2673 1379 2729 dixit
1410 2675 1549 2728 Deus
1580 2689 1595 2728 :
1631 2696 1657 2723 ‹‹
1681 2674 1740 2728 In
1772 2671 1988 2727 semine
2018 2677 2115 2727 tuo

2208 521 2344 577 ergo
2373 506 2577 576 aliquis
2595 506 2645 541 ³⁸
2676 505 2734 559 in
2773 507 2924 560 Isaac
2954 506 3394 561 misericordiam
3426 507 3800 579 consequitur?

2208 600 2364 668 Non;
2412 598 2514 653 sed
2558 600 2744 653 omnis
2764 600 2811 635 ³⁵
2852 599 3026 655 homo
3072 599 3310 655 credens
3356 601 3466 654 Deo
3506 601 3560 655 in
3606 602 3799 656 Christo

2208 692 2579 748 benedicatur
2600 694 2669 748 ²⁶.
2710 692 2777 748 Et
2814 694 2946 749 ideo
2976 693 3289 760 Abraham,
3333 693 3467 766 quia
3500 710 3532 747 a
3571 695 3675 749 Deo
3716 695 3802 749 Do—

2210 786 2368 842 mino
2390 787 2435 821 ²⁷
2466 787 2650 842 dictus
2690 790 2775 842 est
2814 788 3112 859 propheta,
3152 805 3285 843 cum
3325 787 3615 843 manifeste
3636 789 3680 822 ³³
3705 790 3800 842 sci-

2208 886 2318 948 ret,
2356 879 2415 935 in
2453 885 2812 936 sacramento
2849 881 3078 950 Christi,
3121 880 3452 936 centenario
3486 880 3589 935 sibi
3625 885 3801 936 natum

2208 973 2393 1029 lilium
2416 975 2485 1042 2°,
2514 975 2612 1045 qui
2647 979 2777 1046 post
2802 974 2954 1029 diem
2985 976 3215 1030 tertium
3250 978 3493 1029 mortem
3523 977 3800 1043 evacuavit,

2209 1071 2267 1123 et
2314 1068 2472 1122 illum
2518 1069 2727 1124 fortem
2774 1074 2831 1124 et
2855 1070 2905 1104 ³ο
2956 1068 3257 1126 inimicum
3303 1074 3564 1123 nostrum
3611 1068 3801 1135 vinxit;

2209 1161 2420 1216 deinde
2506 1162 2837 1217 numeravit
2917 1162 3214 1217 universos
3302 1162 3632 1217 vernaculos
3704 1178 3813 1215 suos

2209 1256 2492 1312 CCCXVIII
2530 1254 2664 1327 (25),
2714 1256 2773 1310 id
2822 1259 2910 1311 est
2949 1273 3055 1329 pro
3093 1255 3427 1311 centenaria
3478 1255 3813 1326 generatione

2210 1349 2513 1420 triplicavit
2549 1353 2608 1418 C,
2650 1356 2705 1405 et
2752 1350 2885 1405 fecit
2924 1365 2952 1397 τ
2982 1351 3214 1422 signum
3264 1349 3471 1416 crucis,
3505 1348 3699 1420 quibus
3734 1348 3815 1403 ad-

2203 1444 2402 1515 junxit
2446 1469 2494 1510 ιη
2542 1460 2757 1499 nomen
2801 1445 2931 1499 Jcsu
2953 1434 3025 1512 π,
3069 1447 3127 1500 et
3165 1443 3523 1499 adversarios
3566 1458 3819 1513 expugna-

2210 1537 2309 1604 vit,
2349 1541 2407 1593 et
2440 1538 2625 1592 lilium
2656 1537 2843 1592 fratris
2885 1538 2971 1592 sui
3000 1538 3140 1593 Loth
3181 1538 3251 1593 de
3291 1536 3618 1609 captivitate
3646 1552 3819 1591 eorum

2212 1631 2476 1686 liberavit
2496 1633 2564 1686 ³³.
2620 1634 2687 1686 Et
2729 1632 2936 1686 merito
2979 1631 3103 1704 ipse
3153 1631 3437 1687 Dominus
3483 1636 3540 1686 et
3579 1630 3822 1700 magister

2225 1734 2422 1785 noster
2448 1730 2672 1784 dicebat
2704 1728 2913 1786 ludatis
2940 1746 2954 1784 :
2986 1750 3014 1779 ‹‹
3054 1729 3106 1784 Si
3144 1729 3246 1784 ﬁlii
3289 1728 3533 1784 Abrahae
3571 1727 3747 1782 essetis
3762 1728 3820 1794 ³³,

2145 1790 2203 1861 Β
2227 1824 2372 1878 facta
2403 1822 2593 1895 955
2624 1824 2861 1878 Abrahae
2890 1823 3170 1878 faceretis.
3200 1844 3228 1874 »
3261 1824 3337 1877 At
3357 1823 3406 1858 3‘
3439 1822 3516 1877 illi
3544 1822 3719 1893 itaque
3741 1790 3821 1892 qui

2228 1917 2350 1972 tunc
2391 1934 2425 1971 a
2463 1917 2686 1972 Christo
2724 1917 3034 1971 audierunt
3074 1932 3191 1972 non
3231 1916 3481 1971 Abrahae
3503 1916 3571 1980 ³⁸,
3612 1915 3699 1971 sed
3726 1914 3824 1969 dia-

2211 2011 2325 2065 holi
2363 2012 2510 2066 facta
2550 2010 2750 2081 iniqua
2782 2011 2971 2066 facere
3004 2009 3325 2080 elegerunt.
3358 2014 3437 2065 Ac
3457 2010 3505 2044 3‘
3535 2013 3821 2081 propterea,

2212 2105 2442 2172 Gentes,
2485 2104 2617 2158 facti
2648 2105 2693 2139 ³⁷
2738 2105 2872 2159 estis
2916 2103 3016 2158 lilii
3054 2103 3318 2173 Abrahze,
3364 2104 3513 2159 facta
3558 2104 3718 2175 patris
3754 2103 3821 2156 sui

2212 2197 2455 2253 Abrahae
2517 2198 2811 2268 facientes,
2863 2215 2993 2253 cum
3049 2198 3213 2270 signo
3269 2197 3456 2252 crucis
3506 2204 3563 2253 et
3623 2197 3823 2251 nomine

2212 2294 2365 2358 Iesu,
2407 2292 2759 2363 quotidianis
2798 2292 2997 2347 diebus
3038 2294 3307 2347 adversus
3352 2291 3589 2363 angelos
3630 2296 3824 2363 aposta-

2214 2392 2300 2441 tas
2348 2392 2682 2457 pugnantes,
2714 2402 2981 2441 sermone
3020 2387 3121 2441 Dei
3164 2387 3396 2452 armati,
3439 2386 3538 2457 qui
3577 2385 3643 2440 de
3677 2385 3826 2455 capti-

2214 2479 2387 2534 vitate
2431 2482 2652 2535 Satance
2700 2480 2906 2535 liberat
2946 2480 3227 2535 homines.
3268 2482 3399 2551 Ipse
3446 2485 3530 2535 est
3569 2479 3823 2535 Abraham

2217 2573 2311 2644 qui
2359 2590 2502 2628 Lxxv
2541 2590 2821 2629 annorum
2874 2573 3117 2630 credidit
3164 2577 3431 2641 vocatus;
3483 2576 3543 2628 et
3587 2571 3821 2644 quamvis

2216 2667 2427 2723 multos
2448 2668 2513 2736 ³³,
2562 2666 2618 2722 id
2667 2675 2750 2723 est
2803 2670 3078 2740 tanquam
3126 2669 3315 2724 stellas
3363 2667 3512 2736 creti,
3562 2666 3700 2722 ﬁlios
3747 2665 3830 2720 ha-

1865 2798 2075 2861 Variae
2129 2796 2464 2860 lectiones.

560 2910 604 2945 ⁸⁷
694 2910 749 2960 R.
832 2909 1026 2973 primo.
1117 2906 1161 2942 π
1224 2910 1280 2960 C.
1377 2908 1508 2958 anni
1600 2906 1720 2957 XLI
1812 2907 2070 2971 suppleti.

500 2979 752 3043 Egypto.
848 2980 867 3009 ³
947 2979 1002 3028 lt.
1079 2978 1167 3027 ad.
1283 2982 1299 3010 ³
1376 2979 1431 3027 lt.
1508 2975 1944 3027 DCCCLXVIII.
2036 2979 2058 3010 ⁴

502 3050 738 3100 Ilesdra.

506 3123 543 3153 "
587 3122 637 3170 lt
688 3120 828 3169 deest
877 3133 926 3169 a.
1028 3121 1064 3150 η
1118 3120 1172 3168 R.
1223 3118 1505 3168 civitatem
1560 3119 1889 3168 restitutam.

504 3194 544 3225 ‘5
571 3193 629 3242 C.
661 3191 684 3239 Ι
725 3188 1024 3248 DLXXIV,
1052 3190 1328 3248 excr’tlenle,
1360 3188 1426 3237 V.

488 3260 625 3321 festo
638 3259 853 3315 οηιωιάο
895 3272 956 3310 1x
1002 3258 1120 3308 Kal.

488 3342 627 3380 sexu
687 3331 999 3394 repugnari.

490 3398 913 3449 benedicentur.

1244 3258 1285 3291 ¹⁸
1321 3261 1378 3311 C.
1423 3271 1521 3309 VIII
1565 3258 1683 3308 Kal.

1008 3397 1049 3432 '7
1093 3401 1154 3449 It.
1193 3399 1262 3449 de
1299 3400 1555 3450 Domino.

2162 2906 2204 2937 99
2271 2905 2324 2954 η.

2140 2979 2197 3030 C.
2274 2973 2370 3024 III.
2466 2975 2485 3005 ⁵

829 3047 852 3082 ⁸
887 3051 943 3100 C.
992 3047 1205 3098 eodem.
1283 3047 1306 3081 ⁵
1337 3049 1392 3100 C.
1439 3047 1590 3111 quod
1644 3047 1886 3110 suppleti
1941 3051 2073 3097 sunt
2126 3041 2475 3097 hebdomade
2529 3056 2559 3091 a
2599 3047 2845 3107 tempore
2893 3046 2995 3093 est.
3082 3041 3122 3076 το
3160 3046 3234 3097 W.
3281 3044 3358 3093 sic
3407 3043 3629 3092 emendo.
3677 3043 3726 3091 It.
3755 3039 3831 3092 VI.

877 3133 926 3169 a.
1028 3121 1064 3150 “
1118 3120 1172 3168 Β.
1223 3118 1505 3168 civitatem
1560 3119 1889 3168 restitutam.
1986 3121 2025 3151 ”
2066 3122 2123 3169 Β.
2174 3118 2264 3169 CC
2311 3114 2671 3169 DLXXVIII.
2720 3112 2810 3162 sed
2856 3112 2946 3164 CC
2995 3116 3067 3162 est
3119 3129 3215 3169 pro
3269 3120 3320 3169 ES
3432 3114 3472 3146 ⁸⁴
3525 3113 3580 3161 C.
3620 3110 3746 3161 deest
3783 3123 3809 3159 θ

1499 3138 1505 3167 ι
1560 3129 1889 3168 restitutam.
1986 3129 2025 3151 "
2066 3129 2123 3169 lt.
2174 3129 2264 3169 [λυ
2311 3129 2671 3169 υιιλλνιιι.
2720 3129 2806 3162 πα
2856 3129 2946 3164 bu
2995 3129 3067 3162 εει
3118 3129 3215 3177 ρνο
3270 3129 3319 3175 Ξ
3432 3129 3437 3146 ¹

1499 3188 1536 3219 ’⁸
1577 3189 1632 3237 U.
1678 3189 1701 3238 Ι
1748 3189 2048 3240 DLXXIX.
2101 3193 2153 3240 It.
2203 3188 2293 3240 CC
2332 3190 2689 3246 DLXXVIX,
2731 3202 2859 3240 cum
2906 3187 3255 3240 discentibus
3296 3189 3437 3238 suis.

1789 3260 1828 3293 ¹⁹
1875 3263 1931 3312 C.
1972 3261 2108 3310 deest
2161 3262 2495 3311 centenario.

1090 3331 1133 3362 “
1196 3331 1254 3380 ll.
1299 3330 1483 3380 crucis
1530 3330 1568 3393 -ι-
1609 3331 1666 3379 in
1715 3330 1954 3396 signum.
2039 3334 2081 3363 ³³

2254 3331 2432 3378 inserit
2490 3331 2545 3381 in
2600 3334 2672 3381 te.
2758 3331 2799 3361 ³⁸
2857 3328 2920 3378 R.
2971 3330 3163 3393 aliqui.
3242 3328 3287 3363 ³⁵
3335 3332 3394 3382 C.
3445 3341 3654 3378 omnes.
3714 3326 3832 3396 "II.

1648 3398 1692 3434 ³⁸
1723 3403 1777 3452 C.
1826 3401 2139 3452 manifesta.

2422 2901 2685 2952 sabbatis.
2786 2905 2798 2934 '
2868 2904 2946 2952 ιιυν.
3033 2904 3109 2953 sic
3196 2902 3429 2966 suppleo.
3497 2904 3555 2954 C.
3642 2903 3695 2949 lt.
3776 2898 3832 2949 ab

2575 2975 2630 3022 lt.
2715 2971 3077 3024 DCCCLXX.
3184 2974 3206 3006 ⁸
3284 2976 3341 3025 C.
3431 2972 3604 3023 XVII.
3694 2969 3713 3003 ⁷
3781 2970 3826 3016 ll.

3432 3114 3472 3146 ¹⁴
3525 3113 3580 3161 C.
3620 3110 3746 3161 deest
3783 3123 3809 3159 θ

3527 3185 3565 3220 ³⁷
3603 3188 3655 3239 C.
3697 3185 3835 3234 mani-

2591 3259 2635 3294 ²⁰
2677 3263 2733 3312 C.
2782 3259 2979 3309 eodem
3039 3264 3271 3310 monstr.
3365 3260 3411 3293 “
3453 3262 3511 3312 Ο.
3556 3257 3833 3308 adversario

2231 3402 2273 3432 ι’
2317 3401 2373 3449 lt.
2421 3407 2552 3452 nato
2595 3402 2728 3452 filio.
2822 3403 2861 3434 ³ο
2887 3404 2944 3454 C.
2975 3401 3111 3450 deest
3148 3405 3220 3451 et.

3315 3400 3357 3434 ³¹
3402 3401 3486 3449 ιν.
3532 3401 3607 3449 sic
3644 3394 3831 3462 :uppleo.

492 3472 631 3536 quod
667 3473 718 3520 in
759 3485 875 3520 mss.
909 3484 1144 3521 mancum
1189 3475 1284 3522 est.
1325 3474 1379 3525 C.
1422 3471 1627 3522 deinde
1668 3472 1982 3521 numeravit
2044 3471 2336 3521 universos
2392 3472 2724 3523 vernaculos
2774 3484 2928 3525 suos.
2988 3471 3305 3521 centenaria
3361 3470 3712 3534 generatione
3759 3466 3834 3516 tri-

493 3542 724 3606 plicavit
766 3545 822 3593 et
860 3542 991 3593 fecit
1030 3542 1249 3609 signum
1289 3544 1473 3594 crucis
1514 3543 1719 3608 quibus
1757 3542 2010 3607 adjunxit
2052 3543 2278 3592 nomine
2309 3542 2460 3592 Jesu.
2501 3544 2549 3592 Β.
2595 3542 2980 3593 denumeravit
3030 3541 3331 3591 universos
3395 3552 3595 3589 vernas
3636 3540 3835 3609 suos,_et

494 3605 715 3678 propter
740 3605 1117 3663 centenarium
1146 3613 1490 3664 nativitatem
1522 3605 2065 3678 triplicavit'centum
2111 3619 2169 3664 et
2213 3613 2347 3663 fecit
2386 3615 2599 3678 signum
2645 3613 2682 3677 -1-
2721 3613 2926 3678 quibus
2971 3615 3027 3662 et
3060 3612 3267 3661 ud'ecit
3310 3609 3501 3660 XVIII
3542 3610 3596 3659 in
3646 3605 3838 3678 nomine

495 3683 682 3746 hujus.
780 3685 819 3715 ³¹
877 3683 934 3733 C.
987 3683 1255 3734 servitute
1306 3684 1403 3735 lib.

498 3753 803 3806 Abraham.

1499 3689 1539 3719 ³³
1600 3685 1665 3735 R.
1709 3686 1755 3736 si
1808 3684 1908 3734 ﬁlii
1963 3685 2202 3736 Abrahae
2246 3686 2400 3747 estis,
2455 3685 2600 3735 facta
2641 3686 2813 3748 patris
2850 3683 3020 3734 vestri
3067 3682 3252 3733 facite.

894 3755 935 3787 ³⁸
980 3757 1037 3806 C.
1087 3754 1280 3804 Haece
1328 3754 1369 3787 ³⁷
1426 3757 1500 3807 ιν.
1559 3757 1635 3805 εἰσ
1680 3756 1903 3821 suppleo.
1952 3758 2006 3808 C.
2048 3757 2120 3805 fat

2231 3757 2364 3806 estis
2414 3756 2583 3819 patris
2644 3769 2760 3805 sum
2827 3753 3069 3806 Abrahm
3121 3752 3417 3814 facientes,
3471 3764 3603 3800 (um
3641 3750 3830 3821 signum

3348 3684 3392 3714 ”
3438 3683 3495 3735 Ο.
3537 3680 3626 3730 Et.
3713 3677 3748 3710 ³⁵
3791 3678 3835 3727 C.

497 3827 682 3876 crucis
706 3832 760 3877 et
789 3826 1017 3875 nomine
1041 3824 1196 3885 Jesu,
1223 3837 1477 3876 sermone
1510 3825 1611 3875 Dei
1641 3814 1855 3890 armati,
1887 3826 2231 3890 quotidianis
2276 3814 2478 3876 diebus
2514 3825 2780 3878 adversus
2826 3825 3055 3889 angelos
3094 3829 3379 3889 apostatas
3421 3826 3723 3889 pugnantes
3757 3814 3833 3885 qui

499 3906 571 3951 ιθ
595 3901 736 3961 capt.
768 3899 823 3948 Β.
855 3899 1003 3947 facta
1030 3897 1199 3960 patris
1234 3898 1323 3947 sui
1366 3895 1607 3947 Abrahae:
1642 3898 1915 3951 facientes
1961 3912 2089 3950 cum
2137 3898 2358 3961 signum
2410 3896 2598 3947 crucis
2640 3902 2697 3948 et
2732 3911 2936 3949 nomen
2989 3896 3236 3947 hominis
3282 3895 3626 3960 quotidianis
3668 3890 3834 3944 diebus

502 3972 774 4024 adversus
801 3967 1029 4032 angelos
1053 3967 1388 4032 apostolicos
1432 3974 1834 4033 expugnantes,
1862 3984 2116 4023 sermone
2158 3971 2262 4023 Dei
2309 3975 2524 4031 armati,
2564 3968 2633 4020 de
2669 3969 2993 4034 captivitate
3045 3966 3271 4019 Saluum
3320 3965 3571 4017 liberant
3610 3963 3833 4015 homines

502 4042 548 4079 ⁸³
577 4045 630 4094 It.
653 4042 710 4092 in
740 4040 962 4090 multos.

1765 4102 2027 4168 Henrici
2062 4103 2353 4170 Dodvelli
2385 4111 2578 4171 notae.

564 4212 661 4274 (Ill)
726 4209 929 4261 Pascha
989 4209 1106 4261 Kal.
1167 4209 1378 4274 Nempe
1456 4209 1631 4261 tertim
1705 4211 2137 4264 sedecennitatis

502 4297 649 4337 anno
677 4295 848 4333 nono.

572 4355 669 4418 (20)
724 4353 925 4404 Pascha
975 4351 1064 4402 VI.
1115 4352 1342 4415 Nempe,
1383 4356 1506 4414 post
1561 4352 1835 4418 integrum
1874 4356 2130 4419 pinacem

509 4428 798 4490 (annorum
826 4424 934 4478 lli)
962 4424 1164 4488 septies
1209 4428 1549 4474 transactum
1605 4424 1725 4488 (seu
1774 4439 1946 4477 annos
1997 4430 2129 4492 78$).

505 4511 652 4549 anno
678 4498 856 4548 octavi
880 4497 1097 4560 pinacis
1114 4497 1196 4557 83,
1224 4494 1333 4546 hoc
1357 4500 1437 4547 est
1482 4500 1655 4547 sexta:
1702 4499 2133 4551 sedecennitatis

506 4582 655 4621 anno
686 4569 865 4619 tertio.

569 4642 669 4704 (2|)
701 4639 899 4690 Pascha
929 4639 1053 4689 XII.
1084 4639 1294 4703 Nempe
1333 4641 1456 4703 post
1496 4640 1528 4688 8
1571 4640 1817 4703 pinaces,
1874 4654 2023 4692 anno
2074 4644 2135 4693 74

507 4713 817 4778 sequentis,
848 4724 947 4761 seu
996 4713 1207 4775 quinta:
1248 4710 1681 4761 sedecennitatis
1722 4725 1867 4761 anno
1897 4712 2131 4764 decimo.

570 4786 669 4848 ('22)
723 4782 925 4833 Pascha
980 4782 1101 4832 XII.
1162 4782 1371 4844 Nempe
1426 4786 1549 4845 post
1604 4783 1828 4844 pinaces
1876 4784 1936 4845 9,
1990 4798 2137 4835 anno

512 4858 601 4909 106
627 4858 932 4920 sequentis,
957 4853 1065 4904 hoc
1112 4857 1197 4903 est
1242 4853 1454 4902 ultimm
1505 4853 1936 4904 sedecennitatis
1992 4869 2137 4906 anno

511 4930 749 4979 decimo.
777 4926 1040 4976 Numerat
1089 4929 1303 4984 autem,
1329 4929 1392 4973 ut
1434 4924 1571 4972 infra
1616 4930 1790 4987 patet,
1824 4925 1894 4975 ab
1944 4926 2139 4977 Exodo

511 5000 579 5050 ad
605 5000 979 5063 captivitatem
1014 4995 1300 5047 Jechonise
1340 5008 1515 5043 annos
1566 4996 1691 5055 993;
1733 4996 1868 5046 hinc
1907 4997 1975 5047 ad
2021 4997 2139 5048 edi-

510 5077 631 5122 tum
688 5069 850 5132 Cyri,
890 5081 1065 5118 annos
1114 5067 1208 5125 70;
1242 5066 1372 5116 hinc
1413 5065 1483 5116 ad
1525 5067 1692 5116 ﬁnem
1745 5071 1955 5133 septem
2002 5068 2141 5121 heb-

512 5140 830 5202 domadum,
859 5141 952 5199 49;
992 5140 1087 5203 qui
1117 5138 1259 5187 ﬁunt
1286 5139 1425 5188 1114.

576 5214 674 5272 (:23)
706 5213 807 5263 Sed
843 5216 889 5261 et
932 5212 1041 5274 ipse
1083 5209 1251 5259 Jesus.
1311 5208 1375 5260 G.
1420 5208 1603 5259 Locus
1650 5208 1908 5261 laudatus
1954 5225 1986 5261 a
2023 5211 2141 5264 Pu-

515 5285 721 5337 cherio.

577 5355 673 5417 (at;
697 5350 900 5405 Pascha
926 5350 1014 5401 Vl.
1040 5351 1267 5414 Nempe,
1298 5352 1421 5413 post
1444 5349 1671 5413 pinaces
1696 5352 1773 5410 14,
1800 5352 2018 5403 annoll
2056 5366 2134 5403 se-

517 5425 757 5491 quentis.
807 5423 1018 5486 Estque
1074 5423 1232 5471 locus
1274 5419 1386 5478 hic,
1430 5420 1528 5470 sed
1586 5420 1934 5485 depravatus,
1977 5426 2142 5488 quem

516 5499 668 5557 citat,
719 5507 788 5544 ex
844 5493 1144 5553 Bucherio,
1199 5491 1651 5541 Seueschallns:

2239 4214 2419 4279 Quam
2450 4214 2847 4267 correctionem
2874 4206 3167 4261 confirmat
3194 4205 3379 4259 codex
3410 4208 3477 4259 R.

2158 4250 2213 4323 C
2299 4289 2394 4323 (ora
2436 4290 2568 4323 ,ςἠηο
2615 4297 2893 4323 ηηαγνιιι-
2937 4283 3114 4323 Lnnng
3165 4281 3258 4323 hic
3299 4281 3353 4323 in
3386 4286 3477 4323 nlr

2298 4289 2394 4349 (25)
2434 4290 2568 4339 Suos
2615 4297 2893 4337 cccxvm.
2935 4283 3114 4333 Locus
3165 4281 3258 4332 hic
3299 4281 3356 4330 in
3386 4286 3630 4344 utroque
3673 4274 3831 4330 codice

2229 4372 2461 4409 mancus
2499 4362 2598 4414 est,
2629 4357 2887 4419 adeoque
2938 4353 3243 4412 obscurus;
3274 4351 3375 4402 sed
3408 4351 3480 4401 ad
3537 4352 3685 4400 hunc
3729 4360 3831 4398 sen-

2230 4443 2356 4479 sum
2410 4428 2815 4481 restitnendum
2867 4438 3010 4487 esse,
3064 4437 3138 4475 ex
3203 4421 3574 4488 sequentibus
3623 4421 3779 4483 liquet
3821 4430 3831 4463 :

2231 4514 2434 4565 nempe
2489 4515 2616 4551 cum
2668 4498 2945 4549 Abraham
3022 4494 3371 4545 adversarios
3428 4490 3834 4565 expugnavit-et

2233 4558 2488 4624 liberavit
2534 4571 2745 4622 amicos
2778 4571 2923 4629 (Gen.
2956 4573 3100 4628 xxv),
3150 4566 3476 4615 numeravit
3523 4558 3831 4617 vernaculos,

2234 4644 2342 4693 hoc
2370 4646 2453 4693 est
2475 4643 2713 4693 famulos
2752 4654 2886 4691 suos
2920 4650 3194 4689 cccxvm.
3230 4636 3357 4699 Quo
3402 4635 3679 4688 contineri
3699 4630 3833 4681 sentit

2235 4714 2329 4765 hic
2380 4718 2572 4764 auctor
2624 4714 2748 4764 haec
2798 4711 3046 4776 mysterii
3080 4707 3440 4780 prophetica;
3467 4706 3738 4780 nimirum,
3759 4712 3835 4780 per

2237 4784 2281 4836 C
2327 4785 2631 4835 centenarii
2674 4785 2894 4843 notam,
2957 4780 3195 4845 signari,
3248 4777 3495 4828 Abrahm
3555 4777 3833 4849 centenario

2236 4859 2428 4908 natum
2483 4856 2549 4905 iri
2606 4856 2782 4905 ﬁlium
2836 4844 3029 4912 Isaacj
3060 4864 3229 4915 quam
3290 4850 3532 4900 litteram
3582 4844 3837 4915 triplicavit

2237 4928 2385 4991 (ccc)
2438 4941 2536 4990 pro
2585 4925 2918 4977 centenariis
2984 4913 3162 4972 tribus
3212 4926 3378 4985 prout
3439 4918 3616 4970 tribus
3669 4913 3841 4991 diebus-

2239 4986 2346 5050 iter
2371 4986 2529 5050 vfe—cit
2580 4996 2952 5047 immolandos
3009 4996 3163 5045 Isaac
3202 4993 3425 5057 (Christi
3458 4991 3658 5055 typus),
3683 4986 3835 5057 quiet

2240 5071 2475 5134 gestavit
2519 5069 2755 5132 liguum,
2787 5067 2844 5117 id
2905 5070 2989 5117 est
3018 5056 3214 5116 crucis
3241 5065 3472 5128 signum
3523 5060 3697 5112 crucis
3717 5056 3833 5134 τ111-

2242 5126 2357 5193 tera
2401 5126 2617 5196 Graeca,
2654 5126 2858 5190 notans
2885 5150 3181 5188 numerum
3227 5126 3369 5207 cc'c.
3386 5133 3498 5185 Sed
3546 5126 3832 5207 preterlios

2242 5213 2538 5271 trecentos,
2598 5210 2851 5274 adjungit
2913 5222 3074 5274 porro
3125 5220 3298 5270 xvm,
3359 5206 3469 5256 hoc
3524 5208 3626 5279 est,
3670 5202 3833 5279 litteris

2244 5283 2470 5344 Graecis,
2504 5298 2570 5340 ιη,
2607 5272 2814 5346 quibus
2862 5272 3069 5346 signari
3098 5283 3273 5345 putat,
3306 5281 3498 5342 utpote
3520 5272 3719 5338 [litteris
3742 5272 3832 5318 ini-

2242 5354 2487 5415 tialihus,
2538 5345 2753 5415 ’Ineoiic,
2797 5345 3001 5404 nomen
3040 5355 3192 5403 Jesu.
3242 5350 3534 5414 Adeoque,
3580 5345 3715 5419 sicut
3755 5350 3832 5419 per

2246 5413 2493 5478 Abrahae
2535 5413 2777 5477 famulos
2844 5436 3121 5486 cccxvm,
3163 5413 3435 5474 liberatus
3476 5422 3560 5470 est
3609 5413 3831 5469 Loth,itn

1708 5494 1803 5557 (ἰαί
1859 5487 2150 5545 conﬁrmat
2246 5512 2344 5562 per
2365 5515 2441 5556 τιη
2489 5498 2718 5562 (quibus
2760 5498 2905 5550 idem
2946 5508 3213 5547 numerus
3253 5494 3546 5557 signatur),
3576 5487 3628 5538 id
3657 5488 3831 5562 estper

516 5566 718 5620 calculi
760 5564 1196 5623 correctionem,
1228 5575 1393 5626 quam
1443 5567 1572 5612 ante
1604 5577 1921 5628 posueram.
1982 5565 2146 5617 Nem-

2248 5558 2467 5632 signum
2500 5558 2700 5621 crucis
2746 5573 2802 5621 et
2830 5581 3035 5620 nomen
3069 5568 3223 5625 Jesu,
3265 5565 3530 5615 liberatus
3568 5563 3645 5632 est
3685 5558 3827 5632 Isaac,

517 5651 587 5703 pe
626 5638 859 5688 Uss'erz'us
894 5636 1005 5698 jam
1058 5637 1203 5694 ante,
1234 5624 1334 5699 pro
1359 5624 1646 5706 Iranxrv
1680 5635 1798 5698 (ubi
1845 5636 1892 5685 V
1921 5624 2590 5706 excide-Dmortemque
2636 5641 2945 5701 evacuavit,
2994 5652 3096 5691 seu
3132 5624 3362 5690 evitavit
3408 5635 3506 5685 illo
3550 5624 3827 5706 distortio.

516 5700 637 5771 rat),
711 5709 1023 5760 restituerat
1076 5706 1214 5758 1.79.
1263 5705 1414 5771 quod
1469 5720 1534 5757 ex
1567 5720 1843 5760 annorum
1891 5700 2208 5760 omnium—
2245 5712 2385 5776 Qum
2414 5700 2602 5763 omnia
2625 5717 2874 5763 nontam
2916 5711 3070 5762 Isaac
3124 5709 3328 5760 ultimo
3356 5700 3704 5776 spectant,_ln
3737 5705 3827 5776 (me

518 5780 951 5846 computatione,
999 5778 1142 5830 infra
1202 5781 1495 5844 sequente,
1540 5779 1861 5832 faciendum
1890 5784 2142 5844 constat;

517 5850 758 5921 indeque
814 5863 885 5906 ex
931 5849 1157 5919 pinace,
1205 5848 1354 5906 diem
1416 5850 1786 5917 restituerem,
1842 5855 1908 5905 ut
1967 5851 2138 5907 vides.

2243 5762 2685 5836 misericordiam
2721 5782 3085 5849 consequitur
3146 5792 3331 5842 nemo,
3385 5762 3533 5849 sed,_
3567 5762 3722 5849 Odit”,
3747 5762 3824 5849 me

2241 5856 2409 5924 typus
2434 5858 2564 5910 erat.
2604 5854 2800 5909 Jesum
2835 5843 3121 5911 Christum
3162 5863 3335 5909 tamen
3370 5845 3589 5906 Abrahae
3626 5843 3820 5897 dictum.
