4082 6194
260 303 281 356 Ι
295 302 402 355 037

257 516 491 570 unicum
537 515 714 569 ﬁlium
756 514 898 585 ejus,
941 514 1103 584 cujus
1143 515 1457 584 imaginem
1497 516 1755 586 portabat
1798 516 1891 571 ille

256 626 442 680 agnus
469 610 871 665 immaculatus
895 610 955 663 in
982 609 1221 679 zEgypto
1253 609 1488 677 occisus,
1524 614 1580 664 et
1608 610 1727 679 ipse
1756 626 1888 680 pro-

253 704 535 774 toplastus
571 703 751 757 Adam
783 706 841 756 et
868 702 1057 757 omnis
1097 703 1271 758 homo
1306 703 1543 758 credens
1574 702 1887 759 misericor-

255 796 416 851 diam
445 813 480 850 a
506 798 620 851 Deo
653 796 699 830 ‘9
730 802 813 851 est
842 799 1196 851 consecutus.

328 890 585 962 Denique
627 891 984 944 revertamur
1020 889 1093 943 ad
1125 890 1405 959 Exodum,
1438 891 1492 945 id
1523 892 1605 945 est
1633 892 1705 946 ad
1734 891 1887 946 diem

253 985 489 1040 Pascha:
525 984 798 1055 primum,
846 987 903 1038 et
947 983 1152 1039 exinde
1171 986 1218 1019 ’⁸³
1263 1000 1367 1050 per
1414 985 1673 1040 ordinem
1722 986 1887 1039 dinu-

254 1094 549 1133 meremus
594 1079 831 1132 annos“
859 1094 1039 1148 usque
1087 1078 1157 1132 ad
1213 1079 1517 1133 Christum.
1576 1080 1638 1132 In
1683 1079 1890 1150 quibus

258 1172 427 1226 annis
476 1172 832 1226 inveniemus
880 1170 1047 1225 nobis
1100 1188 1312 1242 magna
1359 1175 1417 1225 et
1479 1172 1887 1227 admiranda"5

255 1254 609 1320 sacramenta
635 1264 1034 1320 demonstrari.
1058 1265 1493 1320 Dinumerantes
1513 1267 1559 1300 εδ
1581 1267 1796 1337 itaque,
1824 1268 1891 1320 ut

255 1359 373 1414 dixi
396 1360 482 1429 ‘7,
539 1375 647 1432 per
684 1358 979 1428 ordinem,
1039 1359 1134 1413 a‘8
1181 1359 1273 1413 die
1315 1376 1429 1429 quo
1491 1359 1755 1414 exierunt
1818 1376 1887 1413 ex

251 1455 498 1524 Egypto
541 1469 720 1523 usque
770 1453 838 1507 ad
890 1452 1042 1506 diem
1092 1468 1206 1523 quo
1245 1453 1551 1524 oportebat
1588 1470 1686 1508 eos
1734 1453 1887 1507 exire

253 1546 326 1602 de
371 1563 567 1601 eremo
594 1547 663 1613 ‘9,
706 1546 841 1600 anni
877 1563 945 1600 Lx
991 1538 1306 1600 :exenntes
1351 1551 1543 1602 autem
1586 1547 1655 1601 de
1694 1563 1888 1601 eremo

248 1647 307 1697 et
330 1642 686 1696 introeuntes
732 1644 796 1694 ut
825 1639 1178 1711 possiderent
1206 1638 1302 1694 5°a
1332 1641 1444 1695 Deo
1473 1641 1519 1675 δι
1569 1641 1674 1695 sibi
1698 1657 1888 1710 repro-

251 1736 487 1790 missum
517 1735 564 1769 ⁵³
642 1738 957 1801 terram,a
1015 1734 1064 1768 ⁵³
1126 1735 1256 1787 Jesu
1317 1733 1433 1787 ﬁlio
1500 1735 1645 1789 Nave
1707 1750 1886 1805 usque

1543 299 1631 354 DE
1668 298 1925 354 PASCHA
1960 296 2332 354 COMPUTUS.

252 422 395 477 bere
418 419 460 456 ³³
487 421 558 476 ab
598 421 724 494 ipso
766 422 877 476 Deo
925 420 997 475 sit
1024 418 1069 456 ‘°
1120 419 1457 490 pradictus;
1490 425 1678 476 tamen
1708 422 1752 456 ⁴¹
1795 438 1897 493 per

3486 302 3622 357 1038

1998 422 2193 476 oculos
2245 420 2421 491 ipsius
2474 420 2799 489 interfecit;
2850 422 2911 476 ef
2959 421 3036 477 sic
3087 421 3276 494 ipsum
3331 422 3621 477 Sedeciam

1994 515 2214 569 orbavit
2241 518 2299 583 ⁸⁷,
2353 520 2410 569 et
2457 514 2710 569 vinctum
2772 532 2905 569 eum
2972 515 3029 569 in
3078 517 3442 587 Babyloniam
3488 516 3619 571 duci

1983 610 2177 680 jussit,
2212 612 2269 663 et
2309 609 2368 663 in
2416 608 2743 663 molendino
2782 609 3092 677 constituit,
3136 610 3234 664 ubi
3266 615 3322 665 et
3357 614 3619 666 mortuus

1990 707 2091 757 est.
2123 705 2192 774 Et
2235 704 2283 738 ⁸⁸
2310 708 2449 757 tunc
2487 702 2862 773 adimpletum
2893 708 2975 757 est
3006 703 3075 756 de
3103 718 3169 757 eo
3207 705 3357 774 quod
3401 704 3617 759 dictum

1991 800 2076 851 est
2103 813 2135 850 τι
2163 796 2407 852 Domino
2431 795 2592 867 89per
2642 796 2993 851 Ezechielem
3034 797 3369 867 prophetam
3405 815 3418 852 :
3451 819 3478 847 «
3510 800 3612 854 Ex-

1987 891 2226 945 tendam
2252 890 2301 925 9°
2326 891 2528 945 retiam
2563 905 2756 943 meam
2793 906 2964 959 super
3005 906 3138 943 eum
3163 887 3230 958 7‘,
3262 895 3320 944 et
3349 906 3611 961 compre-

1990 983 2277 1038 hendetur
2321 984 2380 1039 in
2416 984 2796 1049 conclusione,
2828 989 2883 1037 et
2913 982 3189 1036 adducam
3236 1000 3369 1036 eum
3408 984 3468 1037 in
3516 985 3615 1038 Ba-

1988 1077 2258 1148 bylonem
2302 1078 2361 1132 in
2386 1074 2431 1112 ⁹²
2472 1084 2623 1131 terra
2668 1077 3064 1133 Chaldaeorum
3094 1080 3151 1129 et
3193 1076 3358 1129 istam
3404 1081 3616 1132 terram

1988 1188 2102 1225 non
2132 1172 2364 1240 videbit,
2401 1175 2459 1226 et
2502 1171 2618 1226 illic
2672 1171 2971 1224 morietur.
3001 1191 3028 1220 »
3065 1168 3336 1224 Similiter
3379 1172 3436 1223 et
3469 1172 3616 1225 Iere-

1989 1264 2137 1318 mias
2170 1266 2218 1300 93
2257 1266 2543 1336 propheta
2590 1265 2661 1318 de
2702 1280 2770 1319 eo
2817 1269 2874 1317 et
2920 1263 3185 1317 universo
3240 1263 3451 1333 populo
3495 1263 3616 1333 ejus

1990 1358 2379 1430 prophetavit,
2412 1358 2608 1413 dicens
2636 1374 2648 1413 :
2688 1379 2715 1407 ‹‹
2748 1359 2872 1411 Haec
2904 1356 3039 1410 dicit
3066 1355 3253 1428 957
3303 1357 3616 1423 Dominus;

1989 1452 2079 1506 Sic
2127 1452 2347 1506 tradam
2388 1467 2584 1522 regem
2622 1450 2764 1505 Juda
2785 1450 2849 1519 9‘,
2898 1453 2953 1504 et
2994 1449 3282 1519 principes
3328 1449 3449 1519 ejus
3466 1450 3533 1519 95,
3562 1456 3618 1504 et

1989 1544 2246 1599 residuos
2313 1545 2374 1598 in
2402 1541 2447 1579 ⁹⁶
2510 1543 2848 1611 Jerusalem,
2906 1543 3003 1613 qui
3069 1540 3327 1595 derelicti
3376 1548 3507 1595 sunt
3556 1543 3617 1597 in

1985 1644 2197 1692 terram
2224 1638 2413 1707 istam,
2444 1641 2500 1692 et
2541 1654 2633 1692 eos
2662 1637 2761 1708 qui
2794 1635 3053 1690 habitant
3080 1635 3139 1689 in
3159 1641 3201 1677 97
3239 1636 3480 1705 Aigypto
3504 1652 3516 1689 :
3541 1634 3616 1705 let

1989 1732 2134 1785 dabo
2175 1749 2270 1785 eos
2310 1731 2369 1785 in
2406 1731 2820 1803 dispersionem
2852 1730 2897 1766 9⁸
2943 1729 3003 1782 in
3051 1727 3247 1783 omnia
3285 1744 3463 1798 regna
3500 1733 3613 1783 ter-

250 1829 321 1883 ad
387 1828 709 1883 Samuelem
728 1828 800 1894 5‘,
848 1827 1100 1898 judicem
1163 1829 1222 1881 et
1287 1827 1381 1882 Dei
1446 1827 1798 1883 sacerdotem
1817 1828 1885 1894 εδ,
1912 1828 1966 1898 Β
1992 1842 2089 1893 rae,
2122 1831 2177 1880 et
2202 1826 2259 1879 in
2276 1824 2669 1896 opprobrium,
2697 1829 2755 1878 et
2774 1824 2831 1877 in
2852 1822 3207 1894 parabolam,
3236 1821 3372 1875 etin
3393 1820 3613 1891 odium,

252 1921 562 1978 secundum
593 1921 753 1975 Pauli
782 1922 840 1974 Β.
867 1920 1110 1991 apostoli
1143 1936 1490 1990 sermonem,
1524 1921 1642 1992 qui,
1672 1921 1886 1991 Spiritu

252 2016 353 2071 Dei
376 2016 422 2051 ⁵⁸
489 2014 758 2082 edoctus,
827 2014 1022 2069 retulit
1086 2032 1179 2068 eos
1246 2015 1570 2085 implevisse
1600 2016 1645 2050 ⁵⁷
1708 2031 1886 2068 annos

253 2109 436 2164 (301.53.
483 2110 609 2179 Ipse
664 2112 752 2162 est
797 2109 1047 2173 Samuel,
1095 2108 1195 2179 qui
1265 2125 1334 2162 ex
1388 2112 1673 2179 praecepto
1704 2110 1750 2143 59
1792 2108 1885 2163 Dei

256 2202 415 2257 unxit
454 2201 588 2257 Saul
624 2200 682 2256 in
716 2200 896 2273 951
952 2218 1145 2272 regem
1179 2202 1275 2271 qui
1314 2202 1474 2272 prior
1523 2202 1783 2272 regnavit
1828 2201 1886 2255 in

248 2296 468 2367 populo
496 2295 543 2329 ⁶⁰
589 2295 917 2349 Judteorum
958 2296 1120 2348 annis
1153 2310 1221 2348 xL
1248 2296 1316 2349 δι.
1353 2296 1481 2349 Post
1526 2311 1698 2365 quem
1753 2310 1883 2364 reg-

248 2390 409 2445 navit
428 2390 475 2424 ⁶²
525 2389 696 2443 David
732 2388 894 2442 annis
936 2390 1068 2443 x1.63
1100 2395 1156 2443 et
1181 2404 1232 2441 v1
1262 2389 1574 2442 mensibus.
1618 2388 1885 2443 Salomon

249 2484 408 2537 ﬁlius
478 2483 602 2553 ejus
631 2484 711 2546 δι,
769 2482 932 2536 annis
988 2499 1073 2536 xL.
1138 2483 1395 2537 Roboam
1451 2482 1613 2536 annis
1678 2483 1882 2536 xvno’.

249 2578 391 2635 Abia
428 2578 590 2632 annis
634 2594 694 2631 In
719 2577 788 2630 ⁵⁸.
817 2578 927 2631 Asa
967 2576 1129 2630 annis
1165 2593 1251 2630 XLI
1278 2577 1345 2631 ⁸⁷.
1398 2577 1670 2646 Josaphat
1696 2577 1744 2609 ⁸⁸
1782 2592 1885 2629 an-

250 2672 343 2725 nis
396 2687 500 2726 xxv
532 2671 600 2724 5°.
648 2672 838 2724 Joram
888 2670 1051 2723 annis
1104 2685 1219 2724 vui.
1259 2667 1593 2724 Ochosias7°
1638 2686 1791 2722 anno
1847 2685 1885 2721 I.

253 2765 513 2820 Athalias
553 2764 714 2818 annis
749 2779 838 2817 VIII
856 2761 900 2798 τί
944 2763 1075 2835 (26).
1121 2765 1248 2817 Joas
1301 2764 1463 2817 annis
1494 2780 1560 2819 XL
1587 2763 1654 2816 72.
1713 2765 1883 2816 Ama-

250 2858 361 2913 sias
400 2858 563 2912 annis
600 2874 743 2913 xxxx.
803 2857 963 2911 Ozias
1009 2858 1173 2911 annis
1223 2874 1292 2911 LII
1334 2856 1400 2912 ⁷³.
1430 2856 1728 2911 Joathas“
1784 2871 1882 2909 an-

254 2953 345 3007 nis
395 2968 510 3007 xv}.
557 2952 738 3005 Acbas
806 2951 972 3016 annis
1025 2968 1134 3005 xw.
1196 2951 1459 3005 Ezechias
1515 2950 1682 3004 annis
1736 2966 1879 3004 xxix.

254 3048 533 3102 Manasses
580 3045 747 3100 annis
798 3061 885 3100 Lv.
938 3046 1112 3099 Amos
1166 3045 1328 3099 annis
1380 3060 1437 3099 ιι.
1491 3044 1669 3099 .Iosias
1723 3044 1886 3098 anuis

251 3143 456 3197 xxxx".
526 3140 817 3195 Joachaz"6
870 3139 1158 3192 mensibus
1235 3154 1292 3193 Ill
1317 3136 1378 3191 ⁷⁷.
1452 3137 1661 3191 Joacim
1682 3135 1726 3172 ⁷⁸
1791 3152 1886 3191 an-

1987 1924 2045 1973 et
2073 1919 2131 1973 in
2169 1918 2638 1987 exsecrationem,
2666 1917 2725 1971 in
2765 1916 2924 1971 omni
2952 1916 3072 1969 loco
3099 1912 3140 1948 ⁹⁹
3165 1930 3279 1984 quo
3312 1930 3407 1968 eos
3441 1931 3616 1985 expu-

1985 2014 2141 2081 lero;
2213 2015 2271 2065 et
2345 2011 2699 2066 immittam1
2738 2010 2797 2064 in
2867 2024 2964 2063 eos
3023 2008 3257 2075 famem,
3336 2011 3395 2061 et
3459 2023 3612 2062 mor-

1985 2111 2122 2170 tem,
2154 2110 2209 2159 ct
2261 2105 2540 2175 gladium,
2599 2105 2781 2158 donec
2836 2101 3105 2157 deﬁciant
3153 2117 3187 2154 a
3219 2106 3397 2169 ,terra
3440 2117 3616 2171 quam

1988 2198 2115 2254 dedi
2149 2198 2247 2252 eis.
2279 2221 2305 2249 »

2058 2292 2370 2346 Undecimo
2413 2291 2604 2361 itaque
2631 2289 2652 2322 ³
2677 2305 2826 2343 anno
2873 2287 3120 2343 Sedeciaz
3161 2285 3407 2359 suppleti
3438 2286 3458 2321 ³
3484 2292 3617 2342 sunt

1987 2385 2057 2439 ab
2115 2386 2305 2439 Exodo
2344 2383 2528 2437 anni‘
2574 2384 2731 2438 mille
2790 2386 2849 2436 et
2897 2399 3016 2437 sex.
3073 2384 3141 2436 Et
3181 2387 3319 2435 tunc
3370 2382 3617 2452 populus

1985 2479 2333 2545 Iudaeorum,
2368 2477 2463 2548 qui
2500 2477 2689 2546 legem
2718 2492 2834 2529 non
2863 2475 3270 2542 observaverat,
3305 2474 3407 2528 sed
3432 2474 3620 2546 potius

1986 2578 2183 2625 contra
2224 2572 2574 2625 voluntatem
2606 2569 2709 2624 Dei
2740 2569 2885 2623 ﬁlios
2914 2585 3046 2622 suos
3080 2568 3248 2622 idolis
3282 2568 3616 2622 immolave-

1986 2672 2092 2732 rat,
2118 2672 2175 2719 et
2202 2665 2322 2735 ipse
2358 2663 2610 2734 captivus
2636 2663 2827 2733 agitur
2851 2660 2903 2731 5;
2937 2664 2994 2714 et
3019 2661 3213 2714 civitas
3261 2676 3462 2715 eorum
3491 2677 3619 2732 quas

1986 2774 2295 2831 synagoga)
2323 2753 2677 2828 portaverat“
2706 2760 2925 2827 typum,
2953 2770 3220 2808 succensa
3262 2754 3333 2808 ab
3363 2754 3619 2808 adversa-

1985 2854 2085 2906 riis
2112 2848 2503 2918 eradicatur7;
2534 2853 2590 2904 et
2616 2851 2896 2919 templum
2939 2847 3080 2901 illud
3122 2846 3277 2918 quod
3307 2846 3365 2900 in
3400 2850 3615 2917 myste-

1987 2948 2073 3001 rio
2102 2945 2241 2999 Adae
2270 2946 2455 2999 fuerat
2484 2943 2846 3009 fabricatum,
2874 2946 2930 2997 et
2956 2942 3142 3012 ipsum
3169 2956 3201 2993 a
3228 2940 3621 2995 fundamentis

1986 3039 2353 3106 subvertitur,
2393 3041 2449 3092 et
2490 3038 2560 3092 ad
2598 3039 2830 3107 planum
2870 3030 3206 3105 redigitur“.
3251 3035 3319 3088 Et
3347 3034 3426 3088 sic
3453 3033 3618 3089 nobis

1987 3131 2123 3204 qui‘
2163 3132 2221 3186 in
2258 3131 2580 3186 novissimis
2625 3130 2825 3184 diebus
2855 3128 3086 3183 credere
3133 3126 3617 3199 praevidebamur,

254 3234 348 3289 nis
383 3250 459 3288 x1.
503 3235 648 3287 Item
677 3230 718 3264 ⁷³
757 3233 993 3296 Joacim,
1044 3233 1192 3286 ﬁlius
1240 3232 1384 3302 ejus,
1447 3231 1543 3302 qui
1587 3234 1643 3285 et
1692 3192 1962 3286 .lecho-C
1991 3242 2286 3298 magnum,
2341 3230 2402 3278 ut
2434 3224 2571 3293 dixi,
2625 3227 3050 3278 sacramentum
3094 3220 3617 3277 demonstrabatur.

254 3329 381 3385 nias
408 3328 456 3363 ⁸ο
499 3327 713 3382 dictum
761 3329 864 3394 est,
897 3325 1098 3381 diebus
1145 3329 1400 3381 centum.
1459 3325 1687 3379 Fiunt“
1721 3325 1779 3379 in
1823 3342 1884 3379 se

256 3422 399 3479 anni
441 3438 647 3493 regum
691 3438 760 3477 nv
784 3421 852 3473 3’.
898 3421 982 3474 Ab
1034 3420 1223 3475 Exodo
1266 3424 1461 3474 autem
1504 3434 1885 3475 nccccuxxxv

256 3516 392 3589 (27).
417 3518 482 3571 Et
513 3519 677 3587 capta
697 3519 784 3569 est
798 3514 992 3571 Iudaea
1016 3531 1048 3569 a
1092 3530 1231 3585 rege
1268 3513 1790 3568 Nabuchodonosor
1815 3513 1883 3581 ⁸³,

253 3609 375 3682 qui,
421 3609 827 3681 transmigrato
867 3608 1140 3663 Jechonia
1163 3608 1225 3662 in
1264 3607 1630 3678 Babyloniam
1656 3606 1719 3676 ⁸⁵,
1749 3623 1885 3662 con-

252 3704 442 3759 stituit
469 3704 528 3759 in
551 3703 866 3759 Jerusalem
905 3702 1196 3757 Sedeciam
1225 3700 1270 3737 θ⁸
1294 3717 1495 3773 regem
1515 3701 1680 3767 Juda,
1713 3718 1887 3772 quem

249 3804 384 3871 post
408 3794 452 3833 ⁸⁸
508 3814 562 3853 xi
617 3814 797 3853 annos
855 3796 1220 3869 expugnavit,
1278 3799 1334 3851 et
1392 3795 1538 3877 ﬁlios
1586 3794 1708 3865 ejus
1756 3798 1888 3849 ante

1986 3320 2233 3387 Etenim,
2262 3317 2309 3372 si
2332 3318 2376 3352 ¹⁰
2407 3318 2704 3371 meruerat
2742 3316 2865 3387 ipse
2907 3314 3155 3386 populus
3194 3319 3251 3368 et
3276 3313 3490 3382 jcivitas
3516 3329 3613 3368 ex-

1985 3394 2303 3481 terminari,
2332 3409 2473 3483 quid
2502 3411 2546 3445 ¹¹
2578 3409 2862 3481 templum
2886 3408 2990 3463 Dei
3005 3407 3313 3462 admiserat
3341 3406 3387 3441 ¹²
3412 3409 3474 3461 ut
3501 3406 3614 3461 hoc

1987 3505 2318 3579 pateretur?
2348 3504 2458 3559 nisi
2501 3503 2637 3575 quia
2684 3518 2819 3557 vere
2869 3503 3089 3557 constat
3131 3499 3186 3555 id
3217 3500 3264 3534 ¹³
3290 3499 3525 3567 factum,
3552 3502 3619 3555 ut

1987 3599 2102 3655 dixi
2134 3599 2194 3668 1‘,
2241 3599 2300 3654 in
2347 3596 2619 3667 mysterio
2666 3596 2788 3668 ejus
2849 3594 2947 3667 qui
3001 3594 3155 3666 prior
3203 3592 3393 3664 legem
3422 3590 3467 3627 1⁸
3517 3593 3617 3648 Dei

1985 3698 2373 3766 transgressus
2391 3697 2494 3762 est,
2526 3694 2585 3745 et
2607 3690 2717 3746 fuit
2740 3695 2907 3762 pater
2933 3688 3190 3744 omnium
3212 3689 3611 3759 peccatorum:

1988 3798 2047 3848 et
2072 3794 2200 3848 ideo
2219 3791 2260 3828 ¹⁶
2292 3809 2405 3847 non
2446 3792 2631 3847 solum
2654 3786 2697 3826 1⁷
2719 3789 2856 3846 Adae
2897 3786 3192 3859 Oportebat
3225 3783 3513 3840 subveniri
3548 3785 3611 3839 ¹⁸.

1652 3945 1864 4011 Variae
1904 3945 2240 4033 lectiones.

318 4075 359 4113 3’
439 4079 494 4130 C'.
586 4077 844 4128 Abrahae.
935 4075 976 4110 "
1063 4078 1118 4129 C.
1204 4075 1310 4125 det.
1404 4077 1444 4110 "
1531 4080 1585 4129 C.

249 4152 299 4184 ⁴⁴
362 4152 417 4201 C.
476 4148 612 4197 deest
674 4161 867 4198 annos.
965 4148 1008 4181 ‘5
1060 4149 1115 4198 lt.
1169 4146 1532 4196 admirabilia.

1679 4080 1809 4126 tam.

1906 4075 1949 4107 ⁴¹
2038 4076 2093 4127 C.
2149 4073 2292 4123 deest
2345 4087 2377 4123 a
2458 4073 2593 4123 Deo.
2684 4070 2727 4102 ⁸³
2817 4069 2874 4121 C.

1633 4146 1677 4180 ⁴⁶
1725 4148 1782 4196 C.
1834 4147 2208 4195 numerantes.

2960 4065 3175 4117 Pascha
3266 4065 3290 4116 Ι
3380 4062 3604 4117 exinde.

2308 4142 2351 4176 ιτ
2405 4143 2460 4192 R.
2514 4142 2655 4191 deest
2717 4144 2782 4190 ut
2829 4138 2959 4188 dixi.
3055 4136 3099 4170 “
3149 4139 3206 4188 Η.
3263 4137 3350 4189 de.
3450 4136 3494 4169 ⁴⁹
3547 4139 3607 4187 R.

251 4229 484 4281 heremo
533 4226 626 4277 bis.
715 4226 756 4261 5°
801 4228 856 4277 lt.
901 4230 957 4276 et
998 4226 1360 4290 possidentes.
1428 4224 1469 4258 δι
1526 4226 1579 4273 lt.
1627 4217 1917 4290 Domino._
1968 4217 2010 4248 ⁵²
2062 4214 2116 4263 C.
2156 4215 2287 4290 _sive
2341 4214 2754 4290 reprqmissam.
2797 4211 2976 4290 _51_R.
3027 4209 3097 4260 ab
3135 4209 3409 4290 ‘hominis.
3478 4209 3519 4241 5‘
3547 4210 3604 4290 It:

252 4296 508 4352 Samuel.
578 4300 617 4331 ⁵⁵
667 4299 723 4349 C.
776 4285 1020 4347 levitam:
1086 4296 1129 4329 ⁵⁵
1172 4297 1227 4345 R.
1281 4296 1523 4345 Domini.
1594 4290 1633 4325 ⁵⁷
1680 4293 1733 4339 R.
1787 4285 2065 4349 implesse.

1817 4358 1857 4389 ⁶²
1910 4359 1966 4407 C.
2011 4354 2147 4405 deest
2194 4357 2457 4418 regnavit.

250 4370 355 4434 qui
397 4381 525 4417 orsu
565 4368 817 4430 regnavit
863 4369 919 4417 in
968 4367 1255 4431 populum.
1350 4367 1392 4400 ⁸³
1441 4369 1496 4418 C.
1545 4361 1725 4414 XXX.

2134 4284 2175 4319 ⁵⁸
2225 4288 2279 4337 C.
2334 4284 2634 4336 CCCCXL.
2703 4286 2745 4315 ὐ
2790 4283 2845 4332 R.
2888 4283 3065 4345 jussu.
3132 4282 3175 4312 ³)
3226 4282 3282 4333 C.
3337 4281 3395 4329 i1:
3450 4280 3606 4341 regni

2549 4354 2591 4388 ⁸³
2639 4356 2696 4407 C.
2741 4353 2901 4403 annis
2954 4351 3143 4401 XLVI.
3190 4351 3246 4400 R.
3280 4350 3443 4399 annis
3491 4350 3607 4408 XL,

250 4419 547 4490 mensibus
592 4419 684 4486 νῖ.
751 4438 795 4469 ⁶⁴
842 4439 895 4487 R.
950 4419 1089 4486 deest
1140 4438 1290 4486 ﬁlius
1336 4438 1473 4500 ejus.
1541 4434 1583 4467 ⁸⁵
1628 4433 1685 4481 R.
1734 4427 1883 4478 XVI.
1967 4425 2010 4460 ⁸⁸
2061 4428 2354 4500 li.mAbias.
2439 4426 2480 4460 ⁸³
2626 4427 2769 4500 ,ές-,ἒς
2808 4426 3001 4500 annis~
3019 4422 3144 4500 XX;
3206 4419 3605 4500 “_Ii.ﬂJo§'afat.

251 4511 301 4547 ‘9
350 4513 405 4561 C.
450 4508 614 4558 XLV.
699 4506 743 4541 7°
791 4510 850 4560 C.
886 4507 1101 4559 Oozz'as.

252 4582 299 4618 7‘
328 4582 383 4633 C.
411 4578 696 4629 Joacham.
791 4577 833 4612 ⁷⁵
879 4579 934 4628 R.
972 4578 1124 4627 ΧΧΙ.
1215 4577 1258 4611 ⁷⁸
1294 4577 1349 4625 Β.
1394 4575 1650 4627 Joachas.

1192 4507 1233 4541 7'
1286 4496 1378 4556 W.
1416 4508 1490 4556 sic
1534 4505 1767 4553 restituo.
1812 4500 1867 4551 C.
1917 4503 1967 4549 et
2023 4500 2078 4548 R.
2128 4498 2390 4549 Godolias
2434 4499 2595 4547 annis
2642 4496 2790 4545 VIII.

1740 4569 1782 4603 ⁷⁷
1829 4572 1884 4622 C.
1930 4569 2021 4620 IV.
2103 4568 2145 4603 ’⁷⁸
2184 4571 2241 4617 R.
2280 4568 2551 4620 Joachim.

2882 4492 2922 4526 7‘
2963 4496 3016 4546 Ο.
3068 4492 3162 4542 XI.
3256 4488 3300 4524 ⁷³
3341 4493 3395 4542 C.
3438 4491 3603 4540 XLII.

2644 4566 2687 4602 79
2721 4568 2779 4616 Β.
2819 4564 2958 4613 deest
2989 4564 3139 4612 item.
3221 4560 3264 4595 ⁸ο
3308 4564 3364 4612 C.
3409 4561 3610 4611 Jecho.

253 4630 374 4704 nia.
438 4652 477 4685 θ’
513 4654 567 4701 tt.
600 4649 658 4698 bi
690 4651 821 4699 sunt
862 4650 992 4698 anni
1027 4645 1596 4704 DCCCCLXXXXV,
1626 4642 1830 4693 omissis
1870 4641 2106 4704 reliquis.
2176 4638 2219 4671 ³⁸
2269 4643 2325 4693 c.
2378 4639 2545 4693 DCV,
2584 4640 2672 4687 sed
2715 4637 2946 4686 ealcum,
3000 4632 3393 4704 postulat-DV.
3459 4630 3519 4704 si
3551 4633 3609 4704 Β,

254 4721 788 4777 Nabuchodonosor.
879 4719 922 4754 ³⁵
983 4722 1037 4773 C.
1090 4720 1414 4783 Babylonia,
1491 4717 1533 4752 ss

1594 4716 1649 4764 Β.
1702 4701 2047 4762 Sedecbiafn.
2122 4710 2164 4744 ⁸⁸
2220 4713 2257 4761 R
2326 4726 2439 4776 per.
2523 4709 2564 4743 ⁸⁷
2622 4710 2675 4758 R.
2733 4706 3062 4776 Sedechiam
3120 4701 3426 4776 inorbavit.
3479 4701 3615 4753 88Ii.

253 4772 401 4847 deest
436 4772 514 4845 et.
579 4792 622 4827 ⁸³
662 4795 719 4843 R.
770 4791 991 4843 dixerat
1036 4772 1324 4841 Dominus.
1388 4790 1431 4825 9°
1474 4791 1530 4840 R.
1578 4792 1634 4838 et
1676 4790 1787 4834 ext.
1856 4785 1896 4818 9'
1952 4786 2035 4834 Szc
2085 4787 2297 4849 uterque
2326 4772 2509 4831 eodem.
2574 4779 2617 4814 ⁹²
2675 4780 2729 4829 R.
2779 4781 2842 4849 et
2877 4778 2977 4849 ins
3015 4775 3061 4849 9f
3226 4772 3526 4849 Jeremias‘.‘
3564 4778 3617 4849 et

253 4867 401 4918 deest
442 4863 726 4927 propheta.
816 4863 859 4894 οδ
911 4863 968 4911 R.
1018 4861 1169 4912 addit
1209 4860 1562 4913 Sedechiam.

256 4940 698 5003 dissipationem.
793 4937 833 4972 π
866 4940 920 4990 C.
963 4939 1018 4989 et
1062 4938 1118 4986 in
1163 4936 1348 4987 locum
1386 4937 1501 4987 ubi.

254 5010 453 5063 Exodo
494 5014 623 5063 anni
713 5012 787 5061 VI
838 5016 901 5061 ut
941 5015 1011 5062 et.
1108 5015 1126 5044 ³
1180 5012 1235 5062 C.
1283 5010 1583 5075 Suppietaa.

254 5092 368 5140 tur.
467 5082 488 5118 ⁸
512 5086 567 5137 C.
596 5083 952 5135 subvertetur
990 5081 1059 5133 ad
1102 5083 1327 5147 planum
1374 5083 1673 5149 redigetur.

254 5153 275 5184 ³
317 5155 394 5234 ιίξ.
423 5156 497 5206 sic
522 5157 763 5204 restituo.
803 5156 1019 5220 Uterque
1066 5155 1246 5215 codex,
1280 5167 1433 5205 cum.
1535 5156 1573 5189 ’δ
1617 5158 1674 5206 R.
1715 5151 1874 5205 dixit.

254 5234 465 5275 VBDII‘B.

1653 4858 1695 4892 95
1737 4860 1792 4910 Ο.
1842 4858 1980 4906 deest
2022 4858 2161 4921 ejus.
2248 4854 2291 4889 9°
2340 4856 2394 4904 Β.
2440 4853 2579 4902 deest
2636 4851 2708 4900 in.

1596 4936 1611 4966 ¹
1659 4934 1711 4983 It.
1758 4934 1989 4983 mittam.

1675 5014 1695 5047 4
1748 5004 1804 5054 C.
1859 5005 1993 5055 deest
2045 5003 2194 5054 anni.

1767 5068 1788 5102 ⁹
1842 5072 1898 5123 C.
1942 5072 2084 5122 deest
2131 5069 2243 5135 qui.

1976 5147 2014 5178 ’⁵
2065 5144 2121 5195 C.
2165 5139 2320 5205 legis.

2801 4847 2844 4882 ’³⁷
2884 4850 2937 4899 C.
2966 4844 3281 4896 inhabitant
3316 4844 3390 4893 in.
3485 4842 3528 4876 93
3556 4846 3612 4894 η,

2079 4932 2179 4980 ³8.
2220 4928 2300 4979 XI
2345 4926 2531 4989 itaque
2574 4922 2733 4973 annis
2780 4919 3020 4982 suppleti
3070 4918 3198 4989 sunt
3247 4912 3501 4989 Ezechiae
3544 4915 3615 4989 ab

2289 5002 2306 5033 ⁵
2358 5000 2411 5050 C.
2440 4979 2677 5059 ‘agetur.
2767 4991 2787 5025 ⁶
2836 4979 2905 5040 [ἓξ
2939 4987 3215 5059 portabat.
3275 4985 3304 5059 ζ
3350 4987 3399 5033 R.
3447 4979 3619 5059 tradi.

2349 5069 2386 5098 "
2421 5067 2476 5118 Ο.
2507 5053 2621 5113 ἐὶο.
2723 5060 2760 5094 ¹¹
2812 5063 2869 5113 C.
2913 5053 3079 5123 quod.
3185 5056 3222 5087 “
3265 5053 3331 5123 C.
3355 5053 3616 5123 amiserat

2422 5134 2462 5168 ³ο
2508 5134 2566 5184 C.
2616 5130 2764 5182 odio.
2868 5120 3010 5177 ΤΒ.
3059 5126 3195 5177 solo.
3301 5122 3342 5158 ⁸⁸
3382 5122 3436 5171 C.
3491 5120 3620 5171 sub-

1532 5311 1792 5377 IIenrici
1824 5302 2133 5371 Dodwelli
2161 5304 2354 5363 notas.

327 5444 427 5511 (9.6)
478 5449 647 5499 Annis
710 5446 851 5499 VIII.
916 5449 1147 5501 Retineo
1195 5449 1433 5501 Athaliaa
1467 5450 1655 5513 (quam
1711 5444 1898 5498 Godo-

260 5519 396 5570 liam
449 5524 611 5570 vocat
658 5524 886 5584 uterque
943 5522 1140 5582 codex)
1181 5535 1356 5572 annos
1392 5524 1423 5571 8
1469 5524 1609 5579 (utut
1661 5532 1813 5569 nunc
1846 5517 1896 5577 6,

260 5604 417 5641 nunc
443 5591 492 5652 7,
534 5596 910 5643 memorentur
962 5592 1010 5642 II
1061 5592 1267 5654 Chron,
1320 5594 1401 5655 ‘22,
1442 5593 1518 5654 12,
1557 5595 1613 5642 ot
1648 5592 1727 5653 23,
1772 5592 1795 5640 1
1846 5591 1901 5637 et

260 5662 346 5723 24,
378 5665 400 5713 1
436 5667 491 5712 et
511 5663 683 5729 alibi),
733 5666 999 5728 quoniam
1048 5664 1157 5715 hoc
1204 5665 1431 5727 exigere
1480 5663 1702 5714 videtur
1730 5662 1900 5724 hujus

267 5733 542 5796 calculus,
573 5738 741 5800 atque
795 5735 889 5786 alii
941 5736 1265 5800 chronologi
1313 5735 1556 5786 saltem?
1584 5734 1897 5795 numerant,

269 5808 328 5858 et
347 5808 584 5871 uterque
603 5805 782 5858 codex
804 5807 1099 5858 consentit.

334 5876 437 5944 (27)
484 5877 561 5929 Ab
617 5878 799 5932 Exodo
855 5882 1034 5933 autem
1082 5889 1546 5934 DCCCCLxxxxv.
1608 5877 1899 5938 Numeros,

1995 5439 2202 5505 passim
2254 5434 2506 5492 vitiosos,
2540 5427 2985 5505 restituimusex
3024 5421 3082 5474 S.
3137 5418 3446 5505 Scriptura).
3477 5416 3627 5505 locis

1997 5490 2137 5577 quos
2206 5490 2527 5577 respiciunt.
2595 5505 2800 5566 Atque,
2860 5498 2976 5577 sic“
3021 5493 3318 5577 emendati,
3361 5490 3631 5577 exhibent

2000 5560 2185 5647 (quem
2214 5560 2318 5629 ille
2362 5560 2829 5647 vultinumerum
2883 5560 3628 5647 993.1.‘Iumeratishsqiliee‘t,

1996 5629 2226 5705 Baviidiis
2267 5629 2632 5706 Bmensibus,
2686 5646 2741 5693 et
2790 5638 3055 5691 Joachazi
3100 5635 3296 5689 tribus,
3339 5635 3394 5706 et
3432 5629 3634 5706 Jecho_-

1998 5698 2307 5779 nim—tribus
2348 5698 2635 5772 mensibus
2683 5726 2814 5765 cum
2854 5711 3053 5763 decem
3092 5706 3290 5779 diebus
3349 5704 3464 5767 (pro
3513 5698 3635 5765 qui<

2000 5777 2107 5851 bus
2134 5794 2294 5862 ponit
2319 5791 2415 5843 hic
2432 5788 2524 5842 100
2555 5785 2689 5849 dies)
2716 5795 2815 5852 pro
2848 5793 2964 5832 uno
2985 5790 3131 5830 anno
3157 5777 3383 5839 integro.
