  <div class='ocr_page' id='page_1' title='image "/cluster/home/n/w/nwhite01/storage/ocr_20150623/4/hvd.32044073549446/523.png"; bbox 0 0 4082 6194; ppageno 0'>
   <div class='ocr_carea' id='block_1_1' title="bbox 0 27 391 5884">
    <p class='ocr_par' dir='ltr' id='par_1_1' title="bbox 13 2883 108 3764">
     <span class='ocr_line' id='line_1_1' title="bbox 15 2883 104 2946; baseline 0.022 -16"><span class='ocrx_word' id='word_1_1' title='bbox 15 2883 104 2946; x_wconf 40' lang='grc' dir='ltr'>’,τέ</span> 
     </span>
     <span class='ocr_line' id='line_1_2' title="bbox 53 2949 100 2978; baseline 0 -6"><span class='ocrx_word' id='word_1_2' title='bbox 53 2949 100 2978; x_wconf 67' lang='grc' dir='ltr'>..Β</span> 
     </span>
     <span class='ocr_line' id='line_1_3' title="bbox 13 2981 104 3026; baseline 0 0"><span class='ocrx_word' id='word_1_3' title='bbox 13 2981 104 3026; x_wconf 78' lang='grc' dir='ltr'>,ιι</span> 
     </span>
     <span class='ocr_line' id='line_1_4' title="bbox 19 3029 106 3068; baseline 0 -12"><span class='ocrx_word' id='word_1_4' title='bbox 19 3037 32 3056; x_wconf 81' lang='grc'>.·</span> <span class='ocrx_word' id='word_1_5' title='bbox 63 3029 106 3068; x_wconf 64' lang='lat'>:0,</span> 
     </span>
     <span class='ocr_line' id='line_1_5' title="bbox 33 3147 108 3192; baseline 0 0"><span class='ocrx_word' id='word_1_6' title='bbox 33 3151 38 3154; x_wconf 86' lang='grc'><em>’</em></span> <span class='ocrx_word' id='word_1_7' title='bbox 93 3147 108 3192; x_wconf 68' lang='grc' dir='ltr'><strong><em>ὲ</em></strong></span> 
     </span>
     <span class='ocr_line' id='line_1_6' title="bbox 13 3223 108 3292; baseline -0.042 0"><span class='ocrx_word' id='word_1_8' title='bbox 13 3223 108 3292; x_wconf 60' lang='lat'>377%</span> 
     </span>
     <span class='ocr_line' id='line_1_7' title="bbox 15 3291 108 3354; baseline 0.022 -10"><span class='ocrx_word' id='word_1_9' title='bbox 15 3291 108 3354; x_wconf 67' lang='grc' dir='ltr'>ἰἒιὲ</span> 
     </span>
     <span class='ocr_line' id='line_1_8' title="bbox 13 3373 106 3416; baseline -0.022 -8"><span class='ocrx_word' id='word_1_10' title='bbox 13 3373 106 3416; x_wconf 45' lang='grc' dir='ltr'>..Ι-’ἰ</span> 
     </span>
     <span class='ocr_line' id='line_1_9' title="bbox 15 3421 80 3478; baseline -0.123 0"><span class='ocrx_word' id='word_1_11' title='bbox 15 3421 24 3478; x_wconf 83' lang='lat' dir='ltr'>i</span> <span class='ocrx_word' id='word_1_12' title='bbox 75 3457 80 3470; x_wconf 94' lang='lat'>.</span> 
     </span>
     <span class='ocr_line' id='line_1_10' title="bbox 73 3483 78 3496; baseline -0.2 1"><span class='ocrx_word' id='word_1_13' title='bbox 73 3483 78 3496; x_wconf 71' lang='grc' dir='ltr'>ι</span> 
     </span>
     <span class='ocr_line' id='line_1_11' title="bbox 13 3579 104 3628; baseline 0 0"><span class='ocrx_word' id='word_1_14' title='bbox 13 3579 104 3628; x_wconf 51' lang='grc' dir='ltr'>τη·</span> 
     </span>
     <span class='ocr_line' id='line_1_12' title="bbox 15 3637 80 3700; baseline 0 0"><span class='ocrx_word' id='word_1_15' title='bbox 15 3637 80 3700; x_wconf 73' lang='grc' dir='ltr'>ἱ--ὲ</span> 
     </span>
     <span class='ocr_line' id='line_1_13' title="bbox 49 3715 108 3740; baseline 0 -20"><span class='ocrx_word' id='word_1_16' title='bbox 49 3715 108 3740; x_wconf 42' lang='lat' dir='ltr'>ll.</span> 
     </span>
     <span class='ocr_line' id='line_1_14' title="bbox 73 3751 80 3764; baseline 0 0"><span class='ocrx_word' id='word_1_17' title='bbox 73 3751 80 3764; x_wconf 84' lang='grc'>.</span> 
     </span>
    </p>

    <p class='ocr_par' dir='ltr' id='par_1_2' title="bbox 11 3773 118 4844">
     <span class='ocr_line' id='line_1_15' title="bbox 19 3773 110 3824; baseline 0 0"><span class='ocrx_word' id='word_1_18' title='bbox 19 3801 24 3812; x_wconf 82' lang='grc' dir='ltr'>ι</span> <span class='ocrx_word' id='word_1_19' title='bbox 69 3773 110 3824; x_wconf 64' lang='grc' dir='ltr'>’ἲ</span> 
     </span>
     <span class='ocr_line' id='line_1_16' title="bbox 77 3825 108 3844; baseline 0 0"><span class='ocrx_word' id='word_1_20' title='bbox 77 3825 108 3844; x_wconf 85' lang='grc' dir='ltr'>Ι.</span> 
     </span>
     <span class='ocr_line' id='line_1_17' title="bbox 37 3879 110 3946; baseline 0 0"><span class='ocrx_word' id='word_1_21' title='bbox 37 3879 110 3946; x_wconf 56' lang='grc' dir='ltr'>ἐξ</span> 
     </span>
     <span class='ocr_line' id='line_1_18' title="bbox 77 3957 110 3988; baseline 0 0"><span class='ocrx_word' id='word_1_22' title='bbox 77 3957 110 3988; x_wconf 65' lang='lat'>&quot;.</span> 
     </span>
     <span class='ocr_line' id='line_1_19' title="bbox 21 4043 112 4094; baseline 0.022 -6"><span class='ocrx_word' id='word_1_23' title='bbox 21 4043 112 4094; x_wconf 53' lang='grc' dir='ltr'>’.ις’</span> 
     </span>
     <span class='ocr_line' id='line_1_20' title="bbox 37 4099 112 4144; baseline 0 -28"><span class='ocrx_word' id='word_1_24' title='bbox 37 4099 112 4144; x_wconf 49' lang='grc' dir='ltr'>θ’·εὶὲ</span> 
     </span>
     <span class='ocr_line' id='line_1_21' title="bbox 19 4289 114 4362; baseline 0 -26"><span class='ocrx_word' id='word_1_25' title='bbox 19 4289 114 4362; x_wconf 41' lang='grc' dir='ltr'>[ἐξ</span> 
     </span>
     <span class='ocr_line' id='line_1_22' title="bbox 55 4367 114 4408; baseline 0 0"><span class='ocrx_word' id='word_1_26' title='bbox 55 4367 114 4408; x_wconf 71' lang='lat' dir='ltr'>il</span> 
     </span>
     <span class='ocr_line' id='line_1_23' title="bbox 23 4421 114 4466; baseline 0 -5"><span class='ocrx_word' id='word_1_27' title='bbox 23 4421 114 4466; x_wconf 62' lang='lat' dir='ltr'>,ItH</span> 
     </span>
     <span class='ocr_line' id='line_1_24' title="bbox 23 4461 116 4494; baseline 0 0"><span class='ocrx_word' id='word_1_28' title='bbox 23 4461 116 4494; x_wconf 56' lang='lat'>.-&#39;-&#39;-—4.</span> 
     </span>
     <span class='ocr_line' id='line_1_25' title="bbox 57 4613 116 4664; baseline 0 0"><span class='ocrx_word' id='word_1_29' title='bbox 57 4613 116 4664; x_wconf 71' lang='lat'>&quot;1</span> 
     </span>
     <span class='ocr_line' id='line_1_26' title="bbox 11 4675 116 4740; baseline 0.019 -2"><span class='ocrx_word' id='word_1_30' title='bbox 79 4675 116 4740; x_wconf 67' lang='grc' dir='ltr'>ιε</span> 
     </span>
     <span class='ocr_line' id='line_1_27' title="bbox 81 4801 118 4844; baseline 0 0"><span class='ocrx_word' id='word_1_31' title='bbox 81 4801 118 4844; x_wconf 56' lang='grc' dir='ltr'>ιθ</span> 
     </span>
    </p>

    <p class='ocr_par' dir='ltr' id='par_1_3' title="bbox 27 5043 120 5168">
     <span class='ocr_line' id='line_1_28' title="bbox 27 5043 88 5088; baseline 0 0"><span class='ocrx_word' id='word_1_32' title='bbox 27 5043 30 5048; x_wconf 55' lang='grc' dir='ltr'><strong>Ι</strong></span> <span class='ocrx_word' id='word_1_33' title='bbox 85 5071 88 5088; x_wconf 99' lang='grc' dir='ltr'><strong>Ι</strong></span> 
     </span>
     <span class='ocr_line' id='line_1_29' title="bbox 113 5145 120 5168; baseline 0 0"><span class='ocrx_word' id='word_1_34' title='bbox 113 5145 120 5168; x_wconf 70' lang='grc'><strong>1</strong></span> 
     </span>
    </p>

    <p class='ocr_par' dir='ltr' id='par_1_4' title="bbox 13 5293 126 5706">
     <span class='ocr_line' id='line_1_30' title="bbox 109 5293 114 5356; baseline 0 0"><span class='ocrx_word' id='word_1_35' title='bbox 109 5293 114 5356; x_wconf 76' lang='grc' dir='ltr'><em>ἓ</em></span> 
     </span>
     <span class='ocr_line' id='line_1_31' title="bbox 63 5392 125 5428; baseline -0.032 0"><span class='ocrx_word' id='word_1_36' title='bbox 63 5392 125 5428; x_wconf 85' lang='lat' dir='ltr'>-l</span> 
     </span>
     <span class='ocr_line' id='line_1_32' title="bbox 19 5447 120 5476; baseline 0 0"><span class='ocrx_word' id='word_1_37' title='bbox 19 5469 24 5472; x_wconf 97' lang='lat'><em>-</em></span> <span class='ocrx_word' id='word_1_38' title='bbox 89 5447 120 5476; x_wconf 57' lang='lat' dir='ltr'>l&#39;.</span> 
     </span>
     <span class='ocr_line' id='line_1_33' title="bbox 65 5469 114 5564; baseline 0 -12"><span class='ocrx_word' id='word_1_39' title='bbox 65 5469 114 5564; x_wconf 56' lang='grc' dir='ltr'>Α,</span> 
     </span>
     <span class='ocr_line' id='line_1_34' title="bbox 17 5567 126 5610; baseline 0 0"><span class='ocrx_word' id='word_1_40' title='bbox 17 5567 126 5610; x_wconf 66' lang='lat' dir='ltr'>&quot;&quot;&#39;;&#39;i</span> 
     </span>
     <span class='ocr_line' id='line_1_35' title="bbox 13 5617 126 5654; baseline 0.018 -4"><span class='ocrx_word' id='word_1_41' title='bbox 13 5617 28 5636; x_wconf 57' lang='lat'><strong>‘</strong></span> <span class='ocrx_word' id='word_1_42' title='bbox 91 5629 126 5654; x_wconf 73' lang='lat'>1.1</span> 
     </span>
     <span class='ocr_line' id='line_1_36' title="bbox 13 5669 124 5706; baseline 0.018 -10"><span class='ocrx_word' id='word_1_43' title='bbox 13 5669 58 5698; x_wconf 53' lang='lat' dir='ltr'>si!</span> <span class='ocrx_word' id='word_1_44' title='bbox 91 5669 124 5706; x_wconf 49' lang='grc' dir='ltr'>μ’</span> 
     </span>
    </p>

    <p class='ocr_par' dir='ltr' id='par_1_5' title="bbox 140 5770 361 5865">
     <span class='ocr_line' id='line_1_37' title="bbox 140 5770 361 5865; baseline 0 -74"><span class='ocrx_word' id='word_1_45' title='bbox 140 5770 361 5865; x_wconf 48' lang='grc' dir='ltr'>Ἤ</span> 
     </span>
    </p>
   </div>
   <div class='ocr_carea' id='block_1_2' title="bbox 567 263 702 319">
    <p class='ocr_par' dir='ltr' id='par_1_6' title="bbox 567 263 702 319">
     <span class='ocr_line' id='line_1_38' title="bbox 567 263 702 319; baseline -0.015 0"><span class='ocrx_word' id='word_1_46' title='bbox 567 263 702 319; x_wconf 77' lang='grc'>1039</span> 
     </span>
    </p>
   </div>
   <div class='ocr_carea' id='block_1_3' title="bbox 1132 251 3305 317">
    <p class='ocr_par' dir='ltr' id='par_1_7' title="bbox 1132 251 3305 317">
     <span class='ocr_line' id='line_1_39' title="bbox 1132 251 3305 317; baseline -0.002 -1"><span class='ocrx_word' id='word_1_47' title='bbox 1132 259 1221 317; x_wconf 86' lang='lat' dir='ltr'>AD</span> <span class='ocrx_word' id='word_1_48' title='bbox 1260 260 1483 316; x_wconf 84' lang='lat' dir='ltr'>OPERA</span> <span class='ocrx_word' id='word_1_49' title='bbox 1521 256 1574 314; x_wconf 91' lang='lat' dir='ltr'>S.</span> <span class='ocrx_word' id='word_1_50' title='bbox 1615 256 1929 315; x_wconf 81' lang='lat' dir='ltr'><strong>CYPBIANI</strong></span> <span class='ocrx_word' id='word_1_51' title='bbox 1966 256 2264 317; x_wconf 81' lang='lat' dir='ltr'>GENUINA</span> <span class='ocrx_word' id='word_1_52' title='bbox 2302 256 2587 315; x_wconf 82' lang='lat' dir='ltr'>APPEND.</span> <span class='ocrx_word' id='word_1_53' title='bbox 2625 259 2695 315; x_wconf 92' lang='lat' dir='ltr'><strong>II.</strong></span> <span class='ocrx_word' id='word_1_54' title='bbox 2728 289 2796 298; x_wconf 92' lang='lat'><strong>—</strong></span> <span class='ocrx_word' id='word_1_55' title='bbox 2831 251 3305 314; x_wconf 70' lang='lat' dir='ltr'><strong>SUPPOSITITIA.</strong></span> 
     </span>
    </p>
   </div>
   <div class='ocr_carea' id='block_1_4' title="bbox 3754 260 3877 314">
    <p class='ocr_par' dir='ltr' id='par_1_8' title="bbox 3754 260 3877 314">
     <span class='ocr_line' id='line_1_40' title="bbox 3754 260 3877 314; baseline 0.016 -2"><span class='ocrx_word' id='word_1_56' title='bbox 3754 260 3877 314; x_wconf 68' lang='grc'>1040</span> 
     </span>
    </p>
   </div>
   <div class='ocr_carea' id='block_1_5' title="bbox 564 373 3887 462">
    <p class='ocr_par' dir='ltr' id='par_1_9' title="bbox 564 373 3887 462">
     <span class='ocr_line' id='line_1_41' title="bbox 564 373 3887 462; baseline -0.002 -24"><span class='ocrx_word' id='word_1_57' title='bbox 564 382 670 438; x_wconf 88' lang='lat' dir='ltr'>sed</span> <span class='ocrx_word' id='word_1_58' title='bbox 696 386 752 437; x_wconf 88' lang='lat' dir='ltr'>et</span> <span class='ocrx_word' id='word_1_59' title='bbox 778 381 1045 437; x_wconf 90' lang='lat' dir='ltr'>omnibus</span> <span class='ocrx_word' id='word_1_60' title='bbox 1067 380 1458 451; x_wconf 73' lang='lat' dir='ltr'>peccatoribus</span> <span class='ocrx_word' id='word_1_61' title='bbox 1486 378 1582 449; x_wconf 86' lang='lat' dir='ltr'>qui</span> <span class='ocrx_word' id='word_1_62' title='bbox 1600 377 1699 432; x_wconf 92' lang='lat' dir='ltr'>ﬁlii</span> <span class='ocrx_word' id='word_1_63' title='bbox 1724 376 1860 431; x_wconf 95' lang='lat' dir='ltr'>ﬁdei</span> <span class='ocrx_word' id='word_1_64' title='bbox 1884 375 1929 411; x_wconf 67' lang='lat'>1&quot;</span> <span class='ocrx_word' id='word_1_65' title='bbox 1947 376 2192 431; x_wconf 61' lang='lat' dir='ltr'>Abrahae</span> <span class='ocrx_word' id='word_1_66' title='bbox 2217 389 2273 462; x_wconf 76' lang='grc' dir='ltr'><strong>Α</strong></span> <span class='ocrx_word' id='word_1_67' title='bbox 2296 375 2580 447; x_wconf 80' lang='lat' dir='ltr'>intelliges</span> <span class='ocrx_word' id='word_1_68' title='bbox 2607 375 2677 430; x_wconf 91' lang='lat' dir='ltr'>ab</span> <span class='ocrx_word' id='word_1_69' title='bbox 2725 379 2878 430; x_wconf 77' lang='lat' dir='ltr'>emtu</span> <span class='ocrx_word' id='word_1_70' title='bbox 2922 374 3228 440; x_wconf 85' lang='lat' dir='ltr'>sermonis,</span> <span class='ocrx_word' id='word_1_71' title='bbox 3262 378 3323 428; x_wconf 89' lang='lat' dir='ltr'>ut</span> <span class='ocrx_word' id='word_1_72' title='bbox 3368 373 3756 443; x_wconf 78' lang='lat' dir='ltr'>respondeatur</span> <span class='ocrx_word' id='word_1_73' title='bbox 3775 379 3813 413; x_wconf 71' lang='grc'>⁸³</span> <span class='ocrx_word' id='word_1_74' title='bbox 3837 381 3887 430; x_wconf 90' lang='lat' dir='ltr'>et</span> 
     </span>
    </p>
   </div>
   <div class='ocr_carea' id='block_1_6' title="bbox 561 470 2194 547">
    <p class='ocr_par' dir='ltr' id='par_1_10' title="bbox 561 470 2194 547">
     <span class='ocr_line' id='line_1_42' title="bbox 561 470 2194 547; baseline -0.006 -16"><span class='ocrx_word' id='word_1_75' title='bbox 561 476 739 531; x_wconf 89' lang='lat' dir='ltr'>futuri</span> <span class='ocrx_word' id='word_1_76' title='bbox 795 474 1279 547; x_wconf 66' lang='lat' dir='ltr'>praevidebantur,</span> <span class='ocrx_word' id='word_1_77' title='bbox 1330 473 1535 528; x_wconf 89' lang='lat' dir='ltr'>merito</span> <span class='ocrx_word' id='word_1_78' title='bbox 1590 475 1647 526; x_wconf 89' lang='lat' dir='ltr'>et</span> <span class='ocrx_word' id='word_1_79' title='bbox 1699 470 1803 543; x_wconf 84' lang='lat' dir='ltr'>ipsi</span> <span class='ocrx_word' id='word_1_80' title='bbox 1857 470 2087 541; x_wconf 65' lang='lat' dir='ltr'>{civitati</span> <span class='ocrx_word' id='word_1_81' title='bbox 2137 472 2194 523; x_wconf 90' lang='lat' dir='ltr'>et</span> 
     </span>
    </p>
   </div>
   <div class='ocr_carea' id='block_1_7' title="bbox 564 563 2193 640">
    <p class='ocr_par' dir='ltr' id='par_1_11' title="bbox 564 563 2193 640">
     <span class='ocr_line' id='line_1_43' title="bbox 564 563 2193 640; baseline -0.004 -17"><span class='ocrx_word' id='word_1_82' title='bbox 564 570 777 640; x_wconf 84' lang='lat' dir='ltr'>templo</span> <span class='ocrx_word' id='word_1_83' title='bbox 805 568 1140 639; x_wconf 86' lang='lat' dir='ltr'>priusquam</span> <span class='ocrx_word' id='word_1_84' title='bbox 1191 567 1617 621; x_wconf 73' lang='lat' dir='ltr'>subverteretur</span> <span class='ocrx_word' id='word_1_85' title='bbox 1639 563 1703 632; x_wconf 57' lang='grc' dir='ltr'>πθ,</span> <span class='ocrx_word' id='word_1_86' title='bbox 1732 569 1858 636; x_wconf 81' lang='lat' dir='ltr'>post</span> <span class='ocrx_word' id='word_1_87' title='bbox 1883 581 2064 618; x_wconf 90' lang='lat' dir='ltr'>annos</span> <span class='ocrx_word' id='word_1_88' title='bbox 2093 579 2193 618; x_wconf 77' lang='lat' dir='ltr'>Lxx</span> 
     </span>
    </p>
   </div>
   <div class='ocr_carea' id='block_1_8' title="bbox 564 658 2191 732">
    <p class='ocr_par' dir='ltr' id='par_1_12' title="bbox 564 658 2191 732">
     <span class='ocr_line' id='line_1_44' title="bbox 564 658 2191 732; baseline -0.003 -15"><span class='ocrx_word' id='word_1_89' title='bbox 564 663 849 729; x_wconf 89' lang='lat' dir='ltr'>restituto,</span> <span class='ocrx_word' id='word_1_90' title='bbox 905 661 1432 732; x_wconf 87' lang='lat' dir='ltr'>repromittcbatur.</span> <span class='ocrx_word' id='word_1_91' title='bbox 1475 663 1542 716; x_wconf 87' lang='lat' dir='ltr'>Et</span> <span class='ocrx_word' id='word_1_92' title='bbox 1587 660 1696 714; x_wconf 92' lang='lat' dir='ltr'>hoc</span> <span class='ocrx_word' id='word_1_93' title='bbox 1732 664 1853 713; x_wconf 85' lang='lat' dir='ltr'>erat</span> <span class='ocrx_word' id='word_1_94' title='bbox 1895 658 2047 730; x_wconf 90' lang='lat' dir='ltr'>quod</span> <span class='ocrx_word' id='word_1_95' title='bbox 2069 658 2191 729; x_wconf 90' lang='lat' dir='ltr'>jam</span> 
     </span>
    </p>
   </div>
   <div class='ocr_carea' id='block_1_9' title="bbox 564 750 2192 824">
    <p class='ocr_par' dir='ltr' id='par_1_13' title="bbox 564 750 2192 824">
     <span class='ocr_line' id='line_1_45' title="bbox 564 750 2192 824; baseline -0.005 -12"><span class='ocrx_word' id='word_1_96' title='bbox 564 756 765 812; x_wconf 72' lang='lat' dir='ltr'>tunc&quot;</span> <span class='ocrx_word' id='word_1_97' title='bbox 801 755 870 809; x_wconf 88' lang='lat' dir='ltr'>ab</span> <span class='ocrx_word' id='word_1_98' title='bbox 911 755 1074 809; x_wconf 92' lang='lat' dir='ltr'>initio</span> <span class='ocrx_word' id='word_1_99' title='bbox 1115 755 1305 809; x_wconf 85' lang='lat' dir='ltr'>saeculi</span> <span class='ocrx_word' id='word_1_100' title='bbox 1358 754 1416 808; x_wconf 92' lang='lat' dir='ltr'>in</span> <span class='ocrx_word' id='word_1_101' title='bbox 1462 753 1749 809; x_wconf 77' lang='lat' dir='ltr'>Abraham</span> <span class='ocrx_word' id='word_1_102' title='bbox 1795 756 2019 824; x_wconf 88' lang='lat' dir='ltr'>patrem</span> <span class='ocrx_word' id='word_1_103' title='bbox 2060 750 2192 805; x_wconf 88' lang='lat' dir='ltr'>ﬁdei</span> 
     </span>
    </p>
   </div>
   <div class='ocr_carea' id='block_1_10' title="bbox 570 845 2195 919">
    <p class='ocr_par' dir='ltr' id='par_1_14' title="bbox 570 845 2195 919">
     <span class='ocr_line' id='line_1_46' title="bbox 570 845 2195 919; baseline -0.004 -14"><span class='ocrx_word' id='word_1_104' title='bbox 570 849 1075 905; x_wconf 88' lang='lat' dir='ltr'>demonstrabatur</span> <span class='ocrx_word' id='word_1_105' title='bbox 1108 866 1120 903; x_wconf 90' lang='lat'><strong>:</strong></span> <span class='ocrx_word' id='word_1_106' title='bbox 1157 850 1255 919; x_wconf 86' lang='lat' dir='ltr'>qui</span> <span class='ocrx_word' id='word_1_107' title='bbox 1293 865 1422 902; x_wconf 89' lang='lat' dir='ltr'>cum</span> <span class='ocrx_word' id='word_1_108' title='bbox 1468 848 1780 918; x_wconf 85' lang='lat' dir='ltr'>supplesset</span> <span class='ocrx_word' id='word_1_109' title='bbox 1813 863 1845 900; x_wconf 92' lang='lat' dir='ltr'>a</span> <span class='ocrx_word' id='word_1_110' title='bbox 1880 847 1977 901; x_wconf 86' lang='lat' dir='ltr'>die</span> <span class='ocrx_word' id='word_1_111' title='bbox 2000 845 2195 899; x_wconf 86' lang='lat' dir='ltr'>nativi-</span> 
     </span>
    </p>
   </div>
   <div class='ocr_carea' id='block_1_11' title="bbox 567 940 2191 1011">
    <p class='ocr_par' dir='ltr' id='par_1_15' title="bbox 567 940 2191 1011">
     <span class='ocr_line' id='line_1_47' title="bbox 567 940 2191 1011; baseline -0.003 -13"><span class='ocrx_word' id='word_1_112' title='bbox 567 944 700 998; x_wconf 89' lang='lat' dir='ltr'>tatis</span> <span class='ocrx_word' id='word_1_113' title='bbox 728 959 845 997; x_wconf 57' lang='lat' dir='ltr'>suae.</span> <span class='ocrx_word' id='word_1_114' title='bbox 889 958 1069 996; x_wconf 90' lang='lat' dir='ltr'>annos</span> <span class='ocrx_word' id='word_1_115' title='bbox 1114 958 1235 1009; x_wconf 73' lang='lat' dir='ltr'>LXX,</span> <span class='ocrx_word' id='word_1_116' title='bbox 1266 959 1378 995; x_wconf 87' lang='lat' dir='ltr'>non</span> <span class='ocrx_word' id='word_1_117' title='bbox 1404 942 1587 1011; x_wconf 90' lang='lat' dir='ltr'>potuit</span> <span class='ocrx_word' id='word_1_118' title='bbox 1619 940 1689 995; x_wconf 91' lang='lat' dir='ltr'>de</span> <span class='ocrx_word' id='word_1_119' title='bbox 1720 944 1866 995; x_wconf 80' lang='lat' dir='ltr'>terra</span> <span class='ocrx_word' id='word_1_120' title='bbox 1886 956 1986 993; x_wconf 90' lang='lat' dir='ltr'>sua</span> <span class='ocrx_word' id='word_1_121' title='bbox 2020 940 2191 1002; x_wconf 82' lang='lat' dir='ltr'>exire,</span> 
     </span>
    </p>
   </div>
   <div class='ocr_carea' id='block_1_12' title="bbox 571 1034 2195 1106">
    <p class='ocr_par' dir='ltr' id='par_1_16' title="bbox 571 1034 2195 1106">
     <span class='ocr_line' id='line_1_48' title="bbox 571 1034 2195 1106; baseline -0.003 -15"><span class='ocrx_word' id='word_1_122' title='bbox 571 1037 685 1092; x_wconf 88' lang='lat' dir='ltr'>nisi</span> <span class='ocrx_word' id='word_1_123' title='bbox 736 1037 795 1089; x_wconf 89' lang='lat' dir='ltr'>in</span> <span class='ocrx_word' id='word_1_124' title='bbox 843 1035 1007 1106; x_wconf 88' lang='lat' dir='ltr'>signo</span> <span class='ocrx_word' id='word_1_125' title='bbox 1030 1036 1077 1069; x_wconf 69' lang='grc'>2³</span> <span class='ocrx_word' id='word_1_126' title='bbox 1125 1034 1698 1105; x_wconf 87' lang='lat' dir='ltr'>Pentateucbi,cujus</span> <span class='ocrx_word' id='word_1_127' title='bbox 1745 1034 2001 1089; x_wconf 88' lang='lat' dir='ltr'>universa</span> <span class='ocrx_word' id='word_1_128' title='bbox 2039 1050 2195 1087; x_wconf 86' lang='lat' dir='ltr'>man-</span> 
     </span>
    </p>
   </div>
   <div class='ocr_carea' id='block_1_13' title="bbox 571 1124 2194 1200">
    <p class='ocr_par' dir='ltr' id='par_1_17' title="bbox 571 1124 2194 1200">
     <span class='ocr_line' id='line_1_49' title="bbox 571 1124 2194 1200; baseline -0.003 -16"><span class='ocrx_word' id='word_1_129' title='bbox 571 1130 703 1184; x_wconf 89' lang='lat' dir='ltr'>data</span> <span class='ocrx_word' id='word_1_130' title='bbox 740 1131 983 1200; x_wconf 87' lang='lat' dir='ltr'>populus</span> <span class='ocrx_word' id='word_1_131' title='bbox 1019 1128 1187 1181; x_wconf 88' lang='lat' dir='ltr'>lsrael</span> <span class='ocrx_word' id='word_1_132' title='bbox 1230 1146 1343 1182; x_wconf 89' lang='lat' dir='ltr'>non</span> <span class='ocrx_word' id='word_1_133' title='bbox 1384 1134 1503 1181; x_wconf 89' lang='lat' dir='ltr'>erat</span> <span class='ocrx_word' id='word_1_134' title='bbox 1548 1128 1965 1194; x_wconf 86' lang='lat' dir='ltr'>observaturus,</span> <span class='ocrx_word' id='word_1_135' title='bbox 1999 1124 2194 1198; x_wconf 82' lang='lat'>958</span> 
     </span>
    </p>
   </div>
   <div class='ocr_carea' id='block_1_14' title="bbox 570 1221 2191 1293">
    <p class='ocr_par' dir='ltr' id='par_1_18' title="bbox 570 1221 2191 1293">
     <span class='ocr_line' id='line_1_50' title="bbox 570 1221 2191 1293; baseline -0.002 -16"><span class='ocrx_word' id='word_1_136' title='bbox 570 1223 954 1293; x_wconf 85' lang='lat' dir='ltr'>adjicerentur</span> <span class='ocrx_word' id='word_1_137' title='bbox 979 1227 1033 1276; x_wconf 90' lang='lat' dir='ltr'>et</span> <span class='ocrx_word' id='word_1_138' title='bbox 1059 1221 1194 1275; x_wconf 90' lang='lat' dir='ltr'>anni</span> <span class='ocrx_word' id='word_1_139' title='bbox 1218 1238 1268 1288; x_wconf 74' lang='grc' dir='ltr'>ν,</span> <span class='ocrx_word' id='word_1_140' title='bbox 1290 1226 1344 1274; x_wconf 90' lang='lat' dir='ltr'>et</span> <span class='ocrx_word' id='word_1_141' title='bbox 1372 1222 1447 1275; x_wconf 90' lang='lat' dir='ltr'>sic</span> <span class='ocrx_word' id='word_1_142' title='bbox 1470 1222 1705 1275; x_wconf 87' lang='lat' dir='ltr'>credens</span> <span class='ocrx_word' id='word_1_143' title='bbox 1735 1222 1867 1283; x_wconf 83' lang='lat' dir='ltr'>Deo,</span> <span class='ocrx_word' id='word_1_144' title='bbox 1902 1228 2191 1292; x_wconf 84' lang='lat' dir='ltr'>reputare-</span> 
     </span>
    </p>
   </div>
   <div class='ocr_carea' id='block_1_15' title="bbox 570 1312 2195 1386">
    <p class='ocr_par' dir='ltr' id='par_1_19' title="bbox 570 1312 2195 1386">
     <span class='ocr_line' id='line_1_51' title="bbox 570 1312 2195 1386; baseline -0.002 -15"><span class='ocrx_word' id='word_1_145' title='bbox 570 1321 663 1371; x_wconf 83' lang='lat' dir='ltr'>tur</span> <span class='ocrx_word' id='word_1_146' title='bbox 689 1321 742 1371; x_wconf 88' lang='lat' dir='ltr'>et</span> <span class='ocrx_word' id='word_1_147' title='bbox 791 1317 859 1370; x_wconf 90' lang='lat' dir='ltr'>ad</span> <span class='ocrx_word' id='word_1_148' title='bbox 900 1315 1177 1386; x_wconf 83' lang='lat' dir='ltr'>justitiam</span> <span class='ocrx_word' id='word_1_149' title='bbox 1207 1312 1269 1367; x_wconf 80' lang='grc'>²³.</span> <span class='ocrx_word' id='word_1_150' title='bbox 1299 1314 1397 1368; x_wconf 90' lang='lat' dir='ltr'>Ilic</span> <span class='ocrx_word' id='word_1_151' title='bbox 1439 1318 1524 1369; x_wconf 90' lang='lat' dir='ltr'>est</span> <span class='ocrx_word' id='word_1_152' title='bbox 1571 1314 1763 1385; x_wconf 85' lang='lat' dir='ltr'>itaque</span> <span class='ocrx_word' id='word_1_153' title='bbox 1806 1314 2090 1368; x_wconf 84' lang='lat' dir='ltr'>Abraham</span> <span class='ocrx_word' id='word_1_154' title='bbox 2128 1314 2195 1368; x_wconf 90' lang='lat' dir='ltr'>de</span> 
     </span>
    </p>
   </div>
   <div class='ocr_carea' id='block_1_16' title="bbox 574 1406 2193 1481">
    <p class='ocr_par' dir='ltr' id='par_1_20' title="bbox 574 1406 2193 1481">
     <span class='ocr_line' id='line_1_52' title="bbox 574 1406 2193 1481; baseline -0.002 -18"><span class='ocrx_word' id='word_1_155' title='bbox 574 1426 687 1481; x_wconf 89' lang='lat' dir='ltr'>quo</span> <span class='ocrx_word' id='word_1_156' title='bbox 732 1410 986 1480; x_wconf 83' lang='lat' dir='ltr'>superius</span> <span class='ocrx_word' id='word_1_157' title='bbox 1030 1408 1298 1475; x_wconf 81' lang='lat' dir='ltr'>diximus,</span> <span class='ocrx_word' id='word_1_158' title='bbox 1329 1408 1475 1478; x_wconf 92' lang='lat' dir='ltr'>quod</span> <span class='ocrx_word' id='word_1_159' title='bbox 1519 1424 1657 1461; x_wconf 79' lang='lat' dir='ltr'>Lxxv</span> <span class='ocrx_word' id='word_1_160' title='bbox 1695 1424 1981 1461; x_wconf 90' lang='lat' dir='ltr'>annorum</span> <span class='ocrx_word' id='word_1_161' title='bbox 2020 1406 2193 1460; x_wconf 87' lang='lat' dir='ltr'>credi-</span> 
     </span>
    </p>
   </div>
   <div class='ocr_carea' id='block_1_17' title="bbox 574 1500 2197 1571">
    <p class='ocr_par' dir='ltr' id='par_1_21' title="bbox 574 1500 2197 1571">
     <span class='ocr_line' id='line_1_53' title="bbox 574 1500 2197 1571; baseline -0.002 -15"><span class='ocrx_word' id='word_1_162' title='bbox 574 1502 722 1556; x_wconf 86' lang='lat' dir='ltr'>derit</span> <span class='ocrx_word' id='word_1_163' title='bbox 743 1503 789 1536; x_wconf 64' lang='grc'>2⁵</span> <span class='ocrx_word' id='word_1_164' title='bbox 813 1504 1060 1555; x_wconf 90' lang='lat' dir='ltr'>vocatus.</span> <span class='ocrx_word' id='word_1_165' title='bbox 1090 1501 1177 1554; x_wconf 79' lang='lat' dir='ltr'>Ad</span> <span class='ocrx_word' id='word_1_166' title='bbox 1210 1517 1352 1571; x_wconf 90' lang='lat' dir='ltr'>quos</span> <span class='ocrx_word' id='word_1_167' title='bbox 1379 1517 1513 1555; x_wconf 87' lang='lat' dir='ltr'>Lxxv</span> <span class='ocrx_word' id='word_1_168' title='bbox 1544 1517 1719 1555; x_wconf 91' lang='lat' dir='ltr'>annos</span> <span class='ocrx_word' id='word_1_169' title='bbox 1746 1500 2014 1570; x_wconf 84' lang='lat' dir='ltr'>adjicitur</span> <span class='ocrx_word' id='word_1_170' title='bbox 2051 1517 2197 1553; x_wconf 90' lang='lat' dir='ltr'>unus</span> 
     </span>
    </p>
   </div>
   <div class='ocr_carea' id='block_1_18' title="bbox 574 1592 2199 1664">
    <p class='ocr_par' dir='ltr' id='par_1_22' title="bbox 574 1592 2199 1664">
     <span class='ocr_line' id='line_1_54' title="bbox 574 1592 2199 1664; baseline -0.001 -16"><span class='ocrx_word' id='word_1_171' title='bbox 574 1612 757 1649; x_wconf 90' lang='lat' dir='ltr'>annus</span> <span class='ocrx_word' id='word_1_172' title='bbox 785 1600 841 1648; x_wconf 87' lang='lat' dir='ltr'>et</span> <span class='ocrx_word' id='word_1_173' title='bbox 866 1596 1011 1648; x_wconf 83' lang='lat' dir='ltr'>iiunt</span> <span class='ocrx_word' id='word_1_174' title='bbox 1037 1611 1220 1648; x_wconf 85' lang='lat' dir='ltr'>1.xxv1.</span> <span class='ocrx_word' id='word_1_175' title='bbox 1254 1594 1388 1658; x_wconf 87' lang='lat' dir='ltr'>Quis</span> <span class='ocrx_word' id='word_1_176' title='bbox 1432 1600 1623 1648; x_wconf 90' lang='lat' dir='ltr'>autem</span> <span class='ocrx_word' id='word_1_177' title='bbox 1666 1594 1758 1647; x_wconf 89' lang='lat' dir='ltr'>hic</span> <span class='ocrx_word' id='word_1_178' title='bbox 1801 1594 1894 1664; x_wconf 91' lang='lat' dir='ltr'>qui</span> <span class='ocrx_word' id='word_1_179' title='bbox 1939 1592 2199 1663; x_wconf 81' lang='lat' dir='ltr'>adjicitur</span> 
     </span>
    </p>
   </div>
   <div class='ocr_carea' id='block_1_19' title="bbox 574 1687 2200 1759">
    <p class='ocr_par' dir='ltr' id='par_1_23' title="bbox 574 1687 2200 1759">
     <span class='ocr_line' id='line_1_55' title="bbox 574 1687 2200 1759; baseline -0.001 -18"><span class='ocrx_word' id='word_1_180' title='bbox 574 1705 758 1741; x_wconf 89' lang='lat' dir='ltr'>annus</span> <span class='ocrx_word' id='word_1_181' title='bbox 779 1688 873 1742; x_wconf 64' lang='lat'>‘35?</span> <span class='ocrx_word' id='word_1_182' title='bbox 920 1688 1015 1743; x_wconf 88' lang='lat' dir='ltr'>Ille</span> <span class='ocrx_word' id='word_1_183' title='bbox 1057 1687 1268 1742; x_wconf 85' lang='lat' dir='ltr'>scilicet</span> <span class='ocrx_word' id='word_1_184' title='bbox 1306 1687 1404 1759; x_wconf 86' lang='lat' dir='ltr'>qui</span> <span class='ocrx_word' id='word_1_185' title='bbox 1458 1688 1526 1741; x_wconf 89' lang='lat' dir='ltr'>de</span> <span class='ocrx_word' id='word_1_186' title='bbox 1580 1687 1799 1741; x_wconf 89' lang='lat' dir='ltr'>semine</span> <span class='ocrx_word' id='word_1_187' title='bbox 1854 1687 1975 1756; x_wconf 85' lang='lat' dir='ltr'>ejus</span> <span class='ocrx_word' id='word_1_188' title='bbox 2018 1703 2200 1757; x_wconf 87' lang='lat' dir='ltr'>agnus</span> 
     </span>
    </p>
   </div>
   <div class='ocr_carea' id='block_1_20' title="bbox 574 1777 2197 1851">
    <p class='ocr_par' dir='ltr' id='par_1_24' title="bbox 574 1777 2197 1851">
     <span class='ocr_line' id='line_1_56' title="bbox 574 1777 2197 1851; baseline -0.001 -17"><span class='ocrx_word' id='word_1_189' title='bbox 574 1782 870 1835; x_wconf 89' lang='lat' dir='ltr'>anniculus</span> <span class='ocrx_word' id='word_1_190' title='bbox 920 1781 1318 1835; x_wconf 87' lang='lat' dir='ltr'>immaculatus</span> <span class='ocrx_word' id='word_1_191' title='bbox 1372 1786 1456 1834; x_wconf 78' lang='lat' dir='ltr'>est</span> <span class='ocrx_word' id='word_1_192' title='bbox 1507 1780 1690 1835; x_wconf 87' lang='lat' dir='ltr'>dictus</span> <span class='ocrx_word' id='word_1_193' title='bbox 1711 1779 1773 1835; x_wconf 62' lang='grc' dir='ltr'>εδ.</span> <span class='ocrx_word' id='word_1_194' title='bbox 1824 1777 2089 1851; x_wconf 59' lang='grc' dir='ltr'>Ιεὶῒιιτν,</span> <span class='ocrx_word' id='word_1_195' title='bbox 2129 1780 2197 1833; x_wconf 88' lang='lat' dir='ltr'>de</span> 
     </span>
    </p>
   </div>
   <div class='ocr_carea' id='block_1_21' title="bbox 576 1873 2199 1941">
    <p class='ocr_par' dir='ltr' id='par_1_25' title="bbox 576 1873 2199 1941">
     <span class='ocr_line' id='line_1_57' title="bbox 576 1873 2199 1941; baseline -0.001 -13"><span class='ocrx_word' id='word_1_196' title='bbox 576 1875 729 1928; x_wconf 90' lang='lat' dir='ltr'>mille</span> <span class='ocrx_word' id='word_1_197' title='bbox 760 1879 818 1928; x_wconf 86' lang='lat' dir='ltr'>et</span> <span class='ocrx_word' id='word_1_198' title='bbox 868 1891 961 1929; x_wconf 90' lang='lat' dir='ltr'>sex</span> <span class='ocrx_word' id='word_1_199' title='bbox 1003 1874 1349 1928; x_wconf 76' lang='lat' dir='ltr'>deducamus</span> <span class='ocrx_word' id='word_1_200' title='bbox 1400 1891 1577 1941; x_wconf 74' lang='lat' dir='ltr'>1.xxvi,</span> <span class='ocrx_word' id='word_1_201' title='bbox 1608 1877 1664 1928; x_wconf 88' lang='lat' dir='ltr'>et</span> <span class='ocrx_word' id='word_1_202' title='bbox 1714 1877 2018 1927; x_wconf 87' lang='lat' dir='ltr'>remanent</span> <span class='ocrx_word' id='word_1_203' title='bbox 2064 1873 2199 1927; x_wconf 89' lang='lat' dir='ltr'>anni</span> 
     </span>
    </p>
   </div>
   <div class='ocr_carea' id='block_1_22' title="bbox 572 1966 2202 2038">
    <p class='ocr_par' dir='ltr' id='par_1_26' title="bbox 572 1966 2202 2038">
     <span class='ocr_line' id='line_1_58' title="bbox 572 1966 2202 2038; baseline -0.002 -16"><span class='ocrx_word' id='word_1_204' title='bbox 572 1984 874 2036; x_wconf 77' lang='lat' dir='ltr'>nccccxxx;</span> <span class='ocrx_word' id='word_1_205' title='bbox 930 1967 1132 2038; x_wconf 88' lang='lat' dir='ltr'>quibus</span> <span class='ocrx_word' id='word_1_206' title='bbox 1207 1967 1518 2038; x_wconf 82' lang='lat' dir='ltr'>suppletis,</span> <span class='ocrx_word' id='word_1_207' title='bbox 1582 1966 1764 2021; x_wconf 65' lang='lat' dir='ltr'>Asiam</span> <span class='ocrx_word' id='word_1_208' title='bbox 1818 1967 2047 2022; x_wconf 82' lang='lat' dir='ltr'>functus</span> <span class='ocrx_word' id='word_1_209' title='bbox 2118 1969 2202 2020; x_wconf 90' lang='lat' dir='ltr'>est</span> 
     </span>
    </p>
   </div>
   <div class='ocr_carea' id='block_1_23' title="bbox 577 2059 767 2115">
    <p class='ocr_par' dir='ltr' id='par_1_27' title="bbox 577 2059 767 2115">
     <span class='ocr_line' id='line_1_59' title="bbox 577 2059 767 2115; baseline 0 -1"><span class='ocrx_word' id='word_1_210' title='bbox 577 2060 687 2115; x_wconf 81' lang='lat' dir='ltr'>vita</span> <span class='ocrx_word' id='word_1_211' title='bbox 704 2059 767 2114; x_wconf 60' lang='lat'>93.</span> 
     </span>
    </p>
   </div>
   <div class='ocr_carea' id='block_1_24' title="bbox 648 2153 2197 2225">
    <p class='ocr_par' dir='ltr' id='par_1_28' title="bbox 648 2153 2197 2225">
     <span class='ocr_line' id='line_1_60' title="bbox 648 2153 2197 2225; baseline 0.001 -18"><span class='ocrx_word' id='word_1_212' title='bbox 648 2155 778 2207; x_wconf 85' lang='lat' dir='ltr'>Post</span> <span class='ocrx_word' id='word_1_213' title='bbox 814 2153 937 2207; x_wconf 76' lang='lat' dir='ltr'>hmc</span> <span class='ocrx_word' id='word_1_214' title='bbox 964 2158 1152 2207; x_wconf 89' lang='lat' dir='ltr'>autem</span> <span class='ocrx_word' id='word_1_215' title='bbox 1192 2154 1651 2209; x_wconf 84' lang='lat' dir='ltr'>demonstremus</span> <span class='ocrx_word' id='word_1_216' title='bbox 1691 2153 2029 2225; x_wconf 75' lang='lat' dir='ltr'>captivitatis</span> <span class='ocrx_word' id='word_1_217' title='bbox 2057 2156 2197 2208; x_wconf 87' lang='lat' dir='ltr'>tem-</span> 
     </span>
    </p>
   </div>
   <div class='ocr_carea' id='block_1_25' title="bbox 582 2246 2199 2318">
    <p class='ocr_par' dir='ltr' id='par_1_29' title="bbox 582 2246 2199 2318">
     <span class='ocr_line' id='line_1_61' title="bbox 582 2246 2199 2318; baseline 0 -19"><span class='ocrx_word' id='word_1_218' title='bbox 582 2263 701 2317; x_wconf 87' lang='lat' dir='ltr'>pus,</span> <span class='ocrx_word' id='word_1_219' title='bbox 737 2263 1018 2299; x_wconf 89' lang='lat' dir='ltr'>annorum</span> <span class='ocrx_word' id='word_1_220' title='bbox 1040 2263 1168 2300; x_wconf 84' lang='lat' dir='ltr'>Lxx.</span> <span class='ocrx_word' id='word_1_221' title='bbox 1204 2247 1490 2316; x_wconf 88' lang='lat' dir='ltr'>Suppletis</span> <span class='ocrx_word' id='word_1_222' title='bbox 1517 2247 1667 2301; x_wconf 87' lang='lat' dir='ltr'>enim</span> <span class='ocrx_word' id='word_1_223' title='bbox 1693 2248 1762 2300; x_wconf 81' lang='lat' dir='ltr'>ab</span> <span class='ocrx_word' id='word_1_224' title='bbox 1798 2246 1992 2302; x_wconf 75' lang='lat' dir='ltr'>Exodo</span> <span class='ocrx_word' id='word_1_225' title='bbox 2024 2263 2199 2318; x_wconf 78' lang='lat' dir='ltr'>usque</span> 
     </span>
    </p>
   </div>
   <div class='ocr_carea' id='block_1_26' title="bbox 576 2338 2201 2409">
    <p class='ocr_par' dir='ltr' id='par_1_30' title="bbox 576 2338 2201 2409">
     <span class='ocr_line' id='line_1_62' title="bbox 576 2338 2201 2409; baseline 0.001 -17"><span class='ocrx_word' id='word_1_226' title='bbox 576 2341 645 2393; x_wconf 89' lang='lat' dir='ltr'>ad</span> <span class='ocrx_word' id='word_1_227' title='bbox 689 2340 1021 2394; x_wconf 87' lang='lat' dir='ltr'>Jcchoniam</span> <span class='ocrx_word' id='word_1_228' title='bbox 1056 2338 1217 2391; x_wconf 89' lang='lat' dir='ltr'>annis</span> <span class='ocrx_word' id='word_1_229' title='bbox 1239 2341 1286 2372; x_wconf 67' lang='lat'>39</span> <span class='ocrx_word' id='word_1_230' title='bbox 1334 2356 1737 2406; x_wconf 66' lang='lat' dir='ltr'>nccccmxxxv,</span> <span class='ocrx_word' id='word_1_231' title='bbox 1766 2340 2103 2409; x_wconf 82' lang='lat' dir='ltr'>adjiciamus</span> <span class='ocrx_word' id='word_1_232' title='bbox 2149 2356 2201 2393; x_wconf 82' lang='lat' dir='ltr'>x1</span> 
     </span>
    </p>
   </div>
   <div class='ocr_carea' id='block_1_27' title="bbox 576 2431 2199 2504">
    <p class='ocr_par' dir='ltr' id='par_1_31' title="bbox 576 2431 2199 2504">
     <span class='ocr_line' id='line_1_63' title="bbox 576 2431 2199 2504; baseline 0.001 -18"><span class='ocrx_word' id='word_1_233' title='bbox 576 2431 831 2487; x_wconf 68' lang='lat' dir='ltr'>Sedecice</span> <span class='ocrx_word' id='word_1_234' title='bbox 863 2433 924 2498; x_wconf 82' lang='grc' dir='ltr'>³ο,</span> <span class='ocrx_word' id='word_1_235' title='bbox 962 2433 1056 2502; x_wconf 85' lang='lat' dir='ltr'>qui</span> <span class='ocrx_word' id='word_1_236' title='bbox 1085 2432 1222 2485; x_wconf 91' lang='lat' dir='ltr'>anni</span> <span class='ocrx_word' id='word_1_237' title='bbox 1275 2432 1535 2487; x_wconf 89' lang='lat' dir='ltr'>undecim</span> <span class='ocrx_word' id='word_1_238' title='bbox 1567 2434 1624 2487; x_wconf 90' lang='lat' dir='ltr'>in</span> <span class='ocrx_word' id='word_1_239' title='bbox 1667 2450 1906 2504; x_wconf 88' lang='lat' dir='ltr'>corpore</span> <span class='ocrx_word' id='word_1_240' title='bbox 1961 2451 2062 2488; x_wconf 79' lang='lat' dir='ltr'>Lxx</span> <span class='ocrx_word' id='word_1_241' title='bbox 2101 2452 2199 2487; x_wconf 82' lang='lat' dir='ltr'>an-</span> 
     </span>
    </p>
   </div>
   <div class='ocr_carea' id='block_1_28' title="bbox 577 2525 2198 2596">
    <p class='ocr_par' dir='ltr' id='par_1_32' title="bbox 577 2525 2198 2596">
     <span class='ocr_line' id='line_1_64' title="bbox 577 2525 2198 2596; baseline 0.001 -16"><span class='ocrx_word' id='word_1_242' title='bbox 577 2542 784 2580; x_wconf 87' lang='lat' dir='ltr'>norum</span> <span class='ocrx_word' id='word_1_243' title='bbox 810 2529 1234 2596; x_wconf 89' lang='lat' dir='ltr'>computautur.</span> <span class='ocrx_word' id='word_1_244' title='bbox 1268 2525 1653 2590; x_wconf 71' lang='lat' dir='ltr'>Quo°&#39;autem</span> <span class='ocrx_word' id='word_1_245' title='bbox 1684 2527 1858 2582; x_wconf 90' lang='lat' dir='ltr'>modo</span> <span class='ocrx_word' id='word_1_246' title='bbox 1883 2527 2198 2581; x_wconf 84' lang='lat' dir='ltr'>videamus.</span> 
     </span>
    </p>
   </div>
   <div class='ocr_carea' id='block_1_29' title="bbox 578 2618 2201 2692">
    <p class='ocr_par' dir='ltr' id='par_1_33' title="bbox 578 2618 2201 2692">
     <span class='ocr_line' id='line_1_65' title="bbox 578 2618 2201 2692; baseline -0.001 -18"><span class='ocrx_word' id='word_1_247' title='bbox 578 2622 660 2674; x_wconf 82' lang='lat' dir='ltr'>Ex</span> <span class='ocrx_word' id='word_1_248' title='bbox 697 2637 807 2689; x_wconf 92' lang='lat' dir='ltr'>quo</span> <span class='ocrx_word' id='word_1_249' title='bbox 859 2623 1023 2690; x_wconf 86' lang='lat' dir='ltr'>capta</span> <span class='ocrx_word' id='word_1_250' title='bbox 1075 2622 1158 2672; x_wconf 81' lang='lat' dir='ltr'>est</span> <span class='ocrx_word' id='word_1_251' title='bbox 1215 2620 1556 2675; x_wconf 82' lang='lat' dir='ltr'>Hierusalem</span> <span class='ocrx_word' id='word_1_252' title='bbox 1582 2618 1642 2690; x_wconf 78' lang='grc'>³³,</span> <span class='ocrx_word' id='word_1_253' title='bbox 1697 2621 1814 2692; x_wconf 90' lang='lat' dir='ltr'>ipse</span> <span class='ocrx_word' id='word_1_254' title='bbox 1869 2620 2201 2687; x_wconf 71' lang='lat' dir='ltr'>Sedecias”,</span> 
     </span>
    </p>
   </div>
   <div class='ocr_carea' id='block_1_30' title="bbox 584 2713 2201 2784">
    <p class='ocr_par' dir='ltr' id='par_1_34' title="bbox 584 2713 2201 2784">
     <span class='ocr_line' id='line_1_66' title="bbox 584 2713 2201 2784; baseline 0.001 -18"><span class='ocrx_word' id='word_1_255' title='bbox 584 2717 643 2767; x_wconf 87' lang='lat' dir='ltr'>ut</span> <span class='ocrx_word' id='word_1_256' title='bbox 681 2713 946 2778; x_wconf 83' lang='lat' dir='ltr'>diximus,</span> <span class='ocrx_word' id='word_1_257' title='bbox 997 2713 1162 2767; x_wconf 89' lang='lat' dir='ltr'>annis</span> <span class='ocrx_word' id='word_1_258' title='bbox 1193 2728 1245 2767; x_wconf 82' lang='lat' dir='ltr'>xi</span> <span class='ocrx_word' id='word_1_259' title='bbox 1274 2713 1332 2766; x_wconf 71' lang='grc'>³⁸.</span> <span class='ocrx_word' id='word_1_260' title='bbox 1359 2716 1486 2767; x_wconf 85' lang='lat' dir='ltr'>Post</span> <span class='ocrx_word' id='word_1_261' title='bbox 1529 2730 1699 2784; x_wconf 85' lang='lat' dir='ltr'>quem</span> <span class='ocrx_word' id='word_1_262' title='bbox 1741 2713 2201 2769; x_wconf 78' lang='lat' dir='ltr'>Nabuchodono-</span> 
     </span>
    </p>
   </div>
   <div class='ocr_carea' id='block_1_31' title="bbox 578 2805 2202 2877">
    <p class='ocr_par' dir='ltr' id='par_1_35' title="bbox 578 2805 2202 2877">
     <span class='ocr_line' id='line_1_67' title="bbox 578 2805 2202 2877; baseline 0.001 -17"><span class='ocrx_word' id='word_1_263' title='bbox 578 2805 767 2873; x_wconf 70' lang='lat' dir='ltr'>sor”,</span> <span class='ocrx_word' id='word_1_264' title='bbox 818 2806 915 2877; x_wconf 89' lang='lat' dir='ltr'>qui</span> <span class='ocrx_word' id='word_1_265' title='bbox 970 2823 1102 2861; x_wconf 87' lang='lat' dir='ltr'>eum</span> <span class='ocrx_word' id='word_1_266' title='bbox 1159 2807 1217 2860; x_wconf 90' lang='lat' dir='ltr'>in</span> <span class='ocrx_word' id='word_1_267' title='bbox 1279 2810 1431 2860; x_wconf 88' lang='lat' dir='ltr'>terra</span> <span class='ocrx_word' id='word_1_268' title='bbox 1498 2807 1894 2862; x_wconf 64' lang='lat' dir='ltr'>Chaldaeorum</span> <span class='ocrx_word' id='word_1_269' title='bbox 1948 2807 2202 2861; x_wconf 87' lang='lat' dir='ltr'>vinctum</span> 
     </span>
    </p>
   </div>
   <div class='ocr_carea' id='block_1_32' title="bbox 583 2899 2201 2967">
    <p class='ocr_par' dir='ltr' id='par_1_36' title="bbox 583 2899 2201 2967">
     <span class='ocr_line' id='line_1_68' title="bbox 583 2899 2201 2967; baseline 0.001 -14"><span class='ocrx_word' id='word_1_270' title='bbox 583 2900 764 2965; x_wconf 85' lang='lat' dir='ltr'>duxit,</span> <span class='ocrx_word' id='word_1_271' title='bbox 817 2900 980 2953; x_wconf 89' lang='lat' dir='ltr'>annis</span> <span class='ocrx_word' id='word_1_272' title='bbox 1033 2906 1228 2955; x_wconf 61' lang='lat' dir='ltr'>xxv”.</span> <span class='ocrx_word' id='word_1_273' title='bbox 1283 2900 1765 2967; x_wconf 72' lang='lat' dir='ltr'>Ulemaradan&quot;,</span> <span class='ocrx_word' id='word_1_274' title='bbox 1822 2900 1986 2954; x_wconf 88' lang='lat' dir='ltr'>annis</span> <span class='ocrx_word' id='word_1_275' title='bbox 2036 2918 2111 2954; x_wconf 86' lang='lat' dir='ltr'>xu</span> <span class='ocrx_word' id='word_1_276' title='bbox 2141 2899 2201 2953; x_wconf 73' lang='grc'>³⁸.</span> 
     </span>
    </p>
   </div>
   <div class='ocr_carea' id='block_1_33' title="bbox 581 2986 2202 3065">
    <p class='ocr_par' dir='ltr' id='par_1_37' title="bbox 581 2986 2202 3065">
     <span class='ocr_line' id='line_1_69' title="bbox 581 2986 2202 3065; baseline -0.001 -17"><span class='ocrx_word' id='word_1_277' title='bbox 581 2993 874 3048; x_wconf 84' lang='lat' dir='ltr'>Balthasar</span> <span class='ocrx_word' id='word_1_278' title='bbox 904 2994 947 3032; x_wconf 71' lang='grc'>³9</span> <span class='ocrx_word' id='word_1_279' title='bbox 968 2993 1131 3048; x_wconf 88' lang='lat' dir='ltr'>annis</span> <span class='ocrx_word' id='word_1_280' title='bbox 1175 3010 1247 3049; x_wconf 89' lang='lat' dir='ltr'>1v.</span> <span class='ocrx_word' id='word_1_281' title='bbox 1302 2995 1370 3048; x_wconf 87' lang='lat' dir='ltr'>Et</span> <span class='ocrx_word' id='word_1_282' title='bbox 1416 2986 1615 3047; x_wconf 67' lang='lat' dir='ltr'>Darius</span> <span class='ocrx_word' id='word_1_283' title='bbox 1656 2991 1849 3064; x_wconf 63' lang='lat' dir='ltr'>Cj&#39;ri‘0</span> <span class='ocrx_word' id='word_1_284' title='bbox 1876 2993 2022 3047; x_wconf 91' lang='lat' dir='ltr'>ﬁlius</span> <span class='ocrx_word' id='word_1_285' title='bbox 2069 2994 2202 3065; x_wconf 71' lang='lat'>(28),</span> 
     </span>
    </p>
   </div>
   <div class='ocr_carea' id='block_1_34' title="bbox 2296 465 3883 540">
    <p class='ocr_par' dir='ltr' id='par_1_38' title="bbox 2296 465 3883 540">
     <span class='ocr_line' id='line_1_70' title="bbox 2296 465 3883 540; baseline -0.001 -17"><span class='ocrx_word' id='word_1_286' title='bbox 2296 476 2353 525; x_wconf 89' lang='lat' dir='ltr'>ut</span> <span class='ocrx_word' id='word_1_287' title='bbox 2386 469 2695 524; x_wconf 72' lang='lat' dir='ltr'>mdilicetur</span> <span class='ocrx_word' id='word_1_288' title='bbox 2719 466 2762 502; x_wconf 79' lang='grc'>⁵⁵</span> <span class='ocrx_word' id='word_1_289' title='bbox 2798 469 3148 522; x_wconf 82' lang='lat' dir='ltr'>Hierusalem</span> <span class='ocrx_word' id='word_1_290' title='bbox 3403 482 3575 538; x_wconf 86' lang='lat' dir='ltr'>usque</span> <span class='ocrx_word' id='word_1_291' title='bbox 3608 465 3676 520; x_wconf 90' lang='lat' dir='ltr'>ad</span> <span class='ocrx_word' id='word_1_292' title='bbox 3714 468 3883 521; x_wconf 86' lang='lat' dir='ltr'>Chris-</span> 
     </span>
    </p>
   </div>
   <div class='ocr_carea' id='block_1_35' title="bbox 2296 559 3889 633">
    <p class='ocr_par' dir='ltr' id='par_1_39' title="bbox 2296 559 3889 633">
     <span class='ocr_line' id='line_1_71' title="bbox 2296 559 3889 633; baseline -0.001 -15"><span class='ocrx_word' id='word_1_293' title='bbox 2296 567 2417 618; x_wconf 90' lang='lat' dir='ltr'>tum</span> <span class='ocrx_word' id='word_1_294' title='bbox 2481 563 2716 633; x_wconf 90' lang='lat' dir='ltr'>ducem,</span> <span class='ocrx_word' id='word_1_295' title='bbox 2783 559 3237 617; x_wconf 77' lang='lat' dir='ltr'>hebdomades“</span> <span class='ocrx_word' id='word_1_296' title='bbox 3288 576 3362 616; x_wconf 81' lang='lat' dir='ltr'>vn</span> <span class='ocrx_word' id='word_1_297' title='bbox 3433 566 3486 615; x_wconf 85' lang='lat' dir='ltr'>et</span> <span class='ocrx_word' id='word_1_298' title='bbox 3538 560 3889 616; x_wconf 87' lang='lat' dir='ltr'>hcbdomades</span> 
     </span>
    </p>
   </div>
   <div class='ocr_carea' id='block_1_36' title="bbox 2294 653 3889 724">
    <p class='ocr_par' dir='ltr' id='par_1_40' title="bbox 2294 653 3889 724">
     <span class='ocr_line' id='line_1_72' title="bbox 2294 653 3889 724; baseline -0.003 -12"><span class='ocrx_word' id='word_1_299' title='bbox 2294 653 2483 724; x_wconf 77' lang='lat' dir='ltr'>an”;</span> <span class='ocrx_word' id='word_1_300' title='bbox 2539 662 2596 711; x_wconf 89' lang='lat' dir='ltr'>et</span> <span class='ocrx_word' id='word_1_301' title='bbox 2645 659 3011 711; x_wconf 81' lang='lat' dir='ltr'>convertetur</span> <span class='ocrx_word' id='word_1_302' title='bbox 3050 659 3108 709; x_wconf 89' lang='lat' dir='ltr'>et</span> <span class='ocrx_word' id='word_1_303' title='bbox 3162 653 3540 709; x_wconf 65' lang='lat' dir='ltr'>aadiﬁeabitur</span> <span class='ocrx_word' id='word_1_304' title='bbox 3610 654 3788 724; x_wconf 84' lang='lat' dir='ltr'>platea</span> <span class='ocrx_word' id='word_1_305' title='bbox 3840 660 3889 709; x_wconf 91' lang='lat' dir='ltr'>et</span> 
     </span>
    </p>
   </div>
   <div class='ocr_carea' id='block_1_37' title="bbox 2293 748 3886 820">
    <p class='ocr_par' dir='ltr' id='par_1_41' title="bbox 2293 748 3886 820">
     <span class='ocr_line' id='line_1_73' title="bbox 2293 748 3886 820; baseline -0.001 -14"><span class='ocrx_word' id='word_1_306' title='bbox 2293 768 2511 819; x_wconf 89' lang='lat' dir='ltr'>murus,</span> <span class='ocrx_word' id='word_1_307' title='bbox 2563 755 2623 805; x_wconf 89' lang='lat' dir='ltr'>et</span> <span class='ocrx_word' id='word_1_308' title='bbox 2664 749 3066 805; x_wconf 85' lang='lat' dir='ltr'>exinanientur</span> <span class='ocrx_word' id='word_1_309' title='bbox 3106 748 3405 820; x_wconf 76' lang='lat' dir='ltr'>tempora?</span> <span class='ocrx_word' id='word_1_310' title='bbox 3430 752 3487 803; x_wconf 87' lang='lat' dir='ltr'>et</span> <span class='ocrx_word' id='word_1_311' title='bbox 3532 751 3654 818; x_wconf 90' lang='lat' dir='ltr'>post</span> <span class='ocrx_word' id='word_1_312' title='bbox 3699 748 3886 804; x_wconf 81' lang='lat' dir='ltr'>hebdo-</span> 
     </span>
    </p>
   </div>
   <div class='ocr_carea' id='block_1_38' title="bbox 2296 841 3891 914">
    <p class='ocr_par' dir='ltr' id='par_1_42' title="bbox 2296 841 3891 914">
     <span class='ocr_line' id='line_1_74' title="bbox 2296 841 3891 914; baseline -0.001 -15"><span class='ocrx_word' id='word_1_313' title='bbox 2296 844 2494 900; x_wconf 82' lang='lat' dir='ltr'>madas</span> <span class='ocrx_word' id='word_1_314' title='bbox 2520 841 2563 876; x_wconf 83' lang='grc'>⁸⁸</span> <span class='ocrx_word' id='word_1_315' title='bbox 2592 845 2692 898; x_wconf 89' lang='lat' dir='ltr'>has</span> <span class='ocrx_word' id='word_1_316' title='bbox 2734 859 2840 899; x_wconf 79' lang='lat' dir='ltr'><strong>LXII</strong></span> <span class='ocrx_word' id='word_1_317' title='bbox 2866 841 2927 911; x_wconf 72' lang='lat'>‘9,</span> <span class='ocrx_word' id='word_1_318' title='bbox 2955 843 3255 914; x_wconf 85' lang='lat' dir='ltr'>disperibit</span> <span class='ocrx_word' id='word_1_319' title='bbox 3298 842 3512 909; x_wconf 86' lang='lat' dir='ltr'>unctio,</span> <span class='ocrx_word' id='word_1_320' title='bbox 3556 844 3611 895; x_wconf 91' lang='lat' dir='ltr'>et</span> <span class='ocrx_word' id='word_1_321' title='bbox 3646 842 3891 912; x_wconf 88' lang='lat' dir='ltr'>judicium</span> 
     </span>
    </p>
   </div>
   <div class='ocr_carea' id='block_1_39' title="bbox 2298 935 3889 993">
    <p class='ocr_par' dir='ltr' id='par_1_43' title="bbox 2298 935 3889 993">
     <span class='ocr_line' id='line_1_75' title="bbox 2298 935 3889 993; baseline -0.003 0"><span class='ocrx_word' id='word_1_322' title='bbox 2298 956 2413 993; x_wconf 91' lang='lat' dir='ltr'>non</span> <span class='ocrx_word' id='word_1_323' title='bbox 2442 941 2527 993; x_wconf 89' lang='lat' dir='ltr'>est</span> <span class='ocrx_word' id='word_1_324' title='bbox 2554 938 2611 993; x_wconf 89' lang='lat' dir='ltr'>in</span> <span class='ocrx_word' id='word_1_325' title='bbox 2642 954 2708 992; x_wconf 89' lang='lat' dir='ltr'>eo</span> <span class='ocrx_word' id='word_1_326' title='bbox 2741 954 2754 992; x_wconf 90' lang='lat'><strong>:</strong></span> <span class='ocrx_word' id='word_1_327' title='bbox 2785 942 2842 992; x_wconf 90' lang='lat' dir='ltr'>et</span> <span class='ocrx_word' id='word_1_328' title='bbox 2885 935 3167 991; x_wconf 91' lang='lat' dir='ltr'>civitatem</span> <span class='ocrx_word' id='word_1_329' title='bbox 3212 938 3270 990; x_wconf 91' lang='lat' dir='ltr'>et</span> <span class='ocrx_word' id='word_1_330' title='bbox 3318 935 3477 989; x_wconf 89' lang='lat' dir='ltr'>illum</span> <span class='ocrx_word' id='word_1_331' title='bbox 3507 939 3749 989; x_wconf 89' lang='lat' dir='ltr'>sanctum</span> <span class='ocrx_word' id='word_1_332' title='bbox 3783 952 3889 990; x_wconf 89' lang='lat' dir='ltr'>cor-</span> 
     </span>
    </p>
   </div>
   <div class='ocr_carea' id='block_1_40' title="bbox 2297 1028 3893 1103">
    <p class='ocr_par' dir='ltr' id='par_1_44' title="bbox 2297 1028 3893 1103">
     <span class='ocr_line' id='line_1_76' title="bbox 2297 1028 3893 1103; baseline -0.002 -17"><span class='ocrx_word' id='word_1_333' title='bbox 2297 1037 2527 1103; x_wconf 87' lang='lat' dir='ltr'>rumpet</span> <span class='ocrx_word' id='word_1_334' title='bbox 2565 1049 2693 1086; x_wconf 89' lang='lat' dir='ltr'>cum</span> <span class='ocrx_word' id='word_1_335' title='bbox 2735 1031 2828 1084; x_wconf 92' lang='lat' dir='ltr'>illo</span> <span class='ocrx_word' id='word_1_336' title='bbox 2860 1030 3004 1084; x_wconf 91' lang='lat' dir='ltr'>duce</span> <span class='ocrx_word' id='word_1_337' title='bbox 3035 1030 3132 1101; x_wconf 92' lang='lat' dir='ltr'>qui</span> <span class='ocrx_word' id='word_1_338' title='bbox 3161 1029 3367 1094; x_wconf 84' lang='lat' dir='ltr'>veniet,</span> <span class='ocrx_word' id='word_1_339' title='bbox 3410 1034 3468 1082; x_wconf 90' lang='lat' dir='ltr'>et</span> <span class='ocrx_word' id='word_1_340' title='bbox 3506 1028 3819 1082; x_wconf 85' lang='lat' dir='ltr'>excidentur</span> <span class='ocrx_word' id='word_1_341' title='bbox 3843 1030 3893 1083; x_wconf 91' lang='lat' dir='ltr'>in</span> 
     </span>
    </p>
   </div>
   <div class='ocr_carea' id='block_1_41' title="bbox 2296 1120 3894 1196">
    <p class='ocr_par' dir='ltr' id='par_1_45' title="bbox 2296 1120 3894 1196">
     <span class='ocr_line' id='line_1_77' title="bbox 2296 1120 3894 1196; baseline -0.002 -17"><span class='ocrx_word' id='word_1_342' title='bbox 2296 1127 2656 1196; x_wconf 81' lang='lat' dir='ltr'>cataclysmo,</span> <span class='ocrx_word' id='word_1_343' title='bbox 2692 1131 2748 1179; x_wconf 86' lang='lat' dir='ltr'>et</span> <span class='ocrx_word' id='word_1_344' title='bbox 2776 1141 2955 1196; x_wconf 87' lang='lat' dir='ltr'>usque</span> <span class='ocrx_word' id='word_1_345' title='bbox 2989 1123 3059 1177; x_wconf 90' lang='lat' dir='ltr'>ad</span> <span class='ocrx_word' id='word_1_346' title='bbox 3088 1123 3261 1177; x_wconf 88' lang='lat' dir='ltr'>ﬁnem</span> <span class='ocrx_word' id='word_1_347' title='bbox 3292 1121 3430 1175; x_wconf 87' lang='lat' dir='ltr'>belli</span> <span class='ocrx_word' id='word_1_348' title='bbox 3461 1120 3696 1175; x_wconf 89' lang='lat' dir='ltr'>breviati</span> <span class='ocrx_word' id='word_1_349' title='bbox 3740 1127 3894 1176; x_wconf 81' lang='lat' dir='ltr'>exter-</span> 
     </span>
    </p>
   </div>
   <div class='ocr_carea' id='block_1_42' title="bbox 2298 1214 3893 1273">
    <p class='ocr_par' dir='ltr' id='par_1_46' title="bbox 2298 1214 3893 1273">
     <span class='ocr_line' id='line_1_78' title="bbox 2298 1214 3893 1273; baseline -0.003 0"><span class='ocrx_word' id='word_1_350' title='bbox 2298 1219 2459 1273; x_wconf 90' lang='lat' dir='ltr'>minii</span> <span class='ocrx_word' id='word_1_351' title='bbox 2488 1223 2549 1273; x_wconf 75' lang='grc' dir='ltr'>⁸ο.</span> <span class='ocrx_word' id='word_1_352' title='bbox 2595 1216 2726 1272; x_wconf 74' lang='lat' dir='ltr'>Et“</span> <span class='ocrx_word' id='word_1_353' title='bbox 2784 1216 3148 1273; x_wconf 89' lang='lat' dir='ltr'>conﬁrmabit</span> <span class='ocrx_word' id='word_1_354' title='bbox 3171 1214 3216 1250; x_wconf 63' lang='grc'>⁸³</span> <span class='ocrx_word' id='word_1_355' title='bbox 3272 1218 3680 1270; x_wconf 88' lang='lat' dir='ltr'>testamentum</span> <span class='ocrx_word' id='word_1_356' title='bbox 3728 1217 3893 1269; x_wconf 87' lang='lat' dir='ltr'>multis</span> 
     </span>
    </p>
   </div>
   <div class='ocr_carea' id='block_1_43' title="bbox 2297 1307 3897 1367">
    <p class='ocr_par' dir='ltr' id='par_1_47' title="bbox 2297 1307 3897 1367">
     <span class='ocr_line' id='line_1_79' title="bbox 2297 1307 3897 1367; baseline -0.003 0"><span class='ocrx_word' id='word_1_357' title='bbox 2297 1313 2610 1367; x_wconf 85' lang='lat' dir='ltr'>hebdomas</span> <span class='ocrx_word' id='word_1_358' title='bbox 2644 1329 2755 1366; x_wconf 90' lang='lat' dir='ltr'>una</span> <span class='ocrx_word' id='word_1_359' title='bbox 2787 1328 2800 1365; x_wconf 89' lang='lat'><strong>:</strong></span> <span class='ocrx_word' id='word_1_360' title='bbox 2837 1314 2894 1365; x_wconf 91' lang='lat' dir='ltr'>et</span> <span class='ocrx_word' id='word_1_361' title='bbox 2924 1311 2981 1365; x_wconf 92' lang='lat' dir='ltr'>in</span> <span class='ocrx_word' id='word_1_362' title='bbox 3011 1310 3250 1365; x_wconf 89' lang='lat' dir='ltr'>dimidio</span> <span class='ocrx_word' id='word_1_363' title='bbox 3298 1308 3677 1364; x_wconf 87' lang='lat' dir='ltr'>hebdomadis</span> <span class='ocrx_word' id='word_1_364' title='bbox 3699 1307 3740 1342; x_wconf 75' lang='grc'>⁸³</span> <span class='ocrx_word' id='word_1_365' title='bbox 3770 1309 3897 1363; x_wconf 60' lang='lat' dir='ltr'>ante-</span> 
     </span>
    </p>
   </div>
   <div class='ocr_carea' id='block_1_44' title="bbox 2298 1400 3897 1472">
    <p class='ocr_par' dir='ltr' id='par_1_48' title="bbox 2298 1400 3897 1472">
     <span class='ocr_line' id='line_1_80' title="bbox 2298 1400 3897 1472; baseline -0.003 -13"><span class='ocrx_word' id='word_1_366' title='bbox 2298 1411 2457 1459; x_wconf 86' lang='lat' dir='ltr'>retur</span> <span class='ocrx_word' id='word_1_367' title='bbox 2521 1421 2716 1459; x_wconf 90' lang='lat' dir='ltr'>meum</span> <span class='ocrx_word' id='word_1_368' title='bbox 2791 1403 3132 1458; x_wconf 88' lang='lat' dir='ltr'>sacriﬁcium</span> <span class='ocrx_word' id='word_1_369' title='bbox 3191 1406 3247 1456; x_wconf 90' lang='lat' dir='ltr'>et</span> <span class='ocrx_word' id='word_1_370' title='bbox 3295 1401 3531 1470; x_wconf 85' lang='lat' dir='ltr'>libatio,</span> <span class='ocrx_word' id='word_1_371' title='bbox 3588 1400 3706 1457; x_wconf 82' lang='lat' dir='ltr'>et“</span> <span class='ocrx_word' id='word_1_372' title='bbox 3749 1418 3897 1472; x_wconf 86' lang='lat' dir='ltr'>super</span> 
     </span>
    </p>
   </div>
   <div class='ocr_carea' id='block_1_45' title="bbox 2297 1495 3897 1566">
    <p class='ocr_par' dir='ltr' id='par_1_49' title="bbox 2297 1495 3897 1566">
     <span class='ocr_line' id='line_1_81' title="bbox 2297 1495 3897 1566; baseline -0.001 -14"><span class='ocrx_word' id='word_1_373' title='bbox 2297 1498 2457 1553; x_wconf 90' lang='lat' dir='ltr'>illum</span> <span class='ocrx_word' id='word_1_374' title='bbox 2485 1502 2527 1537; x_wconf 76' lang='grc'>⁸⁵</span> <span class='ocrx_word' id='word_1_375' title='bbox 2556 1505 2813 1553; x_wconf 84' lang='lat' dir='ltr'>sanctum</span> <span class='ocrx_word' id='word_1_376' title='bbox 2840 1497 3146 1552; x_wconf 79' lang='lat' dir='ltr'>exsecratio</span> <span class='ocrx_word' id='word_1_377' title='bbox 3170 1495 3213 1530; x_wconf 76' lang='grc'>⁸⁸</span> <span class='ocrx_word' id='word_1_378' title='bbox 3237 1495 3644 1562; x_wconf 87' lang='lat' dir='ltr'>vastationum,</span> <span class='ocrx_word' id='word_1_379' title='bbox 3674 1498 3727 1550; x_wconf 91' lang='lat' dir='ltr'>et</span> <span class='ocrx_word' id='word_1_380' title='bbox 3744 1512 3897 1566; x_wconf 84' lang='lat' dir='ltr'>usque</span> 
     </span>
    </p>
   </div>
   <div class='ocr_carea' id='block_1_46' title="bbox 2296 1588 3896 1662">
    <p class='ocr_par' dir='ltr' id='par_1_50' title="bbox 2296 1588 3896 1662">
     <span class='ocr_line' id='line_1_82' title="bbox 2296 1588 3896 1662; baseline -0.002 -16"><span class='ocrx_word' id='word_1_381' title='bbox 2296 1592 2366 1646; x_wconf 89' lang='lat' dir='ltr'>ad</span> <span class='ocrx_word' id='word_1_382' title='bbox 2404 1591 2954 1646; x_wconf 88' lang='lat' dir='ltr'>consummationem</span> <span class='ocrx_word' id='word_1_383' title='bbox 2992 1590 3267 1662; x_wconf 88' lang='lat' dir='ltr'>temporis</span> <span class='ocrx_word' id='word_1_384' title='bbox 3292 1589 3709 1645; x_wconf 87' lang='lat' dir='ltr'>consummatio</span> <span class='ocrx_word' id='word_1_385' title='bbox 3753 1588 3896 1643; x_wconf 88' lang='lat' dir='ltr'>dabi-</span> 
     </span>
    </p>
   </div>
   <div class='ocr_carea' id='block_1_47' title="bbox 2299 1685 3196 1757">
    <p class='ocr_par' dir='ltr' id='par_1_51' title="bbox 2299 1685 3196 1757">
     <span class='ocr_line' id='line_1_83' title="bbox 2299 1685 3196 1757; baseline -0.001 -18"><span class='ocrx_word' id='word_1_386' title='bbox 2299 1692 2393 1740; x_wconf 81' lang='lat' dir='ltr'>tur</span> <span class='ocrx_word' id='word_1_387' title='bbox 2424 1703 2593 1757; x_wconf 79' lang='lat' dir='ltr'>super</span> <span class='ocrx_word' id='word_1_388' title='bbox 2620 1686 2767 1740; x_wconf 89' lang='lat' dir='ltr'>hanc</span> <span class='ocrx_word' id='word_1_389' title='bbox 2803 1685 3196 1739; x_wconf 81' lang='lat' dir='ltr'>vastationem.</span> 
     </span>
    </p>
   </div>
   <div class='ocr_carea' id='block_1_48' title="bbox 2376 1776 3901 1848">
    <p class='ocr_par' dir='ltr' id='par_1_52' title="bbox 2376 1776 3901 1848">
     <span class='ocr_line' id='line_1_84' title="bbox 2376 1776 3901 1848; baseline 0 -19"><span class='ocrx_word' id='word_1_390' title='bbox 2376 1800 2401 1830; x_wconf 87' lang='lat'><strong><em>«</em></strong></span> <span class='ocrx_word' id='word_1_391' title='bbox 2446 1781 2511 1832; x_wconf 76' lang='lat' dir='ltr'>Et</span> <span class='ocrx_word' id='word_1_392' title='bbox 2550 1779 2911 1833; x_wconf 81' lang='lat' dir='ltr'>conﬁrmabit</span> <span class='ocrx_word' id='word_1_393' title='bbox 2937 1784 3000 1848; x_wconf 69' lang='grc'>⁸⁷,</span> <span class='ocrx_word' id='word_1_394' title='bbox 3042 1777 3244 1848; x_wconf 86' lang='lat' dir='ltr'>inquit,</span> <span class='ocrx_word' id='word_1_395' title='bbox 3290 1779 3698 1831; x_wconf 85' lang='lat' dir='ltr'>testamentum</span> <span class='ocrx_word' id='word_1_396' title='bbox 3734 1776 3901 1830; x_wconf 85' lang='lat' dir='ltr'>multis</span> 
     </span>
    </p>
   </div>
   <div class='ocr_carea' id='block_1_49' title="bbox 2301 1870 3902 1942">
    <p class='ocr_par' dir='ltr' id='par_1_53' title="bbox 2301 1870 3902 1942">
     <span class='ocr_line' id='line_1_85' title="bbox 2301 1870 3902 1942; baseline -0.002 -16"><span class='ocrx_word' id='word_1_397' title='bbox 2301 1872 2614 1927; x_wconf 79' lang='lat' dir='ltr'>licbdomas</span> <span class='ocrx_word' id='word_1_398' title='bbox 2647 1889 2780 1926; x_wconf 89' lang='lat' dir='ltr'>una.</span> <span class='ocrx_word' id='word_1_399' title='bbox 2810 1894 2837 1920; x_wconf 85' lang='grc'><em>‹‹</em></span> <span class='ocrx_word' id='word_1_400' title='bbox 2868 1874 2996 1926; x_wconf 65' lang='lat' dir='ltr'>Ilaec</span> <span class='ocrx_word' id='word_1_401' title='bbox 3012 1875 3095 1925; x_wconf 89' lang='lat' dir='ltr'>est</span> <span class='ocrx_word' id='word_1_402' title='bbox 3122 1887 3256 1942; x_wconf 88' lang='lat' dir='ltr'>ergo</span> <span class='ocrx_word' id='word_1_403' title='bbox 3284 1870 3598 1925; x_wconf 86' lang='lat' dir='ltr'>bebdomas</span> <span class='ocrx_word' id='word_1_404' title='bbox 3620 1872 3663 1906; x_wconf 68' lang='grc'>⁸⁸</span> <span class='ocrx_word' id='word_1_405' title='bbox 3687 1886 3789 1923; x_wconf 90' lang='lat' dir='ltr'>una</span> <span class='ocrx_word' id='word_1_406' title='bbox 3810 1870 3902 1939; x_wconf 77' lang='lat'>(29)</span> 
     </span>
    </p>
   </div>
   <div class='ocr_carea' id='block_1_50' title="bbox 2302 1963 3902 2038">
    <p class='ocr_par' dir='ltr' id='par_1_54' title="bbox 2302 1963 3902 2038">
     <span class='ocr_line' id='line_1_86' title="bbox 2302 1963 3902 2038; baseline -0.003 -18"><span class='ocrx_word' id='word_1_407' title='bbox 2302 1983 2471 2038; x_wconf 87' lang='lat' dir='ltr'>quam</span> <span class='ocrx_word' id='word_1_408' title='bbox 2535 1965 2854 2037; x_wconf 81' lang='lat' dir='ltr'>segregavit</span> <span class='ocrx_word' id='word_1_409' title='bbox 2901 1965 3133 2035; x_wconf 80' lang='lat' dir='ltr'>angelus</span> <span class='ocrx_word' id='word_1_410' title='bbox 3191 1965 3259 2019; x_wconf 90' lang='lat' dir='ltr'>de</span> <span class='ocrx_word' id='word_1_411' title='bbox 3311 1981 3409 2019; x_wconf 78' lang='lat' dir='ltr'>Lxx</span> <span class='ocrx_word' id='word_1_412' title='bbox 3429 1966 3494 2030; x_wconf 71' lang='grc'>⁸⁸,</span> <span class='ocrx_word' id='word_1_413' title='bbox 3557 1970 3614 2017; x_wconf 86' lang='lat' dir='ltr'>et</span> <span class='ocrx_word' id='word_1_414' title='bbox 3640 1964 3814 2035; x_wconf 87' lang='lat' dir='ltr'>posuit</span> <span class='ocrx_word' id='word_1_415' title='bbox 3855 1963 3902 2016; x_wconf 90' lang='lat' dir='ltr'>in</span> 
     </span>
    </p>
   </div>
   <div class='ocr_carea' id='block_1_51' title="bbox 2306 2056 3904 2130">
    <p class='ocr_par' dir='ltr' id='par_1_55' title="bbox 2306 2056 3904 2130">
     <span class='ocr_line' id='line_1_87' title="bbox 2306 2056 3904 2130; baseline -0.003 -16"><span class='ocrx_word' id='word_1_416' title='bbox 2306 2060 2615 2114; x_wconf 80' lang='lat' dir='ltr'>novissima</span> <span class='ocrx_word' id='word_1_417' title='bbox 2664 2059 2855 2114; x_wconf 64' lang='lat' dir='ltr'>seculi</span> <span class='ocrx_word' id='word_1_418' title='bbox 2903 2065 3188 2130; x_wconf 85' lang='lat' dir='ltr'>tempora.</span> <span class='ocrx_word' id='word_1_419' title='bbox 3259 2059 3440 2122; x_wconf 86' lang='lat' dir='ltr'>Quam</span> <span class='ocrx_word' id='word_1_420' title='bbox 3509 2056 3904 2111; x_wconf 88' lang='lat' dir='ltr'>hebdomadam</span> 
     </span>
    </p>
   </div>
   <div class='ocr_carea' id='block_1_52' title="bbox 2302 2149 3904 2223">
    <p class='ocr_par' dir='ltr' id='par_1_56' title="bbox 2302 2149 3904 2223">
     <span class='ocr_line' id='line_1_88' title="bbox 2302 2149 3904 2223; baseline -0.002 -17"><span class='ocrx_word' id='word_1_421' title='bbox 2302 2154 2760 2223; x_wconf 79' lang='lat' dir='ltr'>recognoscimus</span> <span class='ocrx_word' id='word_1_422' title='bbox 2820 2152 3034 2207; x_wconf 88' lang='lat' dir='ltr'>habere</span> <span class='ocrx_word' id='word_1_423' title='bbox 3088 2168 3266 2206; x_wconf 89' lang='lat' dir='ltr'>annos</span> <span class='ocrx_word' id='word_1_424' title='bbox 3321 2154 3584 2222; x_wconf 88' lang='lat' dir='ltr'>septem:</span> <span class='ocrx_word' id='word_1_425' title='bbox 3627 2149 3682 2204; x_wconf 91' lang='lat' dir='ltr'>in</span> <span class='ocrx_word' id='word_1_426' title='bbox 3729 2150 3904 2221; x_wconf 84' lang='lat' dir='ltr'>quibus</span> 
     </span>
    </p>
   </div>
   <div class='ocr_carea' id='block_1_53' title="bbox 2306 2240 3905 2319">
    <p class='ocr_par' dir='ltr' id='par_1_57' title="bbox 2306 2240 3905 2319">
     <span class='ocr_line' id='line_1_89' title="bbox 2306 2240 3905 2319; baseline -0.004 -17"><span class='ocrx_word' id='word_1_427' title='bbox 2306 2248 2727 2319; x_wconf 59' lang='lat' dir='ltr'>oportetprimo</span> <span class='ocrx_word' id='word_1_428' title='bbox 2751 2246 2942 2300; x_wconf 88' lang='lat' dir='ltr'>Enoch</span> <span class='ocrx_word' id='word_1_429' title='bbox 2964 2250 3021 2299; x_wconf 90' lang='lat' dir='ltr'>et</span> <span class='ocrx_word' id='word_1_430' title='bbox 3052 2246 3227 2299; x_wconf 84' lang='lat' dir='ltr'>Eliam</span> <span class='ocrx_word' id='word_1_431' title='bbox 3248 2245 3465 2313; x_wconf 88' lang='lat' dir='ltr'>venire,</span> <span class='ocrx_word' id='word_1_432' title='bbox 3497 2249 3555 2299; x_wconf 82' lang='lat' dir='ltr'>et</span> <span class='ocrx_word' id='word_1_433' title='bbox 3572 2260 3834 2315; x_wconf 84' lang='lat' dir='ltr'>persuarn</span> <span class='ocrx_word' id='word_1_434' title='bbox 3869 2240 3905 2274; x_wconf 73' lang='grc'>⁷³</span> 
     </span>
    </p>
   </div>
   <div class='ocr_carea' id='block_1_54' title="bbox 2303 2338 3906 2411">
    <p class='ocr_par' dir='ltr' id='par_1_58' title="bbox 2303 2338 3906 2411">
     <span class='ocr_line' id='line_1_90' title="bbox 2303 2338 3906 2411; baseline -0.002 -17"><span class='ocrx_word' id='word_1_435' title='bbox 2303 2341 2659 2411; x_wconf 83' lang='lat' dir='ltr'>prophetiam</span> <span class='ocrx_word' id='word_1_436' title='bbox 2693 2357 2918 2411; x_wconf 71' lang='lat' dir='ltr'>magna:</span> <span class='ocrx_word' id='word_1_437' title='bbox 2950 2338 3300 2394; x_wconf 87' lang='lat' dir='ltr'>multitudini</span> <span class='ocrx_word' id='word_1_438' title='bbox 3342 2339 3735 2410; x_wconf 84' lang='lat' dir='ltr'>Evangelium,</span> <span class='ocrx_word' id='word_1_439' title='bbox 3767 2338 3815 2390; x_wconf 91' lang='lat' dir='ltr'>id</span> <span class='ocrx_word' id='word_1_440' title='bbox 3840 2343 3906 2390; x_wconf 88' lang='lat' dir='ltr'>est</span> 
     </span>
    </p>
   </div>
   <div class='ocr_carea' id='block_1_55' title="bbox 2305 2430 3905 2499">
    <p class='ocr_par' dir='ltr' id='par_1_59' title="bbox 2305 2430 3905 2499">
     <span class='ocr_line' id='line_1_91' title="bbox 2305 2430 3905 2499; baseline -0.003 -12"><span class='ocrx_word' id='word_1_441' title='bbox 2305 2435 2521 2488; x_wconf 75' lang='lat' dir='ltr'>Novum</span> <span class='ocrx_word' id='word_1_442' title='bbox 2548 2436 2989 2499; x_wconf 80' lang='lat' dir='ltr'>Testamentum,</span> <span class='ocrx_word' id='word_1_443' title='bbox 3025 2433 3381 2488; x_wconf 86' lang='lat' dir='ltr'>conﬁrmare.</span> <span class='ocrx_word' id='word_1_444' title='bbox 3411 2433 3503 2487; x_wconf 91' lang='lat' dir='ltr'>Sic</span> <span class='ocrx_word' id='word_1_445' title='bbox 3534 2432 3739 2486; x_wconf 90' lang='lat' dir='ltr'>ctenim</span> <span class='ocrx_word' id='word_1_446' title='bbox 3770 2430 3905 2485; x_wconf 88' lang='lat' dir='ltr'>audi-</span> 
     </span>
    </p>
   </div>
   <div class='ocr_carea' id='block_1_56' title="bbox 2305 2525 3906 2599">
    <p class='ocr_par' dir='ltr' id='par_1_60' title="bbox 2305 2525 3906 2599">
     <span class='ocr_line' id='line_1_92' title="bbox 2305 2525 3906 2599; baseline -0.002 -19"><span class='ocrx_word' id='word_1_447' title='bbox 2305 2527 2559 2581; x_wconf 70' lang='lat' dir='ltr'>vimus“</span> <span class='ocrx_word' id='word_1_448' title='bbox 2606 2528 2875 2599; x_wconf 86' lang='lat' dir='ltr'>angelum</span> <span class='ocrx_word' id='word_1_449' title='bbox 2926 2526 3204 2581; x_wconf 69' lang='lat' dir='ltr'>Danieli&quot;</span> <span class='ocrx_word' id='word_1_450' title='bbox 3246 2527 3455 2581; x_wconf 77' lang='lat' dir='ltr'>dixisse</span> <span class='ocrx_word' id='word_1_451' title='bbox 3500 2546 3513 2581; x_wconf 89' lang='lat'><strong>:</strong></span> <span class='ocrx_word' id='word_1_452' title='bbox 3552 2548 3580 2576; x_wconf 76' lang='grc' dir='ltr'>ι(</span> <span class='ocrx_word' id='word_1_453' title='bbox 3623 2525 3906 2581; x_wconf 88' lang='lat' dir='ltr'>Conﬁrma-</span> 
     </span>
    </p>
   </div>
   <div class='ocr_carea' id='block_1_57' title="bbox 2304 2616 3906 2675">
    <p class='ocr_par' dir='ltr' id='par_1_61' title="bbox 2304 2616 3906 2675">
     <span class='ocr_line' id='line_1_93' title="bbox 2304 2616 3906 2675; baseline -0.003 0"><span class='ocrx_word' id='word_1_454' title='bbox 2304 2621 2389 2675; x_wconf 89' lang='lat' dir='ltr'>bit</span> <span class='ocrx_word' id='word_1_455' title='bbox 2443 2620 2482 2655; x_wconf 71' lang='grc'>³³</span> <span class='ocrx_word' id='word_1_456' title='bbox 2524 2623 2930 2674; x_wconf 77' lang='lat' dir='ltr'>testamentum</span> <span class='ocrx_word' id='word_1_457' title='bbox 2987 2621 3185 2673; x_wconf 89' lang='lat' dir='ltr'>multis</span> <span class='ocrx_word' id='word_1_458' title='bbox 3228 2619 3545 2674; x_wconf 85' lang='lat' dir='ltr'>hebdomas</span> <span class='ocrx_word' id='word_1_459' title='bbox 3599 2635 3727 2672; x_wconf 89' lang='lat' dir='ltr'>una.</span> <span class='ocrx_word' id='word_1_460' title='bbox 3766 2618 3827 2671; x_wconf 87' lang='lat' dir='ltr'>Et</span> <span class='ocrx_word' id='word_1_461' title='bbox 3862 2616 3906 2669; x_wconf 87' lang='lat' dir='ltr'>in</span> 
     </span>
    </p>
   </div>
   <div class='ocr_carea' id='block_1_58' title="bbox 2306 2713 3906 2785">
    <p class='ocr_par' dir='ltr' id='par_1_62' title="bbox 2306 2713 3906 2785">
     <span class='ocr_line' id='line_1_94' title="bbox 2306 2713 3906 2785; baseline -0.003 -17"><span class='ocrx_word' id='word_1_462' title='bbox 2306 2714 2559 2782; x_wconf 87' lang='lat' dir='ltr'>dimidio,</span> <span class='ocrx_word' id='word_1_463' title='bbox 2606 2714 2813 2785; x_wconf 87' lang='lat' dir='ltr'>inquit,</span> <span class='ocrx_word' id='word_1_464' title='bbox 2864 2713 3235 2768; x_wconf 84' lang='lat' dir='ltr'>hebdomadis</span> <span class='ocrx_word' id='word_1_465' title='bbox 3285 2714 3581 2767; x_wconf 80' lang='lat' dir='ltr'>auferetur</span> <span class='ocrx_word' id='word_1_466' title='bbox 3619 2728 3798 2766; x_wconf 90' lang='lat' dir='ltr'>meum</span> <span class='ocrx_word' id='word_1_467' title='bbox 3841 2726 3906 2763; x_wconf 89' lang='lat' dir='ltr'>sa-</span> 
     </span>
    </p>
   </div>
   <div class='ocr_carea' id='block_1_59' title="bbox 2307 2803 3909 2869">
    <p class='ocr_par' dir='ltr' id='par_1_63' title="bbox 2307 2803 3909 2869">
     <span class='ocr_line' id='line_1_95' title="bbox 2307 2803 3909 2869; baseline -0.004 -7"><span class='ocrx_word' id='word_1_468' title='bbox 2307 2807 2583 2862; x_wconf 83' lang='lat' dir='ltr'>criﬁcium</span> <span class='ocrx_word' id='word_1_469' title='bbox 2611 2814 2665 2862; x_wconf 88' lang='lat' dir='ltr'>et</span> <span class='ocrx_word' id='word_1_470' title='bbox 2690 2806 2904 2861; x_wconf 90' lang='lat' dir='ltr'>libatio.</span> <span class='ocrx_word' id='word_1_471' title='bbox 2935 2828 2961 2856; x_wconf 87' lang='grc'><strong>››</strong></span> <span class='ocrx_word' id='word_1_472' title='bbox 2993 2806 3298 2861; x_wconf 84' lang='lat' dir='ltr'>Dimidium</span> <span class='ocrx_word' id='word_1_473' title='bbox 3331 2810 3528 2861; x_wconf 89' lang='lat' dir='ltr'>autem</span> <span class='ocrx_word' id='word_1_474' title='bbox 3551 2803 3909 2869; x_wconf 84' lang='lat' dir='ltr'>hebdomadis,</span> 
     </span>
    </p>
   </div>
   <div class='ocr_carea' id='block_1_60' title="bbox 2305 2897 3908 2972">
    <p class='ocr_par' dir='ltr' id='par_1_64' title="bbox 2305 2897 3908 2972">
     <span class='ocr_line' id='line_1_96' title="bbox 2305 2897 3908 2972; baseline -0.004 -16"><span class='ocrx_word' id='word_1_475' title='bbox 2305 2906 2535 2971; x_wconf 86' lang='lat' dir='ltr'>tempus</span> <span class='ocrx_word' id='word_1_476' title='bbox 2564 2907 2621 2955; x_wconf 89' lang='lat' dir='ltr'>ct</span> <span class='ocrx_word' id='word_1_477' title='bbox 2648 2907 2906 2972; x_wconf 89' lang='lat' dir='ltr'>tempora</span> <span class='ocrx_word' id='word_1_478' title='bbox 2924 2904 2980 2955; x_wconf 90' lang='lat' dir='ltr'>et</span> <span class='ocrx_word' id='word_1_479' title='bbox 3025 2901 3323 2955; x_wconf 89' lang='lat' dir='ltr'>dimidium</span> <span class='ocrx_word' id='word_1_480' title='bbox 3353 2900 3630 2971; x_wconf 84' lang='lat' dir='ltr'>temporis</span> <span class='ocrx_word' id='word_1_481' title='bbox 3658 2897 3908 2964; x_wconf 87' lang='lat' dir='ltr'>ostendit;</span> 
     </span>
    </p>
   </div>
   <div class='ocr_carea' id='block_1_61' title="bbox 2309 2991 3911 3065">
    <p class='ocr_par' dir='ltr' id='par_1_65' title="bbox 2309 2991 3911 3065">
     <span class='ocr_line' id='line_1_97' title="bbox 2309 2991 3911 3065; baseline -0.003 -17"><span class='ocrx_word' id='word_1_482' title='bbox 2309 2995 2463 3065; x_wconf 86' lang='lat' dir='ltr'>quod</span> <span class='ocrx_word' id='word_1_483' title='bbox 2497 3002 2581 3050; x_wconf 88' lang='lat' dir='ltr'>est</span> <span class='ocrx_word' id='word_1_484' title='bbox 2602 2995 2915 3049; x_wconf 85' lang='lat' dir='ltr'>triennium</span> <span class='ocrx_word' id='word_1_485' title='bbox 2945 3001 2999 3049; x_wconf 92' lang='lat' dir='ltr'>et</span> <span class='ocrx_word' id='word_1_486' title='bbox 3021 3011 3246 3049; x_wconf 88' lang='lat' dir='ltr'>menses</span> <span class='ocrx_word' id='word_1_487' title='bbox 3274 3012 3412 3048; x_wconf 84' lang='lat' dir='ltr'>sex:</span> <span class='ocrx_word' id='word_1_488' title='bbox 3447 2993 3547 3065; x_wconf 86' lang='lat' dir='ltr'>qui</span> <span class='ocrx_word' id='word_1_489' title='bbox 3576 2994 3717 3047; x_wconf 88' lang='lat' dir='ltr'>ﬁunt</span> <span class='ocrx_word' id='word_1_490' title='bbox 3742 2991 3911 3056; x_wconf 74' lang='lat' dir='ltr'>dies”,</span> 
     </span>
    </p>
   </div>
   <div class='ocr_carea' id='block_1_62' title="bbox 579 3085 3911 3193">
    <p class='ocr_par' dir='ltr' id='par_1_66' title="bbox 579 3085 3911 3193">
     <span class='ocr_line' id='line_1_98' title="bbox 579 3085 3911 3193; baseline -0.002 -52"><span class='ocrx_word' id='word_1_491' title='bbox 579 3087 744 3141; x_wconf 89' lang='lat' dir='ltr'>annis</span> <span class='ocrx_word' id='word_1_492' title='bbox 788 3103 911 3142; x_wconf 83' lang='lat' dir='ltr'>xvm</span> <span class='ocrx_word' id='word_1_493' title='bbox 952 3088 1175 3142; x_wconf 66' lang='lat' dir='ltr'>Finnt‘l</span> <span class='ocrx_word' id='word_1_494' title='bbox 1207 3088 1264 3141; x_wconf 91' lang='lat' dir='ltr'>in</span> <span class='ocrx_word' id='word_1_495' title='bbox 1311 3105 1368 3141; x_wconf 88' lang='lat' dir='ltr'>se</span> <span class='ocrx_word' id='word_1_496' title='bbox 1425 3088 1561 3141; x_wconf 90' lang='lat' dir='ltr'>anui</span> <span class='ocrx_word' id='word_1_497' title='bbox 1611 3103 1731 3142; x_wconf 80' lang='lat' dir='ltr'>Lxx.</span> <span class='ocrx_word' id='word_1_498' title='bbox 1787 3089 1851 3141; x_wconf 81' lang='lat' dir='ltr'>Et</span> <span class='ocrx_word' id='word_1_499' title='bbox 1904 3087 1981 3141; x_wconf 89' lang='lat' dir='ltr'>sic</span> <span class='ocrx_word' id='word_1_500' title='bbox 2030 3088 2281 3193; x_wconf 64' lang='lat' dir='ltr'>Cyrus(,</span> <span class='ocrx_word' id='word_1_501' title='bbox 2326 3088 2643 3142; x_wconf 90' lang='lat' dir='ltr'>secundum</span> <span class='ocrx_word' id='word_1_502' title='bbox 2691 3088 3061 3160; x_wconf 76' lang='lat' dir='ltr'>Apocalypsin</span> <span class='ocrx_word' id='word_1_503' title='bbox 3090 3088 3151 3156; x_wconf 82' lang='grc'>⁷⁵,</span> <span class='ocrx_word' id='word_1_504' title='bbox 3205 3087 3360 3143; x_wconf 90' lang='lat' dir='ltr'>mille</span> <span class='ocrx_word' id='word_1_505' title='bbox 3416 3104 3572 3142; x_wconf 85' lang='lat' dir='ltr'>ccvx.</span> <span class='ocrx_word' id='word_1_506' title='bbox 3626 3088 3685 3140; x_wconf 89' lang='lat' dir='ltr'><strong>In</strong></span> <span class='ocrx_word' id='word_1_507' title='bbox 3738 3085 3911 3156; x_wconf 85' lang='lat' dir='ltr'>quibus</span> 
     </span>
     <span class='ocr_line' id='line_1_99' title="bbox 786 3169 3855 3193; baseline 0.001 -2"><span class='ocrx_word' id='word_1_508' title='bbox 786 3181 817 3193; x_wconf 74' lang='grc' dir='ltr'>ι.</span> <span class='ocrx_word' id='word_1_509' title='bbox 848 3179 887 3193; x_wconf 71' lang='grc' dir='ltr'>ιι</span> <span class='ocrx_word' id='word_1_510' title='bbox 1188 3180 1237 3193; x_wconf 66' lang='grc' dir='ltr'>ιιι</span> <span class='ocrx_word' id='word_1_511' title='bbox 1291 3181 1305 3193; x_wconf 67' lang='grc' dir='ltr'>ι</span> <span class='ocrx_word' id='word_1_512' title='bbox 1547 3184 1556 3193; x_wconf 88' lang='grc'>.</span> <span class='ocrx_word' id='word_1_513' title='bbox 1589 3182 1624 3193; x_wconf 65' lang='lat' dir='ltr'><strong>n</strong></span> <span class='ocrx_word' id='word_1_514' title='bbox 2268 3169 2284 3193; x_wconf 75' lang='grc' dir='ltr'><strong><em>Ι</em></strong></span> <span class='ocrx_word' id='word_1_515' title='bbox 2338 3183 2369 3193; x_wconf 72' lang='grc' dir='ltr'>ι.</span> <span class='ocrx_word' id='word_1_516' title='bbox 2412 3182 2424 3193; x_wconf 67' lang='grc' dir='ltr'>ε.</span> <span class='ocrx_word' id='word_1_517' title='bbox 2561 3181 2611 3193; x_wconf 76' lang='grc' dir='ltr'>οη</span> <span class='ocrx_word' id='word_1_518' title='bbox 2701 3186 2710 3193; x_wconf 60' lang='grc' dir='ltr'><strong>λ</strong></span> <span class='ocrx_word' id='word_1_519' title='bbox 2777 3183 2808 3193; x_wconf 81' lang='grc'>..</span> <span class='ocrx_word' id='word_1_520' title='bbox 2852 3182 2863 3193; x_wconf 74' lang='grc' dir='ltr'>ι</span> <span class='ocrx_word' id='word_1_521' title='bbox 2924 3182 2934 3191; x_wconf 82' lang='lat'><em>.</em></span> <span class='ocrx_word' id='word_1_522' title='bbox 2975 3188 2983 3193; x_wconf 83' lang='lat'>.</span> <span class='ocrx_word' id='word_1_523' title='bbox 3086 3181 3127 3193; x_wconf 77' lang='grc' dir='ltr'>ι..</span> <span class='ocrx_word' id='word_1_524' title='bbox 3473 3181 3493 3193; x_wconf 59' lang='grc' dir='ltr'><strong>Α</strong></span> <span class='ocrx_word' id='word_1_525' title='bbox 3567 3182 3575 3191; x_wconf 78' lang='grc' dir='ltr'>ι</span> <span class='ocrx_word' id='word_1_526' title='bbox 3622 3186 3630 3193; x_wconf 93' lang='grc'>.</span> <span class='ocrx_word' id='word_1_527' title='bbox 3778 3186 3786 3193; x_wconf 94' lang='grc'>.</span> <span class='ocrx_word' id='word_1_528' title='bbox 3825 3177 3855 3193; x_wconf 79' lang='grc' dir='ltr'>ι·</span> 
     </span>
    </p>
   </div>
   <div class='ocr_carea' id='block_1_63' title="bbox 579 3179 1911 3252">
    <p class='ocr_par' dir='ltr' id='par_1_67' title="bbox 579 3179 1911 3252">
     <span class='ocr_line' id='line_1_100' title="bbox 579 3179 1911 3252; baseline 0 -19"><span class='ocrx_word' id='word_1_529' title='bbox 579 3179 887 3252; x_wconf 76' lang='lat' dir='ltr'>suscepit&quot;</span> <span class='ocrx_word' id='word_1_530' title='bbox 913 3197 1161 3250; x_wconf 83' lang='lat' dir='ltr'>regnum</span> <span class='ocrx_word' id='word_1_531' title='bbox 1188 3180 1480 3235; x_wconf 79' lang='lat' dir='ltr'>Medorum</span> <span class='ocrx_word' id='word_1_532' title='bbox 1510 3184 1566 3235; x_wconf 89' lang='lat' dir='ltr'>et</span> <span class='ocrx_word' id='word_1_533' title='bbox 1589 3182 1911 3234; x_wconf 82' lang='lat' dir='ltr'>Persarum.</span> 
     </span>
    </p>
   </div>
   <div class='ocr_carea' id='block_1_64' title="bbox 651 3273 2208 3345">
    <p class='ocr_par' dir='ltr' id='par_1_68' title="bbox 651 3273 2208 3345">
     <span class='ocr_line' id='line_1_101' title="bbox 651 3273 2208 3345; baseline 0 -17"><span class='ocrx_word' id='word_1_534' title='bbox 651 3276 777 3344; x_wconf 86' lang='lat' dir='ltr'>Ipse</span> <span class='ocrx_word' id='word_1_535' title='bbox 809 3279 894 3328; x_wconf 89' lang='lat' dir='ltr'>est</span> <span class='ocrx_word' id='word_1_536' title='bbox 920 3275 1093 3344; x_wconf 84' lang='lat' dir='ltr'>Cyrus</span> <span class='ocrx_word' id='word_1_537' title='bbox 1125 3273 1284 3344; x_wconf 89' lang='lat' dir='ltr'>cujus</span> <span class='ocrx_word' id='word_1_538' title='bbox 1323 3273 1380 3327; x_wconf 88' lang='lat' dir='ltr'>in</span> <span class='ocrx_word' id='word_1_539' title='bbox 1413 3273 1690 3344; x_wconf 84' lang='lat' dir='ltr'>principio</span> <span class='ocrx_word' id='word_1_540' title='bbox 1728 3274 1895 3345; x_wconf 84' lang='lat' dir='ltr'>regni</span> <span class='ocrx_word' id='word_1_541' title='bbox 1922 3291 2054 3329; x_wconf 90' lang='lat' dir='ltr'>cum</span> <span class='ocrx_word' id='word_1_542' title='bbox 2084 3273 2208 3328; x_wconf 86' lang='lat' dir='ltr'>the-</span> 
     </span>
    </p>
   </div>
   <div class='ocr_carea' id='block_1_65' title="bbox 584 3364 2209 3439">
    <p class='ocr_par' dir='ltr' id='par_1_69' title="bbox 584 3364 2209 3439">
     <span class='ocr_line' id='line_1_102' title="bbox 584 3364 2209 3439; baseline 0.001 -18"><span class='ocrx_word' id='word_1_543' title='bbox 584 3368 762 3421; x_wconf 89' lang='lat' dir='ltr'>sauris</span> <span class='ocrx_word' id='word_1_544' title='bbox 799 3364 1062 3421; x_wconf 74' lang='lat' dir='ltr'>domus&quot;</span> <span class='ocrx_word' id='word_1_545' title='bbox 1089 3366 1205 3434; x_wconf 90' lang='lat' dir='ltr'>Dei,</span> <span class='ocrx_word' id='word_1_546' title='bbox 1263 3384 1517 3421; x_wconf 88' lang='lat' dir='ltr'>reversus</span> <span class='ocrx_word' id='word_1_547' title='bbox 1564 3370 1649 3420; x_wconf 86' lang='lat' dir='ltr'>est</span> <span class='ocrx_word' id='word_1_548' title='bbox 1691 3368 1935 3439; x_wconf 87' lang='lat' dir='ltr'>populus</span> <span class='ocrx_word' id='word_1_549' title='bbox 1986 3368 2209 3422; x_wconf 69' lang='lat' dir='ltr'>Judazo-</span> 
     </span>
    </p>
   </div>
   <div class='ocr_carea' id='block_1_66' title="bbox 584 3458 2211 3532">
    <p class='ocr_par' dir='ltr' id='par_1_70' title="bbox 584 3458 2211 3532">
     <span class='ocr_line' id='line_1_103' title="bbox 584 3458 2211 3532; baseline 0 -17"><span class='ocrx_word' id='word_1_550' title='bbox 584 3476 715 3515; x_wconf 87' lang='lat' dir='ltr'>rum</span> <span class='ocrx_word' id='word_1_551' title='bbox 742 3459 783 3492; x_wconf 82' lang='lat'><strong>“</strong></span> <span class='ocrx_word' id='word_1_552' title='bbox 805 3460 868 3514; x_wconf 90' lang='lat' dir='ltr'>in</span> <span class='ocrx_word' id='word_1_553' title='bbox 900 3463 1052 3514; x_wconf 89' lang='lat' dir='ltr'>terra</span> <span class='ocrx_word' id='word_1_554' title='bbox 1081 3477 1200 3513; x_wconf 92' lang='lat' dir='ltr'>sua.</span> <span class='ocrx_word' id='word_1_555' title='bbox 1246 3461 1322 3514; x_wconf 84' lang='lat' dir='ltr'>Ex</span> <span class='ocrx_word' id='word_1_556' title='bbox 1352 3476 1465 3531; x_wconf 89' lang='lat' dir='ltr'>quo</span> <span class='ocrx_word' id='word_1_557' title='bbox 1496 3458 1540 3492; x_wconf 70' lang='grc'>⁸⁵</span> <span class='ocrx_word' id='word_1_558' title='bbox 1564 3464 1819 3531; x_wconf 88' lang='lat' dir='ltr'>tempore</span> <span class='ocrx_word' id='word_1_559' title='bbox 1861 3465 2084 3532; x_wconf 88' lang='lat' dir='ltr'>oportet</span> <span class='ocrx_word' id='word_1_560' title='bbox 2110 3479 2211 3515; x_wconf 90' lang='lat' dir='ltr'>nos</span> 
     </span>
    </p>
   </div>
   <div class='ocr_carea' id='block_1_67' title="bbox 586 3552 2213 3625">
    <p class='ocr_par' dir='ltr' id='par_1_71' title="bbox 586 3552 2213 3625">
     <span class='ocr_line' id='line_1_104' title="bbox 586 3552 2213 3625; baseline 0.001 -18"><span class='ocrx_word' id='word_1_561' title='bbox 586 3552 979 3608; x_wconf 85' lang='lat' dir='ltr'>hebdomadas</span> <span class='ocrx_word' id='word_1_562' title='bbox 1006 3559 1353 3624; x_wconf 88' lang='lat' dir='ltr'>computare.</span> <span class='ocrx_word' id='word_1_563' title='bbox 1388 3554 1460 3607; x_wconf 90' lang='lat' dir='ltr'>De</span> <span class='ocrx_word' id='word_1_564' title='bbox 1488 3553 1693 3624; x_wconf 91' lang='lat' dir='ltr'>quibus</span> <span class='ocrx_word' id='word_1_565' title='bbox 1723 3552 1765 3591; x_wconf 72' lang='lat'><strong>“</strong></span> <span class='ocrx_word' id='word_1_566' title='bbox 1787 3554 2057 3625; x_wconf 86' lang='lat' dir='ltr'>angelum</span> <span class='ocrx_word' id='word_1_567' title='bbox 2109 3555 2213 3609; x_wconf 88' lang='lat' dir='ltr'>Dei</span> 
     </span>
    </p>
   </div>
   <div class='ocr_carea' id='block_1_68' title="bbox 587 3643 2217 3702">
    <p class='ocr_par' dir='ltr' id='par_1_72' title="bbox 587 3643 2217 3702">
     <span class='ocr_line' id='line_1_105' title="bbox 587 3643 2217 3702; baseline 0 0"><span class='ocrx_word' id='word_1_568' title='bbox 587 3647 954 3702; x_wconf 86' lang='lat' dir='ltr'>meminimus</span> <span class='ocrx_word' id='word_1_569' title='bbox 985 3647 1203 3702; x_wconf 90' lang='lat' dir='ltr'>Danieli</span> <span class='ocrx_word' id='word_1_570' title='bbox 1233 3643 1276 3689; x_wconf 82' lang='lat'><strong>‘7</strong></span> <span class='ocrx_word' id='word_1_571' title='bbox 1304 3645 1512 3701; x_wconf 78' lang='lat' dir='ltr'>dixisse</span> <span class='ocrx_word' id='word_1_572' title='bbox 1544 3664 1558 3701; x_wconf 88' lang='lat'><strong>:</strong></span> <span class='ocrx_word' id='word_1_573' title='bbox 1586 3663 1734 3702; x_wconf 80' lang='lat' dir='ltr'>«Lxx</span> <span class='ocrx_word' id='word_1_574' title='bbox 1775 3647 2155 3702; x_wconf 86' lang='lat' dir='ltr'>hebdomades</span> <span class='ocrx_word' id='word_1_575' title='bbox 2175 3646 2217 3680; x_wconf 71' lang='grc'>⁵⁸</span> 
     </span>
    </p>
   </div>
   <div class='ocr_carea' id='block_1_69' title="bbox 586 3740 2215 3813">
    <p class='ocr_par' dir='ltr' id='par_1_73' title="bbox 586 3740 2215 3813">
     <span class='ocr_line' id='line_1_106' title="bbox 586 3740 2215 3813; baseline 0.001 -18"><span class='ocrx_word' id='word_1_576' title='bbox 586 3741 854 3795; x_wconf 67' lang='grc' dir='ltr'>1ηένίίιιω</span> <span class='ocrx_word' id='word_1_577' title='bbox 903 3747 1034 3795; x_wconf 89' lang='lat' dir='ltr'>sunt</span> <span class='ocrx_word' id='word_1_578' title='bbox 1086 3758 1260 3812; x_wconf 88' lang='lat' dir='ltr'>super</span> <span class='ocrx_word' id='word_1_579' title='bbox 1291 3740 1570 3812; x_wconf 90' lang='lat' dir='ltr'>populum</span> <span class='ocrx_word' id='word_1_580' title='bbox 1608 3747 1768 3795; x_wconf 90' lang='lat' dir='ltr'>tuum</span> <span class='ocrx_word' id='word_1_581' title='bbox 1800 3747 1856 3795; x_wconf 93' lang='lat' dir='ltr'>et</span> <span class='ocrx_word' id='word_1_582' title='bbox 1881 3759 2053 3813; x_wconf 88' lang='lat' dir='ltr'>super</span> <span class='ocrx_word' id='word_1_583' title='bbox 2087 3741 2215 3796; x_wconf 88' lang='lat' dir='ltr'>civi-</span> 
     </span>
    </p>
   </div>
   <div class='ocr_carea' id='block_1_70' title="bbox 587 3833 2211 3906">
    <p class='ocr_par' dir='ltr' id='par_1_74' title="bbox 587 3833 2211 3906">
     <span class='ocr_line' id='line_1_107' title="bbox 587 3833 2211 3906; baseline 0.001 -18"><span class='ocrx_word' id='word_1_584' title='bbox 587 3840 765 3888; x_wconf 88' lang='lat' dir='ltr'>tatem</span> <span class='ocrx_word' id='word_1_585' title='bbox 792 3834 950 3888; x_wconf 91' lang='lat' dir='ltr'>illam</span> <span class='ocrx_word' id='word_1_586' title='bbox 979 3837 1256 3901; x_wconf 89' lang='lat' dir='ltr'>sanctam,</span> <span class='ocrx_word' id='word_1_587' title='bbox 1287 3840 1349 3889; x_wconf 89' lang='lat' dir='ltr'>ut</span> <span class='ocrx_word' id='word_1_588' title='bbox 1373 3841 1803 3894; x_wconf 81' lang='lat' dir='ltr'>consummatur</span> <span class='ocrx_word' id='word_1_589' title='bbox 1829 3833 1868 3867; x_wconf 77' lang='grc'>⁴⁹</span> <span class='ocrx_word' id='word_1_590' title='bbox 1893 3841 2211 3906; x_wconf 89' lang='lat' dir='ltr'>peccatum,</span> 
     </span>
    </p>
   </div>
   <div class='ocr_carea' id='block_1_71' title="bbox 590 3926 2212 4000">
    <p class='ocr_par' dir='ltr' id='par_1_75' title="bbox 590 3926 2212 4000">
     <span class='ocr_line' id='line_1_108' title="bbox 590 3926 2212 4000; baseline 0 -18"><span class='ocrx_word' id='word_1_591' title='bbox 590 3934 644 3983; x_wconf 87' lang='lat' dir='ltr'>et</span> <span class='ocrx_word' id='word_1_592' title='bbox 685 3934 750 3982; x_wconf 87' lang='lat' dir='ltr'>ut</span> <span class='ocrx_word' id='word_1_593' title='bbox 789 3928 1092 3999; x_wconf 86' lang='lat' dir='ltr'>signentur</span> <span class='ocrx_word' id='word_1_594' title='bbox 1138 3926 1437 3999; x_wconf 67' lang='lat' dir='ltr'>peccata“o</span> <span class='ocrx_word' id='word_1_595' title='bbox 1463 3933 1519 3984; x_wconf 91' lang='lat' dir='ltr'>et</span> <span class='ocrx_word' id='word_1_596' title='bbox 1559 3929 1817 3985; x_wconf 88' lang='lat' dir='ltr'>deleatur</span> <span class='ocrx_word' id='word_1_597' title='bbox 1846 3929 2126 4000; x_wconf 87' lang='lat' dir='ltr'>injustitia</span> <span class='ocrx_word' id='word_1_598' title='bbox 2153 3930 2212 3998; x_wconf 69' lang='grc' dir='ltr'>δ’,</span> 
     </span>
    </p>
   </div>
   <div class='ocr_carea' id='block_1_72' title="bbox 588 4022 2217 4093">
    <p class='ocr_par' dir='ltr' id='par_1_76' title="bbox 588 4022 2217 4093">
     <span class='ocr_line' id='line_1_109' title="bbox 588 4022 2217 4093; baseline 0.001 -17"><span class='ocrx_word' id='word_1_599' title='bbox 588 4027 645 4076; x_wconf 86' lang='lat' dir='ltr'>et</span> <span class='ocrx_word' id='word_1_600' title='bbox 699 4022 1001 4093; x_wconf 77' lang='lat' dir='ltr'>expientur</span> <span class='ocrx_word' id='word_1_601' title='bbox 1043 4022 1355 4093; x_wconf 73' lang='lat' dir='ltr'>injustitim,</span> <span class='ocrx_word' id='word_1_602' title='bbox 1384 4027 1443 4077; x_wconf 90' lang='lat' dir='ltr'>et</span> <span class='ocrx_word' id='word_1_603' title='bbox 1487 4028 1547 4078; x_wconf 89' lang='lat' dir='ltr'>ut</span> <span class='ocrx_word' id='word_1_604' title='bbox 1572 4022 1615 4058; x_wconf 74' lang='grc'>⁸³</span> <span class='ocrx_word' id='word_1_605' title='bbox 1663 4022 1970 4078; x_wconf 87' lang='lat' dir='ltr'>reducatur</span> <span class='ocrx_word' id='word_1_606' title='bbox 2000 4023 2217 4093; x_wconf 87' lang='lat' dir='ltr'>just.an</span> 
     </span>
    </p>
   </div>
   <div class='ocr_carea' id='block_1_73' title="bbox 593 4116 2218 4188">
    <p class='ocr_par' dir='ltr' id='par_1_77' title="bbox 593 4116 2218 4188">
     <span class='ocr_line' id='line_1_110' title="bbox 593 4116 2218 4188; baseline 0.001 -19"><span class='ocrx_word' id='word_1_607' title='bbox 593 4119 823 4181; x_wconf 84' lang='lat' dir='ltr'>aeterna,</span> <span class='ocrx_word' id='word_1_608' title='bbox 852 4121 907 4169; x_wconf 91' lang='lat' dir='ltr'>et</span> <span class='ocrx_word' id='word_1_609' title='bbox 954 4118 1020 4169; x_wconf 91' lang='lat' dir='ltr'>ut</span> <span class='ocrx_word' id='word_1_610' title='bbox 1068 4116 1328 4186; x_wconf 81' lang='lat' dir='ltr'>signetur</span> <span class='ocrx_word' id='word_1_611' title='bbox 1383 4116 1521 4171; x_wconf 84' lang='lat' dir='ltr'>visio</span> <span class='ocrx_word' id='word_1_612' title='bbox 1580 4120 1638 4171; x_wconf 90' lang='lat' dir='ltr'>et</span> <span class='ocrx_word' id='word_1_613' title='bbox 1688 4116 2015 4188; x_wconf 88' lang='lat' dir='ltr'>prophetia,</span> <span class='ocrx_word' id='word_1_614' title='bbox 2045 4122 2102 4171; x_wconf 90' lang='lat' dir='ltr'>et</span> <span class='ocrx_word' id='word_1_615' title='bbox 2158 4121 2218 4171; x_wconf 90' lang='lat' dir='ltr'>ut</span> 
     </span>
    </p>
   </div>
   <div class='ocr_carea' id='block_1_74' title="bbox 590 4208 2218 4281">
    <p class='ocr_par' dir='ltr' id='par_1_78' title="bbox 590 4208 2218 4281">
     <span class='ocr_line' id='line_1_111' title="bbox 590 4208 2218 4281; baseline 0.001 -18"><span class='ocrx_word' id='word_1_616' title='bbox 590 4209 881 4278; x_wconf 82' lang='lat' dir='ltr'>unguatur</span> <span class='ocrx_word' id='word_1_617' title='bbox 916 4209 1183 4263; x_wconf 87' lang='lat' dir='ltr'>Sanctum</span> <span class='ocrx_word' id='word_1_618' title='bbox 1238 4212 1568 4265; x_wconf 87' lang='lat' dir='ltr'>sanctorum</span> <span class='ocrx_word' id='word_1_619' title='bbox 1596 4208 1655 4265; x_wconf 76' lang='grc'>⁸³.</span> <span class='ocrx_word' id='word_1_620' title='bbox 1706 4211 1772 4264; x_wconf 89' lang='lat' dir='ltr'>Et</span> <span class='ocrx_word' id='word_1_621' title='bbox 1814 4226 2120 4281; x_wconf 84' lang='lat' dir='ltr'>cognosces</span> <span class='ocrx_word' id='word_1_622' title='bbox 2160 4214 2218 4265; x_wconf 86' lang='lat' dir='ltr'>et</span> 
     </span>
    </p>
   </div>
   <div class='ocr_carea' id='block_1_75' title="bbox 2268 3169 3911 3253">
    <p class='ocr_par' dir='ltr' id='par_1_79' title="bbox 2268 3169 3911 3253">
     <span class='ocr_line' id='line_1_112' title="bbox 2268 3169 3911 3253; baseline -0.003 -18"><span class='ocrx_word' id='word_1_623' title='bbox 2268 3169 2284 3193; x_wconf 78' lang='grc'><em>¹</em></span> <span class='ocrx_word' id='word_1_624' title='bbox 2319 3182 2515 3235; x_wconf 80' lang='lat' dir='ltr'>diebus</span> <span class='ocrx_word' id='word_1_625' title='bbox 2558 3181 2650 3235; x_wconf 88' lang='lat' dir='ltr'>ille</span> <span class='ocrx_word' id='word_1_626' title='bbox 2687 3182 3059 3236; x_wconf 80' lang='lat' dir='ltr'>Antichristus</span> <span class='ocrx_word' id='word_1_627' title='bbox 3086 3181 3128 3215; x_wconf 83' lang='grc'>⁷⁸</span> <span class='ocrx_word' id='word_1_628' title='bbox 3157 3198 3432 3253; x_wconf 87' lang='lat' dir='ltr'>magnam</span> <span class='ocrx_word' id='word_1_629' title='bbox 3466 3181 3639 3235; x_wconf 84' lang='lat' dir='ltr'>faciet</span> <span class='ocrx_word' id='word_1_630' title='bbox 3682 3177 3911 3232; x_wconf 87' lang='lat' dir='ltr'>vastatio-</span> 
     </span>
    </p>
   </div>
   <div class='ocr_carea' id='block_1_76' title="bbox 2311 3272 3913 3344">
    <p class='ocr_par' dir='ltr' id='par_1_80' title="bbox 2311 3272 3913 3344">
     <span class='ocr_line' id='line_1_113' title="bbox 2311 3272 3913 3344; baseline -0.004 -15"><span class='ocrx_word' id='word_1_631' title='bbox 2311 3292 2440 3329; x_wconf 82' lang='lat' dir='ltr'>nem</span> <span class='ocrx_word' id='word_1_632' title='bbox 2488 3291 2500 3328; x_wconf 95' lang='lat'>:</span> <span class='ocrx_word' id='word_1_633' title='bbox 2554 3278 2610 3330; x_wconf 90' lang='lat' dir='ltr'>et</span> <span class='ocrx_word' id='word_1_634' title='bbox 2660 3275 2782 3329; x_wconf 89' lang='lat' dir='ltr'>ideo</span> <span class='ocrx_word' id='word_1_635' title='bbox 2827 3281 2959 3329; x_wconf 88' lang='lat' dir='ltr'>tunc</span> <span class='ocrx_word' id='word_1_636' title='bbox 3012 3292 3180 3329; x_wconf 87' lang='lat' dir='ltr'>nemo</span> <span class='ocrx_word' id='word_1_637' title='bbox 3229 3274 3685 3330; x_wconf 88' lang='lat' dir='ltr'>Christianorum</span> <span class='ocrx_word' id='word_1_638' title='bbox 3733 3272 3913 3344; x_wconf 85' lang='lat' dir='ltr'>poterit</span> 
     </span>
    </p>
   </div>
   <div class='ocr_carea' id='block_1_77' title="bbox 2314 3366 3913 3439">
    <p class='ocr_par' dir='ltr' id='par_1_81' title="bbox 2314 3366 3913 3439">
     <span class='ocr_line' id='line_1_114' title="bbox 2314 3366 3913 3439; baseline -0.004 -17"><span class='ocrx_word' id='word_1_639' title='bbox 2314 3369 2425 3423; x_wconf 88' lang='lat' dir='ltr'>Deo</span> <span class='ocrx_word' id='word_1_640' title='bbox 2456 3368 2799 3423; x_wconf 88' lang='lat' dir='ltr'>sacriﬁcium</span> <span class='ocrx_word' id='word_1_641' title='bbox 2843 3367 3065 3436; x_wconf 75' lang='lat' dir='ltr'>offerre,</span> <span class='ocrx_word' id='word_1_642' title='bbox 3098 3368 3365 3439; x_wconf 85' lang='lat' dir='ltr'>quoniam</span> <span class='ocrx_word' id='word_1_643' title='bbox 3407 3369 3534 3439; x_wconf 83' lang='lat' dir='ltr'>ipse</span> <span class='ocrx_word' id='word_1_644' title='bbox 3570 3366 3913 3439; x_wconf 87' lang='lat' dir='ltr'>nequissimus</span> 
     </span>
    </p>
   </div>
   <div class='ocr_carea' id='block_1_78' title="bbox 2313 3460 3914 3533">
    <p class='ocr_par' dir='ltr' id='par_1_82' title="bbox 2313 3460 3914 3533">
     <span class='ocr_line' id='line_1_115' title="bbox 2313 3460 3914 3533; baseline -0.002 -19"><span class='ocrx_word' id='word_1_645' title='bbox 2313 3462 2550 3532; x_wconf 77' lang='lat' dir='ltr'>incipiet</span> <span class='ocrx_word' id='word_1_646' title='bbox 2588 3462 2646 3515; x_wconf 91' lang='lat' dir='ltr'>in</span> <span class='ocrx_word' id='word_1_647' title='bbox 2678 3463 2888 3532; x_wconf 85' lang='lat' dir='ltr'>templo</span> <span class='ocrx_word' id='word_1_648' title='bbox 2931 3462 3028 3516; x_wconf 74' lang='lat' dir='ltr'>Dei</span> <span class='ocrx_word' id='word_1_649' title='bbox 3061 3462 3261 3516; x_wconf 88' lang='lat' dir='ltr'>sedere</span> <span class='ocrx_word' id='word_1_650' title='bbox 3279 3460 3339 3529; x_wconf 81' lang='grc'>⁷⁷,</span> <span class='ocrx_word' id='word_1_651' title='bbox 3364 3466 3421 3517; x_wconf 85' lang='lat' dir='ltr'>et</span> <span class='ocrx_word' id='word_1_652' title='bbox 3458 3461 3843 3533; x_wconf 81' lang='lat' dir='ltr'>ignorantibus</span> <span class='ocrx_word' id='word_1_653' title='bbox 3866 3475 3914 3511; x_wconf 90' lang='lat' dir='ltr'>se</span> 
     </span>
    </p>
   </div>
   <div class='ocr_carea' id='block_1_79' title="bbox 2313 3552 3917 3627">
    <p class='ocr_par' dir='ltr' id='par_1_83' title="bbox 2313 3552 3917 3627">
     <span class='ocr_line' id='line_1_116' title="bbox 2313 3552 3917 3627; baseline -0.003 -18"><span class='ocrx_word' id='word_1_654' title='bbox 2313 3556 2492 3609; x_wconf 90' lang='lat' dir='ltr'>Deum</span> <span class='ocrx_word' id='word_1_655' title='bbox 2550 3554 2836 3610; x_wconf 79' lang='lat' dir='ltr'>afﬁrmare</span> <span class='ocrx_word' id='word_1_656' title='bbox 2856 3552 2897 3587; x_wconf 83' lang='grc'>⁷⁸</span> <span class='ocrx_word' id='word_1_657' title='bbox 2942 3573 2955 3610; x_wconf 89' lang='lat'>:</span> <span class='ocrx_word' id='word_1_658' title='bbox 3000 3572 3172 3627; x_wconf 89' lang='lat' dir='ltr'>quem</span> <span class='ocrx_word' id='word_1_659' title='bbox 3214 3559 3439 3627; x_wconf 90' lang='lat' dir='ltr'>oportet</span> <span class='ocrx_word' id='word_1_660' title='bbox 3484 3552 3739 3610; x_wconf 68' lang='lat' dir='ltr'>Jesum&quot;</span> <span class='ocrx_word' id='word_1_661' title='bbox 3762 3552 3917 3607; x_wconf 84' lang='lat' dir='ltr'>Domi-</span> 
     </span>
    </p>
   </div>
   <div class='ocr_carea' id='block_1_80' title="bbox 2314 3648 3915 3721">
    <p class='ocr_par' dir='ltr' id='par_1_84' title="bbox 2314 3648 3915 3721">
     <span class='ocr_line' id='line_1_117' title="bbox 2314 3648 3915 3721; baseline -0.001 -19"><span class='ocrx_word' id='word_1_662' title='bbox 2314 3666 2454 3703; x_wconf 89' lang='lat' dir='ltr'>num</span> <span class='ocrx_word' id='word_1_663' title='bbox 2485 3653 2541 3704; x_wconf 87' lang='lat' dir='ltr'>et</span> <span class='ocrx_word' id='word_1_664' title='bbox 2582 3649 2922 3703; x_wconf 85' lang='lat' dir='ltr'>salvatorem</span> <span class='ocrx_word' id='word_1_665' title='bbox 2970 3652 3225 3704; x_wconf 87' lang='lat' dir='ltr'>nostrum</span> <span class='ocrx_word' id='word_1_666' title='bbox 3274 3650 3475 3721; x_wconf 87' lang='lat' dir='ltr'>spiritu</span> <span class='ocrx_word' id='word_1_667' title='bbox 3526 3650 3641 3705; x_wconf 86' lang='lat' dir='ltr'>oris</span> <span class='ocrx_word' id='word_1_668' title='bbox 3673 3648 3751 3703; x_wconf 90' lang='lat' dir='ltr'>sui</span> <span class='ocrx_word' id='word_1_669' title='bbox 3772 3648 3915 3702; x_wconf 85' lang='lat' dir='ltr'>inter-</span> 
     </span>
    </p>
   </div>
   <div class='ocr_carea' id='block_1_81' title="bbox 2314 3738 3915 3811">
    <p class='ocr_par' dir='ltr' id='par_1_85' title="bbox 2314 3738 3915 3811">
     <span class='ocr_line' id='line_1_118' title="bbox 2314 3738 3915 3811; baseline -0.003 -15"><span class='ocrx_word' id='word_1_670' title='bbox 2314 3742 2500 3809; x_wconf 82' lang='lat' dir='ltr'>licere,</span> <span class='ocrx_word' id='word_1_671' title='bbox 2559 3748 2613 3797; x_wconf 92' lang='lat' dir='ltr'>et</span> <span class='ocrx_word' id='word_1_672' title='bbox 2665 3743 2967 3811; x_wconf 87' lang='lat' dir='ltr'>praesentia</span> <span class='ocrx_word' id='word_1_673' title='bbox 3013 3742 3291 3797; x_wconf 87' lang='lat' dir='ltr'>adventus</span> <span class='ocrx_word' id='word_1_674' title='bbox 3340 3743 3425 3797; x_wconf 89' lang='lat' dir='ltr'>sui</span> <span class='ocrx_word' id='word_1_675' title='bbox 3483 3758 3778 3809; x_wconf 85' lang='lat' dir='ltr'>evacuare,</span> <span class='ocrx_word' id='word_1_676' title='bbox 3805 3738 3915 3794; x_wconf 88' lang='lat' dir='ltr'>etin</span> 
     </span>
    </p>
   </div>
   <div class='ocr_carea' id='block_1_82' title="bbox 2314 3835 3912 3908">
    <p class='ocr_par' dir='ltr' id='par_1_86' title="bbox 2314 3835 3912 3908">
     <span class='ocr_line' id='line_1_119' title="bbox 2314 3835 3912 3908; baseline -0.003 -19"><span class='ocrx_word' id='word_1_677' title='bbox 2314 3837 2439 3898; x_wconf 78' lang='lat' dir='ltr'>ipso</span> <span class='ocrx_word' id='word_1_678' title='bbox 2491 3836 2774 3889; x_wconf 87' lang='lat' dir='ltr'>mundum</span> <span class='ocrx_word' id='word_1_679' title='bbox 2825 3853 3265 3904; x_wconf 89' lang='lat' dir='ltr'>consummare,</span> <span class='ocrx_word' id='word_1_680' title='bbox 3320 3836 3465 3891; x_wconf 89' lang='lat' dir='ltr'>sicut</span> <span class='ocrx_word' id='word_1_681' title='bbox 3519 3836 3787 3908; x_wconf 85' lang='lat' dir='ltr'>scriptum</span> <span class='ocrx_word' id='word_1_682' title='bbox 3830 3835 3912 3887; x_wconf 85' lang='lat' dir='ltr'>est.</span> 
     </span>
    </p>
   </div>
   <div class='ocr_carea' id='block_1_83' title="bbox 2318 3927 3913 4001">
    <p class='ocr_par' dir='ltr' id='par_1_87' title="bbox 2318 3927 3913 4001">
     <span class='ocr_line' id='line_1_120' title="bbox 2318 3927 3913 4001; baseline -0.006 -14"><span class='ocrx_word' id='word_1_683' title='bbox 2318 3927 2511 4001; x_wconf 83' lang='lat'>960</span> <span class='ocrx_word' id='word_1_684' title='bbox 2535 3951 2561 3978; x_wconf 86' lang='grc'>‹‹</span> <span class='ocrx_word' id='word_1_685' title='bbox 2594 3931 2662 3982; x_wconf 89' lang='lat' dir='ltr'>Et</span> <span class='ocrx_word' id='word_1_686' title='bbox 2687 3946 2859 4000; x_wconf 89' lang='lat' dir='ltr'>super</span> <span class='ocrx_word' id='word_1_687' title='bbox 2886 3930 3026 3984; x_wconf 92' lang='lat' dir='ltr'>illud</span> <span class='ocrx_word' id='word_1_688' title='bbox 3054 3935 3312 3985; x_wconf 89' lang='lat' dir='ltr'>sanctum</span> <span class='ocrx_word' id='word_1_689' title='bbox 3344 3930 3660 3985; x_wconf 80' lang='lat' dir='ltr'>exsecratio</span> <span class='ocrx_word' id='word_1_690' title='bbox 3688 3927 3913 3983; x_wconf 85' lang='lat' dir='ltr'>vastatio-</span> 
     </span>
    </p>
   </div>
   <div class='ocr_carea' id='block_1_84' title="bbox 2317 4019 3915 4093">
    <p class='ocr_par' dir='ltr' id='par_1_88' title="bbox 2317 4019 3915 4093">
     <span class='ocr_line' id='line_1_121' title="bbox 2317 4019 3915 4093; baseline -0.002 -17"><span class='ocrx_word' id='word_1_691' title='bbox 2317 4019 2544 4091; x_wconf 79' lang='grc' dir='ltr'>ιιιιιηεο,</span> <span class='ocrx_word' id='word_1_692' title='bbox 2603 4027 2660 4076; x_wconf 88' lang='lat' dir='ltr'>et</span> <span class='ocrx_word' id='word_1_693' title='bbox 2717 4040 2889 4093; x_wconf 83' lang='lat' dir='ltr'>usque</span> <span class='ocrx_word' id='word_1_694' title='bbox 2944 4023 3017 4078; x_wconf 88' lang='lat' dir='ltr'>ad</span> <span class='ocrx_word' id='word_1_695' title='bbox 3072 4024 3632 4080; x_wconf 88' lang='lat' dir='ltr'>consummationem</span> <span class='ocrx_word' id='word_1_696' title='bbox 3676 4019 3915 4093; x_wconf 83' lang='lat' dir='ltr'>temporis</span> 
     </span>
    </p>
   </div>
   <div class='ocr_carea' id='block_1_85' title="bbox 2316 4116 3913 4188">
    <p class='ocr_par' dir='ltr' id='par_1_89' title="bbox 2316 4116 3913 4188">
     <span class='ocr_line' id='line_1_122' title="bbox 2316 4116 3913 4188; baseline -0.002 -18"><span class='ocrx_word' id='word_1_697' title='bbox 2316 4117 2728 4170; x_wconf 88' lang='lat' dir='ltr'>consummatio</span> <span class='ocrx_word' id='word_1_698' title='bbox 2762 4116 2987 4171; x_wconf 89' lang='lat' dir='ltr'>dabitur</span> <span class='ocrx_word' id='word_1_699' title='bbox 3034 4134 3205 4188; x_wconf 82' lang='lat' dir='ltr'>super</span> <span class='ocrx_word' id='word_1_700' title='bbox 3226 4117 3269 4151; x_wconf 74' lang='grc'>⁸⁸</span> <span class='ocrx_word' id='word_1_701' title='bbox 3296 4117 3447 4172; x_wconf 88' lang='lat' dir='ltr'>hanc</span> <span class='ocrx_word' id='word_1_702' title='bbox 3492 4117 3913 4173; x_wconf 74' lang='lat' dir='ltr'>vastationem.»</span> 
     </span>
    </p>
   </div>
   <div class='ocr_carea' id='block_1_86' title="bbox 2388 4203 3917 4279">
    <p class='ocr_par' dir='ltr' id='par_1_90' title="bbox 2388 4203 3917 4279">
     <span class='ocr_line' id='line_1_123' title="bbox 2388 4203 3917 4279; baseline -0.002 -15"><span class='ocrx_word' id='word_1_703' title='bbox 2388 4212 2519 4264; x_wconf 86' lang='lat' dir='ltr'>Post</span> <span class='ocrx_word' id='word_1_704' title='bbox 2570 4210 2689 4265; x_wconf 71' lang='lat' dir='ltr'>hinc</span> <span class='ocrx_word' id='word_1_705' title='bbox 2707 4212 2750 4251; x_wconf 71' lang='grc' dir='ltr'>δ’</span> <span class='ocrx_word' id='word_1_706' title='bbox 2794 4214 3155 4266; x_wconf 88' lang='lat' dir='ltr'>revertamur</span> <span class='ocrx_word' id='word_1_707' title='bbox 3199 4211 3274 4266; x_wconf 91' lang='lat' dir='ltr'>ad</span> <span class='ocrx_word' id='word_1_708' title='bbox 3328 4228 3422 4279; x_wconf 85' lang='lat' dir='ltr'>vn,</span> <span class='ocrx_word' id='word_1_709' title='bbox 3458 4215 3518 4267; x_wconf 89' lang='lat' dir='ltr'>et</span> <span class='ocrx_word' id='word_1_710' title='bbox 3566 4212 3645 4266; x_wconf 91' lang='lat' dir='ltr'>sic</span> <span class='ocrx_word' id='word_1_711' title='bbox 3687 4203 3917 4265; x_wconf 70' lang='lat' dir='ltr'>aduri”</span> 
     </span>
    </p>
   </div>
   <div class='ocr_carea' id='block_1_87' title="bbox 1965 4388 2568 4453">
    <p class='ocr_par' dir='ltr' id='par_1_91' title="bbox 1965 4388 2568 4453">
     <span class='ocr_line' id='line_1_124' title="bbox 1965 4388 2568 4453; baseline -0.003 0"><span class='ocrx_word' id='word_1_712' title='bbox 1965 4388 2174 4453; x_wconf 68' lang='lat' dir='ltr'>Variae</span> <span class='ocrx_word' id='word_1_713' title='bbox 2229 4389 2568 4453; x_wconf 90' lang='lat' dir='ltr'>lectiones.</span> 
     </span>
    </p>
   </div>
   <div class='ocr_carea' id='block_1_88' title="bbox 650 4528 3912 4603">
    <p class='ocr_par' dir='ltr' id='par_1_92' title="bbox 650 4528 3912 4603">
     <span class='ocr_line' id='line_1_125' title="bbox 650 4528 3912 4603; baseline 0.001 -21"><span class='ocrx_word' id='word_1_714' title='bbox 650 4528 689 4603; x_wconf 57' lang='grc' dir='ltr'><strong>η</strong></span> <span class='ocrx_word' id='word_1_715' title='bbox 740 4532 795 4582; x_wconf 88' lang='lat' dir='ltr'>C.</span> <span class='ocrx_word' id='word_1_716' title='bbox 824 4530 963 4603; x_wconf 78' lang='lat' dir='ltr'>deest</span> <span class='ocrx_word' id='word_1_717' title='bbox 992 4531 1137 4583; x_wconf 74' lang='lat' dir='ltr'>ﬁdei.</span> <span class='ocrx_word' id='word_1_718' title='bbox 1207 4535 1247 4567; x_wconf 84' lang='grc'>²⁰</span> <span class='ocrx_word' id='word_1_719' title='bbox 1278 4537 1333 4588; x_wconf 89' lang='lat' dir='ltr'>C.</span> <span class='ocrx_word' id='word_1_720' title='bbox 1369 4535 1835 4588; x_wconf 84' lang='lat' dir='ltr'>subverterentur.</span> <span class='ocrx_word' id='word_1_721' title='bbox 1907 4537 1946 4570; x_wconf 84' lang='grc'>²¹</span> <span class='ocrx_word' id='word_1_722' title='bbox 1977 4540 2033 4589; x_wconf 88' lang='lat' dir='ltr'>C.</span> <span class='ocrx_word' id='word_1_723' title='bbox 2069 4536 2209 4587; x_wconf 84' lang='lat' dir='ltr'>deest</span> <span class='ocrx_word' id='word_1_724' title='bbox 2240 4540 2389 4588; x_wconf 90' lang='lat' dir='ltr'>tunc.</span> <span class='ocrx_word' id='word_1_725' title='bbox 2456 4540 2497 4570; x_wconf 78' lang='grc'>²¹</span> <span class='ocrx_word' id='word_1_726' title='bbox 2540 4539 2595 4588; x_wconf 76' lang='grc' dir='ltr'>Β.</span> <span class='ocrx_word' id='word_1_727' title='bbox 2635 4538 3015 4589; x_wconf 87' lang='lat' dir='ltr'>similitudine.</span> <span class='ocrx_word' id='word_1_728' title='bbox 3086 4540 3128 4571; x_wconf 76' lang='grc'>³³</span> <span class='ocrx_word' id='word_1_729' title='bbox 3164 4540 3219 4590; x_wconf 83' lang='lat' dir='ltr'>R.</span> <span class='ocrx_word' id='word_1_730' title='bbox 3249 4539 3613 4603; x_wconf 87' lang='lat' dir='ltr'>deputaretur</span> <span class='ocrx_word' id='word_1_731' title='bbox 3644 4538 3695 4589; x_wconf 92' lang='lat' dir='ltr'>ei</span> <span class='ocrx_word' id='word_1_732' title='bbox 3718 4536 3912 4601; x_wconf 84' lang='lat' dir='ltr'>justitia.</span> 
     </span>
    </p>
   </div>
   <div class='ocr_carea' id='block_1_89' title="bbox 592 4601 1400 4656">
    <p class='ocr_par' dir='ltr' id='par_1_93' title="bbox 592 4601 1400 4656">
     <span class='ocr_line' id='line_1_126' title="bbox 592 4601 1400 4656; baseline 0.001 -3"><span class='ocrx_word' id='word_1_733' title='bbox 592 4602 637 4633; x_wconf 83' lang='grc'>²⁴</span> <span class='ocrx_word' id='word_1_734' title='bbox 666 4602 721 4653; x_wconf 88' lang='lat' dir='ltr'>C.</span> <span class='ocrx_word' id='word_1_735' title='bbox 749 4601 1000 4652; x_wconf 85' lang='lat' dir='ltr'>credens.</span> <span class='ocrx_word' id='word_1_736' title='bbox 1082 4606 1123 4637; x_wconf 72' lang='lat'>&#39;5</span> <span class='ocrx_word' id='word_1_737' title='bbox 1154 4605 1206 4654; x_wconf 72' lang='grc' dir='ltr'>Β.</span> <span class='ocrx_word' id='word_1_738' title='bbox 1234 4619 1400 4656; x_wconf 89' lang='lat' dir='ltr'>unus.</span> 
     </span>
    </p>
   </div>
   <div class='ocr_carea' id='block_1_90' title="bbox 592 4670 1649 4741">
    <p class='ocr_par' dir='ltr' id='par_1_94' title="bbox 592 4670 1649 4741">
     <span class='ocr_line' id='line_1_127' title="bbox 592 4670 1649 4741; baseline 0.006 -21"><span class='ocrx_word' id='word_1_739' title='bbox 592 4670 708 4741; x_wconf 57' lang='lat' dir='ltr'>XL,</span> <span class='ocrx_word' id='word_1_740' title='bbox 744 4675 790 4719; x_wconf 87' lang='lat' dir='ltr'>el</span> <span class='ocrx_word' id='word_1_741' title='bbox 816 4671 955 4720; x_wconf 79' lang='lat' dir='ltr'>deest</span> <span class='ocrx_word' id='word_1_742' title='bbox 981 4672 1285 4725; x_wconf 70' lang='lat' dir='ltr'>Sedechias.</span> <span class='ocrx_word' id='word_1_743' title='bbox 1374 4678 1414 4709; x_wconf 84' lang='grc'>³¹</span> <span class='ocrx_word' id='word_1_744' title='bbox 1449 4679 1503 4729; x_wconf 88' lang='lat' dir='ltr'>C.</span> <span class='ocrx_word' id='word_1_745' title='bbox 1537 4678 1649 4741; x_wconf 91' lang='lat' dir='ltr'>qui.</span> 
     </span>
    </p>
   </div>
   <div class='ocr_carea' id='block_1_91' title="bbox 595 4740 1679 4798">
    <p class='ocr_par' dir='ltr' id='par_1_95' title="bbox 595 4740 1679 4798">
     <span class='ocr_line' id='line_1_128' title="bbox 595 4740 1679 4798; baseline 0.007 -9"><span class='ocrx_word' id='word_1_746' title='bbox 595 4740 874 4791; x_wconf 87' lang='lat' dir='ltr'>Sedecias.</span> <span class='ocrx_word' id='word_1_747' title='bbox 966 4746 1005 4775; x_wconf 71' lang='grc'>³³</span> <span class='ocrx_word' id='word_1_748' title='bbox 1053 4746 1104 4793; x_wconf 85' lang='lat' dir='ltr'>R.</span> <span class='ocrx_word' id='word_1_749' title='bbox 1137 4745 1275 4795; x_wconf 80' lang='lat' dir='ltr'>deest</span> <span class='ocrx_word' id='word_1_750' title='bbox 1324 4750 1386 4797; x_wconf 89' lang='lat' dir='ltr'>ut</span> <span class='ocrx_word' id='word_1_751' title='bbox 1422 4740 1679 4798; x_wconf 82' lang='lat' dir='ltr'>diximus.</span> 
     </span>
    </p>
   </div>
   <div class='ocr_carea' id='block_1_92' title="bbox 596 4812 2300 4875">
    <p class='ocr_par' dir='ltr' id='par_1_96' title="bbox 596 4812 2300 4875">
     <span class='ocr_line' id='line_1_129' title="bbox 596 4812 2300 4875; baseline 0.005 -12"><span class='ocrx_word' id='word_1_752' title='bbox 596 4812 857 4863; x_wconf 83' lang='lat' dir='ltr'>Marodat.</span> <span class='ocrx_word' id='word_1_753' title='bbox 955 4814 996 4849; x_wconf 76' lang='grc'>³⁸</span> <span class='ocrx_word' id='word_1_754' title='bbox 1033 4817 1086 4864; x_wconf 80' lang='lat' dir='ltr'>R.</span> <span class='ocrx_word' id='word_1_755' title='bbox 1130 4816 1224 4865; x_wconf 83' lang='lat' dir='ltr'>XI.</span> <span class='ocrx_word' id='word_1_756' title='bbox 1323 4818 1364 4852; x_wconf 75' lang='lat'><strong>3°</strong></span> <span class='ocrx_word' id='word_1_757' title='bbox 1406 4820 1462 4871; x_wconf 87' lang='lat' dir='ltr'>C.</span> <span class='ocrx_word' id='word_1_758' title='bbox 1503 4820 1783 4871; x_wconf 88' lang='lat' dir='ltr'>Baldasar.</span> <span class='ocrx_word' id='word_1_759' title='bbox 1876 4827 1918 4860; x_wconf 73' lang='lat'>4°</span> <span class='ocrx_word' id='word_1_760' title='bbox 1973 4812 2300 4875; x_wconf 43' lang='lat' dir='ltr'>R.&#39;Asiria:.</span> 
     </span>
    </p>
   </div>
   <div class='ocr_carea' id='block_1_93' title="bbox 593 4883 1304 4936">
    <p class='ocr_par' dir='ltr' id='par_1_97' title="bbox 593 4883 1304 4936">
     <span class='ocr_line' id='line_1_130' title="bbox 593 4883 1304 4936; baseline 0.008 -5"><span class='ocrx_word' id='word_1_761' title='bbox 593 4885 637 4915; x_wconf 77' lang='lat'>“</span> <span class='ocrx_word' id='word_1_762' title='bbox 681 4884 732 4932; x_wconf 73' lang='grc' dir='ltr'>Β.</span> <span class='ocrx_word' id='word_1_763' title='bbox 781 4883 921 4932; x_wconf 82' lang='lat' dir='ltr'>deest</span> <span class='ocrx_word' id='word_1_764' title='bbox 962 4885 1304 4936; x_wconf 67' lang='lat' dir='ltr'>Judeeorum.</span> 
     </span>
    </p>
   </div>
   <div class='ocr_carea' id='block_1_94' title="bbox 1410 4891 2058 4956">
    <p class='ocr_par' dir='ltr' id='par_1_98' title="bbox 1410 4891 2058 4956">
     <span class='ocr_line' id='line_1_131' title="bbox 1410 4891 2058 4956; baseline 0 -13"><span class='ocrx_word' id='word_1_765' title='bbox 1410 4893 1451 4921; x_wconf 22' lang='lat' dir='ltr'>‘r‘</span> <span class='ocrx_word' id='word_1_766' title='bbox 1499 4892 1555 4943; x_wconf 78' lang='grc' dir='ltr'>Ο.</span> <span class='ocrx_word' id='word_1_767' title='bbox 1600 4891 1685 4940; x_wconf 86' lang='lat' dir='ltr'>Ex</span> <span class='ocrx_word' id='word_1_768' title='bbox 1731 4893 1849 4956; x_wconf 87' lang='lat' dir='ltr'>ipso</span> <span class='ocrx_word' id='word_1_769' title='bbox 1890 4898 2058 4946; x_wconf 88' lang='lat' dir='ltr'>enim.</span> 
     </span>
    </p>
   </div>
   <div class='ocr_carea' id='block_1_95' title="bbox 593 4955 1141 5006">
    <p class='ocr_par' dir='ltr' id='par_1_99' title="bbox 593 4955 1141 5006">
     <span class='ocr_line' id='line_1_132' title="bbox 593 4955 1141 5006; baseline 0.005 -5"><span class='ocrx_word' id='word_1_770' title='bbox 593 4955 637 4986; x_wconf 66' lang='grc' dir='ltr'>ω</span> <span class='ocrx_word' id='word_1_771' title='bbox 669 4955 724 5002; x_wconf 83' lang='lat' dir='ltr'>R.</span> <span class='ocrx_word' id='word_1_772' title='bbox 763 4960 1141 5006; x_wconf 81' lang='lat' dir='ltr'>consumatur.</span> 
     </span>
    </p>
   </div>
   <div class='ocr_carea' id='block_1_96' title="bbox 597 5237 1912 5298">
    <p class='ocr_par' dir='ltr' id='par_1_100' title="bbox 597 5237 1912 5298">
     <span class='ocr_line' id='line_1_133' title="bbox 597 5237 1912 5298; baseline 0.011 -14"><span class='ocrx_word' id='word_1_773' title='bbox 597 5237 968 5286; x_wconf 80' lang='lat' dir='ltr'>exterminiis.</span> <span class='ocrx_word' id='word_1_774' title='bbox 1036 5239 1076 5270; x_wconf 74' lang='grc' dir='ltr'>σι</span> <span class='ocrx_word' id='word_1_775' title='bbox 1111 5241 1166 5289; x_wconf 77' lang='lat' dir='ltr'>lt.</span> <span class='ocrx_word' id='word_1_776' title='bbox 1194 5241 1313 5290; x_wconf 85' lang='lat' dir='ltr'>sed.</span> <span class='ocrx_word' id='word_1_777' title='bbox 1379 5241 1421 5274; x_wconf 78' lang='grc'>⁸³</span> <span class='ocrx_word' id='word_1_778' title='bbox 1456 5246 1510 5295; x_wconf 86' lang='lat' dir='ltr'>C.</span> <span class='ocrx_word' id='word_1_779' title='bbox 1548 5245 1912 5298; x_wconf 84' lang='lat' dir='ltr'>conﬁrmavit.</span> 
     </span>
    </p>
   </div>
   <div class='ocr_carea' id='block_1_97' title="bbox 1488 4606 2335 4660">
    <p class='ocr_par' dir='ltr' id='par_1_101' title="bbox 1488 4606 2335 4660">
     <span class='ocr_line' id='line_1_134' title="bbox 1488 4606 2335 4660; baseline -0.005 0"><span class='ocrx_word' id='word_1_780' title='bbox 1488 4606 1528 4639; x_wconf 82' lang='grc'>²⁶</span> <span class='ocrx_word' id='word_1_781' title='bbox 1562 4609 1616 4659; x_wconf 87' lang='lat' dir='ltr'>C.</span> <span class='ocrx_word' id='word_1_782' title='bbox 1650 4607 1976 4658; x_wconf 86' lang='lat' dir='ltr'>Immolatus</span> <span class='ocrx_word' id='word_1_783' title='bbox 2000 4612 2096 4658; x_wconf 87' lang='lat' dir='ltr'>est.</span> <span class='ocrx_word' id='word_1_784' title='bbox 2120 4609 2335 4660; x_wconf 87' lang='lat' dir='ltr'>Dictus.</span> 
     </span>
    </p>
   </div>
   <div class='ocr_carea' id='block_1_98' title="bbox 1738 4678 2623 4740">
    <p class='ocr_par' dir='ltr' id='par_1_102' title="bbox 1738 4678 2623 4740">
     <span class='ocr_line' id='line_1_135' title="bbox 1738 4678 2623 4740; baseline -0.001 -13"><span class='ocrx_word' id='word_1_785' title='bbox 1738 4682 1778 4711; x_wconf 78' lang='grc'>³³</span> <span class='ocrx_word' id='word_1_786' title='bbox 1816 4679 1869 4727; x_wconf 78' lang='grc' dir='ltr'>η.</span> <span class='ocrx_word' id='word_1_787' title='bbox 1908 4678 2277 4740; x_wconf 83' lang='lat' dir='ltr'>Hierusalem,</span> <span class='ocrx_word' id='word_1_788' title='bbox 2308 4683 2355 4728; x_wconf 79' lang='lat' dir='ltr'>et</span> <span class='ocrx_word' id='word_1_789' title='bbox 2382 4680 2456 4727; x_wconf 76' lang='lat' dir='ltr'>sic</span> <span class='ocrx_word' id='word_1_790' title='bbox 2478 4692 2623 4740; x_wconf 68' lang='lat' dir='ltr'>saepe.</span> 
     </span>
    </p>
   </div>
   <div class='ocr_carea' id='block_1_99' title="bbox 1778 4749 3116 4817">
    <p class='ocr_par' dir='ltr' id='par_1_103' title="bbox 1778 4749 3116 4817">
     <span class='ocr_line' id='line_1_136' title="bbox 1778 4749 3116 4817; baseline -0.003 -12"><span class='ocrx_word' id='word_1_791' title='bbox 1778 4752 1815 4784; x_wconf 77' lang='grc'>³⁵</span> <span class='ocrx_word' id='word_1_792' title='bbox 1864 4756 1917 4805; x_wconf 91' lang='lat' dir='ltr'>C.</span> <span class='ocrx_word' id='word_1_793' title='bbox 1970 4749 2142 4817; x_wconf 88' lang='lat' dir='ltr'>Cujus</span> <span class='ocrx_word' id='word_1_794' title='bbox 2187 4754 2309 4814; x_wconf 89' lang='lat' dir='ltr'>post</span> <span class='ocrx_word' id='word_1_795' title='bbox 2360 4754 2594 4800; x_wconf 88' lang='lat' dir='ltr'>mortem</span> <span class='ocrx_word' id='word_1_796' title='bbox 2639 4756 2931 4816; x_wconf 86' lang='lat' dir='ltr'>postquam</span> <span class='ocrx_word' id='word_1_797' title='bbox 2982 4752 3116 4801; x_wconf 88' lang='lat' dir='ltr'>Nab.</span> 
     </span>
    </p>
   </div>
   <div class='ocr_carea' id='block_1_100' title="bbox 2153 4890 2791 4957">
    <p class='ocr_par' dir='ltr' id='par_1_104' title="bbox 2153 4890 2791 4957">
     <span class='ocr_line' id='line_1_137' title="bbox 2153 4890 2791 4957; baseline -0.005 -14"><span class='ocrx_word' id='word_1_798' title='bbox 2153 4890 2197 4925; x_wconf 74' lang='grc'>⁴⁶</span> <span class='ocrx_word' id='word_1_799' title='bbox 2237 4895 2293 4943; x_wconf 82' lang='lat' dir='ltr'>R.</span> <span class='ocrx_word' id='word_1_800' title='bbox 2338 4893 2405 4944; x_wconf 90' lang='lat' dir='ltr'>de</span> <span class='ocrx_word' id='word_1_801' title='bbox 2453 4893 2585 4957; x_wconf 89' lang='lat' dir='ltr'>ipsis</span> <span class='ocrx_word' id='word_1_802' title='bbox 2621 4893 2791 4943; x_wconf 88' lang='lat' dir='ltr'>enim.</span> 
     </span>
    </p>
   </div>
   <div class='ocr_carea' id='block_1_101' title="bbox 598 4959 3414 5035">
    <p class='ocr_par' dir='ltr' id='par_1_105' title="bbox 598 4959 3414 5035">
     <span class='ocr_line' id='line_1_138' title="bbox 598 4959 3414 5035; baseline 0.003 -32"><span class='ocrx_word' id='word_1_803' title='bbox 598 4959 637 5034; x_wconf 57' lang='grc' dir='ltr'>ξ)</span> <span class='ocrx_word' id='word_1_804' title='bbox 662 4959 724 5035; x_wconf 44' lang='grc'>,8.</span> <span class='ocrx_word' id='word_1_805' title='bbox 752 4960 1161 5035; x_wconf 33' lang='grc' dir='ltr'>,ςριιειιιιιθῐιιικ-</span> <span class='ocrx_word' id='word_1_806' title='bbox 1242 4961 1281 5035; x_wconf 54' lang='grc' dir='ltr'>ξ’)</span> <span class='ocrx_word' id='word_1_807' title='bbox 1421 4959 1562 5035; x_wconf 71' lang='lat' dir='ltr'>deest</span> <span class='ocrx_word' id='word_1_808' title='bbox 1604 4967 1659 5011; x_wconf 88' lang='lat' dir='ltr'>et</span> <span class='ocrx_word' id='word_1_809' title='bbox 1706 4969 1767 5014; x_wconf 90' lang='lat' dir='ltr'>ut</span> <span class='ocrx_word' id='word_1_810' title='bbox 1816 4968 2104 5032; x_wconf 86' lang='lat' dir='ltr'>signentur</span> <span class='ocrx_word' id='word_1_811' title='bbox 2141 4970 2391 5028; x_wconf 88' lang='lat' dir='ltr'>peccata,</span> <span class='ocrx_word' id='word_1_812' title='bbox 2423 4969 2473 5013; x_wconf 87' lang='lat' dir='ltr'>et</span> <span class='ocrx_word' id='word_1_813' title='bbox 2516 4978 2633 5011; x_wconf 77' lang='lat' dir='ltr'>mea:</span> <span class='ocrx_word' id='word_1_814' title='bbox 2674 4967 2730 5013; x_wconf 89' lang='lat' dir='ltr'>et</span> <span class='ocrx_word' id='word_1_815' title='bbox 2777 4966 3068 5029; x_wconf 81' lang='lat' dir='ltr'>expientur</span> <span class='ocrx_word' id='word_1_816' title='bbox 3109 4963 3414 5025; x_wconf 68' lang='lat' dir='ltr'>injustitiaa.</span> 
     </span>
    </p>
   </div>
   <div class='ocr_carea' id='block_1_102' title="bbox 593 5027 2621 5100">
    <p class='ocr_par' dir='ltr' id='par_1_106' title="bbox 593 5027 2621 5100">
     <span class='ocr_line' id='line_1_139' title="bbox 593 5027 2621 5100; baseline 0.001 -22"><span class='ocrx_word' id='word_1_817' title='bbox 593 5027 907 5100; x_wconf 52' lang='lat' dir='ltr'>injustitifm</span> <span class='ocrx_word' id='word_1_818' title='bbox 971 5029 1009 5059; x_wconf 73' lang='grc'>⁵³</span> <span class='ocrx_word' id='word_1_819' title='bbox 1041 5029 1095 5100; x_wconf 57' lang='grc' dir='ltr'>(ζ.</span> <span class='ocrx_word' id='word_1_820' title='bbox 1123 5027 1263 5100; x_wconf 71' lang='lat' dir='ltr'>deest</span> <span class='ocrx_word' id='word_1_821' title='bbox 1291 5034 1369 5078; x_wconf 84' lang='lat' dir='ltr'>ut.</span> <span class='ocrx_word' id='word_1_822' title='bbox 1447 5032 1487 5063; x_wconf 76' lang='grc'><strong><em>⁵³</em></strong></span> <span class='ocrx_word' id='word_1_823' title='bbox 1509 5034 1563 5084; x_wconf 85' lang='lat' dir='ltr'>C.</span> <span class='ocrx_word' id='word_1_824' title='bbox 1595 5027 1921 5100; x_wconf 66' lang='lat' dir='ltr'>prophetiae,</span> <span class='ocrx_word' id='word_1_825' title='bbox 1950 5042 2004 5087; x_wconf 86' lang='lat' dir='ltr'>et</span> <span class='ocrx_word' id='word_1_826' title='bbox 2029 5027 2256 5086; x_wconf 78' lang='lat' dir='ltr'>sanctus</span> <span class='ocrx_word' id='word_1_827' title='bbox 2284 5040 2621 5086; x_wconf 89' lang='lat' dir='ltr'>sanctorum.</span> 
     </span>
    </p>
   </div>
   <div class='ocr_carea' id='block_1_103' title="bbox 595 5096 2749 5173">
    <p class='ocr_par' dir='ltr' id='par_1_107' title="bbox 595 5096 2749 5173">
     <span class='ocr_line' id='line_1_140' title="bbox 595 5096 2749 5173; baseline -0.006 -8"><span class='ocrx_word' id='word_1_828' title='bbox 595 5096 728 5173; x_wconf 35' lang='lat' dir='ltr'>i0</span> <span class='ocrx_word' id='word_1_829' title='bbox 762 5096 1159 5173; x_wconf 58' lang='lat' dir='ltr'>h9bdom3d05-</span> <span class='ocrx_word' id='word_1_830' title='bbox 1230 5099 1274 5133; x_wconf 87' lang='grc'>⁵⁷</span> <span class='ocrx_word' id='word_1_831' title='bbox 1318 5104 1389 5152; x_wconf 79' lang='lat' dir='ltr'>W-</span> <span class='ocrx_word' id='word_1_832' title='bbox 1420 5103 1494 5151; x_wconf 73' lang='lat' dir='ltr'>sic</span> <span class='ocrx_word' id='word_1_833' title='bbox 1519 5096 1739 5154; x_wconf 44' lang='lat' dir='ltr'>restim—0</span> <span class='ocrx_word' id='word_1_834' title='bbox 1763 5110 1823 5157; x_wconf 86' lang='grc' dir='ltr'>Β.</span> <span class='ocrx_word' id='word_1_835' title='bbox 1850 5096 1917 5157; x_wconf 63' lang='grc' dir='ltr'>«εἰ⁷</span> <span class='ocrx_word' id='word_1_836' title='bbox 1938 5109 1992 5157; x_wconf 82' lang='lat' dir='ltr'>R.</span> <span class='ocrx_word' id='word_1_837' title='bbox 2023 5105 2249 5166; x_wconf 81' lang='lat' dir='ltr'>LXXII,</span> <span class='ocrx_word' id='word_1_838' title='bbox 2283 5110 2332 5154; x_wconf 85' lang='lat' dir='ltr'>et</span> <span class='ocrx_word' id='word_1_839' title='bbox 2350 5108 2421 5155; x_wconf 81' lang='lat' dir='ltr'>sic</span> <span class='ocrx_word' id='word_1_840' title='bbox 2450 5106 2749 5173; x_wconf 68' lang='lat' dir='ltr'>aliquoties.</span> 
     </span>
    </p>
   </div>
   <div class='ocr_carea' id='block_1_104' title="bbox 597 5163 3173 5242">
    <p class='ocr_par' dir='ltr' id='par_1_108' title="bbox 597 5163 3173 5242">
     <span class='ocr_line' id='line_1_141' title="bbox 597 5163 3173 5242; baseline 0.004 -27"><span class='ocrx_word' id='word_1_841' title='bbox 597 5163 747 5242; x_wconf 82' lang='lat' dir='ltr'>bitur</span> <span class='ocrx_word' id='word_1_842' title='bbox 774 5167 973 5242; x_wconf 78' lang='lat' dir='ltr'>platea,</span> <span class='ocrx_word' id='word_1_843' title='bbox 1008 5172 1061 5242; x_wconf 79' lang='lat' dir='ltr'>et</span> <span class='ocrx_word' id='word_1_844' title='bbox 1090 5183 1313 5242; x_wconf 84' lang='lat' dir='ltr'>murus;</span> <span class='ocrx_word' id='word_1_845' title='bbox 1346 5176 1395 5242; x_wconf 80' lang='lat' dir='ltr'>et</span> <span class='ocrx_word' id='word_1_846' title='bbox 1426 5174 1811 5226; x_wconf 76' lang='lat' dir='ltr'>exinaniantur</span> <span class='ocrx_word' id='word_1_847' title='bbox 1856 5182 2119 5242; x_wconf 87' lang='lat' dir='ltr'>tempora,</span> <span class='ocrx_word' id='word_1_848' title='bbox 2145 5180 2200 5227; x_wconf 88' lang='lat' dir='ltr'>et</span> <span class='ocrx_word' id='word_1_849' title='bbox 2233 5163 2365 5240; x_wconf 20' lang='lat' dir='ltr'>ipos‘</span> <span class='ocrx_word' id='word_1_850' title='bbox 2419 5163 2801 5230; x_wconf 79' lang='lat' dir='ltr'>hebdomadas</span> <span class='ocrx_word' id='word_1_851' title='bbox 2839 5177 2937 5231; x_wconf 84' lang='lat' dir='ltr'>has</span> <span class='ocrx_word' id='word_1_852' title='bbox 2996 5176 3173 5225; x_wconf 80' lang='lat' dir='ltr'><strong>LXII.</strong></span> 
     </span>
    </p>
   </div>
   <div class='ocr_carea' id='block_1_105' title="bbox 2418 4606 3913 4673">
    <p class='ocr_par' dir='ltr' id='par_1_109' title="bbox 2418 4606 3913 4673">
     <span class='ocr_line' id='line_1_142' title="bbox 2418 4606 3913 4673; baseline -0.001 -16"><span class='ocrx_word' id='word_1_853' title='bbox 2418 4607 2461 4640; x_wconf 79' lang='grc'>²⁷</span> <span class='ocrx_word' id='word_1_854' title='bbox 2498 4608 2552 4657; x_wconf 82' lang='lat' dir='ltr'>R.</span> <span class='ocrx_word' id='word_1_855' title='bbox 2580 4608 2783 4673; x_wconf 85' lang='lat' dir='ltr'>legitur</span> <span class='ocrx_word' id='word_1_856' title='bbox 2809 4608 2904 4657; x_wconf 84' lang='lat' dir='ltr'>Vi.</span> <span class='ocrx_word' id='word_1_857' title='bbox 2982 4609 3025 4643; x_wconf 78' lang='grc'>²³</span> <span class='ocrx_word' id='word_1_858' title='bbox 3058 4611 3112 4661; x_wconf 87' lang='lat' dir='ltr'>C.</span> <span class='ocrx_word' id='word_1_859' title='bbox 3146 4610 3335 4659; x_wconf 85' lang='lat' dir='ltr'>vitam.</span> <span class='ocrx_word' id='word_1_860' title='bbox 3422 4606 3466 4641; x_wconf 76' lang='lat'>“</span> <span class='ocrx_word' id='word_1_861' title='bbox 3488 4611 3546 4661; x_wconf 88' lang='lat' dir='ltr'>C.</span> <span class='ocrx_word' id='word_1_862' title='bbox 3584 4610 3728 4658; x_wconf 86' lang='lat' dir='ltr'>anni.</span> <span class='ocrx_word' id='word_1_863' title='bbox 3810 4608 3843 4637; x_wconf 78' lang='grc'>³⁸</span> <span class='ocrx_word' id='word_1_864' title='bbox 3871 4606 3913 4655; x_wconf 85' lang='lat' dir='ltr'>C.</span> 
     </span>
    </p>
   </div>
   <div class='ocr_carea' id='block_1_106' title="bbox 2711 4679 3917 4743">
    <p class='ocr_par' dir='ltr' id='par_1_110' title="bbox 2711 4679 3917 4743">
     <span class='ocr_line' id='line_1_143' title="bbox 2711 4679 3917 4743; baseline -0.007 -13"><span class='ocrx_word' id='word_1_865' title='bbox 2711 4684 2749 4713; x_wconf 83' lang='grc'><strong>³³</strong></span> <span class='ocrx_word' id='word_1_866' title='bbox 2792 4681 2847 4729; x_wconf 76' lang='lat' dir='ltr'>lt.</span> <span class='ocrx_word' id='word_1_867' title='bbox 2882 4679 3204 4740; x_wconf 89' lang='lat' dir='ltr'>Sedechias,</span> <span class='ocrx_word' id='word_1_868' title='bbox 3233 4684 3283 4729; x_wconf 79' lang='lat' dir='ltr'>et</span> <span class='ocrx_word' id='word_1_869' title='bbox 3311 4680 3388 4729; x_wconf 76' lang='lat' dir='ltr'>sic</span> <span class='ocrx_word' id='word_1_870' title='bbox 3409 4694 3626 4743; x_wconf 81' lang='lat' dir='ltr'>semper.</span> <span class='ocrx_word' id='word_1_871' title='bbox 3659 4680 3714 4730; x_wconf 88' lang='lat' dir='ltr'>C.</span> <span class='ocrx_word' id='word_1_872' title='bbox 3759 4687 3917 4735; x_wconf 75' lang='lat' dir='ltr'>semper</span> 
     </span>
    </p>
   </div>
   <div class='ocr_carea' id='block_1_107' title="bbox 3210 4746 3913 4803">
    <p class='ocr_par' dir='ltr' id='par_1_111' title="bbox 3210 4746 3913 4803">
     <span class='ocr_line' id='line_1_144' title="bbox 3210 4746 3913 4803; baseline -0.016 0"><span class='ocrx_word' id='word_1_873' title='bbox 3210 4752 3248 4786; x_wconf 74' lang='grc'>³³</span> <span class='ocrx_word' id='word_1_874' title='bbox 3286 4753 3341 4803; x_wconf 90' lang='lat' dir='ltr'>C.</span> <span class='ocrx_word' id='word_1_875' title='bbox 3384 4752 3533 4800; x_wconf 86' lang='lat' dir='ltr'>anni.</span> <span class='ocrx_word' id='word_1_876' title='bbox 3629 4749 3668 4783; x_wconf 85' lang='grc'>³⁷</span> <span class='ocrx_word' id='word_1_877' title='bbox 3713 4749 3766 4797; x_wconf 87' lang='lat' dir='ltr'>R.</span> <span class='ocrx_word' id='word_1_878' title='bbox 3815 4746 3913 4794; x_wconf 70' lang='lat' dir='ltr'>vita:</span> 
     </span>
    </p>
   </div>
   <div class='ocr_carea' id='block_1_108' title="bbox 2831 4817 3911 4884">
    <p class='ocr_par' dir='ltr' id='par_1_112' title="bbox 2831 4817 3911 4884">
     <span class='ocr_line' id='line_1_145' title="bbox 2831 4817 3911 4884; baseline -0.012 -9"><span class='ocrx_word' id='word_1_879' title='bbox 2831 4824 2873 4854; x_wconf 83' lang='grc'>⁴¹</span> <span class='ocrx_word' id='word_1_880' title='bbox 2920 4824 2975 4874; x_wconf 89' lang='lat' dir='ltr'>C.</span> <span class='ocrx_word' id='word_1_881' title='bbox 3025 4822 3273 4884; x_wconf 87' lang='lat' dir='ltr'>suscipit.</span> <span class='ocrx_word' id='word_1_882' title='bbox 3367 4823 3416 4853; x_wconf 80' lang='grc'>⁴³</span> <span class='ocrx_word' id='word_1_883' title='bbox 3454 4823 3508 4870; x_wconf 80' lang='lat' dir='ltr'>R.</span> <span class='ocrx_word' id='word_1_884' title='bbox 3552 4820 3687 4869; x_wconf 80' lang='lat' dir='ltr'>deest</span> <span class='ocrx_word' id='word_1_885' title='bbox 3733 4817 3911 4866; x_wconf 88' lang='lat' dir='ltr'>domus.</span> 
     </span>
    </p>
   </div>
   <div class='ocr_carea' id='block_1_109' title="bbox 2879 4885 3910 4943">
    <p class='ocr_par' dir='ltr' id='par_1_113' title="bbox 2879 4885 3910 4943">
     <span class='ocr_line' id='line_1_146' title="bbox 2879 4885 3910 4943; baseline -0.012 0"><span class='ocrx_word' id='word_1_886' title='bbox 2879 4890 2922 4927; x_wconf 70' lang='grc'>’³⁷</span> <span class='ocrx_word' id='word_1_887' title='bbox 2958 4894 3011 4942; x_wconf 84' lang='lat' dir='ltr'>R.</span> <span class='ocrx_word' id='word_1_888' title='bbox 3048 4891 3297 4943; x_wconf 87' lang='lat' dir='ltr'>Danielo.</span> <span class='ocrx_word' id='word_1_889' title='bbox 3390 4889 3434 4924; x_wconf 83' lang='grc'>⁴⁸</span> <span class='ocrx_word' id='word_1_890' title='bbox 3466 4894 3524 4943; x_wconf 87' lang='lat' dir='ltr'>C.</span> <span class='ocrx_word' id='word_1_891' title='bbox 3566 4885 3910 4939; x_wconf 46' lang='lat' dir='ltr'>hebdomadas</span> 
     </span>
    </p>
   </div>
   <div class='ocr_carea' id='block_1_110' title="bbox 3506 4959 3915 5010">
    <p class='ocr_par' dir='ltr' id='par_1_114' title="bbox 3506 4959 3915 5010">
     <span class='ocr_line' id='line_1_147' title="bbox 3506 4959 3915 5010; baseline -0.017 0"><span class='ocrx_word' id='word_1_892' title='bbox 3506 4962 3544 4996; x_wconf 80' lang='grc'><strong><em>⁵⁸</em></strong></span> <span class='ocrx_word' id='word_1_893' title='bbox 3585 4963 3639 5010; x_wconf 73' lang='lat' dir='ltr'>li.</span> <span class='ocrx_word' id='word_1_894' title='bbox 3666 4959 3915 5010; x_wconf 84' lang='lat' dir='ltr'>deleantur</span> 
     </span>
    </p>
   </div>
   <div class='ocr_carea' id='block_1_111' title="bbox 2711 5032 3911 5100">
    <p class='ocr_par' dir='ltr' id='par_1_115' title="bbox 2711 5032 3911 5100">
     <span class='ocr_line' id='line_1_148' title="bbox 2711 5032 3911 5100; baseline -0.011 -14"><span class='ocrx_word' id='word_1_895' title='bbox 2711 5035 2752 5065; x_wconf 69' lang='grc'>⁵⁵</span> <span class='ocrx_word' id='word_1_896' title='bbox 2783 5037 2836 5085; x_wconf 83' lang='lat' dir='ltr'>R.</span> <span class='ocrx_word' id='word_1_897' title='bbox 2871 5035 3313 5100; x_wconf 86' lang='lat' dir='ltr'>responderetur.</span> <span class='ocrx_word' id='word_1_898' title='bbox 3402 5037 3442 5068; x_wconf 78' lang='grc'>⁵⁵</span> <span class='ocrx_word' id='word_1_899' title='bbox 3478 5036 3533 5086; x_wconf 88' lang='lat' dir='ltr'>C.</span> <span class='ocrx_word' id='word_1_900' title='bbox 3565 5032 3911 5083; x_wconf 65' lang='lat' dir='ltr'>aediﬁcaretur.</span> 
     </span>
    </p>
   </div>
   <div class='ocr_carea' id='block_1_112' title="bbox 2848 5099 3913 5158">
    <p class='ocr_par' dir='ltr' id='par_1_116' title="bbox 2848 5099 3913 5158">
     <span class='ocr_line' id='line_1_149' title="bbox 2848 5099 3913 5158; baseline -0.011 0"><span class='ocrx_word' id='word_1_901' title='bbox 2848 5105 2887 5138; x_wconf 82' lang='grc'>⁵⁹</span> <span class='ocrx_word' id='word_1_902' title='bbox 2920 5099 2975 5158; x_wconf 82' lang='lat' dir='ltr'>C.</span> <span class='ocrx_word' id='word_1_903' title='bbox 3001 5105 3135 5154; x_wconf 81' lang='lat' dir='ltr'>deest</span> <span class='ocrx_word' id='word_1_904' title='bbox 3165 5110 3217 5153; x_wconf 91' lang='lat' dir='ltr'>et</span> <span class='ocrx_word' id='word_1_905' title='bbox 3246 5108 3596 5155; x_wconf 75' lang='lat' dir='ltr'>convertatur</span> <span class='ocrx_word' id='word_1_906' title='bbox 3622 5107 3673 5152; x_wconf 85' lang='lat' dir='ltr'>et</span> <span class='ocrx_word' id='word_1_907' title='bbox 3699 5099 3913 5151; x_wconf 65' lang='lat' dir='ltr'>seditios-</span> 
     </span>
    </p>
   </div>
   <div class='ocr_carea' id='block_1_113' title="bbox 3259 5170 3911 5224">
    <p class='ocr_par' dir='ltr' id='par_1_117' title="bbox 3259 5170 3911 5224">
     <span class='ocr_line' id='line_1_150' title="bbox 3259 5170 3911 5224; baseline -0.014 1"><span class='ocrx_word' id='word_1_908' title='bbox 3259 5176 3300 5208; x_wconf 78' lang='grc'>⁵⁹</span> <span class='ocrx_word' id='word_1_909' title='bbox 3330 5177 3384 5224; x_wconf 84' lang='lat' dir='ltr'>R.</span> <span class='ocrx_word' id='word_1_910' title='bbox 3421 5175 3641 5224; x_wconf 80' lang='lat' dir='ltr'>LXXII.</span> <span class='ocrx_word' id='word_1_911' title='bbox 3723 5170 3766 5204; x_wconf 73' lang='grc' dir='ltr'>ιθ</span> <span class='ocrx_word' id='word_1_912' title='bbox 3799 5172 3846 5221; x_wconf 90' lang='lat' dir='ltr'>C.</span> <span class='ocrx_word' id='word_1_913' title='bbox 3870 5170 3911 5217; x_wconf 83' lang='lat' dir='ltr'>et</span> 
     </span>
    </p>
   </div>
   <div class='ocr_carea' id='block_1_114' title="bbox 2397 4821 2737 4872">
    <p class='ocr_par' dir='ltr' id='par_1_118' title="bbox 2397 4821 2737 4872">
     <span class='ocr_line' id='line_1_151' title="bbox 2397 4821 2737 4872; baseline -0.012 -1"><span class='ocrx_word' id='word_1_914' title='bbox 2397 4826 2439 4856; x_wconf 69' lang='lat'>4&#39;</span> <span class='ocrx_word' id='word_1_915' title='bbox 2494 4821 2547 4872; x_wconf 74' lang='grc' dir='ltr'>Β.</span> <span class='ocrx_word' id='word_1_916' title='bbox 2595 4825 2737 4870; x_wconf 61' lang='lat' dir='ltr'>sunt.</span> 
     </span>
    </p>
   </div>
   <div class='ocr_carea' id='block_1_115' title="bbox 1984 5238 3909 5301">
    <p class='ocr_par' dir='ltr' id='par_1_119' title="bbox 1984 5238 3909 5301">
     <span class='ocr_line' id='line_1_152' title="bbox 1984 5238 3909 5301; baseline -0.005 -2"><span class='ocrx_word' id='word_1_917' title='bbox 1984 5248 2029 5282; x_wconf 73' lang='grc'>⁸⁵</span> <span class='ocrx_word' id='word_1_918' title='bbox 2066 5249 2122 5299; x_wconf 86' lang='lat' dir='ltr'>C.</span> <span class='ocrx_word' id='word_1_919' title='bbox 2152 5251 2207 5297; x_wconf 87' lang='lat' dir='ltr'>et</span> <span class='ocrx_word' id='word_1_920' title='bbox 2231 5238 2455 5298; x_wconf 85' lang='lat' dir='ltr'>dimidia</span> <span class='ocrx_word' id='word_1_921' title='bbox 2487 5250 2884 5301; x_wconf 87' lang='lat' dir='ltr'>hebdomadas.</span> <span class='ocrx_word' id='word_1_922' title='bbox 2948 5250 2998 5281; x_wconf 80' lang='grc'>⁶⁴</span> <span class='ocrx_word' id='word_1_923' title='bbox 3032 5250 3087 5299; x_wconf 89' lang='lat' dir='ltr'>C.</span> <span class='ocrx_word' id='word_1_924' title='bbox 3122 5246 3261 5295; x_wconf 78' lang='lat' dir='ltr'>deest</span> <span class='ocrx_word' id='word_1_925' title='bbox 3299 5252 3373 5297; x_wconf 89' lang='lat' dir='ltr'>et.</span> <span class='ocrx_word' id='word_1_926' title='bbox 3436 5246 3478 5278; x_wconf 73' lang='grc'>⁸⁵</span> <span class='ocrx_word' id='word_1_927' title='bbox 3514 5246 3569 5293; x_wconf 81' lang='lat' dir='ltr'>R.</span> <span class='ocrx_word' id='word_1_928' title='bbox 3601 5241 3747 5292; x_wconf 90' lang='lat' dir='ltr'>illud.</span> <span class='ocrx_word' id='word_1_929' title='bbox 3808 5238 3909 5287; x_wconf 70' lang='lat' dir='ltr'>“C.</span> 
     </span>
    </p>
   </div>
   <div class='ocr_carea' id='block_1_116' title="bbox 598 5306 3910 5382">
    <p class='ocr_par' dir='ltr' id='par_1_120' title="bbox 598 5306 3910 5382">
     <span class='ocr_line' id='line_1_153' title="bbox 598 5306 3910 5382; baseline -0.002 -17"><span class='ocrx_word' id='word_1_930' title='bbox 598 5306 667 5382; x_wconf 51' lang='grc' dir='ltr'>τῇ)</span> <span class='ocrx_word' id='word_1_931' title='bbox 686 5306 902 5382; x_wconf 43' lang='grc' dir='ltr'>ξηίλίοη</span> <span class='ocrx_word' id='word_1_932' title='bbox 938 5308 981 5382; x_wconf 55' lang='lat' dir='ltr'><strong>f7</strong></span> <span class='ocrx_word' id='word_1_933' title='bbox 1010 5314 1063 5362; x_wconf 74' lang='grc' dir='ltr'>Ο.</span> <span class='ocrx_word' id='word_1_934' title='bbox 1092 5312 1461 5363; x_wconf 88' lang='lat' dir='ltr'>conﬁrmavit.</span> <span class='ocrx_word' id='word_1_935' title='bbox 1528 5314 1571 5348; x_wconf 79' lang='grc'>⁸⁸</span> <span class='ocrx_word' id='word_1_936' title='bbox 1595 5318 1649 5367; x_wconf 87' lang='lat' dir='ltr'>C.</span> <span class='ocrx_word' id='word_1_937' title='bbox 1684 5317 2019 5370; x_wconf 86' lang='lat' dir='ltr'>hebdomad.</span> <span class='ocrx_word' id='word_1_938' title='bbox 2050 5324 2098 5368; x_wconf 76' lang='lat' dir='ltr'>et</span> <span class='ocrx_word' id='word_1_939' title='bbox 2127 5320 2268 5368; x_wconf 81' lang='lat' dir='ltr'>deest</span> <span class='ocrx_word' id='word_1_940' title='bbox 2296 5334 2443 5382; x_wconf 78' lang='lat' dir='ltr'>ergo.</span> <span class='ocrx_word' id='word_1_941' title='bbox 2509 5321 2551 5355; x_wconf 67' lang='grc' dir='ltr'>σε</span> <span class='ocrx_word' id='word_1_942' title='bbox 2587 5324 2635 5371; x_wconf 84' lang='lat' dir='ltr'>R.</span> <span class='ocrx_word' id='word_1_943' title='bbox 2667 5322 2933 5373; x_wconf 77' lang='lat' dir='ltr'>DCLXX.</span> <span class='ocrx_word' id='word_1_944' title='bbox 2999 5318 3041 5352; x_wconf 77' lang='lat'>7°</span> <span class='ocrx_word' id='word_1_945' title='bbox 3085 5321 3140 5371; x_wconf 89' lang='lat' dir='ltr'>C.</span> <span class='ocrx_word' id='word_1_946' title='bbox 3185 5331 3395 5368; x_wconf 88' lang='lat' dir='ltr'>eorum.</span> <span class='ocrx_word' id='word_1_947' title='bbox 3460 5316 3501 5350; x_wconf 79' lang='lat'><strong>7&#39;</strong></span> <span class='ocrx_word' id='word_1_948' title='bbox 3530 5318 3584 5368; x_wconf 78' lang='grc' dir='ltr'><strong>ϐ.</strong></span> <span class='ocrx_word' id='word_1_949' title='bbox 3632 5316 3767 5365; x_wconf 87' lang='lat' dir='ltr'>sicut</span> <span class='ocrx_word' id='word_1_950' title='bbox 3806 5306 3910 5360; x_wconf 85' lang='lat' dir='ltr'>and.</span> 
     </span>
    </p>
   </div>
   <div class='ocr_carea' id='block_1_117' title="bbox 602 5376 3908 5456">
    <p class='ocr_par' dir='ltr' id='par_1_121' title="bbox 602 5376 3908 5456">
     <span class='ocr_line' id='line_1_154' title="bbox 602 5376 3908 5456; baseline 0.002 -33"><span class='ocrx_word' id='word_1_951' title='bbox 602 5376 644 5456; x_wconf 51' lang='grc' dir='ltr'><em>ἲ</em></span> <span class='ocrx_word' id='word_1_952' title='bbox 766 5377 1015 5456; x_wconf 77' lang='lat' dir='ltr'>Danielo.</span> <span class='ocrx_word' id='word_1_953' title='bbox 1051 5383 1105 5434; x_wconf 87' lang='lat' dir='ltr'>C.</span> <span class='ocrx_word' id='word_1_954' title='bbox 1139 5384 1445 5456; x_wconf 66' lang='lat' dir='ltr'>aDaniele.</span> <span class='ocrx_word' id='word_1_955' title='bbox 1513 5383 1554 5418; x_wconf 74' lang='grc'><strong>⁷³</strong></span> <span class='ocrx_word' id='word_1_956' title='bbox 1593 5389 1650 5439; x_wconf 89' lang='lat' dir='ltr'>C.</span> <span class='ocrx_word' id='word_1_957' title='bbox 1688 5392 1739 5438; x_wconf 88' lang='lat' dir='ltr'>et</span> <span class='ocrx_word' id='word_1_958' title='bbox 1766 5392 2136 5443; x_wconf 85' lang='lat' dir='ltr'>conﬁrmavit.</span> <span class='ocrx_word' id='word_1_959' title='bbox 2204 5391 2246 5425; x_wconf 64' lang='grc'>⁷⁸</span> <span class='ocrx_word' id='word_1_960' title='bbox 2277 5394 2330 5441; x_wconf 74' lang='grc' dir='ltr'>Β.</span> <span class='ocrx_word' id='word_1_961' title='bbox 2357 5376 2489 5456; x_wconf 71' lang='lat' dir='ltr'>quis</span> <span class='ocrx_word' id='word_1_962' title='bbox 2520 5394 2657 5445; x_wconf 85' lang='lat' dir='ltr'>dies.</span> <span class='ocrx_word' id='word_1_963' title='bbox 2725 5391 2766 5426; x_wconf 77' lang='lat'>75</span> <span class='ocrx_word' id='word_1_964' title='bbox 2800 5394 2855 5441; x_wconf 71' lang='grc' dir='ltr'>Β.</span> <span class='ocrx_word' id='word_1_965' title='bbox 2895 5390 3227 5455; x_wconf 74' lang='lat' dir='ltr'>Apocalypsi</span> <span class='ocrx_word' id='word_1_966' title='bbox 3253 5390 3328 5438; x_wconf 92' lang='lat' dir='ltr'>in.</span> <span class='ocrx_word' id='word_1_967' title='bbox 3396 5385 3438 5420; x_wconf 79' lang='grc'><strong>⁷⁶</strong></span> <span class='ocrx_word' id='word_1_968' title='bbox 3474 5388 3527 5437; x_wconf 75' lang='lat' dir='ltr'>It.</span> <span class='ocrx_word' id='word_1_969' title='bbox 3560 5384 3908 5456; x_wconf 67' lang='lat' dir='ltr'>Antichristus.</span> 
     </span>
    </p>
   </div>
   <div class='ocr_carea' id='block_1_118' title="bbox 595 5445 2528 5516">
    <p class='ocr_par' dir='ltr' id='par_1_122' title="bbox 595 5445 2528 5516">
     <span class='ocr_line' id='line_1_155' title="bbox 595 5445 2528 5516; baseline 0.01 -21"><span class='ocrx_word' id='word_1_970' title='bbox 595 5445 639 5481; x_wconf 79' lang='lat'><strong>77</strong></span> <span class='ocrx_word' id='word_1_971' title='bbox 669 5448 723 5496; x_wconf 78' lang='lat' dir='ltr'>Ii.</span> <span class='ocrx_word' id='word_1_972' title='bbox 760 5449 1077 5500; x_wconf 89' lang='lat' dir='ltr'>consedere.</span> <span class='ocrx_word' id='word_1_973' title='bbox 1142 5452 1186 5487; x_wconf 77' lang='grc'>⁷⁸</span> <span class='ocrx_word' id='word_1_974' title='bbox 1211 5455 1270 5504; x_wconf 85' lang='lat' dir='ltr'>R.</span> <span class='ocrx_word' id='word_1_975' title='bbox 1301 5455 1604 5506; x_wconf 90' lang='lat' dir='ltr'>Dominum</span> <span class='ocrx_word' id='word_1_976' title='bbox 1633 5462 1693 5508; x_wconf 85' lang='lat' dir='ltr'>se</span> <span class='ocrx_word' id='word_1_977' title='bbox 1720 5460 1916 5512; x_wconf 86' lang='lat' dir='ltr'>afﬁrm.</span> <span class='ocrx_word' id='word_1_978' title='bbox 1982 5462 2025 5497; x_wconf 73' lang='lat'><strong>79</strong></span> <span class='ocrx_word' id='word_1_979' title='bbox 2059 5466 2112 5516; x_wconf 89' lang='lat' dir='ltr'>C.</span> <span class='ocrx_word' id='word_1_980' title='bbox 2152 5445 2431 5514; x_wconf 74' lang='lat' dir='ltr'>Christum</span> <span class='ocrx_word' id='word_1_981' title='bbox 2458 5470 2528 5516; x_wconf 89' lang='lat' dir='ltr'>et.</span> 
     </span>
    </p>
   </div>
   <div class='ocr_carea' id='block_1_119' title="bbox 595 5516 1718 5580">
    <p class='ocr_par' dir='ltr' id='par_1_123' title="bbox 595 5516 1718 5580">
     <span class='ocr_line' id='line_1_156' title="bbox 595 5516 1718 5580; baseline 0.011 -12"><span class='ocrx_word' id='word_1_982' title='bbox 595 5516 723 5569; x_wconf 90' lang='lat' dir='ltr'>hoc.</span> <span class='ocrx_word' id='word_1_983' title='bbox 793 5516 835 5552; x_wconf 82' lang='grc'>⁸³</span> <span class='ocrx_word' id='word_1_984' title='bbox 870 5518 924 5568; x_wconf 85' lang='lat' dir='ltr'>R.</span> <span class='ocrx_word' id='word_1_985' title='bbox 955 5520 1176 5572; x_wconf 81' lang='lat' dir='ltr'><strong>LXXII.</strong></span> <span class='ocrx_word' id='word_1_986' title='bbox 1210 5526 1265 5578; x_wconf 88' lang='lat' dir='ltr'>C.</span> <span class='ocrx_word' id='word_1_987' title='bbox 1294 5524 1445 5577; x_wconf 80' lang='lat' dir='ltr'>LXX</span> <span class='ocrx_word' id='word_1_988' title='bbox 1473 5531 1530 5577; x_wconf 85' lang='lat' dir='ltr'>et</span> <span class='ocrx_word' id='word_1_989' title='bbox 1561 5527 1718 5580; x_wconf 85' lang='lat' dir='ltr'>duas.</span> 
     </span>
    </p>
   </div>
   <div class='ocr_carea' id='block_1_120' title="bbox 2604 5452 3909 5524">
    <p class='ocr_par' dir='ltr' id='par_1_124' title="bbox 2604 5452 3909 5524">
     <span class='ocr_line' id='line_1_157' title="bbox 2604 5452 3909 5524; baseline -0.012 -8"><span class='ocrx_word' id='word_1_990' title='bbox 2604 5464 2645 5499; x_wconf 63' lang='lat'>5°</span> <span class='ocrx_word' id='word_1_991' title='bbox 2677 5467 2733 5517; x_wconf 89' lang='lat' dir='ltr'>C.</span> <span class='ocrx_word' id='word_1_992' title='bbox 2764 5452 3121 5514; x_wconf 48' lang='lat' dir='ltr'>vastationis.</span> <span class='ocrx_word' id='word_1_993' title='bbox 3146 5452 3216 5495; x_wconf 40' lang='lat'>&#39;3&#39;</span> <span class='ocrx_word' id='word_1_994' title='bbox 3252 5463 3307 5515; x_wconf 89' lang='lat' dir='ltr'>C.</span> <span class='ocrx_word' id='word_1_995' title='bbox 3341 5465 3397 5511; x_wconf 81' lang='lat' dir='ltr'>et.</span> <span class='ocrx_word' id='word_1_996' title='bbox 3424 5472 3600 5524; x_wconf 88' lang='lat' dir='ltr'>super.</span> <span class='ocrx_word' id='word_1_997' title='bbox 3666 5457 3704 5490; x_wconf 74' lang='grc'>³⁸</span> <span class='ocrx_word' id='word_1_998' title='bbox 3726 5456 3776 5505; x_wconf 83' lang='lat' dir='ltr'>R.</span> <span class='ocrx_word' id='word_1_999' title='bbox 3802 5452 3909 5503; x_wconf 80' lang='lat' dir='ltr'>Poet</span> 
     </span>
    </p>
   </div>
   <div class='ocr_carea' id='block_1_121' title="bbox 1861 5638 2691 5708">
    <p class='ocr_par' dir='ltr' id='par_1_125' title="bbox 1861 5638 2691 5708">
     <span class='ocr_line' id='line_1_158' title="bbox 1861 5638 2691 5708; baseline 0.006 -5"><span class='ocrx_word' id='word_1_1000' title='bbox 1861 5638 2124 5703; x_wconf 89' lang='lat' dir='ltr'>Henrici</span> <span class='ocrx_word' id='word_1_1001' title='bbox 2153 5640 2463 5707; x_wconf 83' lang='lat' dir='ltr'>Dodwelli</span> <span class='ocrx_word' id='word_1_1002' title='bbox 2495 5648 2691 5708; x_wconf 68' lang='lat' dir='ltr'>notae.</span> 
     </span>
    </p>
   </div>
   <div class='ocr_carea' id='block_1_122' title="bbox 660 5755 2225 5834">
    <p class='ocr_par' dir='ltr' id='par_1_126' title="bbox 660 5755 2225 5834">
     <span class='ocr_line' id='line_1_159' title="bbox 660 5755 2225 5834; baseline 0.012 -31"><span class='ocrx_word' id='word_1_1003' title='bbox 660 5755 760 5819; x_wconf 78' lang='lat'>(28)</span> <span class='ocrx_word' id='word_1_1004' title='bbox 795 5756 995 5834; x_wconf 67' lang='lat' dir='ltr'>Dorias</span> <span class='ocrx_word' id='word_1_1005' title='bbox 1038 5756 1189 5834; x_wconf 50' lang='lat' dir='ltr'>Cyri;</span> <span class='ocrx_word' id='word_1_1006' title='bbox 1215 5757 1380 5834; x_wconf 66' lang='lat' dir='ltr'>ﬁti&#39;us.</span> <span class='ocrx_word' id='word_1_1007' title='bbox 1434 5761 1521 5814; x_wconf 73' lang='grc' dir='ltr'>ιν.</span> <span class='ocrx_word' id='word_1_1008' title='bbox 1560 5763 1618 5815; x_wconf 88' lang='lat' dir='ltr'>id</span> <span class='ocrx_word' id='word_1_1009' title='bbox 1669 5769 1754 5819; x_wconf 85' lang='lat' dir='ltr'>est</span> <span class='ocrx_word' id='word_1_1010' title='bbox 1799 5779 1985 5834; x_wconf 81' lang='lat' dir='ltr'>gener,</span> <span class='ocrx_word' id='word_1_1011' title='bbox 2013 5772 2071 5820; x_wconf 88' lang='lat' dir='ltr'>ut</span> <span class='ocrx_word' id='word_1_1012' title='bbox 2135 5770 2225 5822; x_wconf 89' lang='lat' dir='ltr'>cui</span> 
     </span>
    </p>
   </div>
   <div class='ocr_carea' id='block_1_123' title="bbox 591 5829 1441 5898">
    <p class='ocr_par' dir='ltr' id='par_1_127' title="bbox 591 5829 1441 5898">
     <span class='ocr_line' id='line_1_160' title="bbox 591 5829 1441 5898; baseline 0.014 -23"><span class='ocrx_word' id='word_1_1013' title='bbox 591 5831 857 5894; x_wconf 84' lang='lat' dir='ltr'>nupserat</span> <span class='ocrx_word' id='word_1_1014' title='bbox 893 5830 1114 5894; x_wconf 85' lang='lat' dir='ltr'>Atossa,</span> <span class='ocrx_word' id='word_1_1015' title='bbox 1148 5829 1277 5898; x_wconf 78' lang='lat' dir='ltr'>Cyri</span> <span class='ocrx_word' id='word_1_1016' title='bbox 1310 5832 1441 5887; x_wconf 84' lang='lat' dir='ltr'>ﬁlia.</span> 
     </span>
    </p>
   </div>
   <div class='ocr_carea' id='block_1_124' title="bbox 2391 5755 3900 5897">
    <p class='ocr_par' dir='ltr' id='par_1_128' title="bbox 2391 5755 3900 5897">
     <span class='ocr_line' id='line_1_161' title="bbox 2391 5755 3900 5897; baseline -0.017 -65"><span class='ocrx_word' id='word_1_1017' title='bbox 2391 5770 2794 5897; x_wconf 55' lang='lat' dir='ltr'>(39)DHeb%omas</span> <span class='ocrx_word' id='word_1_1018' title='bbox 2846 5784 2975 5823; x_wconf 78' lang='lat' dir='ltr'>una.</span> <span class='ocrx_word' id='word_1_1019' title='bbox 3020 5770 3079 5823; x_wconf 89' lang='lat' dir='ltr'>U.</span> <span class='ocrx_word' id='word_1_1020' title='bbox 3106 5769 3217 5823; x_wconf 83' lang='lat' dir='ltr'>vid.</span> <span class='ocrx_word' id='word_1_1021' title='bbox 3271 5767 3550 5839; x_wconf 81' lang='lat' dir='ltr'>Hyppolit.</span> <span class='ocrx_word' id='word_1_1022' title='bbox 3610 5761 3747 5831; x_wconf 84' lang='lat' dir='ltr'>apud</span> <span class='ocrx_word' id='word_1_1023' title='bbox 3791 5755 3900 5811; x_wconf 79' lang='lat' dir='ltr'>Hie-</span> 
     </span>
     <span class='ocr_line' id='line_1_162' title="bbox 2391 5856 2674 5897; baseline 0.011 -3"><span class='ocrx_word' id='word_1_1024' title='bbox 2391 5856 2443 5894; x_wconf 90' lang='lat' dir='ltr'>n.</span> <span class='ocrx_word' id='word_1_1025' title='bbox 2522 5857 2608 5896; x_wconf 87' lang='lat' dir='ltr'>an.</span> <span class='ocrx_word' id='word_1_1026' title='bbox 2663 5881 2674 5897; x_wconf 92' lang='lat'>.</span> 
     </span>
    </p>
   </div>
   <div class='ocr_carea' id='block_1_125' title="bbox 2325 5856 2674 5898">
    <p class='ocr_par' dir='ltr' id='par_1_129' title="bbox 2325 5856 2674 5898">
     <span class='ocr_line' id='line_1_163' title="bbox 2325 5856 2674 5898; baseline 0.009 -3"><span class='ocrx_word' id='word_1_1027' title='bbox 2325 5856 2443 5895; x_wconf 77' lang='lat' dir='ltr'>I‘OD.</span> <span class='ocrx_word' id='word_1_1028' title='bbox 2469 5856 2608 5896; x_wconf 73' lang='grc' dir='ltr'>υθιι.</span> <span class='ocrx_word' id='word_1_1029' title='bbox 2627 5856 2674 5898; x_wconf 77' lang='grc' dir='ltr'>υ.</span> 
     </span>
    </p>
   </div>
  </div>
