4082 6194
252 258 285 320 1
305 262 404 320 041

1550 260 1640 320 DE
1679 261 1938 323 PASCHA
1976 263 2349 327 COMPUTUS.

3487 276 3625 336 1042

252 386 665 446 hebdomadas.
719 387 857 456 Quae
916 360 1134 463 septem
1186 388 1568 447 hebdomadas
1607 391 1903 451 continent
1925 404 1983 480 Α
2004 394 2258 454 Smerdis
2285 409 2327 442 υ
2355 397 2544 471 Magus
2572 400 2866 458 mensibus
2904 406 3123 476 septem
3150 404 3196 441 ⁸⁵
3213 422 3231 477 3
3266 404 3364 479 qui
3395 422 3626 463 menses

254 501 434 540 annos
463 501 622 554 mx;
680 484 883 557 quibus
942 484 1236 557 suppletis,
1292 485 1390 542 illo
1422 485 1482 541 in
1532 491 1793 559 tempore
1843 490 1899 542 et

256 579 610 635 Hierusalem
642 580 901 635 restituta
940 580 1410 651 coguoscebatur,
1468 585 1525 635 et
1572 582 1757 653 platea
1794 597 1899 654 per

258 675 521 729 medium
565 675 687 745 ejus
732 673 1008 728 aediﬁcata
1053 674 1541 745 considerabatur,
1593 692 1791 730 murus
1838 676 1897 730 in

260 769 503 823 circuitu
547 768 787 824 civitatis
824 768 996 839 ipsius
1036 772 1255 823 erectus
1299 768 1400 823 illa
1441 770 1635 824 omnia
1663 786 1790 842 quae
1816 770 1898 824 in-

257 867 352 918 tus
390 866 557 919 erant
600 862 827 918 fortiter
867 862 1137 917 tuebatur
1165 862 1232 917 3‘.
1275 863 1337 917 In
1368 879 1478 934 qua
1503 862 1727 918 civitate
1755 868 1896 918 tem-

258 957 421 1029 plum
450 956 590 1011 illud
619 956 769 1028 quod
796 956 854 1011 in
878 955 1250 1011 similitudine
1283 956 1329 991 ⁸⁵
1380 957 1518 1012 Adae
1560 957 1750 1011 fuerat
1802 956 1897 1011 de-

260 1053 565 1117 structum,
590 1049 647 1104 in
676 1049 912 1104 nomine
937 1050 983 1085 ⁸⁸
1010 1049 1129 1119 ejus
1158 1051 1366 1104 iterum
1412 1067 1516 1121 per
1552 1066 1673 1106 xcu
1707 1051 1751 1085 ⁸⁷
1799 1068 1895 1105 an-

260 1161 365 1200 nos
414 1151 502 1200 est
557 1144 918 1213 arditicatum,
966 1149 1020 1198 et
1073 1144 1131 1197 in
1186 1137 1535 1199 sacramento
1565 1146 1605 1179 ⁸³
1657 1144 1896 1216 Spiritus

264 1239 446 1293 sancti
475 1238 596 1293 oleo
625 1241 711 1292 est
739 1244 994 1305 unctum,
1022 1237 1308 1308 quomodo
1352 1238 1422 1292 ab
1460 1238 1668 1309 angelo
1713 1239 1895 1293 fuerat

263 1332 499 1387 dictum.
531 1334 601 1387 Ut
627 1336 1055 1387 consummatur
1078 1340 1120 1375 ω
1151 1331 1287 1386 visio
1319 1335 1375 1386 et
1426 1332 1731 1404 prephetia
1753 1341 1800 1376 9°
1840 1338 1894 1387 et

262 1430 560 1496 unguatur
586 1427 624 1461 ⁹¹
666 1428 933 1482 Sanctum
962 1430 1006 1466 ³³
1030 1429 1374 1479 sanctorum.
1405 1428 1594 1497 Ipsum
1625 1436 1665 1468 93
1699 1429 1891 1479 autem

262 1519 374 1574 fuit
407 1520 677 1575 Sanctum
707 1522 1033 1573 sanctorum
1064 1520 1122 1573 in
1156 1519 1462 1590 imaginem
1491 1519 1732 1573 hominis
1764 1536 1895 1573 unc-

257 1619 385 1668 tum
433 1612 496 1681 ⁰⁴,
549 1613 700 1684 quod
743 1630 872 1667 cum
910 1613 1032 1684 ipsa
1076 1612 1321 1681 civitate,
1351 1629 1455 1684 pro
1482 1612 1813 1669 infidelitate
1854 1620 1896 1655 9⁸

254 1706 592 1763 Iudaeorum
635 1708 703 1761 ab
738 1707 860 1778 ipso
882 1708 1123 1761 Domino
1151 1712 1348 1762 nostro
1384 1706 1596 1761 iterum
1626 1708 1895 1778 tempori-

2000 504 2034 543 a
2064 490 2227 545 nobis
2257 506 2373 546 non
2413 499 2840 563 computantur,
2878 513 3054 568 quare
3081 498 3127 539 ιδ
3150 497 3177 552 ?
3227 496 3512 562 Quoniam
3564 499 3622 553 in

1998 579 2242 650 septimo
2291 596 2486 636 mense
2538 583 2666 653 Cyri
2722 583 3094 641 fundamenta
3144 587 3346 659 templi
3424 604 3627 659 posue-

1998 679 2132 727 runt
2178 683 2240 741 ιη,
2285 680 2341 729 et
2381 683 2424 717 ³⁷
2457 675 2661 731 exinde
2713 693 2890 749 usque
2934 681 3004 734 ad
3047 697 3264 735 annum
3305 682 3621 737 secundum

2000 767 2149 821 Darii
2177 769 2396 839 epusin
2437 785 2503 824 eo
2530 781 2577 815 η
2612 787 2724 824 non
2771 772 3137 828 confecerunt
3166 784 3224 828 ιο.
3284 775 3438 831 Tunc
3482 792 3613 848 pro-

1997 860 2237 931 phetaut
2262 865 2508 933 Aggmus
2537 870 2591 919 et
2618 864 2945 932 Zacharias;
2977 884 3074 937 per
3104 885 3246 939 quos
3293 870 3621 925 exhortatus

1997 960 2080 1009 est
2099 971 2193 1009 eos
2233 957 2525 1025 Dominus,
2564 963 2619 1011 et
2665 960 2970 1013 unanimes
3024 969 3399 1029 recesserunt,
3454 970 3510 1019 et
3562 966 3619 1019 in

1995 1048 2371 1118 quadriennio
2416 1050 2704 1105 residuum
2758 1070 2900 1124 Opus
2943 1056 3137 1126 templi
3188 1072 3622 1112 consummave-

1995 1144 2149 1196 runt.
2182 1141 2343 1205 Quod
2374 1143 2559 1214 ipsum
2591 1146 2826 1215 quidem
2859 1147 2917 1201 in
2950 1148 3137 1219 primo
3167 1150 3315 1204 libro
3344 1151 3546 1206 Esdras
3574 1153 3624 1188 ³ο

1995 1235 2300 1291 manifeste
2342 1238 2789 1307 demonstratur,
2847 1242 2997 1312 quod
3050 1246 3209 1297 sexto
3260 1261 3412 1299 anno
3472 1248 3624 1303 Darii

1995 1330 2289 1400 templum
2322 1330 2418 1384 Dei
2448 1331 2520 1384 sit
2550 1333 2589 1365 ³¹
2640 1349 2741 1403 per
2786 1333 2977 1388 omnia
3017 1342 3498 1394 consummatum.
3547 1342 3625 1397 Ad

1995 1439 2084 1489 xL,
2118 1423 2457 1493 adjiciamus
2485 1425 2634 1479 Darii
2678 1439 2716 1468 3!
2747 1443 2816 1496 vt,
2858 1431 2916 1481 et
2945 1428 3091 1483 fiunt
3140 1447 3205 1485 χι.
3249 1435 3308 1485 et
3362 1449 3431 1487 v1.
3484 1434 3620 1498 Qni-

1994 1515 2099 1570 bus
2130 1517 2294 1570 annis
2315 1518 2520 1587 adjecti
2549 1525 2682 1573 sunt.
2712 1524 2822 1574 tres
2852 1521 2909 1574 in
2941 1524 3212 1593 mysterio
3244 1526 3511 1595 passionis
3569 1535 3625 1583 et

1995 1610 2428 1665 resurrectionis
2458 1612 2686 1681 Christi,
2718 1619 2773 1667 et
2800 1614 3030 1685 impleta
3063 1624 3146 1671 est
3188 1617 3550 1675 hcbdomada
3579 1623 3621 1658 ³³

1997 1704 2258 1775 septima.
2306 1706 2373 1759 Et
2400 1710 2533 1759 tunc
2567 1706 2755 1775 platea
2782 1716 2823 1747 ³³
2850 1714 2905 1762 et
2938 1710 3214 1781 templum
3243 1716 3298 1765 et
3340 1729 3539 1768 murus
3567 1719 3624 1769 et

258 1800 369 1854 bus
399 1801 729 1871 Vespasiani
760 1805 842 1855 est
869 1800 1339 1856 exterminatum.
1400 1802 1487 1857 Sic
1529 1802 1716 1856 fuerat
1736 1802 1886 1855 enim
1919 1778 1970 1848 Β
1994 1798 2117 1868 ipsa
2163 1798 2375 1866 civitas,
2414 1799 2846 1871 quadragesimo
2894 1807 2948 1856 et
2977 1819 3127 1857 nono
3157 1822 3305 1859 anno
3339 1808 3618 1878 suppleto,

255 1897 319 1951 in
370 1895 572 1949 eodem
616 1895 864 1965 capitulo
915 1895 1069 1966 quod
1123 1894 1538 1966 exponimus“
1591 1895 1887 1966 scriptum,

257 2011 286 2039 «
320 1991 384 2044 Et
409 1991 538 2060 post
572 2005 681 2042 an
712 1988 1097 2043 hebdomadas
1127 1988 1172 2023 ⁹⁷
1200 1988 1493 2059 disperibit
1514 1987 1557 2022 ⁸⁸
1584 1990 1792 2058 unctio,
1836 1995 1892 2044 et

248 2081 529 2152 judicium
560 2097 677 2135 non
704 2084 788 2136 est
816 2081 873 2135 in
916 2098 1001 2148 eo,
1052 2088 1109 2135 et
1159 2082 1443 2137 civitatem
1501 2088 1558 2137 et
1604 2082 1740 2136 illud
1765 2099 1890 2135 san-

255 2182 412 2231 ctum
455 2178 782 2247 corrumpet
809 2192 939 2230 cum
971 2174 1066 2229 illo
1093 2175 1234 2229 duce
1262 2176 1360 2247 qui
1390 2176 1598 2243 veniet,
1634 2182 1690 2230 et
1718 2182 1761 2218 σο
1786 2193 1885 2229 ex-

254 2269 522 2324 cidentur
564 2268 626 2323 in
662 2270 677 2303 ¹
722 2272 1081 2340 cataclysmo,
1116 2275 1171 2324 et
1200 2269 1220 2299 ¹
1254 2286 1434 2340 usque
1460 2270 1530 2324 ad
1553 2270 1728 2324 ﬁnem
1754 2269 1889 2323 belli

252 2362 494 2418 breviati
534 2362 856 2418 exterminii
887 2364 928 2417 ³.
978 2363 1339 2431 Excideutur,
1394 2363 1599 2435 inquit,
1648 2364 1704 2418 in
1740 2367 1884 2418 cata-

254 2461 473 2531 clysmo
494 2468 534 2515 ⁴.
562 2482 590 2511 ››
625 2462 699 2515 De
724 2460 929 2532 quibus
969 2462 1075 2516 hoc
1107 2461 1334 2516 dixit“?
1378 2462 1579 2532 Utique
1634 2461 1703 2515 de
1754 2462 1888 2532 ipsis

251 2555 485 2624 Iudaeis,
514 2554 636 2627 qui,
668 2558 802 2626 post
845 2555 1158 2610 adventum
1195 2555 1420 2624 Christi,
1468 2554 1567 2609 in“
1612 2556 1708 2609 illa
1736 2555 1884 2609 obsi-

253 2648 429 2703 dione
454 2655 477 2691 ⁷
495 2653 553 2703 et
581 2649 1003 2720 expugnatione
1032 2648 1051 2681 ⁸
1079 2648 1404 2719 Vespasiani
1425 2647 1595 2702 excisi
1627 2650 1686 2701 et
1720 2648 1886 2718 ejecti

252 2745 390 2795 sunt
415 2742 487 2797 de
517 2743 739 2797 civitate
778 2758 898 2810 sua,
931 2743 989 2797 in
1018 2758 1132 2813 qua
1171 2743 1293 2812 jam
1341 2759 1458 2796 non
1497 2742 1741 2796 redeunt
1782 2759 1886 2795 nec

251 2836 317 2889 in
351 2842 371 2870 9
409 2836 530 2906 ipso
561 2835 672 2891 ﬁne
698 2835 833 2890 belli
859 2835 1116 2891 breviati.
1142 2835 1300 2900 Quod
1329 2837 1414 2890 est
1438 2840 1631 2889 autem
1660 2835 1702 2869 ¹⁰
1718 2834 1826 2888 hoc
1846 2837 1883 2868 ¹¹

252 2929 471 2984 bellum
499 2928 868 2985 breviatum?
912 2930 1018 2984 nisi
1071 2929 1400 2984 Antichristi
1442 2944 1686 3000 regnum
1731 2927 1887 3000 quod

250 3040 562 3095 exsurgere
619 3023 794 3078 habet
848 3029 1049 3079 contra
1088 3024 1364 3095 populum
1405 3022 1880 3077 Christianorum.

250 3116 365 3187 Ipsi
399 3122 436 3154 ¹²
466 3121 598 3172 sunt
626 3117 742 3172 dies
772 3118 840 3173 de
866 3118 1072 3190 quibus
1095 3118 1175 3171 ait
1210 3116 1481 3172 Dominus
1512 3118 1552 3158 13
1594 3117 1653 3171 in
1700 3118 1878 3172 Evan-
1904 3142 1959 3217 Ο

247 3210 440 3279 gelio:
486 3232 515 3261 ‹‹
570 3212 637 3265 Et
663 3211 775 3266 nisi
827 3211 1136 3267 abbreviati
1183 3214 1371 3266 essent
1418 3211 1537 3266 dies
1600 3210 1703 3281 illi,
1761 3227 1878 3265 non

249 3304 593 3359 liberaretur
624 3304 809 3360 omnis
833 3322 987 3360 caro.
1023 3328 1050 3356 »

325 3396 507 3470 961
542 3399 887 3454 Restitutum
912 3405 998 3455 est
1024 3416 1164 3471 ergo
1198 3402 1240 3435 ¹⁴
1269 3400 1544 3470 templum
1568 3400 1625 3454 in
1644 3398 1880 3454 nomine

249 3492 610 3562 protoplasti,
641 3492 739 3563 qui
771 3493 952 3547 dictus
1003 3499 1087 3547 est
1124 3494 1326 3560 Adam,
1357 3494 1501 3547 sicut
1553 3494 1813 3564 superius
1838 3496 1881 3533 ‘5

254 3584 524 3652 diximus,
579 3586 744 3640 annis
793 3603 915 3642 XLVI
947 3588 1008 3641 ’⁸.
1065 3588 1152 3641 Sic
1203 3594 1399 3641 autem
1457 3588 1774 3641 ostenditur
1818 3588 1879 3640 in

243 3678 481 3733 nomine
505 3678 728 3735 Adam:
781 3680 918 3734 dum
975 3681 1128 3751 apud
1178 3681 1403 3735 Graecos
1454 3681 1639 3752 prima
1691 3682 1879 3735 littera

241 3772 492 3826 nominis
532 3773 655 3843 ejus
706 3773 927 3828 dicatur
974 3775 1143 3845 alpha
1205 3774 1291 3836 μία
1320 3782 1378 3844 ¹⁷,
1410 3775 1655 3830 secunda
1688 3779 1878 3829 autem

246 3865 401 3919 delta
442 3866 671 3930 τέσσαρες
724 3868 783 3935 ¹⁸,
854 3868 1059 3923 iterum
1116 3869 1288 3940 alpha
1341 3868 1445 3937 μία,
1527 3874 1725 3940 quarta
1780 3884 1879 3939 my

239 3958 621 4027 τεσσαράκοντα,
698 3966 757 4016 et
819 3962 861 4003 ιθ
928 3962 992 4016 ﬁt
1016 3978 1295 4016 numerus
1356 3980 1450 4017 sex
1518 3969 1573 4016 et
1636 3963 1876 4033 quadra-

247 4054 432 4123 ginta.
480 4054 585 4119 Qui
622 4071 896 4109 nnmerus
952 4072 1240 4111 annorum
1294 4057 1373 4111 sic
1422 4056 1878 4128 comprehende—

243 4150 339 4200 tur
369 4149 431 4201 ὀ.
464 4149 605 4204 Cum
645 4165 678 4202 a
704 4148 797 4203 die
830 4148 930 4204 illo
956 4150 1137 4222 "quo
1184 4167 1447 4206 reversus
1492 4158 1573 4205 est
1621 4151 1680 4205 in
1730 4154 1883 4205 terra

243 4258 349 4295 sua
375 4241 703 4296 Judaaorum
746 4243 1007 4314 populus,
1056 4248 1319 4317 regnavit
1358 4246 1534 4317 Cyrus
1580 4248 1880 4299 Persarum

242 4334 413 4388 anuis
465 4352 587 4391 xxxx
621 4359 631 4389 :
664 4340 797 4409 post
844 4354 1016 4408 quem
1070 4339 1373 4409 Cambyses
1398 4341 1438 4370 ³³
1477 4338 1640 4393 annis
1694 4356 1773 4405 1x,
1831 4341 1888 4391 et

235 4411 467 4500 impleti
520 4435 654 4486 sunt
699 4422 859 4487 xxxx.
915 4434 1041 4487 Post
1094 4450 1275 4488 annos
1317 4436 1507 4488 autem
1548 4450 1633 4502 XL,
1677 4439 1883 4504 regnat

2016 1908 2122 1963 per
2153 1893 2346 1947 omnia
2398 1894 2648 1965 perfecta
2696 1902 2751 1949 et
2778 1899 3005 1950 munita
3041 1908 3082 1939 ιδ
3121 1899 3623 1955 demonstrabatur

1990 1985 2103 2041 Sed
2147 1986 2256 2041 hoc
2301 1990 2481 2042 totum
2509 2005 2650 2059 opus
2683 1989 2737 2043 in
2776 1996 3132 2046 sacramento
3163 1994 3423 2049 Ecclesiae
3452 1998 3620 2065 perti-

1991 2080 2262 2134 ciebatur.

2062 2174 2312 2246 Denique
2340 2174 2639 2231 videamus
2673 2176 2813 2249 quid
2842 2177 2949 2250 ipsi
2972 2195 3091 2235 Xle
3112 2182 3245 2235 anni
3276 2182 3617 2253 signiﬁcent.

1989 2268 2109 2321 Non
2141 2268 2263 2321 siue
2294 2285 2464 2323 causa
2495 2271 2647 2325 enim
2681 2273 2823 2326 Deus
2846 2274 3020 2328 voluit
3049 2275 3108 2328 in
3156 2281 3373 2346 septem
3415 2277 3623 2333 hebdo-

1991 2361 2258 2416 madibus
2286 2363 2333 2397 ³⁸
2377 2367 2490 2416 tam
2537 2382 2835 2436 magnum,
2887 2367 2943 2420 id
2999 2374 3081 2422 est
3122 2370 3524 2440 propheticum
3572 2372 3617 2406 ³⁷

1991 2470 2132 2525 Opus
2155 2456 2544 2510 consummari
2573 2457 2594 2491 ³
2646 2462 2764 2512 tam
2802 2476 3099 2532 magnum,
3134 2462 3189 2516 id
3214 2466 3299 2516 est
3330 2464 3627 2535 prepheti-

1989 2564 2117 2601 cum
2151 2549 2198 2589 4°
2224 2549 2397 2603 fuisse
2417 2549 2757 2622 intelligitur
2780 2561 2822 2592 υ
2855 2569 3023 2608 :cum
3055 2554 3125 2609 de
3166 2572 3287 2611 xux
3330 2558 3511 2625 annis,
3560 2558 3620 2612 in

1986 2642 2220 2697 nomine
2245 2644 2374 2697 .lesu
2407 2643 2631 2712 Christi,
2662 2645 2857 2701 decem
2886 2650 2944 2701 et
2973 2652 3098 2702 octo
3142 2656 3523 2719 segregantur
3548 2653 3615 2718 ‘9,

1989 2741 2045 2789 et
2096 2739 2401 2791 remanent
2442 2753 2566 2793 xxxx
2596 2755 2608 2792 :
2636 2739 2841 2809 quibus
2890 2741 3184 2813 suppletis,
3237 2743 3492 2798 Christus
3525 2746 3615 2800 Je-

1989 2846 2083 2882 sus
2144 2835 2379 2901 propter
2423 2832 2775 2886 credentium
2817 2834 3055 2888 salutem
3096 2852 3288 2906 passus
3332 2841 3417 2892 est
3451 2844 3509 2893 et
3536 2855 3619 2894 rc-

1989 2924 2252 2993 surrexit,
2288 2930 2345 2978 et
2375 2942 2473 2995 per
2508 2927 2877 2997 semetipsum
2909 2929 3102 2984 omnia
3146 2931 3400 3001 perfecta
3434 2938 3619 2987 osten-

1988 3015 2111 3085 dit;
2148 3021 2206 3071 et
2231 3018 2510 3088 templum
2540 3018 2733 3093 962
2763 3022 2913 3093 quod
2943 3039 3060 3076 non
3080 3024 3348 3079 humanis
3376 3025 3474 3081 sed
3499 3027 3615 3081 suis

1987 3112 2159 3165 sacris
2186 3112 2464 3182 manibus,
2510 3115 2822 3169 secundum
2862 3116 3171 3187 imperium
3201 3128 3245 3158 4³
3289 3120 3468 3175 Patris
3522 3122 3612 3176 sui

1983 3205 2344 3273 formavit“,
2389 3224 2500 3261 non
2557 3208 2705 3275 oleo,
2764 3209 2864 3263 scd
2892 3210 3100 3280 Spiritu
3150 3212 3247 3266 Dei
3297 3215 3496 3283 unxit;
3554 3222 3610 3271 et

1981 3299 2285 3368 civitatem,
2314 3301 2372 3354 id
2404 3306 2489 3355 est
2536 3302 2871 3372 Ecclesiam,
2922 3303 3205 3375 lapidibus
3241 3308 3606 3364 sanctiﬁcatis

1985 3393 2306 3461 aedificavit,
2337 3399 2391 3448 et
2420 3394 2478 3448 in
2524 3395 2650 3467 ipsa
2698 3396 2945 3466 plateam
2987 3398 3274 3454 constituit
3304 3402 3376 3454 4⁸.
3427 3403 3616 3457 Platea

1986 3493 2179 3541 autem
2211 3491 2296 3541 est
2322 3488 2411 3542 via
2440 3492 2592 3543 recta
2622 3493 2677 3543 et
2705 3490 2876 3559 plana
2903 3492 2965 3560 ⁴⁸,
3011 3491 3069 3545 in
3112 3509 3226 3563 qua
3254 3494 3616 3550 ambulantes

1982 3582 2327 3651 perveniunt
2356 3583 2425 3636 ad
2454 3583 2625 3637 vitam
2655 3586 2950 3639 aeternam.
3003 3586 3141 3641 Iluic
3172 3587 3377 3643 civitati
3401 3589 3611 3645 fortem

1982 3681 2038 3728 et
2069 3676 2577 3747 inexpugnabilem
2610 3694 2859 3747 murum,
2890 3679 2944 3733 id
2976 3686 3061 3733 est
3090 3688 3352 3737 sanctum
3398 3701 3614 3740 nomen

1982 3786 2169 3837 suum,
2217 3771 2516 3824 constituit
2552 3788 2565 3825 :
2596 3788 2699 3841 per
2734 3774 2887 3843 quod
2937 3792 3148 3828 nomen
3190 3793 3388 3830 omnes
3423 3778 3616 3833 adver-

1983 3864 2162 3917 sarios
2214 3865 2451 3934 pedibus
2499 3865 2619 3934 ejus
2670 3866 2926 3936 subjecit.
2985 3871 3120 3923 Ecce
3144 3877 3205 3937 σιτ,
3264 3870 3361 3923 Dei
3413 3872 3611 3941 gratia,

1984 3974 2158 4027 quam
2188 3958 2454 4027 praeclara
2484 3964 2535 4011 et
2565 3957 2929 4013 admirabilia
2955 3966 2997 4001 η
3034 3960 3195 4015 nobis
3225 3967 3451 4017 ostensa
3482 3971 3615 4019 sunt

1983 4068 2086 4121 per
2109 4068 2286 4103 annos
2312 4068 2456 4104 xux.
2493 4051 2598 4115 Qui
2640 4054 2777 4106 anni
2805 4056 2847 4085 ⁴¹
2894 4070 2923 4107 e
2947 4054 3226 4110 contrario
3266 4056 3609 4126 inﬁdelibus,

1984 4148 2041 4198 et
2082 4145 2537 4215 persecutionem
2584 4146 2755 4201 servis
2788 4148 2887 4201 Dei
2922 4148 3281 4221 facientibus,
3340 4168 3609 4224 magnam

1985 4239 2385 4293 demonstrant
2411 4245 2882 4310 superventuram
2913 4244 3313 4301 calamitatem.
3358 4247 3479 4311 Qua
3519 4264 3611 4301 au-

1987 4337 2101 4386 tem
2136 4332 2357 4386 ratione
2388 4333 2431 4365 ⁵⁰
2472 4334 2783 4389 videamus.
2838 4337 2939 4391 llic
2988 4338 3141 4392 enim
3174 4341 3215 4377 51
3260 4340 3507 4395 mundus
3551 4342 3607 4395 in

1987 4445 2098 4498 quo
2132 4426 2269 4498 justi
2295 4430 2349 4480 et
2380 4427 2572 4498 iujusti
2595 4429 2662 4483 ab
2692 4430 2848 4484 initio
2880 4431 2922 4464 ⁵²
2952 4433 3143 4487 saeculi
3184 4440 3606 4501 conversautur,

1617 4625 1829 4689 Varia:
1880 4622 2217 4687 lectiones.

297 4750 342 4785 ³⁵
400 4752 451 4800 R.
502 4749 817 4799 tuebantur.
926 4751 967 4783 ’ἲ
1010 4753 1065 4803 C.
1105 4751 1546 4803 similitudinem.

230 4822 279 4856 ⁸³
337 4824 395 4873 C.
452 4821 881 4870 sacramentum.
967 4820 1011 4854 ⁸³
1065 4825 1122 4873 C.
1159 4826 1655 4873 consummaretur.

236 4896 483 4944 sanctus.
573 4890 617 4924 ⁸³
653 4891 742 4941 Sic
767 4890 1002 4953 rem-ibo,
1038 4894 1131 4942 sed
1173 4895 1227 4944 C.
1254 4899 1304 4944 et
1344 4896 1380 4943 lt
1430 4895 1612 4957 ipsud.

237 5035 464 5086 LXXII.
490 5036 544 5086 ί).
570 5032 724 5083 Lxx
749 5035 804 5083 et
841 5046 972 5083 una.
1062 5035 1104 5069 τε
1137 5038 1192 5087 c.
1236 5035 1453 5100 peribit.

234 5107 278 5141 ⁹⁴
312 5107 367 5156 R.
402 5106 457 5154 in
486 5103 622 5168 quid
670 5104 727 5152 in
757 5104 1077 5155 cataclismo
1118 5106 1329 5156 diluvii.
1430 5111 1449 5141 ⁵
1486 5109 1538 5157 R.
1588 5107 1807 5157 dicitur.

237 5181 254 5209 ί
287 5182 345 5230 0.
395 5175 537 5225 deest
585 5175 661 5223 in.
775 5172 798 5205 °
828 5176 883 5224 R.
930 5175 1094 5237 Quod
1134 5181 1320 5228 autem
1369 5181 1422 5227 et
1464 5179 1519 5227 in
1564 5178 1689 5227 hoc.

235 5242 258 5276 ⁵
288 5251 349 5299 R.
378 5260 563 5310 supra.
658 5244 698 5279 ⁸⁸
734 5248 791 5297 R.
834 5251 968 5310 post
1008 5261 1184 5298 annos
1226 5248 1388 5297 XXX
1423 5252 1477 5299 et
1516 5250 1608 5297 VI.

232 5321 335 5381 tia,
361 5320 563 5368 iterum
602 5316 842 5378 alfamia,
887 5321 943 5367 et
973 5323 1167 5382 quarta
1196 5321 1511 5373 mittessera
1551 5324 1734 5370 conta.

233 5389 454 5452 adjecto
504 5387 621 5438 illo.
738 5384 781 5419 ³³
839 5388 1173 5440 Meabesses.

231 5462 453 5525 quare?
542 5460 585 5492 ³⁸
630 5461 691 5509 R.
729 5464 1006 5523 posuerat.
1100 5460 1142 5493 ⁸⁷
1183 5465 1240 5513 C.
1272 5475 1420 5512 eum.

236 5532 345 5581 3‘8.
400 5530 535 5579 deest
574 5529 745 5579 Darii.
843 5531 881 5563 ³³
923 5534 976 5582 C.
1029 5531 1439 5583 Hebdomades.

232 5601 469 5651 fectum.
566 5598 608 5632 ³⁸
659 5602 720 5650 R.
771 5602 1173 5665 consummari,
1223 5605 1272 5651 et
1323 5603 1397 5652 sic
1448 5617 1597 5665 sape.
1688 5603 1728 5634 ³⁹

240 5674 674 5736 congregantur.
769 5673 810 5705 ⁴³
869 5677 929 5725 R.
989 5672 1061 5723 ob
1114 5673 1364 5736 imperio.

261 5741 455 5803 plana.
522 5742 567 5775 ⁴⁷
603 5746 660 5795 R.
692 5746 747 5793 et
775 5756 927 5795 ecce.

261 5815 307 5845 ⁵³
338 5815 399 5865 R.
429 5812 794 5866 habitatione.

1016 5744 1060 5778 ⁴⁸
1088 5747 1143 5797 C.
1176 5747 1357 5793 inserit
1382 5745 1610 5796 nobilia.

1639 4751 1681 4786 ⁸⁸
1729 4754 1785 4804 C.
1832 4750 2034 4800 omine.

1704 4894 1747 4927 ⁹⁴
1782 4897 1836 4946 C.
1875 4893 2106 4941 victum.

237 4963 407 5014 modo
451 4966 505 5013 et
548 4962 727 5011 fuerat
766 4961 823 5010 in
865 4962 1122 5013 eumdem
1162 4965 1408 5029 capitulo
1446 4978 1611 5028 quem
1654 4964 2038 5027 exposuimus.
2086 4964 2141 5010 Κ.
2190 4978 2357 5027 quem
2397 4962 2775 5024 exposuimus.
2829 4966 2911 5012 ηπ.
2954 4963 3171 5013 rescribo
3214 4964 3378 5027 quod.

1546 5038 1587 5066 θ)
1624 5038 1677 5088 C.
1718 5035 1856 5083 deest
1892 5037 1963 5083 et.

1786 5180 1823 5209 ¹¹
1859 5178 1913 5227 C.
1944 5176 2078 5225 deest
2108 5177 2230 5225 hoc.

1702 5247 1738 5279 ’⁷
1772 5250 1829 5299 R.
1867 5247 2071 5297 dicitur
2102 5262 2129 5296 a
2162 5247 2404 5307 alfamia,
2443 5243 2689 5296 secunda
2745 5251 2933 5296 autem
2992 5247 3157 5307 delta,
3201 5251 3438 5295 tesseres
3493 5249 3603 5296 ter-

1838 5320 1878 5353 ¹⁸
1906 5322 1960 5371 C.
2007 5319 2233 5383 τέσσαρα.

1290 5390 1329 5422 ’³
1381 5392 1465 5441 Sic
1519 5390 1761 5439 rescribo.
1819 5394 1876 5442 R.
1932 5389 2262 5449 Zmeridius,

1513 5461 1559 5494 ³⁸
1585 5465 1646 5514 R.
1676 5462 1813 5510 dces!
1846 5462 1917 5509 in.

1532 5531 1573 5565 ⁸⁸
1616 5535 1673 5584 C.
1720 5532 1949 5594 plateas.

1784 5604 1839 5654 C.
1889 5602 2023 5649 dces!
2071 5601 2255 5650 modo.

1461 5675 1506 5706 ⁴⁴
1553 5677 1611 5724 Β.
1670 5673 1980 5737 plasmavit.

1690 5745 1733 5776 ‘9
1763 5748 1814 5798 C.
1850 5746 2051 5796 anima:
2080 5748 2223 5795 cont.

2134 4747 2175 4781 97
2221 4748 2275 4799 Ο.
2328 4747 2466 4796 decc!
2518 4763 2613 4812 per
2663 4748 2807 4798 XLV
2871 4764 3045 4800 annos
3098 4755 3180 4801 est
3245 4751 3601 4801 aediﬁcatum.

1747 4822 1788 4856 θ’
1844 4826 1897 4875 C.
1946 4819 2267 4885 proplietim.
2325 4821 2376 4868 lt.
2441 4821 2726 4883 propheta.
2839 4821 2879 4851 θ’
2942 4824 2994 4871 It.
3059 4827 3352 4885 ungentur.
3458 4820 3498 4854 ⁹²
3548 4826 3602 4874 (ἶ.

2198 4893 2239 4927 ⁸³
2284 4895 2362 4941 ην.
2401 4898 2473 4939 sic
2513 4891 2695 4941 sci-ibo.
2729 4895 2783 4944 C.
2828 4905 2975 4942 cum.
3012 4896 3065 4943 Β.
3102 4909 3214 4957 per.
3307 4896 3347 4924 "5
3382 4896 3436 4944 C.
3465 4908 3604 4953 quo-

3469 4963 3512 4997 "
3550 4968 3600 5015 lt.

2061 5037 2074 5064 ¹
2109 5038 2167 5087 (2.
2202 5035 2339 5083 deest
2386 5035 2458 5081 in.
2551 5035 2569 5063 ²
2615 5036 2653 5084 C
2724 5033 2860 5082 deest
2906 5038 2975 5083 et.
3074 5039 3091 5067 ³
3141 5036 3195 5083 lt.
3240 5049 3309 5084 ex
3357 5036 3606 5085 terminis

1906 5104 1927 5138 ⁸
1960 5108 2016 5157 C.
2069 5105 2206 5152 deest
2249 5106 2325 5153 in.
2425 5102 2443 5135 ⁷
2481 5106 2539 5155 C.
2583 5104 2653 5153 ob
2687 5104 2978 5154 seditione.
3076 5103 3098 5137 ⁸
3145 5106 3199 5153 lt.
3252 5107 3604 5167 pugnatione.

2330 5178 2367 5207 ¹²
2404 5178 2459 5226 C.
2506 5175 2660 5237 ipsas.
2766 5175 2803 5207 ³³
2850 5179 2908 5225 Β.
2954 5178 3121 5226 Deus.
3223 5177 3262 5207 “
3317 5179 3375 5227 Β.
3418 5176 3603 5239 igitur.

2339 5318 2377 5348 ‘9
2412 5321 2468 5368 R.
2499 5319 2598 5366 sic.
2690 5320 2731 5347 ”’
2773 5320 2829 5368 Β.
2867 5317 3373 5380 comprehenditur.
3470 5318 3511 5347 "
3544 5321 3602 5368 li.

2327 5392 2381 5440 C.
2429 5388 2778 5450 Hysmerius.
2884 5388 2924 5421 ³⁵
2972 5392 3027 5440 C.
3073 5388 3166 5437 VI.
3268 5391 3310 5421 ³⁵
3358 5391 3415 5440 C.
3464 5388 3603 5437 deos!

2010 5459 2053 5493 ³⁸
2082 5463 2137 5511 R.
2172 5460 2400 5516 fecerat,
2496 5455 2536 5489 3°
2574 5461 2631 5508 Il.
2667 5457 2911 5509 Hesdras.
3006 5461 3129 5508 3'12.
3164 5472 3261 5520 per
3289 5458 3478 5507 omnia
3513 5460 3602 5507 sit.

2046 5535 2085 5565 ³⁵
2136 5535 2196 5582 1t.
2242 5534 2514 5594 protecta.
2607 5528 2646 5562 ³⁸
2694 5533 2753 5581 R.
2798 5529 3193 5580 hebdomadas.
3293 5528 3332 5561 ³⁷
3374 5531 3429 5579 Β.
3485 5542 3604 5590 pcr-

2345 5599 2388 5632 ⁴⁰
2436 5603 2493 5650 1t.
2541 5600 2876 5663 perfectum.
2972 5602 3018 5632 ⁴¹
3065 5604 3124 5652 Il.
3189 5600 3375 5661 igitur.
3469 5598 3511 5630 ⁴²
3543 5602 3602 5648 R.

2072 5677 2109 5706 ‘5
2158 5676 2216 5723 Β.
2264 5672 2400 5720 deest
2444 5673 2719 5735 planleam
2773 5671 3084 5722 constituit.
3178 5670 3220 5702 ⁴⁶
3268 5672 3325 5720 R.
3369 5667 3505 5716 deest
3552 5670 3607 5715 et

2310 5742 2351 5776 =°
2372 5745 2425 5795 C.
2455 5744 2589 5809 quia
2631 5746 2817 5795 autem
2854 5744 3143 5793 rationem.
3221 5743 3264 5774 5t
3300 5743 3359 5791 Β.
3400 5737 3610 5789 etenim
