4082 6194
252 261 388 321 1045

245 407 622 466 ostenderunt
671 412 729 467 et
774 412 888 468 tres
937 410 985 448 ¹⁰
1021 427 1248 470 menses
1297 430 1400 486 per
1437 419 1684 487 quatuor
1728 422 1873 473 tem-

246 519 390 576 pora
419 505 546 574 (33),
572 504 626 560 id
661 508 748 561 est
772 521 876 578 per
905 510 1152 578 quatuor
1182 510 1491 581 Evangelia
1520 511 1587 579 ιι,
1620 527 1654 566 a
1691 512 1878 568 Chris-

246 604 304 654 to
368 600 573 655 electos
634 616 711 656 xu
774 601 1061 673 apostolos
1101 603 1146 640 ¹²
1223 603 1385 659 nobis
1446 605 1876 662 demonstrave-

244 696 383 748 runt
411 694 479 749 ιδ.

316 786 381 843 Iti
411 790 544 843 sunt
572 789 1093 861 apostoli,quorum
1112 792 1472 848 sermonibus
1488 792 1774 863 aediﬁcati,
1795 810 1878 849 re-

241 881 613 953 cognovimus
641 883 946 939 Dominum
978 888 1241 940 nostrum
1258 902 1409 941 anno
1423 891 1577 942 sexto
1591 886 1812 943 decimo
1828 889 1874 924 ¹⁴

239 974 474 1046 imperii
502 976 712 1031 Tiberii
741 978 978 1034 Caesaris
1008 995 1263 1049 passum,
1295 996 1426 1035 cum
1460 984 1603 1036 esset
1628 982 1745 1051 ipse
1775 1000 1878 1036 au-

238 1086 454 1125 norum
482 1072 528 1107 ¹⁶
579 1086 704 1126 xxx1
736 1072 801 1126 ³⁸.
833 1072 916 1126 Ad
949 1088 1039 1129 xv:
1065 1074 1107 1109 ¹⁷
1150 1089 1288 1143 ergo
1323 1092 1539 1129 annum
1570 1078 1629 1129 et
1662 1076 1708 1110 ³⁸
1748 1092 1874 1130 xxxx

235 1164 572 1234 adjiciamus
595 1181 724 1220 xvm
754 1164 809 1220 iu
845 1168 1083 1221 nomine
1112 1167 1286 1238 ipsius
1311 1170 1462 1236 Jesu,
1492 1176 1548 1223 et
1575 1168 1639 1222 tit
1669 1186 1870 1224 nume-

234 1273 335 1312 rus
377 1274 517 1323 va;
571 1259 779 1329 quibus
812 1259 1124 1332 19.;dcsunt
1171 1263 1413 1316 trecenti
1461 1268 1526 1316 ut
1562 1263 1874 1334 impleatur

236 1367 426 1405 annus
668 1354 981 1409 secundum
1011 1370 1240 1410 cursum
1269 1356 1316 1390 ³³
1360 1356 1517 1411 solis.
1554 1372 1651 1413 ccc
1681 1364 1872 1411 autem

238 1444 397 1514 apud
439 1444 662 1501 Graecos
698 1463 801 1518 per
832 1463 1004 1502 unam
1052 1449 1300 1503 litteram
1336 1450 1385 1485 ²¹
1432 1452 1702 1504 notantur
1744 1467 1871 1521 quas

236 1536 449 1592 dicitur
501 1546 597 1594 tau
624 1540 693 1607 ³³,
745 1546 803 1595 et
847 1541 1151 1596 manifesto
1197 1543 1556 1598 demonstrat
1599 1544 1870 1599 omnibus

236 1636 335 1686 tau
364 1632 546 1687 crucis
570 1634 798 1705 signum
832 1635 900 1689 ³³.
935 1637 1073 1690 Ecce
1102 1636 1313 1691 iterum
1338 1637 1464 1708 jam
1502 1653 1635 1692 vere
1679 1636 1870 1692 creda-

232 1740 369 1779 mus
397 1727 549 1797 quod
578 1744 607 1778 v
636 1727 718 1782 Kl.
748 1730 923 1799 April.
956 1730 1273 1784 secundum
1322 1747 1557 1785 carnem
1590 1734 1757 1785 natus
1787 1731 1864 1784 sit

233 1819 533 1875 Christus:
570 1820 628 1877 in
649 1838 764 1894 quo
786 1822 881 1878 die
920 1823 1288 1895 probavimus
1331 1826 1512 1880 solem
1552 1824 1766 1879 factum
1794 1825 1865 1879 9‘.

311 1914 592 1969 Debemus
620 1915 924 1971 ostendere
950 1923 1007 1972 et
1032 1917 1088 1972 id
1120 1917 1169 1953 ³⁵
1198 1917 1385 1990 ipsum
1416 1934 1531 1973 non
1567 1918 1739 1974 fuisse
1768 1934 1864 1973 va-

234 2023 412 2063 cuum
438 2008 505 2077 ’3,
557 2009 656 2064 sed
709 2009 769 2065 in
798 2010 845 2045 ²⁷
912 2011 1155 2067 salutem
1199 2018 1452 2067 nostram
1501 2011 1675 2067 fuisse
1726 2028 1868 2083 prae-

236 2104 553 2157 ostensum.
588 2105 651 2159 In
678 2103 771 2159 die
801 2105 955 2159 enim
972 2111 1174 2177 quarto
1201 2106 1427 2177 quando
1445 2105 1624 2161 factus
1651 2112 1733 2161 est
1760 2106 1866 2171 sol,

232 2194 357 2266 ipso
400 2195 491 2252 die
535 2201 594 2251 et
629 2198 769 2254 luna
811 2198 962 2253 facta
1005 2202 1092 2254 est
1121 2215 1208 2268 xv,
1239 2200 1423 2255 altero
1470 2203 1660 2255 autem
1694 2198 1788 2254 die
1818 2198 1867 2234 ³⁸

230 2287 345 2343 fuit
393 2307 506 2358 XVI,
561 2292 732 2347 tertio
792 2309 923 2348 vero
987 2309 1149 2349 xvn:
1198 2297 1257 2348 et
1300 2294 1380 2349 sic
1421 2295 1728 2366 plasmatus
1782 2298 1869 2348 est

232 2382 414 2437 Adam
465 2384 536 2439 de
580 2389 750 2454 terra,
785 2387 881 2459 qui
918 2403 1023 2458 per
1056 2403 1216 2442 suam
1254 2387 1705 2444 inobedientiam
1751 2402 1866 2441 non

1464 269 1556 328 DE
1595 269 1862 333 PASCHA
1893 270 2267 334 COMPUTUS.

101 0 4056 67 -Ἦ

3478 276 3614 335 1016

1983 407 2208 459 tanaim
2263 402 2389 472 sibi,
2447 402 2549 460 sed
2595 408 2651 462 et
2707 404 2874 462 nobis
2926 406 3259 466 arcessierat
3310 414 3605 467 mortem:

1975 514 2145 569 quam
2174 497 2222 534 ²⁹
2251 505 2499 555 mortem
2534 500 2799 557 Dominus
2830 508 3021 558 noster
3049 506 3206 559 .lesus
3243 505 3603 575 conculcans,

1976 607 2179 663 passus
2205 598 2290 648 est
2314 593 2448 648 luna
2479 610 2544 648 xv
2566 611 2583 663 ;
2619 598 2677 648 et
2702 597 2980 667 requievit
3005 598 3065 653 in
3097 598 3269 654 corde
3288 603 3451 654 terrae
3476 616 3563 656 xvr
3586 618 3601 668 ;

1979 686 2144 741 tertio
2208 692 2402 742 autem
2470 688 2594 755 die,
2653 689 2786 743 luna
2853 707 2965 746 xvn
3020 693 3287 762 inventa,
3346 710 3603 749 reversus

1975 786 2060 835 est
2088 781 2137 815 3°
2164 780 2234 835 ab
2278 780 2491 847 inferis,
2524 782 2593 837 de
2625 787 2790 838 terrae
2819 785 3240 855 fundamentis;
3285 790 3344 842 et
3381 787 3462 843 sic
3495 788 3600 859 ipsi

1974 875 2107 929 Adae
2152 878 2209 929 et
2236 876 2504 930 omnibus
2545 877 2909 932 credentibus
2952 880 3015 934 in
3051 897 3110 935 se
3139 880 3381 937 restituit
3427 883 3597 937 vitam

1975 976 2264 1022 aeternam.
2326 968 2623 1034 Quomodo
2672 989 2808 1042 ergo
2840 974 2861 1007 ³
2934 990 3033 1043 per
3077 992 3304 1029 cursum
3349 976 3480 1030 solis
3520 980 3596 1031 si-

1975 1079 2155 1134 gnum
2211 1071 2306 1118 tau
2359 1068 2415 1117 et
2465 1068 2690 1136 tempus
2744 1068 3018 1137 passionis
3046 1068 3092 1102 ³²
3146 1070 3598 1125 demonstratum

1974 1164 2079 1224 est,
2111 1158 2189 1211 sic
2216 1161 2274 1212 et
2300 1175 2399 1228 per
2427 1175 2660 1213 cursum
2708 1160 2860 1214 lunas
2907 1162 3108 1217 tertius
3149 1163 3269 1218 dies
3314 1180 3600 1219 resurrec-

1972 1251 2143 1307 tionis
2194 1252 2313 1321 ejus
2366 1251 2663 1309 evidenter
2721 1258 2986 1314 ostensus
3043 1262 3149 1311 est.
3207 1261 3248 1312 A
3300 1258 3390 1313 die
3446 1259 3601 1313 enim

1972 1346 2155 1417 primo
2186 1347 2232 1381 ³³
2260 1346 2315 1400 in
2343 1363 2456 1417 quo
2484 1347 2626 1401 facta
2646 1352 2732 1401 est
2764 1348 2898 1403 luna
2932 1350 3379 1421 quintadecima,
3407 1350 3603 1425 966

1971 1443 2174 1497 exinde
2220 1460 2321 1514 per
2363 1444 2481 1498 dies
2520 1461 2588 1498 xv
2619 1447 2666 1480 3*
2717 1446 2839 1501 visa
2885 1454 2969 1502 est
3012 1448 3066 1502 in
3120 1450 3293 1516 ccelo;
3336 1452 3600 1504 sextodu-

1969 1537 2120 1592 cimo
2148 1544 2339 1592 autem
2374 1538 2488 1605 die,
2516 1538 2661 1595 sicut
2704 1539 2761 1594 iu
2798 1557 2950 1596 anno
2990 1558 3077 1597 xvn
3118 1543 3345 1614 imperii
3389 1544 3600 1599 Tiberii

1969 1632 2225 1699 Caesaris,
2286 1632 2437 1686 velut
2488 1638 2713 1687 mortua
2762 1651 2875 1688 non
2921 1638 3008 1689 est
3050 1636 3098 1671 ³⁸
3147 1636 3218 1690 ab
3270 1636 3599 1691 hominibus

1966 1726 2121 1791 visa;
2154 1725 2424 1780 similiter
2449 1728 2504 1781 et
2534 1727 2581 1761 ³⁸
2609 1743 2721 1781 xvn
2747 1727 2837 1782 die
2871 1729 2916 1763 ³⁷
2966 1746 3081 1783 non
3129 1735 3214 1783 est
3252 1730 3372 1784 visa
3405 1747 3416 1779 :
3451 1730 3598 1785 duo-

1969 1819 2310 1873 devicesimo
2344 1820 2391 1853 ³⁸
2440 1825 2656 1887 autem,
2716 1820 2778 1876 in
2832 1822 3212 1877 similitudine
3277 1828 3337 1878 et
3387 1823 3446 1878 in
3491 1841 3598 1879 no-

1965 1912 2121 1968 mine
2150 1913 2199 1947 ”
2228 1912 2407 1983 ipsius
2429 1914 2582 1981 Jesu,
2614 1917 2673 1969 et
2708 1914 2828 1986 ipsa
2870 1922 2997 1987 post
3026 1917 3315 1972 tertiam‘0
3343 1917 3497 1972 diem
3524 1917 3599 1972 ad

1967 2022 2260 2078 vesperam
2290 2005 2550 2060 restituta
2586 2008 2925 2078 resurrexit,
2952 2013 3012 2064 et
3044 2013 3299 2065 nostram
3340 2011 3597 2066 omnium

1968 2101 2449 2156 resurrectionem
2494 2104 2747 2158 futuram
2784 2104 2855 2159 ad
2899 2120 3221 2176 vesperam,
3250 2104 3308 2159 id
3348 2109 3433 2160 est
3459 2104 3518 2158 in
3540 2105 3588 2140 ⁴¹

1966 2194 2273 2252 novissima
2297 2197 2490 2252 saeculi
2515 2197 2661 2252 hora
2693 2197 3107 2254 demonstravit
3133 2198 3203 2252 ⁴².

2039 2291 2178 2346 Ecce
2226 2290 2404 2363 igitur
2450 2298 2669 2362 quanta
2722 2292 2886 2347 nobis
2936 2290 3062 2347 dies
3117 2291 3430 2347 nativitatis
3494 2292 3598 2346 Do—

1969 2384 2114 2440 mini
2135 2384 2183 2420 ⁴³
2227 2384 2509 2441 ostendit!
2542 2386 2638 2458 qui
2677 2385 2984 2441 nativitatis
3014 2387 3062 2422 “
3108 2385 3230 2441 dies
3280 2386 3351 2441 ab
3396 2384 3594 2442 Exodo

1612 2565 1822 2631 Variae
1867 2564 2205 2628 lectiones.

293 2713 333 2745 ὀ
369 2711 427 2763 C.
456 2714 670 2777 interni,
696 2714 842 2776 forte
867 2718 920 2767 et
943 2716 1103 2766 terni.

223 2781 270 2816 ‘7
297 2787 353 2835 R.
379 2785 890 2835 manifestaverunt.
1001 2789 1042 2820 ¹⁴
1066 2788 1122 2838 C.
1151 2788 1272 2838 XV.
1423 2791 1462 2821 ’⁵
1488 2791 1546 2838 R.
1585 2800 1750 2836 anno.

231 2854 275 2890 "
303 2857 363 2906 Β.
392 2854 603 2918 quibus
630 2855 787 2906 CCC.
856 2856 899 2891 ²⁰
921 2862 980 2910 R.
1008 2859 1146 2908 deest
1172 2873 1413 2910 cursum.
1481 2858 1523 2892 ³³
1553 2862 1611 2910 R.
1640 2872 1739 2921 pro
1768 2872 1879 2907 una
1902 2858 2097 2907 littera.
2168 2858 2207 2888 ³³
2236 2857 2292 2906 C.
2326 2874 2351 2904 τ
2380 2857 2497 2907 Tan
2528 2857 2713 2907 crucis
2741 2858 2983 2919 signum.
3015 2861 3067 2908 et
3093 2871 3241 2906 man.

1206 2717 1243 2749 "
1274 2719 1333 2768 li.
1369 2716 1752 2780 evangelistas,
1775 2715 1985 2765 electos
2015 2727 2045 2763 a
2084 2712 2301 2763 Christo
2332 2713 2435 2763 XII
2477 2713 2769 2778 apostolos.

1873 2787 1911 2818 "
1944 2784 1997 2833 Ο.
2028 2784 2187 2834 XXX
2214 2787 2263 2833 et
2294 2799 2427 2834 uno.

2869 2715 2911 2746 τι
2938 2713 2993 2763 C.
3027 2714 3240 2764 electus
3268 2711 3587 2776 Apostolus.

2565 2784 2600 2818 ³⁷
2628 2784 2681 2833 C.
2713 2784 2833 2835 XV.
2955 2785 2993 2816 ’³
3023 2786 3080 2836 R.
3106 2784 3247 2834 deest
3278 2798 3488 2834 annum
3516 2788 3603 2833 et.

3329 2854 3372 2889 ³³
3392 2858 3448 2906 R.
3478 2868 3603 2905 cru-

225 2938 351 2975 cem
378 2928 617 2988 signum.
682 2929 727 2959 ²⁴
754 2928 807 2978 C.
838 2929 975 2978 deest
1005 2930 1152 2981 Ecce
1179 2933 1379 2980 iterum
1404 2932 1519 2993 jam
1550 2943 1679 2981 vere
1714 2929 2010 2980 credamus
2050 2925 2198 2987 quod
2248 2926 2293 2974 V
2326 2926 2409 2976 Kl.
2458 2927 2631 2990 April.
2673 2925 2986 2977 secundum
3031 2938 3256 2975 cornem
3311 2930 3477 2975 natus
3531 2926 3602 2975 sit

227 2995 485 3046 Christus
518 3011 530 3046 ε
563 2999 760 3062 in‘quo
789 2999 879 3049 die
902 3000 1260 3063 probavimus
1279 3001 1455 3051 solem
1484 3002 1712 3052 factum.
1780 3003 1824 3033 ’5
1851 2999 1904 3048 C.
1936 2997 2072 3046 deest
2098 3000 2152 3045 et
2173 2997 2244 3046 id.
2312 2997 2355 3030 ³⁸
2384 2998 2438 3046 C.
2467 2998 2718 3047 unicum.

226 3066 404 3116 altero
434 3068 540 3119 die.
607 3068 650 3102 ”
677 3072 734 3120 R.
765 3070 1014 3133 iniquam
1045 3084 1232 3134 quam.
1302 3071 1342 3105 ³⁰
1371 3072 1426 3121 C.
1450 3072 1695 3122 ascendit
1721 3070 1808 3120 ab.
1877 3072 1915 3102 ²¹
1939 3072 1996 3121 R.
2031 3077 2234 3121 autem.
2306 3070 2345 3101 ³¹
2381 3072 2439 3121 R.
2470 3083 2695 3118 cursum
2752 3068 3014 3131 temporis
3071 3068 3363 3131 passionis.

1937 3140 1980 3175 ⁷⁷
2043 3147 2102 3193 R.
2130 3142 2269 3189 dces!
2299 3139 2404 3189 die.
2474 3139 2516 3174 ³⁸
2540 3143 2598 3191 Β.
2631 3140 2827 3189 XVIII.
2862 3138 2902 3172 ³⁸
2933 3139 2987 3188 (Τ.
3013 3138 3435 3188 similitudinem
3459 3143 3512 3188 et
3540 3138 3594 3185 in

1043 3213 1087 3245 ⁴¹
1113 3216 1173 3265 It.
1205 3212 1344 3263 deest
1379 3214 1458 3264 in.
1522 3216 1566 3248 ⁴¹
1595 3218 1654 3267 R.
1680 3215 2023 3263 monstravit.
2092 3210 2134 3248 ⁸³
2161 3215 2214 3264 C.
2240 3213 2364 3278 quis
2387 3216 2535 3263 tanta
2565 3212 2726 3263 nobis
2754 3212 2995 3263 ostendit
3020 3212 3138 3263 dies
3167 3216 3279 3262 nat.
3312 3213 3471 3263 Dom.
3555 3208 3599 3243 ⁴⁶

227 3137 491 3201 plurimo.
567 3141 610 3173 ³⁴
640 3143 699 3192 It.
731 3140 848 3190 XII.
934 3144 973 3174 ³⁵
1003 3140 1057 3190 t‘.
1094 3142 1231 3191 deest
1263 3147 1371 3194 est.

227 3221 455 3258 nomen.
549 3211 592 3243 ⁴⁶
622 3213 683 3262 R.
711 3212 953 3262 tertium.

228 3278 287 3328 C.
315 3278 456 3327 deest
489 3279 808 3330 nativitatis.

1453 3144 1495 3177 ³⁸
1526 3144 1583 3192 C.
1615 3144 1752 3193 ἄρα.ςί
1776 3146 1846 3191 et.

2810 2997 2851 3030 ’7
2880 3000 2936 3048 Β.
2960 2997 3101 3046 deest
3130 2999 3207 3046 in.
3293 2996 3336 3030 ³⁸
3366 2999 3423 3049 ω.
3471 3010 3599 3060 quae

3464 3067 3575 3116 sic

1484 3372 1745 3437 Ilcnriei
1791 3373 2101 3438 Dodwelli
2147 3378 2344 3438 notae.

288 3499 393 3561 (33)
422 3501 518 3550 Per
550 3505 782 3567 quatuor
809 3506 1060 3569 tempora.
1096 3506 1177 3556 W.
1223 3505 1278 3556 id
1328 3509 1428 3569 est,
1456 3510 1694 3571 quatuor
1726 3506 1961 3571 vicibus,
1989 3519 2089 3558 seu
2120 3510 2329 3572 quater.

1409 3712 1495 3767 W.
1537 3712 2037 3769 CIIRONOLCGIJ'J
2076 3712 2413 3769 SYNOPSIS.

637 3830 674 3879 Α
684 3844 715 3879 η
726 3828 782 3879 ηε·
802 3829 865 3880 ab
890 3830 1087 3882 Exodo.
1592 3837 1762 3901 Reges.

2506 3835 2840 3886 Restauratio
2868 3833 3061 3899 templi.

228 3897 294 3972 in
321 3898 523 3972 eremo
637 3870 1087 3963 “Mf-mw
1314 3905 1396 3972 to
1460 3870 1762 3972 saufw
1798 3870 1994 3972 40'“:

1973 3907 2178 3958 Nomen
2213 3906 2349 3958 Mm
2506 3870 2840 3886 ...η
3100 3906 3122 3972 ‘-

224 3959 463 4011 Judices
854 3959 858 3963 ’
1300 3970 1395 4018 450
1460 3967 1640 4018 David
1801 3970 1866 4019 40

3008 3967 3035 4015 δ
3097 3969 3130 4017 4

230 4023 411 4086 Reges
438 4022 510 4073 ad
527 4023 859 4076 Jechouiam
1316 4032 1411 4081 503
1477 4031 1739 4082 Salomon
1803 4034 1865 4082 40
3004 4045 3038 4076 α
3103 4030 3124 4079 ί

1206 4119 1393 4130 --
1457 4093 1708 4144 Roboum
1805 4095 1862 4145 17

2999 4092 3129 4153 μ40

230 4145 337 4210 Ad
352 4149 573 4210 captam
596 4148 848 4203 Judaaam
1306 4157 1402 4206 995
1466 4156 1607 4206 Abin
1833 4157 1865 4204 3
2938 4145 3127 4191 —'-——-

229 4208 497 4260 Sedecias
1336 4221 1387 4267 11
1459 4221 1571 4268 Asa
1802 4220 1858 4267 41

3063 4216 3126 4267 46

1211 4305 1394 4343 sue-5
1459 4279 1725 4343 Josapliat
1799 4280 1864 4331 235
1974 4340 2004 4343 _
2488 4278 2687 4342 Septem
2713 4276 3078 4343 hebdomadas.

229 4330 1059 4399 Adconﬂsgrationemurhiset
1076 4342 1406 4407 lemp1i1000
1468 4330 1668 4407 gora'm
1806 4330 1863 4391 ’8
1964 4340 2142 4407 Cyrus
2553 4330 2567 4342 ’
3058 4342 3115 4407 Μ

1463 4404 1737 4453 Ochozias
1838 4408 1852 4452 1
1963 4404 2269 4453 (lambvses
3095 4404 3129 4452 9

740 4464 1051 4526 Captivitas.
1460 4466 1725 4517 Godolias
1831 4466 1863 4516 8
1964 4464 2210 4516 Szuerdis
3094 4466 3125 4514 0

1457 4529 1589 4578 Joas
1795 4527 1857 4578 40
1962 4530 2160 4578 Darius
2189 4526 2254 4575 tII
2286 4530 2338 4576 et
2370 4526 2463 4589 IV)
3096 4529 3129 4576 0

230 4580 497 4632 Sedecias
1336 4592 1386 4641 11
1462 4591 1715 4641 Amazias
1799 4591 1864 4640 29
2447 4580 2457 4589 ’
2936 4614 3125 4625 --·-

228 4642 750 4717 ῃςώιιοιιοᾴοηοεοτ
1340 4655 1403 4717 25
1468 4653 1629 4717 Ozias
1797 4654 1861 4702 53
1961 4651 2554 4717 RestauratiotempliA
3065 4651 3129 4717 40

229 4704 597 4778 glemaredan
1348 4715 1409 4765 12
1471 4716 1704 4778 .Ioatbas
1800 4717 1860 4764 10
1962 4716 2283 4778 Mysterium
2313 4704 2588 4777 passionis
3091 4716 3123 4762 3

228 4767 481 4847 Ξῗῖξίῗβὲτ
1347 4778 1415 4847 .5
1466 4777 1666 4847 Afr-hee
1801 4780 1862 4847 19
1967 4837 1994 4847 η

2014 4767 2034 4778 υ
2313 4767 2329 4777 ο

2939 4800 3130 4812 —-—

1973 4837 2004 4847 η
2088 4841 2097 4847 ι
2247 4839 2255 4847 ι
2363 4840 2373 4847 ι
2414 4838 2423 4847 ο
2470 4837 2502 4847 ιι
2583 4841 2592 4847 ι
2878 4836 2967 4847 Ann
3183 4835 3193 4846 I
3529 4835 3538 4847 0

228 4830 435 4881 Darius
1341 4840 1401 4888 18
1464 4839 1734 4890 Ezechias
1798 4840 1861 4888 29
1963 4837 2331 4888 Centenarius
2363 4837 2688 4900 triplicalus,
2718 4846 2846 4888 ccc.
2876 4836 2969 4887 300
3092 4853 3120 4882 τ
3152 4835 3371 4897 signum
3390 4835 3593 4900 crucis.

1213 4926 1402 4981 ——:
1467 4902 1747 4981 signasses
1885 4910 1938 4981 D
1964 4900 2185 4964 Reliqui
2216 4911 2358 4950 XVIII

1339 4963 1403 5012 70
1466 4966 1645 5013 Amon
1832 4964 1863 5011 ‘2

229 5023 318 5073 Ab
345 5022 539 5073 Exodo
569 5021 636 5071 ad
670 5020 1055 5085 Captivitatem

231 5086 538 5150 Captivitss

233 5145 461 5213 Septem
489 5145 865 5198 hebdomades

1347 5089 1409 5137 70
1469 5088 1706 5137 Joaclmz
1830 5089 1862 5135 0

1218 5245 1405 5256 ~——--
1466 5221 1765 5271 Jechonias
1836 5221 1868 5269 0

231 5280 317 5331 Ad
345 5280 611 5344 templum
640 5283 1007 5344 restauratum
1101 5342 1111 5344 ῃ
1278 5283 1402 5331 1114
1681 5309 1870 5320 ---

230 5345 357 5395 Duo
389 5348 445 5394 et
458 5342 536 5393 ‘se
546 5344 776 5406 xaginta
802 5342 1178 5393 hebdomadcs
1304 5344 1400 5393 434
1771 5346 1867 5395 503

229 5466 317 5517 Ad
349 5465 635 5516 Christum
660 5469 858 5516 natum
1800 5434 1807 5439 Ι

230 5528 437 5579 Christi
474 5530 586 5578 vita
1336 5531 1391 5579 31

228 5651 315 5703 Ad
348 5652 664 5714 passionem

227 5715 315 5765 Ad
349 5714 617 5766 Gordiani
646 5715 906 5779 quintum
1312 5718 1407 5765 215

230 5838 469 5891 Summa
502 5838 755 5891 omnium
1220 5804 1410 5893 ...ἧι-ἦ

1304 5025 1406 5099 01123"
1462 5026 1642 5099 J'osias
1799 5025 1879 5099 31:
1909 5023 2168 5099 “Vernae
2199 5024 2437 5075 Abrahae

2922 4901 2982 4949 18
3082 4915 3128 4956 ιη
3162 4911 3365 4948 nomen
3394 4899 3546 4949 Jesu.

2935 5023 3028 5074 318
3055 5038 3129 5080 rm

1329 5150 1390 5198 49
1454 5150 1705 5200 Joacliun
1806 5150 1967 5219 “1'4
