4082 6194
266 216 406 276 1οὅ3
1130 278 1137 283 ,
1297 222 1574 279 ΟΔΗΜΕΝ
1611 222 1699 280 DE
1737 220 1878 281 RES!

2013 268 2035 281 ..
2076 224 2522 285 MORTUORUM.
3492 232 3625 293 105i

259 344 326 393 ut
389 340 447 393 id
486 341 743 419 tetidem
790 341 1003 419 verbis,
1036 356 1156 419 non
1194 343 1393 408 dicat),
1420 346 1543 419 sed
1593 348 1888 398 Demi‘nice
1989 350 2116 400 nico
2158 363 2269 401 non
2315 363 2415 412 eo,
2452 349 2550 402 sed
2600 353 2891 416 sequente)
2942 350 3031 404 die
3077 353 3139 404 Ξϐ
3191 356 3393 419 martii,
3427 371 3525 407 seu
3569 371 3627 409 vr

255 418 531 487 sequente
577 415 947 478 plenilunium
986 416 1107 479 (seu
1145 417 1335 466 lunam
1370 418 1468 479 15).
1504 432 1615 469 non
1665 419 1722 467 in
1767 420 1886 482 ipse
1986 420 2070 470 Kl.
2133 423 2262 486 Apr.
2318 423 2444 485 Quo
2503 425 2622 487 ipse
2679 415 2769 474 die
2825 424 3228 476 celebrandum
3291 415 3420 476 item
3481 438 3627 479 esset

257 485 587 561 plenilunio.
639 487 709 536 Et
764 487 987 551 quidem
1038 488 1155 537 ﬁeri
1219 492 1403 551 potest
1458 494 1520 539 ut
1572 490 1886 554 Cyprianus
1986 485 2293 542 secundum
2340 485 2680 556 Cyprianum
2711 499 2894 561 utqui
2939 501 3024 546 est
3051 499 3265 561 primus
3301 499 3626 551 Dominicus

251 559 419 641 etiam
461 560 622 641 (sicut
667 560 1041 641 Hippplytus),
1072 561 1367 641 ne_n_ipso_
1393 562 1701 641 plenilunie
1737 564 1886 641 (eum
1987 573 2109 641 post
2146 576 2225 641 {in
2262 564 2347 641 lit.
2384 567 2512 641 Apr.
2539 564 2700 641 _feria
2737 559 3216 641 3.A'Eu_mtlemque
3245 568 3435 641 974
3474 571 3623 620 diem

248 630 322 701 sit
369 631 738 692 Deminicus),
806 632 1015 683 Pascha
1072 634 1469 685 celebrandum
1540 633 1724 695 vellet,
1788 633 1886 683 sed
1988 634 2104 695 (pro
2148 635 2412 685 Pascbate
2462 637 2622 686 istius
2668 639 2840 701 anui),
2885 630 3174 701 designant
3207 630 3450 691 uniones
3489 643 3619 691 Pas-

244 699 541 777 Pominice
570 707 861 777 sequente,
888 703 1038 768 quod
1064 709 1120 754 et
1148 705 1381 756 suadere
1407 703 1668 754 videntur
1687 703 1886 754 rudera
1986 704 2175 756 chales
2224 707 2478 769 Dionysii
2532 707 2759 771 (quibus
2805 699 2926 773 'jam
2977 699 3205 773 utimur,
3252 712 3308 760 in
3355 719 3618 777 computo

246 770 500 847 Tabella:
524 772 735 847 codicis
770 774 833 825 R.
1342 846 1345 847 ν
1984 779 2221 841 Juliano)
2255 781 2322 830 ad
2352 785 2595 832 mentem
2623 770 2824 847 synodi
2848 785 3112 835 Nicaeum.

557 845 830 922 Denique,
858 847 1109 922 inuitata
1144 847 1294 922 lunae
1323 846 1637 922 discrepant
1668 864 1679 897 :
1712 850 1883 922 quip—
2048 853 2219 901 Erant
2265 858 2450 903 autem
2487 841 2704 917 (praeter
2746 855 2848 905 hos
2890 856 3179 920 Hippolyti
3217 860 3269 907 et
3312 854 3616 922 Cypriani},

239 925 333 995 pe,
378 916 493 995 pre’
520 929 667 965 anno
715 916 929 995 vulgari
976 918 1088 980 243,
1122 919 1219 995 qui
1268 920 1353 969 est
1398 919 1454 967 in
1510 932 1725 995 canone
1777 919 1884 995 Cyf
1982 923 2083 995 alii
2114 925 2246 972 item
2288 916 2530 974 canones
2570 925 2641 975 ad
2679 927 2922 976 similem
2966 916 3207 977 Terinam
3257 916 3477 992 (nem—pe
3521 916 3619 994 per

240 986 424 1064 priani
478 1000 661 1036 annus
720 988 1041 1064 secundus,
1098 994 1147 1064 et
1203 992 1271 1064 inp
1325 1002 1539 1040 canone
1595 991 1881 1064 Hippolyti
1982 992 2351 1056 Sedecennia,
2398 999 2493 1045 aut
2538 996 2875 1060 duplicatum
2928 986 3318 1060 Octaeterida),
3366 986 3616 1064 adeoque

227 1057 548 1130 vicesimus
608 1060 923 1130 secundus,
982 1061 1206 1123 ponitur
1260 1061 1393 1111 luna
1458 1062 1878 1122 quartadecima
1978 1068 2101 1126 post
2149 1078 2324 1115 annos
2375 1067 2485 1128 “2,
2518 1057 2632 1117 aut
2660 1069 2826 1118 etiam
2868 1070 2949 1129 56,
2990 1057 3395 1130 recurrentes);
3437 1074 3499 1120 ut
3523 1057 3614 1120 ἐκ

234 1129 559 1205 secundum
594 1129 981 1205 Cyprianum,
1031 1145 1110 1181 ΧΠ
1163 1131 1248 1182 Kl.
1300 1135 1429 1196 Apr.
1481 1133 1616 1182 feria
1660 1133 1727 1193 3;
1777 1135 1874 1185 sed
1976 1134 2254 1200 Cypriane
2300 1141 2487 1187 nostro
2536 1142 2754 1189 constat
2799 1143 2915 1205 (qui
2970 1141 3243 1205 ejusmodi
3293 1155 3471 1191 unum
3519 1147 3614 1192 aut

231 1201 556 1279 secundum
593 1202 1102 1279 H_ippolytum_,_xv
1137 1205 1222 1255 K1.
1250 1207 1399 1279 AApr.
1438 1204 1573 1279 feria
1623 1206 1672 1279 7_,
1704 1204 1872 1256 adee-
1970 1207 2146 1279 alium
2184 1208 2406 1273 rejicit),
2435 1212 2491 1259 et
2519 1209 2782 1262 Bueherii
2808 1201 2960 1262 notis
2990 1201 3059 1263 ad
3097 1225 3370 1264 canonem
3398 1213 3609 1279 Hippo-

227 1283 342 1343 gue
377 1272 752 1335 plenilunium
792 1286 895 1325 xxv
938 1274 1025 1325 Kl.
1059 1275 1198 1336 Apr.
1239 1276 1373 1325 feria
1418 1277 1612 1337 prima,
1640 1276 1749 1328 hoc
1786 1281 1872 1329 est
1967 1278 2089 1343 tyti.

225 1340 365 1391 Mar.
400 1344 463 1394 t9
504 1343 594 1394 die
631 1346 946 1409 Dominico,
970 1349 1024 1399 et
1062 1347 1350 1413 Hippolyti
1398 1348 1613 1399 Pascha
1659 1350 1869 1413 (Demi-

2001 1511 2311 1526 *ιι-

2321 1516 3605 1542 _—___________________

668 1626 1132 1723 CARMEN
1206 1559 1352 1723 DE
1419 1633 2366 1759 BESURRECTIONE
2436 1635 3147 1732 MORTUORUM

1663 1805 1768 1868 AD
1811 1804 2149 1870 FELICEM

545 1952 678 2033 (Ea:
720 1955 1016 2020 Marten.
1075 1953 1374 2019 Veterum
1418 1955 1739 2036 Scriptor.
1788 1962 1853 2018 et
1890 1956 2186 2021 Monum.
2234 1958 2529 2040 amplz’ss.
2579 1958 2864 2039 Collect.,
2913 1969 3069 2026 tam.
3115 1963 3265 2048 IX.)

1318 2272 1955 2364 (OBSERVATIO
2030 2272 2494 2360 PRAEVIA.)

283 2556 528 2649 Car.men
559 2557 629 2612 de
659 2559 1091 2623 Resurrcctione
1126 2562 1483 2613 mortuorum
1506 2558 1565 2613 S.
1599 2556 1865 2629 Cypriani
1892 2574 2109 2613 nomen
2136 2559 2377 2629 praefert
2401 2558 2460 2613 in
2494 2563 2820 2630 pervetuste
2849 2560 3039 2616 codice
3059 2560 3435 2632 Corbeiensis,
3460 2565 3592 2619 ante

209 2647 399 2700 annos
427 2651 750 2717 nongentos
769 2648 976 2702 litteris
1004 2647 1331 2718 majusculis
1359 2652 1613 2701 exarata.
1640 2647 1772 2714 Quis
1798 2652 1991 2701 autem
2033 2647 2105 2700 sit
2139 2648 2229 2701 ille
2272 2648 2610 2719 Cyprianus,
2636 2649 2789 2704 haud
2820 2649 2988 2704 facile
3014 2655 3102 2704 est
3126 2649 3403 2705 divinare.
3434 2651 3580 2706 Nam

210 2735 527 2806 quominus
551 2736 926 2791 celeberrimo
954 2738 1035 2791 illi
1062 2735 1497 2806 Carthaginiensi
1532 2736 1793 2806 episcopo
1828 2741 1887 2790 et
1926 2736 2183 2807 martyri,
2220 2738 2379 2808 cujus
2414 2738 2644 2809 egregia
2676 2739 2890 2810 scripta
2926 2739 3255 2795 suavissime
3293 2741 3584 2812 leguntur,

210 2826 357 2879 illud
394 2826 792 2896 attribuamus,
826 2828 1053 2882 obstare
1101 2827 1325 2881 videtur
1367 2827 1542 2880 oratio
1587 2825 1758 2879 nimis
1796 2824 2102 2890 salebrosa,
2137 2828 2194 2879 et
2238 2826 2460 2880 violatae
2509 2827 2873 2897 frequentius
2914 2828 3085 2883 metri
3128 2828 3317 2898 leges;
3364 2828 3593 2882 tametsi

208 2916 517 2970 sententia}
551 2933 754 2987 graves
779 2923 835 2972 et
861 2935 1113 2973 nervosa:
1144 2919 1214 2973 ab
1242 2936 1309 2974 ee
1342 2918 1574 2973 minime
1599 2916 1962 2981 abhorreant,
1994 2932 2100 2969 nec
2130 2917 2289 2969 tanto
2318 2917 2546 2970 doctore
2579 2916 2834 2987 indignae
2870 2916 3225 2987 judicentur.
3256 2916 3365 2971 Sed
3401 2933 3589 2988 neque

211 3014 355 3059 setas
384 3006 630 3060 auctoris
663 3023 696 3059 a
720 3007 982 3078 Cypriani
1020 3009 1486 3079 Carthaginensis
1529 3022 1648 3061 aevo
1687 3004 1894 3059 distare
1937 3003 2179 3058 videtur.
2214 3005 2355 3058 Nam
2397 3006 2443 3059 si
2492 3022 2556 3060 eo
2597 3006 2888 3077 antiquior
2917 3021 3030 3059 non
3068 3005 3159 3073 sit,
3197 3006 3585 3077 subaequalem

209 3095 419 3149 saltem
457 3095 631 3151 fuisse
677 3098 973 3167 complura
1025 3099 1307 3153 evincunt.
1347 3098 1511 3151 Certe
1563 3112 1629 3149 eo
1685 3110 1744 3147 se
1788 3094 2101 3163 praesertim
2141 3098 2405 3165 tempore
2460 3094 2684 3163 vixisse,
2734 3111 2845 3165 quo
2889 3093 3078 3168 9'75
3130 3094 3363 3166 vigebat
3401 3094 3587 3150 adhuc

207 3183 498 3238 idolorum
529 3185 734 3251 cultus,
773 3186 861 3240 his
908 3186 1160 3241 insinuat
1196 3186 1469 3251 versibus,
1502 3185 1708 3255 quibus
1748 3183 1951 3255 impios
1989 3183 2048 3239 in
2086 3189 2340 3240 extremo
2375 3184 2590 3255 judicio
2638 3186 2997 3241 conscientia:
3038 3184 3284 3240 stimulis
3342 3184 3585 3256 agitatas

204 3273 451 3345 inducit,
483 3274 753 3330 eumdem
778 3274 1059 3331 idolorum
1086 3276 1305 3332 cultum
1336 3275 1677 3330 detestantes
1711 3291 1724 3329 :

1108 3434 1233 3484 Illic
1260 3434 1496 3498 quisque
1521 3446 1638 3498 sum
1663 3432 1928 3498 fatebitur
1954 3431 2122 3483 effera
2148 3433 2300 3498 vitae.

1109 3498 1231 3568 ._I_a_rn
1254 3495 1496 3560 primum
1513 3497 1842 3568 quicunque
1868 3496 2048 3568 Deum
2076 3495 2218 3568 male
2240 3497 2494 3545 senserat
2513 3498 2661 3557 ante,

1112 3560 1184 3609 Et
1215 3557 1353 3624 vaga
1379 3557 1630 3607 mentitie
1657 3557 1978 3624 coluissent
2000 3557 2234 3607 numine
2261 3570 2414 3619 saxa,

1113 3620 1634 3684 Atque'cruentatas
1657 3620 1787 3684 igne
1809 3623 2128 3684 sacraverat
2153 3632 2294 3680 aras,

1110 3684 1180 3734 Et
1203 3681 1506 3748 picturatas
1528 3684 1721 3734 timuit
1747 3682 1868 3732 sine
1891 3695 2030 3733 voce
2056 3681 2283 3746 ﬁguras,
2311 3685 2417 3734 etc.

201 3817 488 3874 Floruisse
518 3818 696 3874 etiam
724 3819 1230 3875 turbulentissimis
1258 3818 1541 3874 nascentis
1572 3817 1835 3874 Ecclesiae
1866 3817 2241 3889 temporibus,
2267 3817 2474 3889 quibus
2501 3818 2659 3873 verbi
2698 3818 2847 3873 sacri
2876 3834 3167 3889 praecones
3194 3816 3412 3871 crudeli
3452 3833 3561 3871 nec

202 3905 603 3976 tradebantur,
649 3925 714 3963 ac
758 3908 933 3963 tidem
982 3908 1190 3965 Christi
1240 3925 1411 3979 quam
1451 3908 1834 3978 praedicabant
1880 3907 2175 3979 sanguinis
2218 3906 2499 3961 effusione
2544 3911 2715 3962 testes
2756 3906 2949 3961 invicti
2998 3905 3397 3977 ebsiguabant,
3435 3907 3580 3963 satis

201 3996 584 4067 demonstrat,
615 4014 745 4053 cum
776 4004 1150 4070 tyrannorum
1178 3998 1233 4053 in
1260 3998 1611 4055 Christianos
1639 3998 2064 4053 immanitatem
2092 3996 2180 4052 his
2207 3995 2391 4051 verbis
2421 3995 2718 4067 redarguit
2749 4018 2760 4050 :

1103 4128 1215 4177 Vos
1235 4131 1419 4178 tamen
1438 4127 1592 4176 hunc
1616 4127 1920 4177 Dominum
1941 4124 2068 4188 cali
2090 4125 2366 4188 terraque
2392 4123 2659 4188 negastis,

1108 4190 1179 4253 Et
1200 4192 1380 4253 justos
1407 4192 1589 4252 potius
1612 4188 1824 4253 crudeli
1858 4186 2011 4237 emde
2039 4186 2307 4253 negastis,

1102 4248 1635 4322 Rraé‘ceuesque‘pei
1666 4252 1916 4322 plerique
1941 4262 2090 4311 saepe
2113 4248 2369 4322 fugastis,
2433 4310 2444 4322 .

1104 4315 1320 4364 Veritas
1349 4311 1592 4364 in'vobis
1619 4311 1716 4377 pro
1742 4311 1977 4362 crimine
2005 4324 2226 4375 semper
2246 4311 2492 4360 inhaesit.

272 4441 367 4495 liis
395 4440 560 4507 adde,
590 4442 737 4512 quod
779 4441 1219 4497 Millenariorum
1268 4440 1337 4495 de
1375 4447 1602 4495 terreno
1645 4438 1852 4496 Christi
1891 4454 2072 4510 regno
2120 4442 2244 4509 post
2285 4439 2764 4495 resurrectionem
2806 4438 2958 4493 haud
3008 4438 3247 4494 obscure
3300 4438 3558 4494 insinuat

198 4530 555 4600 opinionem,
588 4547 715 4600 quae
744 4530 831 4584 vix
863 4531 1050 4586 saeculi
1082 4530 1232 4585 tertii
1265 4528 1438 4583 tinem
1464 4528 1675 4600 attigit.
1704 4526 1820 4583 Sed
1847 4542 2032 4599 neque
2061 4527 2249 4582 minus
2275 4528 2671 4599 antiquitatem
2700 4529 2865 4599 sapit,
2885 4529 3059 4600 quod,
3084 4529 3276 4599 petitis
3307 4529 3563 4598 undique

191 4619 571 4689 argumentis,
598 4620 824 4674 insanos
854 4620 954 4674 aevi
982 4620 1069 4673 sui
1098 4619 1463 4690 philosophos
1494 4619 1747 4673 futuram
1781 4632 2089 4688 corporum
2116 4617 2601 4672 resurrectionem
2631 4622 2929 4688 negantes,
2958 4618 3065 4672 hoc
3092 4618 3346 4671 carmine
3375 4617 3570 4687 impu-

189 4725 398 4779 gnasse
426 4725 457 4761 a
486 4725 619 4764 vero
657 4725 768 4763 non
796 4716 880 4763 est
909 4709 1192 4764 absimile.

266 4799 384 4851 Erit
405 4798 551 4852 forte
579 4798 678 4869 qui
710 4798 980 4852 carminis
1005 4799 1178 4868 hujus
1205 4804 1501 4853 auctorem
1526 4796 1695 4851 faciat
1729 4796 2103 4867 Cyprianum,
2135 4813 2204 4851 ex
2243 4812 2412 4867 mage
2454 4795 2866 4865 Christianum,
2900 4794 3110 4850 deinde
3147 4794 3459 4850 Antiochiae
3512 4794 3571 4849 in

189 4883 387 4957 9'76
430 4886 716 4940 Phoenicia
756 4886 1091 4958 episcopum
1140 4892 1196 4941 et
1239 4892 1567 4957 martyrem,
1612 4886 1772 4955 cujus
1818 4890 1947 4939 acta
1992 4885 2173 4939 tribus
2208 4885 2363 4939 libris
2408 4903 2442 4940 a
2484 4902 2674 4941 cezeve
2732 4884 3010 4957 scriptore
3063 4884 3325 4939 distincta
3374 4884 3552 4957 primi

183 4973 477 5028 edidimus
507 4979 645 5029 tem.
677 4976 740 5030 lll
770 4984 1097 5030 nostrorum
1128 4975 1570 5030 Auecdoterum.
1605 4975 1814 5028 Verum
1846 4973 1936 5027 ille
1972 4987 2087 5026 non
2119 4974 2336 5043 Latine,
2370 4975 2469 5029 sed
2500 4978 2691 5032 Graece
2718 4974 3069 5047 scripsisset.

261 5066 544 5120 Caeterum
572 5064 741 5135 hujus
773 5064 1030 5134 opusculi
1058 5064 1307 5135 pretium
1341 5063 1585 5134 probant
1614 5068 1827 5116 asserta
1857 5060 1915 5115 in
1946 5076 2011 5115 eo
2043 5062 2333 5132 prazcipua
2359 5064 2698 5119 Christianae
2724 5063 3026 5135 religionis
3054 5064 3344 5135 dogmata,
3372 5078 3569 5133 pecca-

184 5158 315 5208 tum
343 5153 637 5224 originale,
670 5153 935 5224 baptismi
964 5155 1285 5219 necessitas,
1308 5152 1598 5208 Trinitatis
1627 5151 1986 5221 mysterium,
2012 5152 2373 5205 mortuerum
2404 5152 2769 5219 resurrectio,
2807 5168 2936 5223 quae
2968 5168 3103 5206 sane
3125 5151 3269 5207 tanti
3298 5150 3416 5207 visa
3446 5156 3579 5207 sunt

186 5244 249 5297 in
283 5241 678 5314 antiquissimo
705 5246 957 5309 auctore,
990 5246 1050 5295 ut
1079 5244 1148 5296 ab
1178 5260 1246 5297 ea
1273 5242 1496 5297 edendo
1522 5241 1757 5295 minime
1791 5240 2091 5295 deterrere
2137 5240 2387 5310 potuerit
2430 5240 2620 5294 oratio
2656 5240 2781 5311 ejus
2831 5241 3206 5310 subbarbara,
3236 5257 3365 5313 qua:
3404 5240 3576 5296 etiam

177 5329 252 5381 ab
287 5326 556 5398 imperito
578 5327 807 5380 librario
835 5326 1392 5397 licetantiquissimo
1424 5329 1716 5394 excerpta,
1746 5325 1893 5379 adeo
1938 5323 2250 5393 depravata
2282 5329 2390 5391 est,
2416 5327 2477 5377 ut
2522 5338 2673 5393 saepe
2709 5323 2935 5377 hilarere
2981 5338 3215 5378 necesse
3257 5322 3352 5393 sit,
3386 5338 3575 5393 neque

190 5423 527 5489 propterea,
546 5415 854 5482 credimus,
880 5421 1311 5486 conquerantur
1337 5416 1543 5469 eruditi
1577 5414 1683 5468 viri
1710 5415 1921 5468 frustra
1949 5430 2051 5466 nos
2079 5428 2313 5483 operam
2340 5421 2598 5468 nostram
2629 5412 2959 5468 collocasse.

258 5509 387 5562 Haec
416 5511 724 5577 postquam
752 5508 1115 5578 scripseram,
1149 5525 1401 5580 sequens
1434 5508 1651 5565 adverti
1684 5523 1919 5563 carmen
1944 5505 2166 5561 editum
2198 5499 2268 5555 ad
2302 5504 2517 5557 calcem
2543 5501 2878 5558 Tertulliani
2907 5518 3142 5573 operum
3171 5502 3344 5557 fuisse
3373 5519 3385 5554 :
3421 5499 3576 5573 quod

181 5612 320 5652 cum
360 5596 571 5651 ibidem
610 5597 984 5667 legissem,et
1028 5616 1159 5653 cum
1206 5616 1314 5653 ms.
1364 5603 1560 5655 nostro
1615 5599 2003 5668 contulissem,
2046 5597 2325 5652 audacem
2376 5596 2741 5666 deprehendi
2785 5595 3091 5665 editorem,
3119 5596 3217 5667 qui
3260 5593 3491 5648 violatas
3544 5609 3578 5647 a

179 5687 494 5759 Cypriane,
546 5686 876 5758 quicunque
924 5688 1020 5742 ille
1068 5691 1174 5755 est,
1218 5688 1388 5742 metri
1434 5688 1591 5760 leges
1634 5688 2038 5759 humilemque
2088 5687 2301 5758 stylum
2345 5683 2717 5756 impatienter
2766 5684 2986 5753 ferens,
3038 5684 3376 5756 epusculum
3423 5680 3577 5736 istud

177 5775 631 5847 elegantioribus
655 5775 908 5830 versibus
938 5776 1176 5833 reddere
1204 5782 1437 5833 cenatus
1467 5784 1568 5847 est,
1599 5783 1656 5834 et
1694 5778 1772 5833 sic
1815 5793 1934 5833 non
1981 5775 2290 5848 Cypriani,
2324 5774 2426 5830 sed
2464 5790 2625 5830 suam
2664 5774 2876 5847 publici
2919 5773 3068 5845 juris
3109 5770 3566 5828 lucubrationem
