  <div class='ocr_page' id='page_1' title='image "/cluster/home/n/w/nwhite01/storage/ocr_20150623/4/hvd.32044073549446/534.png"; bbox 0 0 4082 6194; ppageno 0'>
   <div class='ocr_carea' id='block_1_1' title="bbox 240 279 371 340">
    <p class='ocr_par' dir='ltr' id='par_1_1' title="bbox 240 279 371 340">
     <span class='ocr_line' id='line_1_1' title="bbox 240 279 371 340; baseline -0.008 -1"><span class='ocrx_word' id='word_1_1' title='bbox 240 279 371 340; x_wconf 82' lang='grc'>1061</span> 
     </span>
    </p>
   </div>
   <div class='ocr_carea' id='block_1_2' title="bbox 1231 268 2512 336">
    <p class='ocr_par' dir='ltr' id='par_1_2' title="bbox 1231 268 2512 336">
     <span class='ocr_line' id='line_1_2' title="bbox 1231 268 2512 336; baseline -0.002 -2"><span class='ocrx_word' id='word_1_2' title='bbox 1231 275 1296 334; x_wconf 88' lang='grc' dir='ltr'><strong>Ι).</strong></span> <span class='ocrx_word' id='word_1_3' title='bbox 1328 273 1593 336; x_wconf 86' lang='lat' dir='ltr'><strong>NICOLAI</strong></span> <span class='ocrx_word' id='word_1_4' title='bbox 1628 272 1712 332; x_wconf 90' lang='lat' dir='ltr'>LE</span> <span class='ocrx_word' id='word_1_5' title='bbox 1743 268 2021 332; x_wconf 80' lang='lat' dir='ltr'><strong>NOURRY</strong></span> <span class='ocrx_word' id='word_1_6' title='bbox 2059 268 2512 333; x_wconf 78' lang='lat' dir='ltr'><strong>DlSSEBTATIO.</strong></span> 
     </span>
    </p>
   </div>
   <div class='ocr_carea' id='block_1_3' title="bbox 3458 281 3591 342">
    <p class='ocr_par' dir='ltr' id='par_1_3' title="bbox 3458 281 3591 342">
     <span class='ocr_line' id='line_1_3' title="bbox 3458 281 3591 342; baseline 0.03 -3"><span class='ocrx_word' id='word_1_7' title='bbox 3458 281 3591 342; x_wconf 76' lang='lat' dir='ltr'><strong>i062</strong></span> 
     </span>
    </p>
   </div>
   <div class='ocr_carea' id='block_1_4' title="bbox 225 399 3590 486">
    <p class='ocr_par' dir='ltr' id='par_1_4' title="bbox 225 399 3590 486">
     <span class='ocr_line' id='line_1_4' title="bbox 225 399 3590 486; baseline 0.001 -25"><span class='ocrx_word' id='word_1_8' title='bbox 225 407 372 461; x_wconf 90' lang='lat' dir='ltr'><strong>iram</strong></span> <span class='ocrx_word' id='word_1_9' title='bbox 415 405 515 460; x_wconf 87' lang='lat' dir='ltr'><strong>Dei</strong></span> <span class='ocrx_word' id='word_1_10' title='bbox 548 421 660 460; x_wconf 92' lang='lat' dir='ltr'><strong>non</strong></span> <span class='ocrx_word' id='word_1_11' title='bbox 692 408 1048 460; x_wconf 79' lang='lat' dir='ltr'><strong>vererentur.</strong></span> <span class='ocrx_word' id='word_1_12' title='bbox 1081 402 1214 468; x_wconf 86' lang='lat' dir='ltr'><strong>Quis</strong></span> <span class='ocrx_word' id='word_1_13' title='bbox 1244 419 1382 476; x_wconf 88' lang='lat' dir='ltr'><strong>ergo</strong></span> <span class='ocrx_word' id='word_1_14' title='bbox 1423 419 1521 458; x_wconf 87' lang='lat' dir='ltr'><strong>eos</strong></span> <span class='ocrx_word' id='word_1_15' title='bbox 1564 419 1675 457; x_wconf 92' lang='lat' dir='ltr'><strong>non</strong></span> <span class='ocrx_word' id='word_1_16' title='bbox 1720 419 1858 457; x_wconf 90' lang='lat' dir='ltr'><strong>con-</strong></span> <span class='ocrx_word' id='word_1_17' title='bbox 1885 415 1938 486; x_wconf 74' lang='grc' dir='ltr'>Α</span> <span class='ocrx_word' id='word_1_18' title='bbox 1965 401 2143 454; x_wconf 84' lang='lat' dir='ltr'><strong>tiores</strong></span> <span class='ocrx_word' id='word_1_19' title='bbox 2169 399 2325 469; x_wconf 84' lang='lat' dir='ltr'><strong>facti,</strong></span> <span class='ocrx_word' id='word_1_20' title='bbox 2361 418 2425 455; x_wconf 89' lang='lat' dir='ltr'><strong>ac</strong></span> <span class='ocrx_word' id='word_1_21' title='bbox 2468 402 2665 473; x_wconf 86' lang='lat' dir='ltr'><strong>spiritu</strong></span> <span class='ocrx_word' id='word_1_22' title='bbox 2698 404 2882 475; x_wconf 88' lang='lat' dir='ltr'><strong>magis</strong></span> <span class='ocrx_word' id='word_1_23' title='bbox 2911 420 3082 476; x_wconf 90' lang='lat' dir='ltr'><strong>quam</strong></span> <span class='ocrx_word' id='word_1_24' title='bbox 3117 423 3288 462; x_wconf 90' lang='lat' dir='ltr'><strong>carne</strong></span> <span class='ocrx_word' id='word_1_25' title='bbox 3324 409 3590 477; x_wconf 82' lang='lat' dir='ltr'><strong>viventes,</strong></span> 
     </span>
    </p>
   </div>
   <div class='ocr_carea' id='block_1_5' title="bbox 225 497 1862 569">
    <p class='ocr_par' dir='ltr' id='par_1_5' title="bbox 225 497 1862 569">
     <span class='ocr_line' id='line_1_5' title="bbox 225 497 1862 569; baseline -0.001 -15"><span class='ocrx_word' id='word_1_26' title='bbox 225 501 484 566; x_wconf 83' lang='lat' dir='ltr'><strong>demnet,</strong></span> <span class='ocrx_word' id='word_1_27' title='bbox 513 501 611 569; x_wconf 86' lang='lat' dir='ltr'><strong>qui</strong></span> <span class='ocrx_word' id='word_1_28' title='bbox 642 499 869 554; x_wconf 78' lang='lat' dir='ltr'><strong>tametsi</strong></span> <span class='ocrx_word' id='word_1_29' title='bbox 900 498 1146 552; x_wconf 85' lang='lat' dir='ltr'><strong>debitam</strong></span> <span class='ocrx_word' id='word_1_30' title='bbox 1178 498 1284 552; x_wconf 86' lang='lat' dir='ltr'><strong>sibi</strong></span> <span class='ocrx_word' id='word_1_31' title='bbox 1327 515 1359 552; x_wconf 90' lang='lat' dir='ltr'><strong>a</strong></span> <span class='ocrx_word' id='word_1_32' title='bbox 1398 498 1571 552; x_wconf 87' lang='lat' dir='ltr'><strong>servis</strong></span> <span class='ocrx_word' id='word_1_33' title='bbox 1599 497 1714 551; x_wconf 83' lang='lat' dir='ltr'><strong>suis</strong></span> <span class='ocrx_word' id='word_1_34' title='bbox 1746 499 1862 552; x_wconf 81' lang='lat' dir='ltr'><strong>exi-</strong></span> 
     </span>
    </p>
   </div>
   <div class='ocr_carea' id='block_1_6' title="bbox 223 591 1865 664">
    <p class='ocr_par' dir='ltr' id='par_1_6' title="bbox 223 591 1865 664">
     <span class='ocr_line' id='line_1_6' title="bbox 223 591 1865 664; baseline -0.002 -16"><span class='ocrx_word' id='word_1_35' title='bbox 223 596 435 664; x_wconf 84' lang='lat' dir='ltr'><strong>gerent</strong></span> <span class='ocrx_word' id='word_1_36' title='bbox 479 593 834 656; x_wconf 85' lang='lat' dir='ltr'><strong>servitutem,</strong></span> <span class='ocrx_word' id='word_1_37' title='bbox 880 609 944 646; x_wconf 90' lang='lat' dir='ltr'><strong>ac</strong></span> <span class='ocrx_word' id='word_1_38' title='bbox 987 592 1156 662; x_wconf 82' lang='lat' dir='ltr'><strong>jussis</strong></span> <span class='ocrx_word' id='word_1_39' title='bbox 1202 591 1316 644; x_wconf 86' lang='lat' dir='ltr'><strong>suis</strong></span> <span class='ocrx_word' id='word_1_40' title='bbox 1365 609 1480 646; x_wconf 85' lang='lat' dir='ltr'><strong>non</strong></span> <span class='ocrx_word' id='word_1_41' title='bbox 1536 591 1865 645; x_wconf 84' lang='lat' dir='ltr'><strong>obedientes</strong></span> 
     </span>
    </p>
   </div>
   <div class='ocr_carea' id='block_1_7' title="bbox 220 685 1866 757">
    <p class='ocr_par' dir='ltr' id='par_1_7' title="bbox 220 685 1866 757">
     <span class='ocr_line' id='line_1_7' title="bbox 220 685 1866 757; baseline -0.002 -16"><span class='ocrx_word' id='word_1_42' title='bbox 220 687 439 757; x_wconf 82' lang='lat' dir='ltr'><strong>ﬂagris,</strong></span> <span class='ocrx_word' id='word_1_43' title='bbox 477 687 654 753; x_wconf 84' lang='lat' dir='ltr'><strong>fame,</strong></span> <span class='ocrx_word' id='word_1_44' title='bbox 694 685 808 749; x_wconf 89' lang='lat' dir='ltr'><strong>siti,</strong></span> <span class='ocrx_word' id='word_1_45' title='bbox 847 685 1122 751; x_wconf 76' lang='lat' dir='ltr'><strong>nuditate,</strong></span> <span class='ocrx_word' id='word_1_46' title='bbox 1167 686 1336 751; x_wconf 87' lang='lat' dir='ltr'><strong>ferro,</strong></span> <span class='ocrx_word' id='word_1_47' title='bbox 1371 701 1599 738; x_wconf 87' lang='lat' dir='ltr'><strong>carcere</strong></span> <span class='ocrx_word' id='word_1_48' title='bbox 1632 687 1866 738; x_wconf 86' lang='lat' dir='ltr'><strong>mulcta-</strong></span> 
     </span>
    </p>
   </div>
   <div class='ocr_carea' id='block_1_8' title="bbox 219 778 1863 849">
    <p class='ocr_par' dir='ltr' id='par_1_8' title="bbox 219 778 1863 849">
     <span class='ocr_line' id='line_1_8' title="bbox 219 778 1863 849; baseline -0.002 -14"><span class='ocrx_word' id='word_1_49' title='bbox 219 784 370 846; x_wconf 86' lang='lat' dir='ltr'><strong>rent,</strong></span> <span class='ocrx_word' id='word_1_50' title='bbox 415 781 695 834; x_wconf 90' lang='lat' dir='ltr'><strong>nolebant</strong></span> <span class='ocrx_word' id='word_1_51' title='bbox 719 787 913 833; x_wconf 89' lang='lat' dir='ltr'><strong>tamen</strong></span> <span class='ocrx_word' id='word_1_52' title='bbox 945 778 1331 849; x_wconf 86' lang='lat' dir='ltr'><strong>Omnipotenti</strong></span> <span class='ocrx_word' id='word_1_53' title='bbox 1371 780 1614 832; x_wconf 88' lang='lat' dir='ltr'><strong>Domino</strong></span> <span class='ocrx_word' id='word_1_54' title='bbox 1642 795 1863 832; x_wconf 78' lang='lat' dir='ltr'><strong>morem</strong></span> 
     </span>
    </p>
   </div>
   <div class='ocr_carea' id='block_1_9' title="bbox 217 872 1860 945">
    <p class='ocr_par' dir='ltr' id='par_1_9' title="bbox 217 872 1860 945">
     <span class='ocr_line' id='line_1_9' title="bbox 217 872 1860 945; baseline -0.002 -16"><span class='ocrx_word' id='word_1_55' title='bbox 217 891 417 945; x_wconf 82' lang='lat' dir='ltr'><strong>gerere</strong></span> <span class='ocrx_word' id='word_1_56' title='bbox 448 891 514 928; x_wconf 90' lang='lat' dir='ltr'><strong>ac</strong></span> <span class='ocrx_word' id='word_1_57' title='bbox 555 873 764 928; x_wconf 83' lang='lat' dir='ltr'><strong>servire</strong></span> <span class='ocrx_word' id='word_1_58' title='bbox 795 873 946 942; x_wconf 89' lang='lat' dir='ltr'><strong>(pag.</strong></span> <span class='ocrx_word' id='word_1_59' title='bbox 991 873 1133 942; x_wconf 84' lang='grc'>188).</span> <span class='ocrx_word' id='word_1_60' title='bbox 1175 873 1282 926; x_wconf 86' lang='lat' dir='ltr'><strong>Tot</strong></span> <span class='ocrx_word' id='word_1_61' title='bbox 1327 872 1517 942; x_wconf 90' lang='lat' dir='ltr'><strong>itaque</strong></span> <span class='ocrx_word' id='word_1_62' title='bbox 1558 888 1623 926; x_wconf 89' lang='lat' dir='ltr'><strong>ac</strong></span> <span class='ocrx_word' id='word_1_63' title='bbox 1669 873 1860 925; x_wconf 55' lang='lat' dir='ltr'><strong>tanti»</strong></span> 
     </span>
    </p>
   </div>
   <div class='ocr_carea' id='block_1_10' title="bbox 214 965 1861 1038">
    <p class='ocr_par' dir='ltr' id='par_1_10' title="bbox 214 965 1861 1038">
     <span class='ocr_line' id='line_1_10' title="bbox 214 965 1861 1038; baseline -0.001 -17"><span class='ocrx_word' id='word_1_64' title='bbox 214 968 320 1021; x_wconf 89' lang='lat' dir='ltr'><strong>sed</strong></span> <span class='ocrx_word' id='word_1_65' title='bbox 375 968 468 1034; x_wconf 90' lang='lat' dir='ltr'><strong>iis,</strong></span> <span class='ocrx_word' id='word_1_66' title='bbox 524 984 664 1038; x_wconf 90' lang='lat' dir='ltr'><strong>quas</strong></span> <span class='ocrx_word' id='word_1_67' title='bbox 721 971 1072 1033; x_wconf 87' lang='lat' dir='ltr'><strong>meruerant,</strong></span> <span class='ocrx_word' id='word_1_68' title='bbox 1124 965 1444 1019; x_wconf 80' lang='lat' dir='ltr'><strong>minoribus</strong></span> <span class='ocrx_word' id='word_1_69' title='bbox 1503 965 1688 1036; x_wconf 79' lang='lat' dir='ltr'><strong>plagis</strong></span> <span class='ocrx_word' id='word_1_70' title='bbox 1745 972 1861 1019; x_wconf 83' lang='lat' dir='ltr'><strong>non</strong></span> 
     </span>
    </p>
   </div>
   <div class='ocr_carea' id='block_1_11' title="bbox 217 1059 1861 1130">
    <p class='ocr_par' dir='ltr' id='par_1_11' title="bbox 217 1059 1861 1130">
     <span class='ocr_line' id='line_1_11' title="bbox 217 1059 1861 1130; baseline -0.002 -14"><span class='ocrx_word' id='word_1_71' title='bbox 217 1062 576 1129; x_wconf 83' lang='lat' dir='ltr'><strong>emendatos,</strong></span> <span class='ocrx_word' id='word_1_72' title='bbox 645 1061 788 1115; x_wconf 85' lang='lat' dir='ltr'><strong>nihil</strong></span> <span class='ocrx_word' id='word_1_73' title='bbox 847 1059 1001 1114; x_wconf 82' lang='lat' dir='ltr'><strong>aliud</strong></span> <span class='ocrx_word' id='word_1_74' title='bbox 1069 1059 1361 1125; x_wconf 88' lang='lat' dir='ltr'><strong>manebat,</strong></span> <span class='ocrx_word' id='word_1_75' title='bbox 1430 1076 1602 1130; x_wconf 87' lang='lat' dir='ltr'><strong>quam</strong></span> <span class='ocrx_word' id='word_1_76' title='bbox 1668 1075 1861 1114; x_wconf 89' lang='lat' dir='ltr'><strong>carcer</strong></span> 
     </span>
    </p>
   </div>
   <div class='ocr_carea' id='block_1_12' title="bbox 228 1152 1534 1224">
    <p class='ocr_par' dir='ltr' id='par_1_12' title="bbox 228 1152 1534 1224">
     <span class='ocr_line' id='line_1_12' title="bbox 228 1152 1534 1224; baseline -0.002 -15"><span class='ocrx_word' id='word_1_77' title='bbox 228 1161 500 1221; x_wconf 64' lang='lat' dir='ltr'><strong>internus,</strong></span> <span class='ocrx_word' id='word_1_78' title='bbox 531 1171 593 1208; x_wconf 84' lang='lat' dir='ltr'><strong>ac</strong></span> <span class='ocrx_word' id='word_1_79' title='bbox 620 1157 964 1224; x_wconf 89' lang='lat' dir='ltr'><strong>perpetuum</strong></span> <span class='ocrx_word' id='word_1_80' title='bbox 992 1153 1143 1222; x_wconf 83' lang='lat' dir='ltr'><strong>ignis</strong></span> <span class='ocrx_word' id='word_1_81' title='bbox 1170 1152 1534 1224; x_wconf 87' lang='lat' dir='ltr'><strong>supplicium.</strong></span> 
     </span>
    </p>
   </div>
   <div class='ocr_carea' id='block_1_13' title="bbox 303 1246 1860 1317">
    <p class='ocr_par' dir='ltr' id='par_1_13' title="bbox 303 1246 1860 1317">
     <span class='ocr_line' id='line_1_13' title="bbox 303 1246 1860 1317; baseline -0.001 -16"><span class='ocrx_word' id='word_1_82' title='bbox 303 1247 651 1302; x_wconf 89' lang='lat' dir='ltr'><strong>Demetriani</strong></span> <span class='ocrx_word' id='word_1_83' title='bbox 680 1264 814 1301; x_wconf 91' lang='lat' dir='ltr'><strong>vero</strong></span> <span class='ocrx_word' id='word_1_84' title='bbox 843 1246 1250 1301; x_wconf 90' lang='lat' dir='ltr'><strong>conscientiam</strong></span> <span class='ocrx_word' id='word_1_85' title='bbox 1280 1246 1352 1300; x_wconf 93' lang='lat' dir='ltr'><strong>ibi</strong></span> <span class='ocrx_word' id='word_1_86' title='bbox 1379 1247 1635 1316; x_wconf 89' lang='lat' dir='ltr'><strong>judicem</strong></span> <span class='ocrx_word' id='word_1_87' title='bbox 1671 1246 1860 1317; x_wconf 81' lang='lat' dir='ltr'><strong>appel-</strong></span> 
     </span>
    </p>
   </div>
   <div class='ocr_carea' id='block_1_14' title="bbox 226 1339 1860 1413">
    <p class='ocr_par' dir='ltr' id='par_1_14' title="bbox 226 1339 1860 1413">
     <span class='ocr_line' id='line_1_14' title="bbox 226 1339 1860 1413; baseline -0.001 -17"><span class='ocrx_word' id='word_1_88' title='bbox 226 1341 326 1404; x_wconf 90' lang='lat' dir='ltr'><strong>lat,</strong></span> <span class='ocrx_word' id='word_1_89' title='bbox 357 1341 613 1413; x_wconf 84' lang='lat' dir='ltr'><strong>petitque</strong></span> <span class='ocrx_word' id='word_1_90' title='bbox 635 1358 749 1412; x_wconf 92' lang='lat' dir='ltr'><strong>quo</strong></span> <span class='ocrx_word' id='word_1_91' title='bbox 769 1341 898 1411; x_wconf 89' lang='lat' dir='ltr'><strong>jure</strong></span> <span class='ocrx_word' id='word_1_92' title='bbox 928 1341 1046 1411; x_wconf 90' lang='lat' dir='ltr'><strong>ipse</strong></span> <span class='ocrx_word' id='word_1_93' title='bbox 1072 1339 1345 1406; x_wconf 68' lang='lat' dir='ltr'><strong>avaritias,</strong></span> <span class='ocrx_word' id='word_1_94' title='bbox 1375 1340 1586 1408; x_wconf 79' lang='lat' dir='ltr'><strong>livoris,</strong></span> <span class='ocrx_word' id='word_1_95' title='bbox 1611 1340 1860 1394; x_wconf 85' lang='lat' dir='ltr'><strong>libidinis</strong></span> 
     </span>
    </p>
   </div>
   <div class='ocr_carea' id='block_1_15' title="bbox 225 1432 1859 1507">
    <p class='ocr_par' dir='ltr' id='par_1_15' title="bbox 225 1432 1859 1507">
     <span class='ocr_line' id='line_1_15' title="bbox 225 1432 1859 1507; baseline -0.001 -17"><span class='ocrx_word' id='word_1_96' title='bbox 225 1454 292 1491; x_wconf 87' lang='lat' dir='ltr'><strong>ac</strong></span> <span class='ocrx_word' id='word_1_97' title='bbox 313 1436 618 1507; x_wconf 89' lang='lat' dir='ltr'><strong>cujuslibet</strong></span> <span class='ocrx_word' id='word_1_98' title='bbox 642 1435 900 1489; x_wconf 80' lang='lat' dir='ltr'><strong>criminis</strong></span> <span class='ocrx_word' id='word_1_99' title='bbox 927 1451 1078 1501; x_wconf 90' lang='lat' dir='ltr'><strong>rens,</strong></span> <span class='ocrx_word' id='word_1_100' title='bbox 1102 1434 1276 1505; x_wconf 85' lang='lat' dir='ltr'><strong>possit</strong></span> <span class='ocrx_word' id='word_1_101' title='bbox 1303 1434 1371 1488; x_wconf 89' lang='lat' dir='ltr'><strong>de</strong></span> <span class='ocrx_word' id='word_1_102' title='bbox 1391 1432 1638 1488; x_wconf 84' lang='lat' dir='ltr'><strong>vindicta</strong></span> <span class='ocrx_word' id='word_1_103' title='bbox 1665 1434 1859 1488; x_wconf 88' lang='lat' dir='ltr'><strong>divina</strong></span> 
     </span>
    </p>
   </div>
   <div class='ocr_carea' id='block_1_16' title="bbox 223 1526 1856 1602">
    <p class='ocr_par' dir='ltr' id='par_1_16' title="bbox 223 1526 1856 1602">
     <span class='ocr_line' id='line_1_16' title="bbox 223 1526 1856 1602; baseline -0.001 -18"><span class='ocrx_word' id='word_1_104' title='bbox 223 1531 494 1602; x_wconf 87' lang='lat' dir='ltr'><strong>conqueri</strong></span> <span class='ocrx_word' id='word_1_105' title='bbox 541 1528 696 1600; x_wconf 87' lang='lat' dir='ltr'><strong>(pag.</strong></span> <span class='ocrx_word' id='word_1_106' title='bbox 740 1527 883 1596; x_wconf 86' lang='grc'>189).</span> <span class='ocrx_word' id='word_1_107' title='bbox 930 1528 1066 1592; x_wconf 74' lang='lat' dir='ltr'><strong>Quze</strong></span> <span class='ocrx_word' id='word_1_108' title='bbox 1118 1526 1271 1582; x_wconf 90' lang='lat' dir='ltr'><strong>enim</strong></span> <span class='ocrx_word' id='word_1_109' title='bbox 1310 1528 1462 1598; x_wconf 87' lang='lat' dir='ltr'><strong>justa</strong></span> <span class='ocrx_word' id='word_1_110' title='bbox 1498 1527 1666 1594; x_wconf 91' lang='lat' dir='ltr'><strong>illius,</strong></span> <span class='ocrx_word' id='word_1_111' title='bbox 1713 1529 1856 1583; x_wconf 88' lang='lat' dir='ltr'><strong>alio-</strong></span> 
     </span>
    </p>
   </div>
   <div class='ocr_carea' id='block_1_17' title="bbox 222 1621 1854 1694">
    <p class='ocr_par' dir='ltr' id='par_1_17' title="bbox 222 1621 1854 1694">
     <span class='ocr_line' id='line_1_17' title="bbox 222 1621 1854 1694; baseline -0.001 -17"><span class='ocrx_word' id='word_1_112' title='bbox 222 1640 473 1694; x_wconf 87' lang='lat' dir='ltr'><strong>rumque</strong></span> <span class='ocrx_word' id='word_1_113' title='bbox 503 1622 807 1693; x_wconf 85' lang='lat' dir='ltr'><strong>gentilium</strong></span> <span class='ocrx_word' id='word_1_114' title='bbox 841 1621 912 1676; x_wconf 92' lang='lat' dir='ltr'><strong>de</strong></span> <span class='ocrx_word' id='word_1_115' title='bbox 941 1621 1104 1676; x_wconf 90' lang='lat' dir='ltr'><strong>bellis</strong></span> <span class='ocrx_word' id='word_1_116' title='bbox 1147 1627 1268 1675; x_wconf 90' lang='lat' dir='ltr'><strong>tum</strong></span> <span class='ocrx_word' id='word_1_117' title='bbox 1311 1625 1530 1692; x_wconf 84' lang='lat' dir='ltr'><strong>poterat</strong></span> <span class='ocrx_word' id='word_1_118' title='bbox 1566 1639 1687 1676; x_wconf 89' lang='lat' dir='ltr'><strong>esse</strong></span> <span class='ocrx_word' id='word_1_119' title='bbox 1715 1637 1854 1692; x_wconf 90' lang='lat' dir='ltr'><strong>que-</strong></span> 
     </span>
    </p>
   </div>
   <div class='ocr_carea' id='block_1_18' title="bbox 229 1715 1856 1786">
    <p class='ocr_par' dir='ltr' id='par_1_18' title="bbox 229 1715 1856 1786">
     <span class='ocr_line' id='line_1_18' title="bbox 229 1715 1856 1786; baseline -0.001 -14"><span class='ocrx_word' id='word_1_120' title='bbox 229 1717 495 1786; x_wconf 88' lang='lat' dir='ltr'><strong>rimonia,</strong></span> <span class='ocrx_word' id='word_1_121' title='bbox 525 1733 653 1770; x_wconf 92' lang='lat' dir='ltr'><strong>cum</strong></span> <span class='ocrx_word' id='word_1_122' title='bbox 692 1716 846 1770; x_wconf 88' lang='lat' dir='ltr'><strong>nulla</strong></span> <span class='ocrx_word' id='word_1_123' title='bbox 881 1715 1032 1770; x_wconf 89' lang='lat' dir='ltr'><strong>inter</strong></span> <span class='ocrx_word' id='word_1_124' title='bbox 1067 1721 1228 1786; x_wconf 89' lang='lat' dir='ltr'><strong>togas</strong></span> <span class='ocrx_word' id='word_1_125' title='bbox 1265 1731 1372 1786; x_wconf 78' lang='lat' dir='ltr'><strong>pax</strong></span> <span class='ocrx_word' id='word_1_126' title='bbox 1409 1716 1595 1770; x_wconf 80' lang='lat' dir='ltr'><strong>esset?</strong></span> <span class='ocrx_word' id='word_1_127' title='bbox 1620 1716 1756 1778; x_wconf 69' lang='lat' dir='ltr'><strong>Qua:</strong></span> <span class='ocrx_word' id='word_1_128' title='bbox 1787 1716 1856 1770; x_wconf 90' lang='lat' dir='ltr'><strong>de</strong></span> 
     </span>
    </p>
   </div>
   <div class='ocr_carea' id='block_1_19' title="bbox 1967 497 3587 571">
    <p class='ocr_par' dir='ltr' id='par_1_19' title="bbox 1967 497 3587 571">
     <span class='ocr_line' id='line_1_19' title="bbox 1967 497 3587 571; baseline 0.006 -22"><span class='ocrx_word' id='word_1_129' title='bbox 1967 512 2175 570; x_wconf 84' lang='lat' dir='ltr'><strong>magna</strong></span> <span class='ocrx_word' id='word_1_130' title='bbox 2206 497 2380 550; x_wconf 87' lang='lat' dir='ltr'><strong>animi</strong></span> <span class='ocrx_word' id='word_1_131' title='bbox 2422 497 2683 551; x_wconf 79' lang='lat' dir='ltr'><strong>firmitate</strong></span> <span class='ocrx_word' id='word_1_132' title='bbox 2721 498 3019 553; x_wconf 79' lang='lat' dir='ltr'><strong>vincebant</strong></span> <span class='ocrx_word' id='word_1_133' title='bbox 3059 504 3312 571; x_wconf 89' lang='lat' dir='ltr'><strong>corporis</strong></span> <span class='ocrx_word' id='word_1_134' title='bbox 3350 504 3587 559; x_wconf 83' lang='lat' dir='ltr'><strong>inﬁrmi-</strong></span> 
     </span>
    </p>
   </div>
   <div class='ocr_carea' id='block_1_20' title="bbox 1963 590 3591 664">
    <p class='ocr_par' dir='ltr' id='par_1_20' title="bbox 1963 590 3591 664">
     <span class='ocr_line' id='line_1_20' title="bbox 1963 590 3591 664; baseline 0.006 -21"><span class='ocrx_word' id='word_1_135' title='bbox 1963 595 2134 643; x_wconf 73' lang='lat' dir='ltr'><strong>tatem</strong></span> <span class='ocrx_word' id='word_1_136' title='bbox 2192 591 2346 660; x_wconf 86' lang='lat' dir='ltr'><strong>(pag.</strong></span> <span class='ocrx_word' id='word_1_137' title='bbox 2405 590 2550 658; x_wconf 86' lang='grc'>193).</span> <span class='ocrx_word' id='word_1_138' title='bbox 2605 593 2884 646; x_wconf 79' lang='lat' dir='ltr'><strong>Noveraut</strong></span> <span class='ocrx_word' id='word_1_139' title='bbox 2933 594 3168 664; x_wconf 76' lang='lat' dir='ltr'><strong>insuper</strong></span> <span class='ocrx_word' id='word_1_140' title='bbox 3218 613 3277 649; x_wconf 90' lang='lat' dir='ltr'><strong>se</strong></span> <span class='ocrx_word' id='word_1_141' title='bbox 3344 597 3591 652; x_wconf 85' lang='lat' dir='ltr'><strong>adversis</strong></span> 
     </span>
    </p>
   </div>
   <div class='ocr_carea' id='block_1_21' title="bbox 1963 684 3592 756">
    <p class='ocr_par' dir='ltr' id='par_1_21' title="bbox 1963 684 3592 756">
     <span class='ocr_line' id='line_1_21' title="bbox 1963 684 3592 756; baseline 0.005 -19"><span class='ocrx_word' id='word_1_142' title='bbox 1963 684 2190 756; x_wconf 86' lang='lat' dir='ltr'><strong>probari</strong></span> <span class='ocrx_word' id='word_1_143' title='bbox 2235 691 2289 738; x_wconf 91' lang='lat' dir='ltr'><strong>et</strong></span> <span class='ocrx_word' id='word_1_144' title='bbox 2331 684 2708 751; x_wconf 86' lang='lat' dir='ltr'><strong>corroborari,</strong></span> <span class='ocrx_word' id='word_1_145' title='bbox 2753 702 2816 747; x_wconf 85' lang='lat' dir='ltr'><strong>ac</strong></span> <span class='ocrx_word' id='word_1_146' title='bbox 2865 688 3119 756; x_wconf 86' lang='lat' dir='ltr'><strong>quamvis</strong></span> <span class='ocrx_word' id='word_1_147' title='bbox 3161 692 3483 744; x_wconf 88' lang='lat' dir='ltr'><strong>communis</strong></span> <span class='ocrx_word' id='word_1_148' title='bbox 3519 694 3592 745; x_wconf 87' lang='lat' dir='ltr'><strong>sit</strong></span> 
     </span>
    </p>
   </div>
   <div class='ocr_carea' id='block_1_22' title="bbox 1965 777 3590 848">
    <p class='ocr_par' dir='ltr' id='par_1_22' title="bbox 1965 777 3590 848">
     <span class='ocr_line' id='line_1_22' title="bbox 1965 777 3590 848; baseline 0.004 -16"><span class='ocrx_word' id='word_1_149' title='bbox 1965 777 2222 832; x_wconf 90' lang='lat' dir='ltr'><strong>omnium</strong></span> <span class='ocrx_word' id='word_1_150' title='bbox 2268 777 2323 830; x_wconf 90' lang='lat' dir='ltr'><strong>in</strong></span> <span class='ocrx_word' id='word_1_151' title='bbox 2369 777 2478 832; x_wconf 88' lang='lat' dir='ltr'><strong>hoc</strong></span> <span class='ocrx_word' id='word_1_152' title='bbox 2514 778 2747 844; x_wconf 89' lang='lat' dir='ltr'><strong>mundo,</strong></span> <span class='ocrx_word' id='word_1_153' title='bbox 2782 781 3262 848; x_wconf 86' lang='lat' dir='ltr'><strong>quemadmodum</strong></span> <span class='ocrx_word' id='word_1_154' title='bbox 3303 783 3360 836; x_wconf 90' lang='lat' dir='ltr'><strong>in</strong></span> <span class='ocrx_word' id='word_1_155' title='bbox 3388 784 3590 839; x_wconf 87' lang='lat' dir='ltr'><strong>eadem</strong></span> 
     </span>
    </p>
   </div>
   <div class='ocr_carea' id='block_1_23' title="bbox 1965 871 3588 938">
    <p class='ocr_par' dir='ltr' id='par_1_23' title="bbox 1965 871 3588 938">
     <span class='ocr_line' id='line_1_23' title="bbox 1965 871 3588 938; baseline 0.005 -14"><span class='ocrx_word' id='word_1_156' title='bbox 1965 871 2135 925; x_wconf 92' lang='lat' dir='ltr'><strong>domo</strong></span> <span class='ocrx_word' id='word_1_157' title='bbox 2203 871 2563 926; x_wconf 87' lang='lat' dir='ltr'><strong>manentium</strong></span> <span class='ocrx_word' id='word_1_158' title='bbox 2635 871 2918 938; x_wconf 88' lang='lat' dir='ltr'><strong>conditio,</strong></span> <span class='ocrx_word' id='word_1_159' title='bbox 2972 873 3090 927; x_wconf 85' lang='lat' dir='ltr'><strong>fore</strong></span> <span class='ocrx_word' id='word_1_160' title='bbox 3157 881 3341 930; x_wconf 89' lang='lat' dir='ltr'><strong>tamen</strong></span> <span class='ocrx_word' id='word_1_161' title='bbox 3403 881 3467 931; x_wconf 92' lang='lat' dir='ltr'><strong>ut</strong></span> <span class='ocrx_word' id='word_1_162' title='bbox 3518 878 3588 932; x_wconf 89' lang='lat' dir='ltr'><strong>ab</strong></span> 
     </span>
    </p>
   </div>
   <div class='ocr_carea' id='block_1_24' title="bbox 1964 965 3590 1036">
    <p class='ocr_par' dir='ltr' id='par_1_24' title="bbox 1964 965 3590 1036">
     <span class='ocr_line' id='line_1_24' title="bbox 1964 965 3590 1036; baseline 0.004 -18"><span class='ocrx_word' id='word_1_163' title='bbox 1964 965 2208 1018; x_wconf 91' lang='lat' dir='ltr'><strong>ethnicis</strong></span> <span class='ocrx_word' id='word_1_164' title='bbox 2250 971 2372 1036; x_wconf 91' lang='lat' dir='ltr'><strong>post</strong></span> <span class='ocrx_word' id='word_1_165' title='bbox 2401 966 2546 1019; x_wconf 89' lang='lat' dir='ltr'><strong>hanc</strong></span> <span class='ocrx_word' id='word_1_166' title='bbox 2574 966 2748 1018; x_wconf 86' lang='lat' dir='ltr'><strong>vitam</strong></span> <span class='ocrx_word' id='word_1_167' title='bbox 2791 967 3056 1036; x_wconf 85' lang='lat' dir='ltr'><strong>separati,</strong></span> <span class='ocrx_word' id='word_1_168' title='bbox 3085 973 3298 1022; x_wconf 67' lang='lat' dir='ltr'><strong>mterna</strong></span> <span class='ocrx_word' id='word_1_169' title='bbox 3325 970 3590 1026; x_wconf 81' lang='lat' dir='ltr'><strong>felicitate</strong></span> 
     </span>
    </p>
   </div>
   <div class='ocr_carea' id='block_1_25' title="bbox 1961 1058 3594 1129">
    <p class='ocr_par' dir='ltr' id='par_1_25' title="bbox 1961 1058 3594 1129">
     <span class='ocr_line' id='line_1_25' title="bbox 1961 1058 3594 1129; baseline 0.004 -17"><span class='ocrx_word' id='word_1_170' title='bbox 1961 1058 2269 1129; x_wconf 89' lang='lat' dir='ltr'><strong>potiantur.</strong></span> <span class='ocrx_word' id='word_1_171' title='bbox 2298 1059 2537 1112; x_wconf 72' lang='lat' dir='ltr'><strong>Publicis</strong></span> <span class='ocrx_word' id='word_1_172' title='bbox 2568 1059 2742 1129; x_wconf 83' lang='lat' dir='ltr'><strong>igitur</strong></span> <span class='ocrx_word' id='word_1_173' title='bbox 2773 1075 2881 1113; x_wconf 89' lang='lat' dir='ltr'><strong>non</strong></span> <span class='ocrx_word' id='word_1_174' title='bbox 2915 1061 3425 1117; x_wconf 84' lang='lat' dir='ltr'><strong>commovebantur</strong></span> <span class='ocrx_word' id='word_1_175' title='bbox 3451 1065 3594 1118; x_wconf 90' lang='lat' dir='ltr'><strong>cala-</strong></span> 
     </span>
    </p>
   </div>
   <div class='ocr_carea' id='block_1_26' title="bbox 1963 1152 3590 1228">
    <p class='ocr_par' dir='ltr' id='par_1_26' title="bbox 1963 1152 3590 1228">
     <span class='ocr_line' id='line_1_26' title="bbox 1963 1152 3590 1228; baseline 0.003 -22"><span class='ocrx_word' id='word_1_176' title='bbox 1963 1152 2271 1206; x_wconf 83' lang='lat' dir='ltr'><strong>mitatibus.</strong></span> <span class='ocrx_word' id='word_1_177' title='bbox 2303 1155 2442 1207; x_wconf 81' lang='lat' dir='ltr'><strong>Nam</strong></span> <span class='ocrx_word' id='word_1_178' title='bbox 2491 1153 2745 1222; x_wconf 88' lang='lat' dir='ltr'><strong>deposita</strong></span> <span class='ocrx_word' id='word_1_179' title='bbox 2785 1154 3084 1208; x_wconf 86' lang='lat' dir='ltr'><strong>nativitate</strong></span> <span class='ocrx_word' id='word_1_180' title='bbox 3113 1160 3361 1223; x_wconf 87' lang='lat' dir='ltr'><strong>terrena,</strong></span> <span class='ocrx_word' id='word_1_181' title='bbox 3391 1163 3446 1210; x_wconf 88' lang='lat' dir='ltr'><strong>et</strong></span> <span class='ocrx_word' id='word_1_182' title='bbox 3472 1158 3590 1228; x_wconf 88' lang='lat' dir='ltr'><strong>spi-</strong></span> 
     </span>
    </p>
   </div>
   <div class='ocr_carea' id='block_1_27' title="bbox 1961 1246 3590 1318">
    <p class='ocr_par' dir='ltr' id='par_1_27' title="bbox 1961 1246 3590 1318">
     <span class='ocr_line' id='line_1_27' title="bbox 1961 1246 3590 1318; baseline 0.003 -18"><span class='ocrx_word' id='word_1_183' title='bbox 1961 1247 2073 1300; x_wconf 87' lang='lat' dir='ltr'><strong>ritu</strong></span> <span class='ocrx_word' id='word_1_184' title='bbox 2120 1246 2322 1315; x_wconf 88' lang='lat' dir='ltr'><strong>renati,</strong></span> <span class='ocrx_word' id='word_1_185' title='bbox 2357 1263 2467 1300; x_wconf 90' lang='lat' dir='ltr'><strong>non</strong></span> <span class='ocrx_word' id='word_1_186' title='bbox 2515 1247 2729 1301; x_wconf 90' lang='lat' dir='ltr'><strong>mundo</strong></span> <span class='ocrx_word' id='word_1_187' title='bbox 2779 1248 2977 1318; x_wconf 89' lang='lat' dir='ltr'><strong>utique</strong></span> <span class='ocrx_word' id='word_1_188' title='bbox 3016 1247 3296 1316; x_wconf 84' lang='lat' dir='ltr'><strong>vivebant,</strong></span> <span class='ocrx_word' id='word_1_189' title='bbox 3331 1251 3422 1304; x_wconf 86' lang='lat' dir='ltr'><strong>sed</strong></span> <span class='ocrx_word' id='word_1_190' title='bbox 3455 1252 3590 1318; x_wconf 91' lang='lat' dir='ltr'><strong>Deo,</strong></span> 
     </span>
    </p>
   </div>
   <div class='ocr_carea' id='block_1_28' title="bbox 1959 1340 3594 1412">
    <p class='ocr_par' dir='ltr' id='par_1_28' title="bbox 1959 1340 3594 1412">
     <span class='ocr_line' id='line_1_28' title="bbox 1959 1340 3594 1412; baseline 0.004 -19"><span class='ocrx_word' id='word_1_191' title='bbox 1959 1357 2132 1410; x_wconf 88' lang='lat' dir='ltr'><strong>quem</strong></span> <span class='ocrx_word' id='word_1_192' title='bbox 2178 1357 2282 1411; x_wconf 91' lang='lat' dir='ltr'><strong>pro</strong></span> <span class='ocrx_word' id='word_1_193' title='bbox 2325 1340 2650 1395; x_wconf 84' lang='lat' dir='ltr'><strong>auferendis</strong></span> <span class='ocrx_word' id='word_1_194' title='bbox 2686 1345 2784 1395; x_wconf 89' lang='lat' dir='ltr'><strong>aut</strong></span> <span class='ocrx_word' id='word_1_195' title='bbox 2826 1342 3212 1412; x_wconf 87' lang='lat' dir='ltr'><strong>temperandis</strong></span> <span class='ocrx_word' id='word_1_196' title='bbox 3257 1344 3594 1400; x_wconf 86' lang='lat' dir='ltr'><strong>calamitati-</strong></span> 
     </span>
    </p>
   </div>
   <div class='ocr_carea' id='block_1_29' title="bbox 1957 1434 3587 1507">
    <p class='ocr_par' dir='ltr' id='par_1_29' title="bbox 1957 1434 3587 1507">
     <span class='ocr_line' id='line_1_29' title="bbox 1957 1434 3587 1507; baseline 0.002 -19"><span class='ocrx_word' id='word_1_197' title='bbox 1957 1434 2082 1499; x_wconf 86' lang='lat' dir='ltr'><strong>bus,</strong></span> <span class='ocrx_word' id='word_1_198' title='bbox 2113 1451 2214 1504; x_wconf 86' lang='lat' dir='ltr'><strong>pro</strong></span> <span class='ocrx_word' id='word_1_199' title='bbox 2243 1434 2498 1488; x_wconf 81' lang='lat' dir='ltr'><strong>hostibus</strong></span> <span class='ocrx_word' id='word_1_200' title='bbox 2537 1435 2818 1503; x_wconf 87' lang='lat' dir='ltr'><strong>arcendis,</strong></span> <span class='ocrx_word' id='word_1_201' title='bbox 2845 1453 2949 1507; x_wconf 89' lang='lat' dir='ltr'><strong>pro</strong></span> <span class='ocrx_word' id='word_1_202' title='bbox 2985 1435 3358 1506; x_wconf 85' lang='lat' dir='ltr'><strong>impetrandis</strong></span> <span class='ocrx_word' id='word_1_203' title='bbox 3389 1437 3587 1492; x_wconf 90' lang='lat' dir='ltr'><strong>imbri-</strong></span> 
     </span>
    </p>
   </div>
   <div class='ocr_carea' id='block_1_30' title="bbox 1956 1527 3589 1602">
    <p class='ocr_par' dir='ltr' id='par_1_30' title="bbox 1956 1527 3589 1602">
     <span class='ocr_line' id='line_1_30' title="bbox 1956 1527 3589 1602; baseline 0.004 -21"><span class='ocrx_word' id='word_1_204' title='bbox 1956 1527 2083 1594; x_wconf 86' lang='lat' dir='ltr'><strong>bus,</strong></span> <span class='ocrx_word' id='word_1_205' title='bbox 2118 1528 2296 1582; x_wconf 88' lang='lat' dir='ltr'><strong>immo</strong></span> <span class='ocrx_word' id='word_1_206' title='bbox 2327 1528 2494 1582; x_wconf 90' lang='lat' dir='ltr'><strong>etiam</strong></span> <span class='ocrx_word' id='word_1_207' title='bbox 2528 1545 2630 1599; x_wconf 88' lang='lat' dir='ltr'><strong>pro</strong></span> <span class='ocrx_word' id='word_1_208' title='bbox 2663 1528 3040 1599; x_wconf 84' lang='lat' dir='ltr'><strong>ipsorummet</strong></span> <span class='ocrx_word' id='word_1_209' title='bbox 3064 1531 3422 1594; x_wconf 78' lang='lat' dir='ltr'><strong>ethnicorum</strong></span> <span class='ocrx_word' id='word_1_210' title='bbox 3449 1548 3589 1602; x_wconf 84' lang='lat' dir='ltr'><strong>pace</strong></span> 
     </span>
    </p>
   </div>
   <div class='ocr_carea' id='block_1_31' title="bbox 1955 1621 3590 1696">
    <p class='ocr_par' dir='ltr' id='par_1_31' title="bbox 1955 1621 3590 1696">
     <span class='ocr_line' id='line_1_31' title="bbox 1955 1621 3590 1696; baseline 0.002 -20"><span class='ocrx_word' id='word_1_211' title='bbox 1955 1638 2018 1676; x_wconf 90' lang='lat' dir='ltr'><strong>ac</strong></span> <span class='ocrx_word' id='word_1_212' title='bbox 2049 1621 2246 1688; x_wconf 90' lang='lat' dir='ltr'><strong>salute,</strong></span> <span class='ocrx_word' id='word_1_213' title='bbox 2283 1642 2308 1673; x_wconf 75' lang='grc' dir='ltr'><strong>(ι</strong></span> <span class='ocrx_word' id='word_1_214' title='bbox 2335 1622 2534 1676; x_wconf 89' lang='lat' dir='ltr'><strong>diebus</strong></span> <span class='ocrx_word' id='word_1_215' title='bbox 2563 1639 2626 1677; x_wconf 89' lang='lat' dir='ltr'><strong>ac</strong></span> <span class='ocrx_word' id='word_1_216' title='bbox 2657 1623 3154 1695; x_wconf 88' lang='lat' dir='ltr'><strong>noctibusjugiter</strong></span> <span class='ocrx_word' id='word_1_217' title='bbox 3179 1630 3351 1696; x_wconf 90' lang='lat' dir='ltr'><strong>atque</strong></span> <span class='ocrx_word' id='word_1_218' title='bbox 3379 1624 3590 1680; x_wconf 85' lang='lat' dir='ltr'><strong>instan-</strong></span> 
     </span>
    </p>
   </div>
   <div class='ocr_carea' id='block_1_32' title="bbox 1956 1716 2529 1788">
    <p class='ocr_par' dir='ltr' id='par_1_32' title="bbox 1956 1716 2529 1788">
     <span class='ocr_line' id='line_1_32' title="bbox 1956 1716 2529 1788; baseline 0.002 -19"><span class='ocrx_word' id='word_1_219' title='bbox 1956 1721 2042 1770; x_wconf 86' lang='lat' dir='ltr'><strong>ter</strong></span> <span class='ocrx_word' id='word_1_220' title='bbox 2073 1737 2101 1766; x_wconf 87' lang='lat'><strong>»</strong></span> <span class='ocrx_word' id='word_1_221' title='bbox 2133 1716 2529 1788; x_wconf 86' lang='lat' dir='ltr'><strong>precabantur.</strong></span> 
     </span>
    </p>
   </div>
   <div class='ocr_carea' id='block_1_33' title="bbox 220 1780 3582 1881">
    <p class='ocr_par' dir='ltr' id='par_1_33' title="bbox 220 1780 3582 1881">
     <span class='ocr_line' id='line_1_33' title="bbox 220 1780 3582 1881; baseline 0.001 -17"><span class='ocrx_word' id='word_1_222' title='bbox 220 1780 521 1865; x_wconf 76' lang='lat' dir='ltr'><strong>sterilitate</strong></span> <span class='ocrx_word' id='word_1_223' title='bbox 545 1816 604 1865; x_wconf 88' lang='lat' dir='ltr'><strong>et</strong></span> <span class='ocrx_word' id='word_1_224' title='bbox 625 1811 773 1864; x_wconf 87' lang='lat' dir='ltr'><strong>fame</strong></span> <span class='ocrx_word' id='word_1_225' title='bbox 796 1780 1160 1881; x_wconf 60' lang='lat' dir='ltr'><strong>conquestio,</strong></span> <span class='ocrx_word' id='word_1_226' title='bbox 1177 1780 1353 1879; x_wconf 79' lang='lat' dir='ltr'><strong>quam</strong></span> <span class='ocrx_word' id='word_1_227' title='bbox 1386 1809 1611 1863; x_wconf 92' lang='lat' dir='ltr'><strong>illorum</strong></span> <span class='ocrx_word' id='word_1_228' title='bbox 1643 1810 1856 1880; x_wconf 88' lang='lat' dir='ltr'><strong>rapaci-</strong></span> <span class='ocrx_word' id='word_1_229' title='bbox 1876 1780 1931 1852; x_wconf 85' lang='lat' dir='ltr'>B</span> <span class='ocrx_word' id='word_1_230' title='bbox 2023 1780 2266 1865; x_wconf 50' lang='lat' dir='ltr'><strong>Gen-tiles</strong></span> <span class='ocrx_word' id='word_1_231' title='bbox 2296 1810 2488 1880; x_wconf 89' lang='lat' dir='ltr'><strong>itaque</strong></span> <span class='ocrx_word' id='word_1_232' title='bbox 2518 1827 2628 1864; x_wconf 92' lang='lat' dir='ltr'><strong>non</strong></span> <span class='ocrx_word' id='word_1_233' title='bbox 2652 1813 2920 1881; x_wconf 85' lang='lat' dir='ltr'><strong>poterant</strong></span> <span class='ocrx_word' id='word_1_234' title='bbox 2949 1810 3050 1865; x_wconf 90' lang='lat' dir='ltr'><strong>sibi</strong></span> <span class='ocrx_word' id='word_1_235' title='bbox 3085 1812 3290 1878; x_wconf 74' lang='lat' dir='ltr'><strong>idcirco</strong></span> <span class='ocrx_word' id='word_1_236' title='bbox 3318 1812 3582 1880; x_wconf 87' lang='lat' dir='ltr'><strong>blandiri,</strong></span> 
     </span>
    </p>
   </div>
   <div class='ocr_carea' id='block_1_34' title="bbox 223 1903 1854 1975">
    <p class='ocr_par' dir='ltr' id='par_1_34' title="bbox 223 1903 1854 1975">
     <span class='ocr_line' id='line_1_34' title="bbox 223 1903 1854 1975; baseline -0.001 -16"><span class='ocrx_word' id='word_1_237' title='bbox 223 1911 306 1959; x_wconf 85' lang='lat' dir='ltr'><strong>tas</strong></span> <span class='ocrx_word' id='word_1_238' title='bbox 335 1904 614 1975; x_wconf 90' lang='lat' dir='ltr'><strong>majorem</strong></span> <span class='ocrx_word' id='word_1_239' title='bbox 648 1903 928 1958; x_wconf 81' lang='lat' dir='ltr'><strong>faciebat?</strong></span> <span class='ocrx_word' id='word_1_240' title='bbox 953 1903 1089 1966; x_wconf 65' lang='lat' dir='ltr'><strong>Quae</strong></span> <span class='ocrx_word' id='word_1_241' title='bbox 1127 1903 1196 1958; x_wconf 90' lang='lat' dir='ltr'><strong>de</strong></span> <span class='ocrx_word' id='word_1_242' title='bbox 1238 1907 1396 1973; x_wconf 88' lang='lat' dir='ltr'><strong>peste</strong></span> <span class='ocrx_word' id='word_1_243' title='bbox 1426 1903 1680 1974; x_wconf 79' lang='lat' dir='ltr'><strong>quereli,</strong></span> <span class='ocrx_word' id='word_1_244' title='bbox 1723 1921 1854 1958; x_wconf 92' lang='lat' dir='ltr'><strong>cum</strong></span> 
     </span>
    </p>
   </div>
   <div class='ocr_carea' id='block_1_35' title="bbox 222 1995 1857 2070">
    <p class='ocr_par' dir='ltr' id='par_1_35' title="bbox 222 1995 1857 2070">
     <span class='ocr_line' id='line_1_35' title="bbox 222 1995 1857 2070; baseline -0.001 -17"><span class='ocrx_word' id='word_1_245' title='bbox 222 1999 346 2070; x_wconf 88' lang='lat' dir='ltr'><strong>ipsa</strong></span> <span class='ocrx_word' id='word_1_246' title='bbox 372 1999 465 2053; x_wconf 89' lang='lat' dir='ltr'><strong>lue</strong></span> <span class='ocrx_word' id='word_1_247' title='bbox 497 1998 703 2052; x_wconf 75' lang='lat' dir='ltr'><strong>saevior</strong></span> <span class='ocrx_word' id='word_1_248' title='bbox 730 2001 874 2052; x_wconf 90' lang='lat' dir='ltr'><strong>esset</strong></span> <span class='ocrx_word' id='word_1_249' title='bbox 902 1997 1156 2068; x_wconf 89' lang='lat' dir='ltr'><strong>ipsorum</strong></span> <span class='ocrx_word' id='word_1_250' title='bbox 1186 1995 1246 2050; x_wconf 92' lang='lat' dir='ltr'><strong>in</strong></span> <span class='ocrx_word' id='word_1_251' title='bbox 1280 1996 1585 2051; x_wconf 86' lang='lat' dir='ltr'><strong>morientes</strong></span> <span class='ocrx_word' id='word_1_252' title='bbox 1617 2001 1673 2051; x_wconf 90' lang='lat' dir='ltr'><strong>et</strong></span> <span class='ocrx_word' id='word_1_253' title='bbox 1704 2014 1857 2052; x_wconf 91' lang='lat' dir='ltr'><strong>mor-</strong></span> 
     </span>
    </p>
   </div>
   <div class='ocr_carea' id='block_1_36' title="bbox 222 2090 1856 2164">
    <p class='ocr_par' dir='ltr' id='par_1_36' title="bbox 222 2090 1856 2164">
     <span class='ocr_line' id='line_1_36' title="bbox 222 2090 1856 2164; baseline -0.001 -17"><span class='ocrx_word' id='word_1_254' title='bbox 222 2099 372 2155; x_wconf 90' lang='lat' dir='ltr'><strong>tuos,</strong></span> <span class='ocrx_word' id='word_1_255' title='bbox 417 2096 590 2164; x_wconf 87' lang='lat' dir='ltr'><strong>atque</strong></span> <span class='ocrx_word' id='word_1_256' title='bbox 624 2092 692 2146; x_wconf 91' lang='lat' dir='ltr'><strong>ad</strong></span> <span class='ocrx_word' id='word_1_257' title='bbox 735 2090 1008 2162; x_wconf 88' lang='lat' dir='ltr'><strong>rapienda</strong></span> <span class='ocrx_word' id='word_1_258' title='bbox 1047 2091 1273 2145; x_wconf 87' lang='lat' dir='ltr'><strong>illorum</strong></span> <span class='ocrx_word' id='word_1_259' title='bbox 1311 2090 1462 2145; x_wconf 88' lang='lat' dir='ltr'><strong>bona</strong></span> <span class='ocrx_word' id='word_1_260' title='bbox 1505 2091 1856 2145; x_wconf 85' lang='lat' dir='ltr'><strong>crudelitas?</strong></span> 
     </span>
    </p>
   </div>
   <div class='ocr_carea' id='block_1_37' title="bbox 222 2183 1851 2254">
    <p class='ocr_par' dir='ltr' id='par_1_37' title="bbox 222 2183 1851 2254">
     <span class='ocr_line' id='line_1_37' title="bbox 222 2183 1851 2254; baseline -0.002 -12"><span class='ocrx_word' id='word_1_261' title='bbox 222 2187 422 2242; x_wconf 83' lang='lat' dir='ltr'><strong>Nonne</strong></span> <span class='ocrx_word' id='word_1_262' title='bbox 458 2186 633 2241; x_wconf 91' lang='lat' dir='ltr'><strong>etiam</strong></span> <span class='ocrx_word' id='word_1_263' title='bbox 675 2189 796 2239; x_wconf 89' lang='lat' dir='ltr'><strong>tum</strong></span> <span class='ocrx_word' id='word_1_264' title='bbox 840 2183 1072 2252; x_wconf 85' lang='lat' dir='ltr'><strong>falsarii,</strong></span> <span class='ocrx_word' id='word_1_265' title='bbox 1103 2184 1358 2252; x_wconf 84' lang='lat' dir='ltr'><strong>veneﬁci,</strong></span> <span class='ocrx_word' id='word_1_266' title='bbox 1400 2185 1608 2254; x_wconf 87' lang='lat' dir='ltr'><strong>sicarii,</strong></span> <span class='ocrx_word' id='word_1_267' title='bbox 1649 2189 1705 2239; x_wconf 92' lang='lat' dir='ltr'><strong>et</strong></span> <span class='ocrx_word' id='word_1_268' title='bbox 1745 2185 1851 2239; x_wconf 90' lang='lat' dir='ltr'><strong>ini-</strong></span> 
     </span>
    </p>
   </div>
   <div class='ocr_carea' id='block_1_38' title="bbox 229 2279 1856 2351">
    <p class='ocr_par' dir='ltr' id='par_1_38' title="bbox 229 2279 1856 2351">
     <span class='ocr_line' id='line_1_38' title="bbox 229 2279 1856 2351; baseline -0.001 -17"><span class='ocrx_word' id='word_1_269' title='bbox 229 2280 497 2351; x_wconf 90' lang='lat' dir='ltr'><strong>quissimi</strong></span> <span class='ocrx_word' id='word_1_270' title='bbox 525 2280 753 2351; x_wconf 90' lang='lat' dir='ltr'><strong>judices</strong></span> <span class='ocrx_word' id='word_1_271' title='bbox 792 2279 1023 2350; x_wconf 88' lang='lat' dir='ltr'><strong>impune</strong></span> <span class='ocrx_word' id='word_1_272' title='bbox 1067 2279 1513 2350; x_wconf 83' lang='lat' dir='ltr'><strong>grassabantur?</strong></span> <span class='ocrx_word' id='word_1_273' title='bbox 1543 2280 1687 2333; x_wconf 90' lang='lat' dir='ltr'><strong>Deus</strong></span> <span class='ocrx_word' id='word_1_274' title='bbox 1720 2296 1856 2350; x_wconf 90' lang='lat' dir='ltr'><strong>ergo</strong></span> 
     </span>
    </p>
   </div>
   <div class='ocr_carea' id='block_1_39' title="bbox 221 2373 1856 2443">
    <p class='ocr_par' dir='ltr' id='par_1_39' title="bbox 221 2373 1856 2443">
     <span class='ocr_line' id='line_1_39' title="bbox 221 2373 1856 2443; baseline -0.001 -14"><span class='ocrx_word' id='word_1_275' title='bbox 221 2375 280 2429; x_wconf 91' lang='lat' dir='ltr'><strong>in</strong></span> <span class='ocrx_word' id='word_1_276' title='bbox 318 2377 403 2429; x_wconf 92' lang='lat' dir='ltr'><strong>tot</strong></span> <span class='ocrx_word' id='word_1_277' title='bbox 430 2375 708 2429; x_wconf 90' lang='lat' dir='ltr'><strong>scelerum</strong></span> <span class='ocrx_word' id='word_1_278' title='bbox 750 2374 1022 2428; x_wconf 90' lang='lat' dir='ltr'><strong>ultionem</strong></span> <span class='ocrx_word' id='word_1_279' title='bbox 1049 2373 1181 2443; x_wconf 89' lang='lat' dir='ltr'><strong>jure</strong></span> <span class='ocrx_word' id='word_1_280' title='bbox 1224 2373 1590 2427; x_wconf 88' lang='lat' dir='ltr'><strong>meritissimo</strong></span> <span class='ocrx_word' id='word_1_281' title='bbox 1637 2374 1856 2429; x_wconf 85' lang='lat' dir='ltr'><strong>sinebat</strong></span> 
     </span>
    </p>
   </div>
   <div class='ocr_carea' id='block_1_40' title="bbox 226 2467 1851 2538">
    <p class='ocr_par' dir='ltr' id='par_1_40' title="bbox 226 2467 1851 2538">
     <span class='ocr_line' id='line_1_40' title="bbox 226 2467 1851 2538; baseline -0.001 -16"><span class='ocrx_word' id='word_1_282' title='bbox 226 2468 510 2523; x_wconf 90' lang='lat' dir='ltr'><strong>mundum</strong></span> <span class='ocrx_word' id='word_1_283' title='bbox 542 2468 827 2536; x_wconf 77' lang='lat' dir='ltr'><strong>maximis,</strong></span> <span class='ocrx_word' id='word_1_284' title='bbox 862 2484 1000 2538; x_wconf 88' lang='lat' dir='ltr'><strong>quas</strong></span> <span class='ocrx_word' id='word_1_285' title='bbox 1045 2473 1236 2521; x_wconf 90' lang='lat' dir='ltr'><strong>tamen</strong></span> <span class='ocrx_word' id='word_1_286' title='bbox 1275 2467 1578 2538; x_wconf 88' lang='lat' dir='ltr'><strong>prohibere</strong></span> <span class='ocrx_word' id='word_1_287' title='bbox 1609 2471 1851 2538; x_wconf 87' lang='lat' dir='ltr'><strong>poterat,</strong></span> 
     </span>
    </p>
   </div>
   <div class='ocr_carea' id='block_1_41' title="bbox 220 2560 1230 2634">
    <p class='ocr_par' dir='ltr' id='par_1_41' title="bbox 220 2560 1230 2634">
     <span class='ocr_line' id='line_1_41' title="bbox 220 2560 1230 2634; baseline -0.003 -17"><span class='ocrx_word' id='word_1_288' title='bbox 220 2562 639 2617; x_wconf 88' lang='lat' dir='ltr'><strong>calamitatibus</strong></span> <span class='ocrx_word' id='word_1_289' title='bbox 668 2561 858 2617; x_wconf 84' lang='lat' dir='ltr'><strong>vexari</strong></span> <span class='ocrx_word' id='word_1_290' title='bbox 891 2564 1047 2634; x_wconf 88' lang='lat' dir='ltr'><strong>(pag.</strong></span> <span class='ocrx_word' id='word_1_291' title='bbox 1084 2560 1230 2629; x_wconf 87' lang='grc'>190).</span> 
     </span>
    </p>
   </div>
   <div class='ocr_carea' id='block_1_42' title="bbox 295 2655 1858 2727">
    <p class='ocr_par' dir='ltr' id='par_1_42' title="bbox 295 2655 1858 2727">
     <span class='ocr_line' id='line_1_42' title="bbox 295 2655 1858 2727; baseline -0.001 -15"><span class='ocrx_word' id='word_1_292' title='bbox 295 2656 697 2727; x_wconf 59' lang='grc' dir='ltr'><strong>Ᾱέζᾳυίεεὶηιθηι</strong></span> <span class='ocrx_word' id='word_1_293' title='bbox 725 2661 1002 2727; x_wconf 65' lang='lat' dir='ltr'><strong>praeterea</strong></span> <span class='ocrx_word' id='word_1_294' title='bbox 1031 2656 1152 2725; x_wconf 87' lang='lat' dir='ltr'><strong>ejus</strong></span> <span class='ocrx_word' id='word_1_295' title='bbox 1181 2656 1322 2709; x_wconf 90' lang='lat' dir='ltr'><strong>iram</strong></span> <span class='ocrx_word' id='word_1_296' title='bbox 1357 2655 1748 2710; x_wconf 85' lang='lat' dir='ltr'><strong>commovebat</strong></span> <span class='ocrx_word' id='word_1_297' title='bbox 1773 2655 1858 2710; x_wconf 92' lang='lat' dir='ltr'><strong>in-</strong></span> 
     </span>
    </p>
   </div>
   <div class='ocr_carea' id='block_1_43' title="bbox 220 2748 1855 2821">
    <p class='ocr_par' dir='ltr' id='par_1_43' title="bbox 220 2748 1855 2821">
     <span class='ocr_line' id='line_1_43' title="bbox 220 2748 1855 2821; baseline 0.001 -18"><span class='ocrx_word' id='word_1_298' title='bbox 220 2751 494 2804; x_wconf 87' lang='lat' dir='ltr'><strong>satiabilis</strong></span> <span class='ocrx_word' id='word_1_299' title='bbox 520 2750 880 2804; x_wconf 90' lang='lat' dir='ltr'><strong>ethnicorum</strong></span> <span class='ocrx_word' id='word_1_300' title='bbox 909 2751 1110 2817; x_wconf 82' lang='lat' dir='ltr'><strong>rabies,</strong></span> <span class='ocrx_word' id='word_1_301' title='bbox 1133 2767 1243 2821; x_wconf 86' lang='lat' dir='ltr'><strong>qua</strong></span> <span class='ocrx_word' id='word_1_302' title='bbox 1271 2748 1620 2804; x_wconf 88' lang='lat' dir='ltr'><strong>Christianos</strong></span> <span class='ocrx_word' id='word_1_303' title='bbox 1650 2752 1855 2805; x_wconf 89' lang='lat' dir='ltr'><strong>contra</strong></span> 
     </span>
    </p>
   </div>
   <div class='ocr_carea' id='block_1_44' title="bbox 218 2844 1855 2915">
    <p class='ocr_par' dir='ltr' id='par_1_44' title="bbox 218 2844 1855 2915">
     <span class='ocr_line' id='line_1_44' title="bbox 218 2844 1855 2915; baseline 0 -18"><span class='ocrx_word' id='word_1_304' title='bbox 218 2844 418 2898; x_wconf 89' lang='lat' dir='ltr'><strong>omnia</strong></span> <span class='ocrx_word' id='word_1_305' title='bbox 451 2844 908 2915; x_wconf 72' lang='lat' dir='ltr'><strong>mquitatisjura,</strong></span> <span class='ocrx_word' id='word_1_306' title='bbox 943 2847 1180 2915; x_wconf 87' lang='lat' dir='ltr'><strong>propter</strong></span> <span class='ocrx_word' id='word_1_307' title='bbox 1208 2844 1391 2898; x_wconf 90' lang='lat' dir='ltr'><strong>solum</strong></span> <span class='ocrx_word' id='word_1_308' title='bbox 1431 2860 1595 2898; x_wconf 91' lang='lat' dir='ltr'><strong>suum</strong></span> <span class='ocrx_word' id='word_1_309' title='bbox 1643 2861 1855 2897; x_wconf 88' lang='lat' dir='ltr'><strong>nomen</strong></span> 
     </span>
    </p>
   </div>
   <div class='ocr_carea' id='block_1_45' title="bbox 217 2937 1858 3009">
    <p class='ocr_par' dir='ltr' id='par_1_45' title="bbox 217 2937 1858 3009">
     <span class='ocr_line' id='line_1_45' title="bbox 217 2937 1858 3009; baseline 0.001 -19"><span class='ocrx_word' id='word_1_310' title='bbox 217 2937 574 3009; x_wconf 85' lang='lat' dir='ltr'><strong>quibuslibet</strong></span> <span class='ocrx_word' id='word_1_311' title='bbox 600 2937 964 2992; x_wconf 86' lang='lat' dir='ltr'><strong>atrocissimis</strong></span> <span class='ocrx_word' id='word_1_312' title='bbox 990 2937 1278 3008; x_wconf 85' lang='lat' dir='ltr'><strong>suppliciis</strong></span> <span class='ocrx_word' id='word_1_313' title='bbox 1300 2937 1777 2992; x_wconf 77' lang='lat' dir='ltr'><strong>excarnificabant</strong></span> <span class='ocrx_word' id='word_1_314' title='bbox 1802 2944 1858 2992; x_wconf 92' lang='lat' dir='ltr'><strong>et</strong></span> 
     </span>
    </p>
   </div>
   <div class='ocr_carea' id='block_1_46' title="bbox 218 3029 1851 3104">
    <p class='ocr_par' dir='ltr' id='par_1_46' title="bbox 218 3029 1851 3104">
     <span class='ocr_line' id='line_1_46' title="bbox 218 3029 1851 3104; baseline -0.005 -12"><span class='ocrx_word' id='word_1_315' title='bbox 218 3029 577 3104; x_wconf 70' lang='lat'><strong>981-75</strong></span> <span class='ocrx_word' id='word_1_316' title='bbox 637 3031 1015 3086; x_wconf 86' lang='lat' dir='ltr'><strong>trucidabant.</strong></span> <span class='ocrx_word' id='word_1_317' title='bbox 1067 3031 1123 3086; x_wconf 92' lang='lat' dir='ltr'><strong>Si</strong></span> <span class='ocrx_word' id='word_1_318' title='bbox 1179 3031 1479 3086; x_wconf 87' lang='lat' dir='ltr'><strong>Christiani</strong></span> <span class='ocrx_word' id='word_1_319' title='bbox 1527 3032 1682 3086; x_wconf 91' lang='lat' dir='ltr'><strong>enim</strong></span> <span class='ocrx_word' id='word_1_320' title='bbox 1725 3032 1851 3085; x_wconf 86' lang='lat' dir='ltr'><strong>illo-</strong></span> 
     </span>
    </p>
   </div>
   <div class='ocr_carea' id='block_1_47' title="bbox 1956 1903 3587 1974">
    <p class='ocr_par' dir='ltr' id='par_1_47' title="bbox 1956 1903 3587 1974">
     <span class='ocr_line' id='line_1_47' title="bbox 1956 1903 3587 1974; baseline 0.002 -17"><span class='ocrx_word' id='word_1_321' title='bbox 1956 1903 2108 1974; x_wconf 91' lang='lat' dir='ltr'><strong>quod</strong></span> <span class='ocrx_word' id='word_1_322' title='bbox 2152 1903 2211 1957; x_wconf 93' lang='lat' dir='ltr'><strong>in</strong></span> <span class='ocrx_word' id='word_1_323' title='bbox 2256 1903 2493 1973; x_wconf 89' lang='lat' dir='ltr'><strong>publicis</strong></span> <span class='ocrx_word' id='word_1_324' title='bbox 2539 1904 2950 1958; x_wconf 86' lang='lat' dir='ltr'><strong>calamitatibus</strong></span> <span class='ocrx_word' id='word_1_325' title='bbox 2995 1906 3336 1974; x_wconf 90' lang='lat' dir='ltr'><strong>communis,</strong></span> <span class='ocrx_word' id='word_1_326' title='bbox 3384 1907 3587 1960; x_wconf 87' lang='lat' dir='ltr'><strong>saltem</strong></span> 
     </span>
    </p>
   </div>
   <div class='ocr_carea' id='block_1_48' title="bbox 1957 1997 3586 2069">
    <p class='ocr_par' dir='ltr' id='par_1_48' title="bbox 1957 1997 3586 2069">
     <span class='ocr_line' id='line_1_48' title="bbox 1957 1997 3586 2069; baseline 0.003 -21"><span class='ocrx_word' id='word_1_327' title='bbox 1957 1997 2137 2067; x_wconf 86' lang='lat' dir='ltr'><strong>quoad</strong></span> <span class='ocrx_word' id='word_1_328' title='bbox 2184 2013 2409 2068; x_wconf 89' lang='lat' dir='ltr'><strong>corpus,</strong></span> <span class='ocrx_word' id='word_1_329' title='bbox 2452 2003 2599 2052; x_wconf 87' lang='lat' dir='ltr'><strong>esset</strong></span> <span class='ocrx_word' id='word_1_330' title='bbox 2643 1997 2893 2068; x_wconf 88' lang='lat' dir='ltr'><strong>ipsorum</strong></span> <span class='ocrx_word' id='word_1_331' title='bbox 2935 2004 3105 2069; x_wconf 89' lang='lat' dir='ltr'><strong>atque</strong></span> <span class='ocrx_word' id='word_1_332' title='bbox 3135 1999 3586 2054; x_wconf 85' lang='lat' dir='ltr'><strong>Christianorum</strong></span> 
     </span>
    </p>
   </div>
   <div class='ocr_carea' id='block_1_49' title="bbox 1957 2090 3585 2164">
    <p class='ocr_par' dir='ltr' id='par_1_49' title="bbox 1957 2090 3585 2164">
     <span class='ocr_line' id='line_1_49' title="bbox 1957 2090 3585 2164; baseline 0.002 -21"><span class='ocrx_word' id='word_1_333' title='bbox 1957 2090 2224 2152; x_wconf 80' lang='lat' dir='ltr'><strong>conditio.</strong></span> <span class='ocrx_word' id='word_1_334' title='bbox 2255 2092 2375 2145; x_wconf 82' lang='lat' dir='ltr'><strong>Non</strong></span> <span class='ocrx_word' id='word_1_335' title='bbox 2409 2091 2564 2146; x_wconf 88' lang='lat' dir='ltr'><strong>enim</strong></span> <span class='ocrx_word' id='word_1_336' title='bbox 2611 2097 2850 2162; x_wconf 91' lang='lat' dir='ltr'><strong>propter</strong></span> <span class='ocrx_word' id='word_1_337' title='bbox 2886 2091 3250 2161; x_wconf 87' lang='lat' dir='ltr'><strong>Christianos,</strong></span> <span class='ocrx_word' id='word_1_338' title='bbox 3282 2092 3382 2146; x_wconf 91' lang='lat' dir='ltr'><strong>sed</strong></span> <span class='ocrx_word' id='word_1_339' title='bbox 3411 2109 3585 2164; x_wconf 90' lang='lat' dir='ltr'><strong>prop-</strong></span> 
     </span>
    </p>
   </div>
   <div class='ocr_carea' id='block_1_50' title="bbox 1957 2184 3586 2256">
    <p class='ocr_par' dir='ltr' id='par_1_50' title="bbox 1957 2184 3586 2256">
     <span class='ocr_line' id='line_1_50' title="bbox 1957 2184 3586 2256; baseline 0.002 -19"><span class='ocrx_word' id='word_1_340' title='bbox 1957 2187 2043 2238; x_wconf 89' lang='lat' dir='ltr'><strong>ter</strong></span> <span class='ocrx_word' id='word_1_341' title='bbox 2068 2185 2402 2239; x_wconf 89' lang='lat' dir='ltr'><strong>eorumdem</strong></span> <span class='ocrx_word' id='word_1_342' title='bbox 2436 2185 2688 2256; x_wconf 87' lang='lat' dir='ltr'><strong>ipsorum</strong></span> <span class='ocrx_word' id='word_1_343' title='bbox 2723 2184 3022 2256; x_wconf 87' lang='lat' dir='ltr'><strong>gentilium</strong></span> <span class='ocrx_word' id='word_1_344' title='bbox 3051 2186 3278 2254; x_wconf 86' lang='lat' dir='ltr'><strong>scelera,</strong></span> <span class='ocrx_word' id='word_1_345' title='bbox 3321 2189 3378 2240; x_wconf 91' lang='lat' dir='ltr'><strong>et</strong></span> <span class='ocrx_word' id='word_1_346' title='bbox 3404 2185 3461 2240; x_wconf 91' lang='lat' dir='ltr'><strong>in</strong></span> <span class='ocrx_word' id='word_1_347' title='bbox 3490 2203 3586 2240; x_wconf 89' lang='lat' dir='ltr'><strong>eo-</strong></span> 
     </span>
    </p>
   </div>
   <div class='ocr_carea' id='block_1_51' title="bbox 1956 2277 3584 2351">
    <p class='ocr_par' dir='ltr' id='par_1_51' title="bbox 1956 2277 3584 2351">
     <span class='ocr_line' id='line_1_51' title="bbox 1956 2277 3584 2351; baseline 0.002 -21"><span class='ocrx_word' id='word_1_348' title='bbox 1956 2294 2085 2331; x_wconf 87' lang='lat' dir='ltr'><strong>rum</strong></span> <span class='ocrx_word' id='word_1_349' title='bbox 2131 2277 2462 2346; x_wconf 87' lang='lat' dir='ltr'><strong>vindictam,</strong></span> <span class='ocrx_word' id='word_1_350' title='bbox 2505 2278 2670 2332; x_wconf 88' lang='lat' dir='ltr'><strong>sicuti</strong></span> <span class='ocrx_word' id='word_1_351' title='bbox 2713 2297 2742 2332; x_wconf 88' lang='lat' dir='ltr'><strong>a</strong></span> <span class='ocrx_word' id='word_1_352' title='bbox 2783 2280 2950 2333; x_wconf 90' lang='lat' dir='ltr'><strong>sacris</strong></span> <span class='ocrx_word' id='word_1_353' title='bbox 2991 2280 3208 2334; x_wconf 87' lang='lat' dir='ltr'><strong>vatibus</strong></span> <span class='ocrx_word' id='word_1_354' title='bbox 3247 2280 3584 2351; x_wconf 62' lang='lat' dir='ltr'><strong>praedictum</strong></span> 
     </span>
    </p>
   </div>
   <div class='ocr_carea' id='block_1_52' title="bbox 1957 2371 3196 2443">
    <p class='ocr_par' dir='ltr' id='par_1_52' title="bbox 1957 2371 3196 2443">
     <span class='ocr_line' id='line_1_52' title="bbox 1957 2371 3196 2443; baseline 0.001 -17"><span class='ocrx_word' id='word_1_355' title='bbox 1957 2372 2163 2439; x_wconf 85' lang='lat' dir='ltr'><strong>fuerat,</strong></span> <span class='ocrx_word' id='word_1_356' title='bbox 2197 2371 2444 2426; x_wconf 89' lang='lat' dir='ltr'><strong>mundus</strong></span> <span class='ocrx_word' id='word_1_357' title='bbox 2477 2372 2842 2442; x_wconf 86' lang='lat' dir='ltr'><strong>premebatur</strong></span> <span class='ocrx_word' id='word_1_358' title='bbox 2871 2374 3020 2443; x_wconf 88' lang='lat' dir='ltr'><strong>(pag.</strong></span> <span class='ocrx_word' id='word_1_359' title='bbox 3053 2373 3196 2442; x_wconf 69' lang='grc'>194).</span> 
     </span>
    </p>
   </div>
   <div class='ocr_carea' id='block_1_53' title="bbox 2027 2465 3588 2536">
    <p class='ocr_par' dir='ltr' id='par_1_53' title="bbox 2027 2465 3588 2536">
     <span class='ocr_line' id='line_1_53' title="bbox 2027 2465 3588 2536; baseline 0.003 -18"><span class='ocrx_word' id='word_1_360' title='bbox 2027 2468 2311 2519; x_wconf 63' lang='grc' dir='ltr'><strong>Ρνωιοιερθ</strong></span> <span class='ocrx_word' id='word_1_361' title='bbox 2367 2465 2616 2534; x_wconf 88' lang='lat' dir='ltr'><strong>improbi</strong></span> <span class='ocrx_word' id='word_1_362' title='bbox 2669 2467 2908 2536; x_wconf 85' lang='lat' dir='ltr'><strong>gentiles</strong></span> <span class='ocrx_word' id='word_1_363' title='bbox 2957 2466 3364 2533; x_wconf 81' lang='lat' dir='ltr'><strong>crudelioribus</strong></span> <span class='ocrx_word' id='word_1_364' title='bbox 3403 2468 3588 2523; x_wconf 89' lang='lat' dir='ltr'><strong>adhuc</strong></span> 
     </span>
    </p>
   </div>
   <div class='ocr_carea' id='block_1_54' title="bbox 1956 2559 3586 2631">
    <p class='ocr_par' dir='ltr' id='par_1_54' title="bbox 1956 2559 3586 2631">
     <span class='ocr_line' id='line_1_54' title="bbox 1956 2559 3586 2631; baseline 0.002 -18"><span class='ocrx_word' id='word_1_365' title='bbox 1956 2567 2084 2629; x_wconf 86' lang='lat' dir='ltr'><strong>post</strong></span> <span class='ocrx_word' id='word_1_366' title='bbox 2127 2559 2388 2629; x_wconf 82' lang='lat' dir='ltr'><strong>proxime</strong></span> <span class='ocrx_word' id='word_1_367' title='bbox 2434 2559 2688 2613; x_wconf 85' lang='lat' dir='ltr'><strong>futurum</strong></span> <span class='ocrx_word' id='word_1_368' title='bbox 2739 2559 2923 2613; x_wconf 85' lang='lat' dir='ltr'><strong>ultimi</strong></span> <span class='ocrx_word' id='word_1_369' title='bbox 2958 2559 3160 2629; x_wconf 90' lang='lat' dir='ltr'><strong>jndicii</strong></span> <span class='ocrx_word' id='word_1_370' title='bbox 3207 2561 3358 2615; x_wconf 91' lang='lat' dir='ltr'><strong>diem</strong></span> <span class='ocrx_word' id='word_1_371' title='bbox 3405 2561 3586 2631; x_wconf 65' lang='lat' dir='ltr'><strong>poenis</strong></span> 
     </span>
    </p>
   </div>
   <div class='ocr_carea' id='block_1_55' title="bbox 1956 2652 3588 2726">
    <p class='ocr_par' dir='ltr' id='par_1_55' title="bbox 1956 2652 3588 2726">
     <span class='ocr_line' id='line_1_55' title="bbox 1956 2652 3588 2726; baseline 0.001 -19"><span class='ocrx_word' id='word_1_372' title='bbox 1956 2653 2379 2720; x_wconf 85' lang='lat' dir='ltr'><strong>cruciabuntur,</strong></span> <span class='ocrx_word' id='word_1_373' title='bbox 2436 2669 2563 2724; x_wconf 69' lang='lat' dir='ltr'><strong>qua:</strong></span> <span class='ocrx_word' id='word_1_374' title='bbox 2617 2652 2879 2707; x_wconf 89' lang='lat' dir='ltr'><strong>similiter</strong></span> <span class='ocrx_word' id='word_1_375' title='bbox 2927 2653 2997 2707; x_wconf 89' lang='lat' dir='ltr'><strong>ab</strong></span> <span class='ocrx_word' id='word_1_376' title='bbox 3049 2653 3247 2708; x_wconf 88' lang='lat' dir='ltr'><strong>iisdem</strong></span> <span class='ocrx_word' id='word_1_377' title='bbox 3297 2655 3588 2726; x_wconf 85' lang='lat' dir='ltr'><strong>prophetis</strong></span> 
     </span>
    </p>
   </div>
   <div class='ocr_carea' id='block_1_56' title="bbox 1957 2746 3586 2819">
    <p class='ocr_par' dir='ltr' id='par_1_56' title="bbox 1957 2746 3586 2819">
     <span class='ocr_line' id='line_1_56' title="bbox 1957 2746 3586 2819; baseline 0.001 -19"><span class='ocrx_word' id='word_1_378' title='bbox 1957 2746 2353 2817; x_wconf 68' lang='lat' dir='ltr'><strong>praeuuntiatze</strong></span> <span class='ocrx_word' id='word_1_379' title='bbox 2381 2749 2533 2801; x_wconf 89' lang='lat' dir='ltr'><strong>sunt.</strong></span> <span class='ocrx_word' id='word_1_380' title='bbox 2567 2746 2706 2800; x_wconf 86' lang='lat' dir='ltr'><strong>Nam</strong></span> <span class='ocrx_word' id='word_1_381' title='bbox 2736 2746 2880 2800; x_wconf 90' lang='lat' dir='ltr'><strong>sicut</strong></span> <span class='ocrx_word' id='word_1_382' title='bbox 2905 2747 3039 2802; x_wconf 92' lang='lat' dir='ltr'><strong>olim</strong></span> <span class='ocrx_word' id='word_1_383' title='bbox 3079 2764 3150 2802; x_wconf 82' lang='lat' dir='ltr'><strong>ex</strong></span> <span class='ocrx_word' id='word_1_384' title='bbox 3179 2750 3420 2819; x_wconf 61' lang='lat' dir='ltr'><strong>[Egypto</strong></span> <span class='ocrx_word' id='word_1_385' title='bbox 3450 2748 3586 2802; x_wconf 91' lang='lat' dir='ltr'><strong>salvi</strong></span> 
     </span>
    </p>
   </div>
   <div class='ocr_carea' id='block_1_57' title="bbox 1956 2828 3587 2911">
    <p class='ocr_par' dir='ltr' id='par_1_57' title="bbox 1956 2828 3587 2911">
     <span class='ocr_line' id='line_1_57' title="bbox 1956 2828 3587 2911; baseline 0.001 -17"><span class='ocrx_word' id='word_1_386' title='bbox 1956 2845 2258 2894; x_wconf 89' lang='lat' dir='ltr'><strong>evaserunt</strong></span> <span class='ocrx_word' id='word_1_387' title='bbox 2301 2841 2582 2907; x_wconf 67' lang='lat' dir='ltr'><strong>Israelitte,</strong></span> <span class='ocrx_word' id='word_1_388' title='bbox 2624 2828 2718 2911; x_wconf 88' lang='lat' dir='ltr'><strong>qui</strong></span> <span class='ocrx_word' id='word_1_389' title='bbox 2767 2841 3073 2896; x_wconf 89' lang='lat' dir='ltr'><strong>domorum</strong></span> <span class='ocrx_word' id='word_1_390' title='bbox 3113 2858 3343 2896; x_wconf 88' lang='lat' dir='ltr'><strong>suarum</strong></span> <span class='ocrx_word' id='word_1_391' title='bbox 3387 2841 3587 2896; x_wconf 88' lang='lat' dir='ltr'><strong>limina</strong></span> 
     </span>
    </p>
   </div>
   <div class='ocr_carea' id='block_1_58' title="bbox 1957 2934 3589 3005">
    <p class='ocr_par' dir='ltr' id='par_1_58' title="bbox 1957 2934 3589 3005">
     <span class='ocr_line' id='line_1_58' title="bbox 1957 2934 3589 3005; baseline 0.002 -17"><span class='ocrx_word' id='word_1_392' title='bbox 1957 2935 2234 3005; x_wconf 86' lang='lat' dir='ltr'><strong>sanguine</strong></span> <span class='ocrx_word' id='word_1_393' title='bbox 2266 2934 2400 3004; x_wconf 88' lang='lat' dir='ltr'><strong>agni</strong></span> <span class='ocrx_word' id='word_1_394' title='bbox 2429 2934 2853 3005; x_wconf 72' lang='lat' dir='ltr'><strong>insperserant:</strong></span> <span class='ocrx_word' id='word_1_395' title='bbox 2889 2934 2967 2989; x_wconf 90' lang='lat' dir='ltr'><strong>ita</strong></span> <span class='ocrx_word' id='word_1_396' title='bbox 2994 2935 3033 2988; x_wconf 90' lang='lat' dir='ltr'><strong>ii</strong></span> <span class='ocrx_word' id='word_1_397' title='bbox 3063 2935 3167 2990; x_wconf 90' lang='lat' dir='ltr'><strong>soli</strong></span> <span class='ocrx_word' id='word_1_398' title='bbox 3193 2941 3436 2991; x_wconf 72' lang='lat' dir='ltr'><strong>aeternos</strong></span> <span class='ocrx_word' id='word_1_399' title='bbox 3467 2953 3589 2991; x_wconf 89' lang='lat' dir='ltr'><strong>cru-</strong></span> 
     </span>
    </p>
   </div>
   <div class='ocr_carea' id='block_1_59' title="bbox 1957 3027 3586 3101">
    <p class='ocr_par' dir='ltr' id='par_1_59' title="bbox 1957 3027 3586 3101">
     <span class='ocr_line' id='line_1_59' title="bbox 1957 3027 3586 3101; baseline 0.002 -19"><span class='ocrx_word' id='word_1_400' title='bbox 1957 3027 2132 3082; x_wconf 89' lang='lat' dir='ltr'><strong>ciatus</strong></span> <span class='ocrx_word' id='word_1_401' title='bbox 2176 3028 2556 3096; x_wconf 85' lang='lat' dir='ltr'><strong>declinabunt,</strong></span> <span class='ocrx_word' id='word_1_402' title='bbox 2599 3028 2696 3099; x_wconf 91' lang='lat' dir='ltr'><strong>qui</strong></span> <span class='ocrx_word' id='word_1_403' title='bbox 2749 3028 2976 3100; x_wconf 90' lang='lat' dir='ltr'><strong>signum</strong></span> <span class='ocrx_word' id='word_1_404' title='bbox 3036 3030 3332 3101; x_wconf 85' lang='lat' dir='ltr'><strong>sanguinis</strong></span> <span class='ocrx_word' id='word_1_405' title='bbox 3379 3030 3586 3085; x_wconf 85' lang='lat' dir='ltr'><strong>Christi</strong></span> 
     </span>
    </p>
   </div>
   <div class='ocr_carea' id='block_1_60' title="bbox 217 3122 2394 3223">
    <p class='ocr_par' dir='ltr' id='par_1_60' title="bbox 217 3122 2394 3223">
     <span class='ocr_line' id='line_1_60' title="bbox 217 3122 2394 3223; baseline -0.002 -42"><span class='ocrx_word' id='word_1_406' title='bbox 217 3142 352 3181; x_wconf 90' lang='lat' dir='ltr'><strong>rum</strong></span> <span class='ocrx_word' id='word_1_407' title='bbox 394 3126 526 3181; x_wconf 92' lang='lat' dir='ltr'><strong>deos</strong></span> <span class='ocrx_word' id='word_1_408' title='bbox 564 3126 846 3192; x_wconf 61' lang='lat' dir='ltr'><strong>laeserant,</strong></span> <span class='ocrx_word' id='word_1_409' title='bbox 883 3141 984 3180; x_wconf 89' lang='lat' dir='ltr'><strong>cur</strong></span> <span class='ocrx_word' id='word_1_410' title='bbox 1023 3125 1078 3178; x_wconf 92' lang='lat' dir='ltr'><strong>hi</strong></span> <span class='ocrx_word' id='word_1_411' title='bbox 1121 3125 1357 3195; x_wconf 87' lang='lat' dir='ltr'><strong>injurias</strong></span> <span class='ocrx_word' id='word_1_412' title='bbox 1386 3143 1515 3180; x_wconf 89' lang='lat' dir='ltr'><strong>suas</strong></span> <span class='ocrx_word' id='word_1_413' title='bbox 1544 3126 1849 3197; x_wconf 89' lang='lat' dir='ltr'><strong>tranquille</strong></span> <span class='ocrx_word' id='word_1_414' title='bbox 1873 3149 1926 3223; x_wconf 70' lang='grc' dir='ltr'>Ο</span> <span class='ocrx_word' id='word_1_415' title='bbox 1955 3139 2073 3193; x_wconf 79' lang='lat' dir='ltr'><strong>prae</strong></span> <span class='ocrx_word' id='word_1_416' title='bbox 2101 3139 2158 3175; x_wconf 92' lang='lat' dir='ltr'><strong>se</strong></span> <span class='ocrx_word' id='word_1_417' title='bbox 2189 3122 2394 3176; x_wconf 85' lang='lat' dir='ltr'><strong>ferent.</strong></span> 
     </span>
    </p>
   </div>
   <div class='ocr_carea' id='block_1_61' title="bbox 221 3219 1848 3291">
    <p class='ocr_par' dir='ltr' id='par_1_61' title="bbox 221 3219 1848 3291">
     <span class='ocr_line' id='line_1_61' title="bbox 221 3219 1848 3291; baseline -0.001 -16"><span class='ocrx_word' id='word_1_418' title='bbox 221 3226 282 3275; x_wconf 90' lang='lat' dir='ltr'><strong>et</strong></span> <span class='ocrx_word' id='word_1_419' title='bbox 310 3220 543 3290; x_wconf 91' lang='lat' dir='ltr'><strong>impune</strong></span> <span class='ocrx_word' id='word_1_420' title='bbox 575 3219 956 3291; x_wconf 87' lang='lat' dir='ltr'><strong>patiebantur,</strong></span> <span class='ocrx_word' id='word_1_421' title='bbox 990 3222 1089 3273; x_wconf 89' lang='lat' dir='ltr'><strong>aut</strong></span> <span class='ocrx_word' id='word_1_422' title='bbox 1115 3219 1518 3291; x_wconf 87' lang='lat' dir='ltr'><strong>relinquebant</strong></span> <span class='ocrx_word' id='word_1_423' title='bbox 1541 3220 1612 3274; x_wconf 89' lang='lat' dir='ltr'><strong>ab</strong></span> <span class='ocrx_word' id='word_1_424' title='bbox 1644 3219 1848 3274; x_wconf 90' lang='lat' dir='ltr'><strong>iisdem</strong></span> 
     </span>
    </p>
   </div>
   <div class='ocr_carea' id='block_1_62' title="bbox 221 3313 1852 3384">
    <p class='ocr_par' dir='ltr' id='par_1_62' title="bbox 221 3313 1852 3384">
     <span class='ocr_line' id='line_1_62' title="bbox 221 3313 1852 3384; baseline 0.001 -17"><span class='ocrx_word' id='word_1_425' title='bbox 221 3314 467 3368; x_wconf 90' lang='lat' dir='ltr'><strong>ethnicis</strong></span> <span class='ocrx_word' id='word_1_426' title='bbox 505 3318 785 3384; x_wconf 88' lang='lat' dir='ltr'><strong>tanquam</strong></span> <span class='ocrx_word' id='word_1_427' title='bbox 817 3313 1231 3384; x_wconf 89' lang='lat' dir='ltr'><strong>potentioribus</strong></span> <span class='ocrx_word' id='word_1_428' title='bbox 1256 3313 1670 3384; x_wconf 87' lang='lat' dir='ltr'><strong>prOpulsandas</strong></span> <span class='ocrx_word' id='word_1_429' title='bbox 1691 3314 1718 3368; x_wconf 88' lang='lat'><strong><em>?</em></strong></span> <span class='ocrx_word' id='word_1_430' title='bbox 1746 3315 1852 3368; x_wconf 87' lang='lat' dir='ltr'><strong>Sed</strong></span> 
     </span>
    </p>
   </div>
   <div class='ocr_carea' id='block_1_63' title="bbox 216 3406 1854 3478">
    <p class='ocr_par' dir='ltr' id='par_1_63' title="bbox 216 3406 1854 3478">
     <span class='ocr_line' id='line_1_63' title="bbox 216 3406 1854 3478; baseline 0 -16"><span class='ocrx_word' id='word_1_431' title='bbox 216 3406 281 3463; x_wconf 89' lang='lat' dir='ltr'><strong>hi</strong></span> <span class='ocrx_word' id='word_1_432' title='bbox 311 3407 550 3462; x_wconf 90' lang='lat' dir='ltr'><strong>diiadeo</strong></span> <span class='ocrx_word' id='word_1_433' title='bbox 577 3407 892 3462; x_wconf 91' lang='lat' dir='ltr'><strong>imbecilles</strong></span> <span class='ocrx_word' id='word_1_434' title='bbox 921 3412 1187 3474; x_wconf 88' lang='lat' dir='ltr'><strong>erant,ut</strong></span> <span class='ocrx_word' id='word_1_435' title='bbox 1207 3407 1505 3461; x_wconf 88' lang='lat' dir='ltr'><strong>hominum</strong></span> <span class='ocrx_word' id='word_1_436' title='bbox 1529 3408 1854 3478; x_wconf 80' lang='lat' dir='ltr'><strong>indigerent</strong></span> 
     </span>
    </p>
   </div>
   <div class='ocr_carea' id='block_1_64' title="bbox 220 3501 1849 3572">
    <p class='ocr_par' dir='ltr' id='par_1_64' title="bbox 220 3501 1849 3572">
     <span class='ocr_line' id='line_1_64' title="bbox 220 3501 1849 3572; baseline 0.001 -16"><span class='ocrx_word' id='word_1_437' title='bbox 220 3502 423 3568; x_wconf 88' lang='lat' dir='ltr'><strong>tutela,</strong></span> <span class='ocrx_word' id='word_1_438' title='bbox 471 3504 530 3556; x_wconf 89' lang='lat' dir='ltr'><strong>et</strong></span> <span class='ocrx_word' id='word_1_439' title='bbox 572 3518 604 3554; x_wconf 87' lang='lat' dir='ltr'><strong>a</strong></span> <span class='ocrx_word' id='word_1_440' title='bbox 658 3501 990 3556; x_wconf 85' lang='lat' dir='ltr'><strong>Christianis</strong></span> <span class='ocrx_word' id='word_1_441' title='bbox 1036 3502 1304 3571; x_wconf 89' lang='lat' dir='ltr'><strong>adjurati,</strong></span> <span class='ocrx_word' id='word_1_442' title='bbox 1351 3501 1605 3572; x_wconf 90' lang='lat' dir='ltr'><strong>ipsorum</strong></span> <span class='ocrx_word' id='word_1_443' title='bbox 1645 3503 1849 3570; x_wconf 89' lang='lat' dir='ltr'><strong>verbis,</strong></span> 
     </span>
    </p>
   </div>
   <div class='ocr_carea' id='block_1_65' title="bbox 219 3593 1853 3666">
    <p class='ocr_par' dir='ltr' id='par_1_65' title="bbox 219 3593 1853 3666">
     <span class='ocr_line' id='line_1_65' title="bbox 219 3593 1853 3666; baseline 0.001 -17"><span class='ocrx_word' id='word_1_444' title='bbox 219 3612 337 3649; x_wconf 90' lang='lat' dir='ltr'><strong>non</strong></span> <span class='ocrx_word' id='word_1_445' title='bbox 369 3611 528 3649; x_wconf 90' lang='lat' dir='ltr'><strong>secus</strong></span> <span class='ocrx_word' id='word_1_446' title='bbox 569 3612 633 3648; x_wconf 91' lang='lat' dir='ltr'><strong>ac</strong></span> <span class='ocrx_word' id='word_1_447' title='bbox 663 3593 857 3666; x_wconf 84' lang='lat' dir='ltr'><strong>ﬂagris</strong></span> <span class='ocrx_word' id='word_1_448' title='bbox 893 3600 948 3649; x_wconf 91' lang='lat' dir='ltr'><strong>et</strong></span> <span class='ocrx_word' id='word_1_449' title='bbox 973 3593 1302 3649; x_wconf 87' lang='lat' dir='ltr'><strong>verberibus</strong></span> <span class='ocrx_word' id='word_1_450' title='bbox 1326 3595 1477 3662; x_wconf 61' lang='lat' dir='ltr'><strong>exesi,</strong></span> <span class='ocrx_word' id='word_1_451' title='bbox 1513 3602 1853 3666; x_wconf 85' lang='lat' dir='ltr'><strong>cogerentur</strong></span> 
     </span>
    </p>
   </div>
   <div class='ocr_carea' id='block_1_66' title="bbox 214 3687 1851 3760">
    <p class='ocr_par' dir='ltr' id='par_1_66' title="bbox 214 3687 1851 3760">
     <span class='ocr_line' id='line_1_66' title="bbox 214 3687 1851 3760; baseline 0.001 -17"><span class='ocrx_word' id='word_1_452' title='bbox 214 3687 290 3744; x_wconf 90' lang='lat' dir='ltr'><strong>ab</strong></span> <span class='ocrx_word' id='word_1_453' title='bbox 320 3688 561 3743; x_wconf 88' lang='lat' dir='ltr'><strong>obsessis</strong></span> <span class='ocrx_word' id='word_1_454' title='bbox 592 3688 746 3743; x_wconf 83' lang='lat' dir='ltr'><strong>exire</strong></span> <span class='ocrx_word' id='word_1_455' title='bbox 774 3688 1104 3760; x_wconf 89' lang='lat' dir='ltr'><strong>corporibus</strong></span> <span class='ocrx_word' id='word_1_456' title='bbox 1133 3690 1288 3760; x_wconf 87' lang='lat' dir='ltr'><strong>(pag.</strong></span> <span class='ocrx_word' id='word_1_457' title='bbox 1326 3689 1469 3759; x_wconf 85' lang='grc'>191).</span> <span class='ocrx_word' id='word_1_458' title='bbox 1499 3690 1646 3754; x_wconf 89' lang='lat' dir='ltr'><strong>Quin</strong></span> <span class='ocrx_word' id='word_1_459' title='bbox 1679 3690 1851 3745; x_wconf 89' lang='lat' dir='ltr'><strong>etiam</strong></span> 
     </span>
    </p>
   </div>
   <div class='ocr_carea' id='block_1_67' title="bbox 217 3781 1849 3854">
    <p class='ocr_par' dir='ltr' id='par_1_67' title="bbox 217 3781 1849 3854">
     <span class='ocr_line' id='line_1_67' title="bbox 217 3781 1849 3854; baseline 0.001 -16"><span class='ocrx_word' id='word_1_460' title='bbox 217 3781 606 3854; x_wconf 84' lang='lat' dir='ltr'><strong>adigebantur</strong></span> <span class='ocrx_word' id='word_1_461' title='bbox 649 3783 871 3854; x_wconf 85' lang='lat' dir='ltr'><strong>palam,</strong></span> <span class='ocrx_word' id='word_1_462' title='bbox 917 3789 974 3838; x_wconf 89' lang='lat' dir='ltr'><strong>et</strong></span> <span class='ocrx_word' id='word_1_463' title='bbox 1021 3783 1080 3838; x_wconf 90' lang='lat' dir='ltr'><strong>in</strong></span> <span class='ocrx_word' id='word_1_464' title='bbox 1131 3784 1394 3838; x_wconf 89' lang='lat' dir='ltr'><strong>omnium</strong></span> <span class='ocrx_word' id='word_1_465' title='bbox 1445 3782 1618 3839; x_wconf 90' lang='lat' dir='ltr'><strong>etiam</strong></span> <span class='ocrx_word' id='word_1_466' title='bbox 1665 3785 1849 3840; x_wconf 89' lang='lat' dir='ltr'><strong>ethni-</strong></span> 
     </span>
    </p>
   </div>
   <div class='ocr_carea' id='block_1_68' title="bbox 216 3882 1854 3956">
    <p class='ocr_par' dir='ltr' id='par_1_68' title="bbox 216 3882 1854 3956">
     <span class='ocr_line' id='line_1_68' title="bbox 216 3882 1854 3956; baseline 0.001 -20"><span class='ocrx_word' id='word_1_467' title='bbox 216 3897 416 3936; x_wconf 89' lang='lat' dir='ltr'><strong>corum</strong></span> <span class='ocrx_word' id='word_1_468' title='bbox 463 3898 559 3936; x_wconf 89' lang='lat' dir='ltr'><strong>ore</strong></span> <span class='ocrx_word' id='word_1_469' title='bbox 615 3887 670 3937; x_wconf 89' lang='lat' dir='ltr'><strong>et</strong></span> <span class='ocrx_word' id='word_1_470' title='bbox 721 3882 899 3938; x_wconf 90' lang='lat' dir='ltr'><strong>oculis</strong></span> <span class='ocrx_word' id='word_1_471' title='bbox 941 3899 1069 3937; x_wconf 88' lang='lat' dir='ltr'><strong>suas</strong></span> <span class='ocrx_word' id='word_1_472' title='bbox 1109 3882 1428 3955; x_wconf 82' lang='lat' dir='ltr'><strong>praestigias</strong></span> <span class='ocrx_word' id='word_1_473' title='bbox 1471 3882 1740 3956; x_wconf 90' lang='lat' dir='ltr'><strong>prodere,</strong></span> <span class='ocrx_word' id='word_1_474' title='bbox 1791 3899 1854 3938; x_wconf 89' lang='lat' dir='ltr'><strong>ac</strong></span> 
     </span>
    </p>
   </div>
   <div class='ocr_carea' id='block_1_69' title="bbox 213 3980 1855 4054">
    <p class='ocr_par' dir='ltr' id='par_1_69' title="bbox 213 3980 1855 4054">
     <span class='ocr_line' id='line_1_69' title="bbox 213 3980 1855 4054; baseline 0.001 -19"><span class='ocrx_word' id='word_1_475' title='bbox 213 3986 526 4035; x_wconf 73' lang='lat' dir='ltr'><strong>Venturum</strong></span> <span class='ocrx_word' id='word_1_476' title='bbox 550 3980 834 4051; x_wconf 91' lang='lat' dir='ltr'><strong>judicium</strong></span> <span class='ocrx_word' id='word_1_477' title='bbox 881 3983 1156 4037; x_wconf 84' lang='lat' dir='ltr'><strong>conﬁteri.</strong></span> <span class='ocrx_word' id='word_1_478' title='bbox 1203 3985 1274 4037; x_wconf 80' lang='lat' dir='ltr'><strong>At</strong></span> <span class='ocrx_word' id='word_1_479' title='bbox 1312 3983 1452 4054; x_wconf 87' lang='lat' dir='ltr'><strong>quid</strong></span> <span class='ocrx_word' id='word_1_480' title='bbox 1491 3982 1760 4038; x_wconf 87' lang='lat' dir='ltr'><strong>insulsius</strong></span> <span class='ocrx_word' id='word_1_481' title='bbox 1801 3985 1855 4037; x_wconf 89' lang='lat' dir='ltr'><strong>et</strong></span> 
     </span>
    </p>
   </div>
   <div class='ocr_carea' id='block_1_70' title="bbox 214 4077 1854 4152">
    <p class='ocr_par' dir='ltr' id='par_1_70' title="bbox 214 4077 1854 4152">
     <span class='ocr_line' id='line_1_70' title="bbox 214 4077 1854 4152; baseline 0.002 -18"><span class='ocrx_word' id='word_1_482' title='bbox 214 4079 548 4150; x_wconf 85' lang='lat' dir='ltr'><strong>absurdius,</strong></span> <span class='ocrx_word' id='word_1_483' title='bbox 591 4096 761 4152; x_wconf 90' lang='lat' dir='ltr'><strong>quam</strong></span> <span class='ocrx_word' id='word_1_484' title='bbox 817 4081 918 4134; x_wconf 90' lang='lat' dir='ltr'><strong>hos</strong></span> <span class='ocrx_word' id='word_1_485' title='bbox 965 4083 1138 4136; x_wconf 82' lang='lat' dir='ltr'><strong>falsos</strong></span> <span class='ocrx_word' id='word_1_486' title='bbox 1191 4081 1325 4136; x_wconf 90' lang='lat' dir='ltr'><strong>deos</strong></span> <span class='ocrx_word' id='word_1_487' title='bbox 1367 4081 1540 4152; x_wconf 88' lang='lat' dir='ltr'><strong>impio</strong></span> <span class='ocrx_word' id='word_1_488' title='bbox 1585 4083 1740 4137; x_wconf 91' lang='lat' dir='ltr'><strong>cultu</strong></span> <span class='ocrx_word' id='word_1_489' title='bbox 1788 4077 1854 4137; x_wconf 85' lang='lat' dir='ltr'><strong>ac</strong></span> 
     </span>
    </p>
   </div>
   <div class='ocr_carea' id='block_1_71' title="bbox 213 4180 1854 4252">
    <p class='ocr_par' dir='ltr' id='par_1_71' title="bbox 213 4180 1854 4252">
     <span class='ocr_line' id='line_1_71' title="bbox 213 4180 1854 4252; baseline 0.001 -19"><span class='ocrx_word' id='word_1_490' title='bbox 213 4182 508 4251; x_wconf 87' lang='lat' dir='ltr'><strong>prostrato</strong></span> <span class='ocrx_word' id='word_1_491' title='bbox 563 4196 796 4252; x_wconf 89' lang='lat' dir='ltr'><strong>corpore</strong></span> <span class='ocrx_word' id='word_1_492' title='bbox 849 4180 950 4235; x_wconf 91' lang='lat' dir='ltr'><strong>coli</strong></span> <span class='ocrx_word' id='word_1_493' title='bbox 1005 4181 1073 4235; x_wconf 88' lang='lat' dir='ltr'><strong>ab</strong></span> <span class='ocrx_word' id='word_1_494' title='bbox 1128 4182 1396 4252; x_wconf 87' lang='lat' dir='ltr'><strong>homine,</strong></span> <span class='ocrx_word' id='word_1_495' title='bbox 1453 4198 1625 4252; x_wconf 89' lang='lat' dir='ltr'><strong>quem</strong></span> <span class='ocrx_word' id='word_1_496' title='bbox 1679 4188 1854 4238; x_wconf 90' lang='lat' dir='ltr'><strong>status</strong></span> 
     </span>
    </p>
   </div>
   <div class='ocr_carea' id='block_1_72' title="bbox 215 4277 1852 4346">
    <p class='ocr_par' dir='ltr' id='par_1_72' title="bbox 215 4277 1852 4346">
     <span class='ocr_line' id='line_1_72' title="bbox 215 4277 1852 4346; baseline 0.004 -14"><span class='ocrx_word' id='word_1_497' title='bbox 215 4277 505 4346; x_wconf 89' lang='lat' dir='ltr'><strong>sublimis,</strong></span> <span class='ocrx_word' id='word_1_498' title='bbox 539 4281 595 4332; x_wconf 90' lang='lat' dir='ltr'><strong>et</strong></span> <span class='ocrx_word' id='word_1_499' title='bbox 627 4282 849 4334; x_wconf 89' lang='lat' dir='ltr'><strong>erectus</strong></span> <span class='ocrx_word' id='word_1_500' title='bbox 872 4279 927 4332; x_wconf 90' lang='lat' dir='ltr'><strong>in</strong></span> <span class='ocrx_word' id='word_1_501' title='bbox 960 4279 1158 4334; x_wconf 71' lang='lat' dir='ltr'><strong>caelum</strong></span> <span class='ocrx_word' id='word_1_502' title='bbox 1181 4280 1390 4341; x_wconf 82' lang='lat' dir='ltr'><strong>vultus,</strong></span> <span class='ocrx_word' id='word_1_503' title='bbox 1423 4295 1618 4335; x_wconf 89' lang='lat' dir='ltr'><strong>verum</strong></span> <span class='ocrx_word' id='word_1_504' title='bbox 1651 4287 1704 4336; x_wconf 87' lang='lat' dir='ltr'><strong>et</strong></span> <span class='ocrx_word' id='word_1_505' title='bbox 1731 4299 1852 4339; x_wconf 84' lang='lat' dir='ltr'><strong>om-</strong></span> 
     </span>
    </p>
   </div>
   <div class='ocr_carea' id='block_1_73' title="bbox 209 4376 1854 4448">
    <p class='ocr_par' dir='ltr' id='par_1_73' title="bbox 209 4376 1854 4448">
     <span class='ocr_line' id='line_1_73' title="bbox 209 4376 1854 4448; baseline 0.002 -16"><span class='ocrx_word' id='word_1_506' title='bbox 209 4376 565 4448; x_wconf 89' lang='lat' dir='ltr'><strong>nipotentem</strong></span> <span class='ocrx_word' id='word_1_507' title='bbox 598 4377 772 4432; x_wconf 88' lang='lat' dir='ltr'><strong>Deum</strong></span> <span class='ocrx_word' id='word_1_508' title='bbox 813 4394 1117 4448; x_wconf 87' lang='lat' dir='ltr'><strong>agnoscere</strong></span> <span class='ocrx_word' id='word_1_509' title='bbox 1160 4384 1214 4432; x_wconf 90' lang='lat' dir='ltr'><strong>et</strong></span> <span class='ocrx_word' id='word_1_510' title='bbox 1254 4379 1544 4433; x_wconf 86' lang='lat' dir='ltr'><strong>honorare</strong></span> <span class='ocrx_word' id='word_1_511' title='bbox 1576 4379 1854 4436; x_wconf 85' lang='lat' dir='ltr'><strong>admone-</strong></span> 
     </span>
    </p>
   </div>
   <div class='ocr_carea' id='block_1_74' title="bbox 213 4475 708 4546">
    <p class='ocr_par' dir='ltr' id='par_1_74' title="bbox 213 4475 708 4546">
     <span class='ocr_line' id='line_1_74' title="bbox 213 4475 708 4546; baseline 0 -15"><span class='ocrx_word' id='word_1_512' title='bbox 213 4476 315 4531; x_wconf 90' lang='lat' dir='ltr'><strong>bat</strong></span> <span class='ocrx_word' id='word_1_513' title='bbox 348 4477 500 4546; x_wconf 89' lang='lat' dir='ltr'><strong>(pag.</strong></span> <span class='ocrx_word' id='word_1_514' title='bbox 539 4475 657 4546; x_wconf 73' lang='grc'>192)</span> <span class='ocrx_word' id='word_1_515' title='bbox 681 4475 708 4530; x_wconf 85' lang='lat'><strong>‘?</strong></span> 
     </span>
    </p>
   </div>
   <div class='ocr_carea' id='block_1_75' title="bbox 291 4573 1854 4646">
    <p class='ocr_par' dir='ltr' id='par_1_75' title="bbox 291 4573 1854 4646">
     <span class='ocr_line' id='line_1_75' title="bbox 291 4573 1854 4646; baseline 0.002 -19"><span class='ocrx_word' id='word_1_516' title='bbox 291 4573 728 4628; x_wconf 89' lang='lat' dir='ltr'><strong>Demetrianum</strong></span> <span class='ocrx_word' id='word_1_517' title='bbox 768 4591 905 4645; x_wconf 89' lang='lat' dir='ltr'><strong>ergo</strong></span> <span class='ocrx_word' id='word_1_518' title='bbox 936 4575 1192 4646; x_wconf 87' lang='lat' dir='ltr'><strong>aliosque</strong></span> <span class='ocrx_word' id='word_1_519' title='bbox 1222 4574 1456 4646; x_wconf 88' lang='lat' dir='ltr'><strong>gentiles</strong></span> <span class='ocrx_word' id='word_1_520' title='bbox 1484 4575 1761 4644; x_wconf 90' lang='lat' dir='ltr'><strong>hortatur,</strong></span> <span class='ocrx_word' id='word_1_521' title='bbox 1790 4581 1854 4631; x_wconf 88' lang='lat' dir='ltr'><strong>ut.</strong></span> 
     </span>
    </p>
   </div>
   <div class='ocr_carea' id='block_1_76' title="bbox 220 4672 1853 4744">
    <p class='ocr_par' dir='ltr' id='par_1_76' title="bbox 220 4672 1853 4744">
     <span class='ocr_line' id='line_1_76' title="bbox 220 4672 1853 4744; baseline 0.003 -18"><span class='ocrx_word' id='word_1_522' title='bbox 220 4688 283 4726; x_wconf 91' lang='lat' dir='ltr'><strong>se</strong></span> <span class='ocrx_word' id='word_1_523' title='bbox 313 4672 385 4726; x_wconf 91' lang='lat' dir='ltr'><strong>ad</strong></span> <span class='ocrx_word' id='word_1_524' title='bbox 429 4690 623 4727; x_wconf 88' lang='lat' dir='ltr'><strong>verum</strong></span> <span class='ocrx_word' id='word_1_525' title='bbox 651 4673 826 4728; x_wconf 89' lang='lat' dir='ltr'><strong>Deum</strong></span> <span class='ocrx_word' id='word_1_526' title='bbox 855 4677 1206 4744; x_wconf 85' lang='lat' dir='ltr'><strong>convertant,</strong></span> <span class='ocrx_word' id='word_1_527' title='bbox 1236 4673 1474 4728; x_wconf 88' lang='lat' dir='ltr'><strong>credant</strong></span> <span class='ocrx_word' id='word_1_528' title='bbox 1514 4675 1756 4744; x_wconf 88' lang='lat' dir='ltr'><strong>Christo,</strong></span> <span class='ocrx_word' id='word_1_529' title='bbox 1791 4693 1853 4731; x_wconf 89' lang='lat' dir='ltr'><strong>ac</strong></span> 
     </span>
    </p>
   </div>
   <div class='ocr_carea' id='block_1_77' title="bbox 214 4765 1850 4839">
    <p class='ocr_par' dir='ltr' id='par_1_77' title="bbox 214 4765 1850 4839">
     <span class='ocr_line' id='line_1_77' title="bbox 214 4765 1850 4839; baseline 0.003 -19"><span class='ocrx_word' id='word_1_530' title='bbox 214 4765 484 4820; x_wconf 78' lang='lat' dir='ltr'><strong>desinant</strong></span> <span class='ocrx_word' id='word_1_531' title='bbox 525 4768 646 4838; x_wconf 88' lang='lat' dir='ltr'><strong>ejus</strong></span> <span class='ocrx_word' id='word_1_532' title='bbox 687 4767 892 4822; x_wconf 67' lang='lat' dir='ltr'><strong>laedere</strong></span> <span class='ocrx_word' id='word_1_533' title='bbox 931 4785 1140 4836; x_wconf 84' lang='lat' dir='ltr'><strong>servos,</strong></span> <span class='ocrx_word' id='word_1_534' title='bbox 1183 4784 1326 4839; x_wconf 89' lang='lat' dir='ltr'><strong>quos</strong></span> <span class='ocrx_word' id='word_1_535' title='bbox 1363 4769 1644 4838; x_wconf 83' lang='lat' dir='ltr'><strong>patientes</strong></span> <span class='ocrx_word' id='word_1_536' title='bbox 1681 4770 1850 4826; x_wconf 87' lang='lat' dir='ltr'><strong>facie-</strong></span> 
     </span>
    </p>
   </div>
   <div class='ocr_carea' id='block_1_78' title="bbox 210 4865 1854 4940">
    <p class='ocr_par' dir='ltr' id='par_1_78' title="bbox 210 4865 1854 4940">
     <span class='ocr_line' id='line_1_78' title="bbox 210 4865 1854 4940; baseline 0.002 -20"><span class='ocrx_word' id='word_1_537' title='bbox 210 4865 318 4920; x_wconf 90' lang='lat' dir='ltr'><strong>bat</strong></span> <span class='ocrx_word' id='word_1_538' title='bbox 348 4865 417 4919; x_wconf 93' lang='lat' dir='ltr'><strong>de</strong></span> <span class='ocrx_word' id='word_1_539' title='bbox 449 4866 641 4920; x_wconf 89' lang='lat' dir='ltr'><strong>futura</strong></span> <span class='ocrx_word' id='word_1_540' title='bbox 671 4865 885 4920; x_wconf 89' lang='lat' dir='ltr'><strong>ultione</strong></span> <span class='ocrx_word' id='word_1_541' title='bbox 917 4868 1210 4922; x_wconf 90' lang='lat' dir='ltr'><strong>securitas.</strong></span> <span class='ocrx_word' id='word_1_542' title='bbox 1238 4869 1386 4922; x_wconf 90' lang='lat' dir='ltr'><strong>Deus</strong></span> <span class='ocrx_word' id='word_1_543' title='bbox 1426 4869 1637 4940; x_wconf 87' lang='lat' dir='ltr'><strong>quippe</strong></span> <span class='ocrx_word' id='word_1_544' title='bbox 1671 4870 1854 4924; x_wconf 89' lang='lat' dir='ltr'><strong>mani-</strong></span> 
     </span>
    </p>
   </div>
   <div class='ocr_carea' id='block_1_79' title="bbox 213 4964 1854 5023">
    <p class='ocr_par' dir='ltr' id='par_1_79' title="bbox 213 4964 1854 5023">
     <span class='ocr_line' id='line_1_79' title="bbox 213 4964 1854 5023; baseline 0.003 -5"><span class='ocrx_word' id='word_1_545' title='bbox 213 4964 587 5019; x_wconf 80' lang='lat' dir='ltr'><strong>festissimum</strong></span> <span class='ocrx_word' id='word_1_546' title='bbox 641 4965 876 5020; x_wconf 87' lang='lat' dir='ltr'><strong>ultionis</strong></span> <span class='ocrx_word' id='word_1_547' title='bbox 930 4984 1046 5022; x_wconf 74' lang='lat' dir='ltr'><strong>suae.</strong></span> <span class='ocrx_word' id='word_1_548' title='bbox 1100 4973 1157 5022; x_wconf 90' lang='lat' dir='ltr'><strong>et</strong></span> <span class='ocrx_word' id='word_1_549' title='bbox 1214 4967 1443 5022; x_wconf 89' lang='lat' dir='ltr'><strong>illorum</strong></span> <span class='ocrx_word' id='word_1_550' title='bbox 1509 4967 1854 5023; x_wconf 88' lang='lat' dir='ltr'><strong>defensionis</strong></span> 
     </span>
    </p>
   </div>
   <div class='ocr_carea' id='block_1_80' title="bbox 213 5064 1851 5137">
    <p class='ocr_par' dir='ltr' id='par_1_80' title="bbox 213 5064 1851 5137">
     <span class='ocr_line' id='line_1_80' title="bbox 213 5064 1851 5137; baseline 0.001 -19"><span class='ocrx_word' id='word_1_551' title='bbox 213 5064 628 5130; x_wconf 80' lang='lat' dir='ltr'><strong>documentum</strong></span> <span class='ocrx_word' id='word_1_552' title='bbox 664 5065 835 5135; x_wconf 86' lang='lat' dir='ltr'><strong>paulo</strong></span> <span class='ocrx_word' id='word_1_553' title='bbox 871 5069 1040 5120; x_wconf 90' lang='lat' dir='ltr'><strong>antea</strong></span> <span class='ocrx_word' id='word_1_554' title='bbox 1070 5065 1328 5132; x_wconf 86' lang='lat' dir='ltr'><strong>dederat,</strong></span> <span class='ocrx_word' id='word_1_555' title='bbox 1364 5088 1390 5115; x_wconf 83' lang='lat'><strong>«</strong></span> <span class='ocrx_word' id='word_1_556' title='bbox 1420 5066 1599 5120; x_wconf 91' lang='lat' dir='ltr'><strong>ruinis</strong></span> <span class='ocrx_word' id='word_1_557' title='bbox 1626 5083 1851 5137; x_wconf 88' lang='lat' dir='ltr'><strong>regum,</strong></span> 
     </span>
    </p>
   </div>
   <div class='ocr_carea' id='block_1_81' title="bbox 201 5161 1852 5234">
    <p class='ocr_par' dir='ltr' id='par_1_81' title="bbox 201 5161 1852 5234">
     <span class='ocr_line' id='line_1_81' title="bbox 201 5161 1852 5234; baseline 0.002 -20"><span class='ocrx_word' id='word_1_558' title='bbox 201 5161 452 5233; x_wconf 86' lang='lat' dir='ltr'><strong>jacturis</strong></span> <span class='ocrx_word' id='word_1_559' title='bbox 478 5178 675 5233; x_wconf 82' lang='lat' dir='ltr'><strong>apum,</strong></span> <span class='ocrx_word' id='word_1_560' title='bbox 707 5161 1007 5234; x_wconf 88' lang='lat' dir='ltr'><strong>dispendio</strong></span> <span class='ocrx_word' id='word_1_561' title='bbox 1037 5164 1304 5230; x_wconf 90' lang='lat' dir='ltr'><strong>militum,</strong></span> <span class='ocrx_word' id='word_1_562' title='bbox 1328 5163 1709 5219; x_wconf 90' lang='lat' dir='ltr'><strong>diminutione</strong></span> <span class='ocrx_word' id='word_1_563' title='bbox 1738 5180 1852 5218; x_wconf 89' lang='lat' dir='ltr'><strong>cas-</strong></span> 
     </span>
    </p>
   </div>
   <div class='ocr_carea' id='block_1_82' title="bbox 213 5261 1855 5333">
    <p class='ocr_par' dir='ltr' id='par_1_82' title="bbox 213 5261 1855 5333">
     <span class='ocr_line' id='line_1_82' title="bbox 213 5261 1855 5333; baseline 0.001 -19"><span class='ocrx_word' id='word_1_564' title='bbox 213 5263 460 5314; x_wconf 88' lang='lat' dir='ltr'><strong>trorum.</strong></span> <span class='ocrx_word' id='word_1_565' title='bbox 492 5280 521 5311; x_wconf 87' lang='lat'><strong>»</strong></span> <span class='ocrx_word' id='word_1_566' title='bbox 550 5261 908 5333; x_wconf 86' lang='lat' dir='ltr'><strong>Quapropter</strong></span> <span class='ocrx_word' id='word_1_567' title='bbox 939 5262 1072 5317; x_wconf 90' lang='lat' dir='ltr'><strong>inde</strong></span> <span class='ocrx_word' id='word_1_568' title='bbox 1106 5265 1306 5316; x_wconf 89' lang='lat' dir='ltr'><strong>auctor</strong></span> <span class='ocrx_word' id='word_1_569' title='bbox 1341 5268 1534 5317; x_wconf 88' lang='lat' dir='ltr'><strong>noster</strong></span> <span class='ocrx_word' id='word_1_570' title='bbox 1562 5261 1855 5317; x_wconf 88' lang='lat' dir='ltr'><strong>concludit</strong></span> 
     </span>
    </p>
   </div>
   <div class='ocr_carea' id='block_1_83' title="bbox 208 5358 1850 5432">
    <p class='ocr_par' dir='ltr' id='par_1_83' title="bbox 208 5358 1850 5432">
     <span class='ocr_line' id='line_1_83' title="bbox 208 5358 1850 5432; baseline 0.001 -19"><span class='ocrx_word' id='word_1_571' title='bbox 208 5358 475 5432; x_wconf 86' lang='lat' dir='ltr'><strong>publicas</strong></span> <span class='ocrx_word' id='word_1_572' title='bbox 513 5359 869 5415; x_wconf 87' lang='lat' dir='ltr'><strong>calamitates</strong></span> <span class='ocrx_word' id='word_1_573' title='bbox 912 5360 1202 5427; x_wconf 89' lang='lat' dir='ltr'><strong>accidisse,</strong></span> <span class='ocrx_word' id='word_1_574' title='bbox 1235 5379 1348 5415; x_wconf 90' lang='lat' dir='ltr'><strong>non</strong></span> <span class='ocrx_word' id='word_1_575' title='bbox 1396 5361 1455 5415; x_wconf 91' lang='lat' dir='ltr'><strong>in</strong></span> <span class='ocrx_word' id='word_1_576' title='bbox 1501 5359 1850 5417; x_wconf 85' lang='lat' dir='ltr'><strong>Christiano-</strong></span> 
     </span>
    </p>
   </div>
   <div class='ocr_carea' id='block_1_84' title="bbox 207 5458 1508 5531">
    <p class='ocr_par' dir='ltr' id='par_1_84' title="bbox 207 5458 1508 5531">
     <span class='ocr_line' id='line_1_84' title="bbox 207 5458 1508 5531; baseline 0.001 -17"><span class='ocrx_word' id='word_1_577' title='bbox 207 5475 370 5523; x_wconf 91' lang='lat' dir='ltr'><strong>rum,</strong></span> <span class='ocrx_word' id='word_1_578' title='bbox 398 5458 495 5513; x_wconf 89' lang='lat' dir='ltr'><strong>sed</strong></span> <span class='ocrx_word' id='word_1_579' title='bbox 529 5459 828 5529; x_wconf 89' lang='lat' dir='ltr'><strong>gentilium</strong></span> <span class='ocrx_word' id='word_1_580' title='bbox 859 5477 1086 5531; x_wconf 81' lang='lat' dir='ltr'><strong>pcenam</strong></span> <span class='ocrx_word' id='word_1_581' title='bbox 1119 5465 1178 5514; x_wconf 89' lang='lat' dir='ltr'><strong>et</strong></span> <span class='ocrx_word' id='word_1_582' title='bbox 1208 5458 1508 5515; x_wconf 89' lang='lat' dir='ltr'><strong>ultionem.</strong></span> 
     </span>
    </p>
   </div>
   <div class='ocr_carea' id='block_1_85' title="bbox 286 5557 1850 5631">
    <p class='ocr_par' dir='ltr' id='par_1_85' title="bbox 286 5557 1850 5631">
     <span class='ocr_line' id='line_1_85' title="bbox 286 5557 1850 5631; baseline 0 -18"><span class='ocrx_word' id='word_1_583' title='bbox 286 5559 480 5628; x_wconf 85' lang='lat' dir='ltr'><strong>Neque</strong></span> <span class='ocrx_word' id='word_1_584' title='bbox 523 5557 660 5612; x_wconf 88' lang='lat' dir='ltr'><strong>sinit</strong></span> <span class='ocrx_word' id='word_1_585' title='bbox 702 5559 806 5612; x_wconf 88' lang='lat' dir='ltr'><strong>sibi</strong></span> <span class='ocrx_word' id='word_1_586' title='bbox 849 5559 1017 5630; x_wconf 90' lang='lat' dir='ltr'><strong>objici</strong></span> <span class='ocrx_word' id='word_1_587' title='bbox 1058 5559 1323 5631; x_wconf 87' lang='lat' dir='ltr'><strong>iniquum</strong></span> <span class='ocrx_word' id='word_1_588' title='bbox 1361 5560 1481 5614; x_wconf 87' lang='lat' dir='ltr'><strong>fore</strong></span> <span class='ocrx_word' id='word_1_589' title='bbox 1523 5561 1720 5624; x_wconf 83' lang='lat' dir='ltr'><strong>Deum,</strong></span> <span class='ocrx_word' id='word_1_590' title='bbox 1753 5557 1850 5629; x_wconf 90' lang='lat' dir='ltr'><strong>qui</strong></span> 
     </span>
    </p>
   </div>
   <div class='ocr_carea' id='block_1_86' title="bbox 206 5655 1852 5729">
    <p class='ocr_par' dir='ltr' id='par_1_86' title="bbox 206 5655 1852 5729">
     <span class='ocr_line' id='line_1_86' title="bbox 206 5655 1852 5729; baseline 0.001 -19"><span class='ocrx_word' id='word_1_591' title='bbox 206 5655 431 5729; x_wconf 85' lang='lat' dir='ltr'><strong>patitur</strong></span> <span class='ocrx_word' id='word_1_592' title='bbox 467 5656 612 5722; x_wconf 90' lang='lat' dir='ltr'><strong>illos,</strong></span> <span class='ocrx_word' id='word_1_593' title='bbox 656 5657 800 5711; x_wconf 89' lang='lat' dir='ltr'><strong>sicut</strong></span> <span class='ocrx_word' id='word_1_594' title='bbox 845 5657 1108 5727; x_wconf 85' lang='lat' dir='ltr'><strong>gentiles,</strong></span> <span class='ocrx_word' id='word_1_595' title='bbox 1151 5657 1324 5711; x_wconf 87' lang='lat' dir='ltr'><strong>tantis</strong></span> <span class='ocrx_word' id='word_1_596' title='bbox 1364 5657 1613 5712; x_wconf 89' lang='lat' dir='ltr'><strong>cladibus</strong></span> <span class='ocrx_word' id='word_1_597' title='bbox 1645 5656 1852 5711; x_wconf 90' lang='lat' dir='ltr'><strong>involvi</strong></span> 
     </span>
    </p>
   </div>
   <div class='ocr_carea' id='block_1_87' title="bbox 205 5754 1849 5826">
    <p class='ocr_par' dir='ltr' id='par_1_87' title="bbox 205 5754 1849 5826">
     <span class='ocr_line' id='line_1_87' title="bbox 205 5754 1849 5826; baseline 0 -16"><span class='ocrx_word' id='word_1_598' title='bbox 205 5761 267 5810; x_wconf 82' lang='lat' dir='ltr'><strong>et</strong></span> <span class='ocrx_word' id='word_1_599' title='bbox 298 5754 568 5825; x_wconf 87' lang='lat' dir='ltr'><strong>opprimi.</strong></span> <span class='ocrx_word' id='word_1_600' title='bbox 615 5755 732 5811; x_wconf 85' lang='lat' dir='ltr'><strong>Soli</strong></span> <span class='ocrx_word' id='word_1_601' title='bbox 759 5755 1056 5811; x_wconf 86' lang='lat' dir='ltr'><strong>enimvero</strong></span> <span class='ocrx_word' id='word_1_602' title='bbox 1095 5757 1341 5826; x_wconf 87' lang='lat' dir='ltr'><strong>gentiles</strong></span> <span class='ocrx_word' id='word_1_603' title='bbox 1379 5773 1474 5813; x_wconf 88' lang='lat' dir='ltr'><strong>eas</strong></span> <span class='ocrx_word' id='word_1_604' title='bbox 1508 5756 1849 5824; x_wconf 83' lang='lat' dir='ltr'><strong>maerebant,</strong></span> 
     </span>
    </p>
   </div>
   <div class='ocr_carea' id='block_1_88' title="bbox 204 5851 1847 5928">
    <p class='ocr_par' dir='ltr' id='par_1_88' title="bbox 204 5851 1847 5928">
     <span class='ocr_line' id='line_1_88' title="bbox 204 5851 1847 5928; baseline -0.001 -14"><span class='ocrx_word' id='word_1_605' title='bbox 204 5851 460 5914; x_wconf 85' lang='lat' dir='ltr'><strong>minime</strong></span> <span class='ocrx_word' id='word_1_606' title='bbox 490 5868 626 5912; x_wconf 82' lang='lat' dir='ltr'><strong>vero</strong></span> <span class='ocrx_word' id='word_1_607' title='bbox 670 5852 991 5926; x_wconf 85' lang='lat' dir='ltr'><strong>Christiani,</strong></span> <span class='ocrx_word' id='word_1_608' title='bbox 1025 5853 1124 5928; x_wconf 88' lang='lat' dir='ltr'><strong>qui</strong></span> <span class='ocrx_word' id='word_1_609' title='bbox 1162 5853 1234 5912; x_wconf 87' lang='lat' dir='ltr'><strong>de</strong></span> <span class='ocrx_word' id='word_1_610' title='bbox 1273 5853 1480 5916; x_wconf 81' lang='lat' dir='ltr'><strong>futuris</strong></span> <span class='ocrx_word' id='word_1_611' title='bbox 1527 5855 1692 5913; x_wconf 89' lang='lat' dir='ltr'><strong>bonis</strong></span> <span class='ocrx_word' id='word_1_612' title='bbox 1723 5871 1847 5913; x_wconf 81' lang='lat' dir='ltr'><strong>cer-</strong></span> 
     </span>
    </p>
   </div>
   <div class='ocr_carea' id='block_1_89' title="bbox 2025 3216 3591 3286">
    <p class='ocr_par' dir='ltr' id='par_1_89' title="bbox 2025 3216 3591 3286">
     <span class='ocr_line' id='line_1_89' title="bbox 2025 3216 3591 3286; baseline 0.002 -17"><span class='ocrx_word' id='word_1_613' title='bbox 2025 3216 2291 3270; x_wconf 84' lang='lat' dir='ltr'><strong>Ethnicos</strong></span> <span class='ocrx_word' id='word_1_614' title='bbox 2319 3217 2507 3286; x_wconf 88' lang='lat' dir='ltr'><strong>itaque</strong></span> <span class='ocrx_word' id='word_1_615' title='bbox 2541 3221 2738 3270; x_wconf 90' lang='lat' dir='ltr'><strong>auctor</strong></span> <span class='ocrx_word' id='word_1_616' title='bbox 2763 3219 2955 3270; x_wconf 87' lang='lat' dir='ltr'><strong>noster</strong></span> <span class='ocrx_word' id='word_1_617' title='bbox 2985 3216 3193 3271; x_wconf 89' lang='lat' dir='ltr'><strong>iterum</strong></span> <span class='ocrx_word' id='word_1_618' title='bbox 3223 3217 3502 3286; x_wconf 88' lang='lat' dir='ltr'><strong>hortatur,</strong></span> <span class='ocrx_word' id='word_1_619' title='bbox 3526 3220 3591 3274; x_wconf 90' lang='lat' dir='ltr'><strong>ut</strong></span> 
     </span>
    </p>
   </div>
   <div class='ocr_carea' id='block_1_90' title="bbox 1955 3307 3590 3383">
    <p class='ocr_par' dir='ltr' id='par_1_90' title="bbox 1955 3307 3590 3383">
     <span class='ocr_line' id='line_1_90' title="bbox 1955 3307 3590 3383; baseline 0.001 -18"><span class='ocrx_word' id='word_1_620' title='bbox 1955 3307 2146 3382; x_wconf 85' lang='grc'><strong>976</strong></span> <span class='ocrx_word' id='word_1_621' title='bbox 2192 3309 2545 3379; x_wconf 84' lang='lat' dir='ltr'><strong>resipiscant,</strong></span> <span class='ocrx_word' id='word_1_622' title='bbox 2595 3326 2658 3364; x_wconf 91' lang='lat' dir='ltr'><strong>ac</strong></span> <span class='ocrx_word' id='word_1_623' title='bbox 2703 3310 2786 3365; x_wconf 89' lang='lat' dir='ltr'><strong>vel</strong></span> <span class='ocrx_word' id='word_1_624' title='bbox 2833 3327 2960 3365; x_wconf 91' lang='lat' dir='ltr'><strong>sero</strong></span> <span class='ocrx_word' id='word_1_625' title='bbox 3005 3310 3240 3365; x_wconf 90' lang='lat' dir='ltr'><strong>tandem</strong></span> <span class='ocrx_word' id='word_1_626' title='bbox 3275 3317 3590 3383; x_wconf 80' lang='lat' dir='ltr'><strong>agnoscant</strong></span> 
     </span>
    </p>
   </div>
   <div class='ocr_carea' id='block_1_91' title="bbox 1954 3403 3590 3475">
    <p class='ocr_par' dir='ltr' id='par_1_91' title="bbox 1954 3403 3590 3475">
     <span class='ocr_line' id='line_1_91' title="bbox 1954 3403 3590 3475; baseline 0.002 -17"><span class='ocrx_word' id='word_1_627' title='bbox 1954 3405 2152 3471; x_wconf 89' lang='lat' dir='ltr'><strong>Deum,</strong></span> <span class='ocrx_word' id='word_1_628' title='bbox 2184 3403 2241 3457; x_wconf 92' lang='lat' dir='ltr'><strong>iu</strong></span> <span class='ocrx_word' id='word_1_629' title='bbox 2270 3419 2405 3475; x_wconf 90' lang='lat' dir='ltr'><strong>quo,</strong></span> <span class='ocrx_word' id='word_1_630' title='bbox 2440 3408 2500 3456; x_wconf 89' lang='lat' dir='ltr'><strong>ut</strong></span> <span class='ocrx_word' id='word_1_631' title='bbox 2539 3405 2829 3474; x_wconf 73' lang='lat' dir='ltr'><strong>prophetae</strong></span> <span class='ocrx_word' id='word_1_632' title='bbox 2875 3410 2930 3459; x_wconf 87' lang='lat' dir='ltr'><strong>et</strong></span> <span class='ocrx_word' id='word_1_633' title='bbox 2961 3404 3215 3459; x_wconf 88' lang='lat' dir='ltr'><strong>Christus</strong></span> <span class='ocrx_word' id='word_1_634' title='bbox 3252 3405 3474 3474; x_wconf 87' lang='lat' dir='ltr'><strong>docent,</strong></span> <span class='ocrx_word' id='word_1_635' title='bbox 3504 3411 3590 3462; x_wconf 91' lang='lat' dir='ltr'><strong>est</strong></span> 
     </span>
    </p>
   </div>
   <div class='ocr_carea' id='block_1_92' title="bbox 1952 3497 3589 3571">
    <p class='ocr_par' dir='ltr' id='par_1_92' title="bbox 1952 3497 3589 3571">
     <span class='ocr_line' id='line_1_92' title="bbox 1952 3497 3589 3571; baseline 0.003 -21"><span class='ocrx_word' id='word_1_636' title='bbox 1952 3498 2088 3552; x_wconf 86' lang='lat' dir='ltr'><strong>vita.</strong></span> <span class='ocrx_word' id='word_1_637' title='bbox 2146 3497 2514 3554; x_wconf 83' lang='lat' dir='ltr'><strong>Credendum</strong></span> <span class='ocrx_word' id='word_1_638' title='bbox 2570 3497 2781 3569; x_wconf 89' lang='lat' dir='ltr'><strong>quippe</strong></span> <span class='ocrx_word' id='word_1_639' title='bbox 2833 3498 3074 3566; x_wconf 88' lang='lat' dir='ltr'><strong>Christo,</strong></span> <span class='ocrx_word' id='word_1_640' title='bbox 3127 3499 3226 3570; x_wconf 90' lang='lat' dir='ltr'><strong>qui</strong></span> <span class='ocrx_word' id='word_1_641' title='bbox 3293 3516 3589 3571; x_wconf 90' lang='lat' dir='ltr'><strong>nunquam</strong></span> 
     </span>
    </p>
   </div>
   <div class='ocr_carea' id='block_1_93' title="bbox 1952 3592 3589 3664">
    <p class='ocr_par' dir='ltr' id='par_1_93' title="bbox 1952 3592 3589 3664">
     <span class='ocr_line' id='line_1_93' title="bbox 1952 3592 3589 3664; baseline 0.002 -17"><span class='ocrx_word' id='word_1_642' title='bbox 1952 3592 2114 3659; x_wconf 87' lang='lat' dir='ltr'><strong>fallit,</strong></span> <span class='ocrx_word' id='word_1_643' title='bbox 2161 3592 2260 3663; x_wconf 92' lang='lat' dir='ltr'><strong>qui</strong></span> <span class='ocrx_word' id='word_1_644' title='bbox 2309 3592 2430 3646; x_wconf 65' lang='lat' dir='ltr'><strong>haec</strong></span> <span class='ocrx_word' id='word_1_645' title='bbox 2477 3592 2671 3646; x_wconf 91' lang='lat' dir='ltr'><strong>omnia</strong></span> <span class='ocrx_word' id='word_1_646' title='bbox 2722 3593 2912 3647; x_wconf 86' lang='lat' dir='ltr'><strong>futura</strong></span> <span class='ocrx_word' id='word_1_647' title='bbox 2957 3593 3238 3663; x_wconf 69' lang='lat' dir='ltr'><strong>praedixit,</strong></span> <span class='ocrx_word' id='word_1_648' title='bbox 3291 3594 3385 3664; x_wconf 87' lang='lat' dir='ltr'><strong>qui</strong></span> <span class='ocrx_word' id='word_1_649' title='bbox 3433 3594 3589 3651; x_wconf 88' lang='lat' dir='ltr'><strong>dabit</strong></span> 
     </span>
    </p>
   </div>
   <div class='ocr_carea' id='block_1_94' title="bbox 1952 3685 3587 3758">
    <p class='ocr_par' dir='ltr' id='par_1_94' title="bbox 1952 3685 3587 3758">
     <span class='ocr_line' id='line_1_94' title="bbox 1952 3685 3587 3758; baseline 0.002 -20"><span class='ocrx_word' id='word_1_650' title='bbox 1952 3685 2084 3740; x_wconf 74' lang='lat' dir='ltr'><strong>vitia</strong></span> <span class='ocrx_word' id='word_1_651' title='bbox 2116 3691 2349 3740; x_wconf 61' lang='lat' dir='ltr'><strong>(eterna:</strong></span> <span class='ocrx_word' id='word_1_652' title='bbox 2390 3686 2710 3757; x_wconf 63' lang='lat' dir='ltr'><strong>praemium,</strong></span> <span class='ocrx_word' id='word_1_653' title='bbox 2743 3685 2840 3758; x_wconf 90' lang='lat' dir='ltr'><strong>qui</strong></span> <span class='ocrx_word' id='word_1_654' title='bbox 2879 3687 3123 3757; x_wconf 86' lang='lat' dir='ltr'><strong>perﬁdos</strong></span> <span class='ocrx_word' id='word_1_655' title='bbox 3165 3692 3221 3742; x_wconf 89' lang='lat' dir='ltr'><strong>et</strong></span> <span class='ocrx_word' id='word_1_656' title='bbox 3263 3687 3587 3744; x_wconf 89' lang='lat' dir='ltr'><strong>incredulos</strong></span> 
     </span>
    </p>
   </div>
   <div class='ocr_carea' id='block_1_95' title="bbox 1956 3779 3592 3853">
    <p class='ocr_par' dir='ltr' id='par_1_95' title="bbox 1956 3779 3592 3853">
     <span class='ocr_line' id='line_1_95' title="bbox 1956 3779 3592 3853; baseline 0.002 -18"><span class='ocrx_word' id='word_1_657' title='bbox 1956 3785 2080 3852; x_wconf 92' lang='lat' dir='ltr'><strong>post</strong></span> <span class='ocrx_word' id='word_1_658' title='bbox 2133 3785 2450 3836; x_wconf 86' lang='lat' dir='ltr'><strong>extremum</strong></span> <span class='ocrx_word' id='word_1_659' title='bbox 2509 3779 2791 3851; x_wconf 91' lang='lat' dir='ltr'><strong>judicium</strong></span> <span class='ocrx_word' id='word_1_660' title='bbox 2846 3781 3129 3836; x_wconf 87' lang='lat' dir='ltr'><strong>vivacibus</strong></span> <span class='ocrx_word' id='word_1_661' title='bbox 3186 3781 3336 3853; x_wconf 90' lang='lat' dir='ltr'><strong>ignis</strong></span> <span class='ocrx_word' id='word_1_662' title='bbox 3388 3782 3592 3838; x_wconf 63' lang='lat' dir='ltr'><strong>aeterni</strong></span> 
     </span>
    </p>
   </div>
   <div class='ocr_carea' id='block_1_96' title="bbox 1953 3873 3588 3946">
    <p class='ocr_par' dir='ltr' id='par_1_96' title="bbox 1953 3873 3588 3946">
     <span class='ocr_line' id='line_1_96' title="bbox 1953 3873 3588 3946; baseline 0.002 -18"><span class='ocrx_word' id='word_1_663' title='bbox 1953 3875 2204 3929; x_wconf 87' lang='lat' dir='ltr'><strong>ﬂammis</strong></span> <span class='ocrx_word' id='word_1_664' title='bbox 2253 3873 2413 3929; x_wconf 84' lang='lat' dir='ltr'><strong>exuri</strong></span> <span class='ocrx_word' id='word_1_665' title='bbox 2469 3873 2761 3946; x_wconf 83' lang='lat' dir='ltr'><strong>praecipiet</strong></span> <span class='ocrx_word' id='word_1_666' title='bbox 2813 3873 2968 3945; x_wconf 89' lang='lat' dir='ltr'><strong>(pag.</strong></span> <span class='ocrx_word' id='word_1_667' title='bbox 3016 3875 3163 3945; x_wconf 81' lang='grc'>195).</span> <span class='ocrx_word' id='word_1_668' title='bbox 3215 3875 3404 3931; x_wconf 88' lang='lat' dir='ltr'><strong>Tantis</strong></span> <span class='ocrx_word' id='word_1_669' title='bbox 3455 3893 3588 3933; x_wconf 85' lang='lat' dir='ltr'><strong>vero</strong></span> 
     </span>
    </p>
   </div>
   <div class='ocr_carea' id='block_1_97' title="bbox 1953 3967 3586 4040">
    <p class='ocr_par' dir='ltr' id='par_1_97' title="bbox 1953 3967 3586 4040">
     <span class='ocr_line' id='line_1_97' title="bbox 1953 3967 3586 4040; baseline 0 -16"><span class='ocrx_word' id='word_1_670' title='bbox 1953 3969 2256 4024; x_wconf 87' lang='lat' dir='ltr'><strong>tormentis</strong></span> <span class='ocrx_word' id='word_1_671' title='bbox 2286 3967 2520 4022; x_wconf 88' lang='lat' dir='ltr'><strong>cruciati</strong></span> <span class='ocrx_word' id='word_1_672' title='bbox 2549 3967 2964 4038; x_wconf 89' lang='lat' dir='ltr'><strong>spectabuntur</strong></span> <span class='ocrx_word' id='word_1_673' title='bbox 2992 3968 3155 4040; x_wconf 90' lang='lat' dir='ltr'><strong>impii</strong></span> <span class='ocrx_word' id='word_1_674' title='bbox 3193 3969 3276 4024; x_wconf 89' lang='lat' dir='ltr'><strong>illi</strong></span> <span class='ocrx_word' id='word_1_675' title='bbox 3303 3969 3586 4040; x_wconf 90' lang='lat' dir='ltr'><strong>homines,</strong></span> 
     </span>
    </p>
   </div>
   <div class='ocr_carea' id='block_1_98' title="bbox 1953 4061 3588 4135">
    <p class='ocr_par' dir='ltr' id='par_1_98' title="bbox 1953 4061 3588 4135">
     <span class='ocr_line' id='line_1_98' title="bbox 1953 4061 3588 4135; baseline 0.001 -18"><span class='ocrx_word' id='word_1_676' title='bbox 1953 4063 2052 4135; x_wconf 90' lang='lat' dir='ltr'><strong>qui</strong></span> <span class='ocrx_word' id='word_1_677' title='bbox 2081 4061 2378 4117; x_wconf 86' lang='lat' dir='ltr'><strong>horrendo</strong></span> <span class='ocrx_word' id='word_1_678' title='bbox 2406 4061 2659 4133; x_wconf 90' lang='lat' dir='ltr'><strong>quidem,</strong></span> <span class='ocrx_word' id='word_1_679' title='bbox 2689 4061 2788 4117; x_wconf 91' lang='lat' dir='ltr'><strong>sed</strong></span> <span class='ocrx_word' id='word_1_680' title='bbox 2816 4062 2973 4116; x_wconf 89' lang='lat' dir='ltr'><strong>brevi</strong></span> <span class='ocrx_word' id='word_1_681' title='bbox 2999 4062 3374 4132; x_wconf 89' lang='lat' dir='ltr'><strong>cruciatuum,</strong></span> <span class='ocrx_word' id='word_1_682' title='bbox 3398 4063 3588 4120; x_wconf 83' lang='lat' dir='ltr'><strong>Chris-</strong></span> 
     </span>
    </p>
   </div>
   <div class='ocr_carea' id='block_1_99' title="bbox 1954 4155 3588 4230">
    <p class='ocr_par' dir='ltr' id='par_1_99' title="bbox 1954 4155 3588 4230">
     <span class='ocr_line' id='line_1_99' title="bbox 1954 4155 3588 4230; baseline 0.001 -20"><span class='ocrx_word' id='word_1_683' title='bbox 1954 4156 2120 4211; x_wconf 89' lang='lat' dir='ltr'><strong>tianis</strong></span> <span class='ocrx_word' id='word_1_684' title='bbox 2157 4155 2530 4223; x_wconf 80' lang='lat' dir='ltr'><strong>intlictorum,</strong></span> <span class='ocrx_word' id='word_1_685' title='bbox 2558 4156 2876 4226; x_wconf 79' lang='lat' dir='ltr'><strong>spectaculo</strong></span> <span class='ocrx_word' id='word_1_686' title='bbox 2904 4157 3162 4212; x_wconf 91' lang='lat' dir='ltr'><strong>crudeles</strong></span> <span class='ocrx_word' id='word_1_687' title='bbox 3195 4158 3388 4214; x_wconf 88' lang='lat' dir='ltr'><strong>oculos</strong></span> <span class='ocrx_word' id='word_1_688' title='bbox 3417 4175 3588 4230; x_wconf 82' lang='lat' dir='ltr'><strong>pave-</strong></span> 
     </span>
    </p>
   </div>
   <div class='ocr_carea' id='block_1_100' title="bbox 1956 4250 3588 4324">
    <p class='ocr_par' dir='ltr' id='par_1_100' title="bbox 1956 4250 3588 4324">
     <span class='ocr_line' id='line_1_100' title="bbox 1956 4250 3588 4324; baseline 0.002 -19"><span class='ocrx_word' id='word_1_689' title='bbox 1956 4256 2104 4305; x_wconf 89' lang='lat' dir='ltr'><strong>rant.</strong></span> <span class='ocrx_word' id='word_1_690' title='bbox 2137 4250 2280 4304; x_wconf 91' lang='lat' dir='ltr'><strong>Tum</strong></span> <span class='ocrx_word' id='word_1_691' title='bbox 2321 4253 2511 4305; x_wconf 89' lang='lat' dir='ltr'><strong>autem</strong></span> <span class='ocrx_word' id='word_1_692' title='bbox 2559 4250 2617 4304; x_wconf 89' lang='lat' dir='ltr'><strong>hi</strong></span> <span class='ocrx_word' id='word_1_693' title='bbox 2657 4250 2785 4322; x_wconf 90' lang='lat' dir='ltr'><strong>ipsi,</strong></span> <span class='ocrx_word' id='word_1_694' title='bbox 2821 4251 2897 4306; x_wconf 93' lang='lat' dir='ltr'><strong>uti</strong></span> <span class='ocrx_word' id='word_1_695' title='bbox 2946 4252 3026 4307; x_wconf 90' lang='lat' dir='ltr'><strong>ait</strong></span> <span class='ocrx_word' id='word_1_696' title='bbox 3069 4253 3375 4324; x_wconf 88' lang='lat' dir='ltr'><strong>propheta,</strong></span> <span class='ocrx_word' id='word_1_697' title='bbox 3416 4254 3588 4310; x_wconf 49' lang='lat' dir='ltr'><strong>mira-</strong></span> 
     </span>
    </p>
   </div>
   <div class='ocr_carea' id='block_1_101' title="bbox 1952 4343 3588 4420">
    <p class='ocr_par' dir='ltr' id='par_1_101' title="bbox 1952 4343 3588 4420">
     <span class='ocr_line' id='line_1_101' title="bbox 1952 4343 3588 4420; baseline 0.003 -21"><span class='ocrx_word' id='word_1_698' title='bbox 1952 4344 2167 4400; x_wconf 89' lang='lat' dir='ltr'><strong>buntur</strong></span> <span class='ocrx_word' id='word_1_699' title='bbox 2211 4344 2556 4415; x_wconf 88' lang='lat' dir='ltr'><strong>insperatam</strong></span> <span class='ocrx_word' id='word_1_700' title='bbox 2606 4343 2839 4400; x_wconf 91' lang='lat' dir='ltr'><strong>illorum</strong></span> <span class='ocrx_word' id='word_1_701' title='bbox 2876 4347 3138 4415; x_wconf 89' lang='lat' dir='ltr'><strong>salutem,</strong></span> <span class='ocrx_word' id='word_1_702' title='bbox 3177 4364 3387 4420; x_wconf 88' lang='lat' dir='ltr'><strong>eosque</strong></span> <span class='ocrx_word' id='word_1_703' title='bbox 3425 4363 3588 4404; x_wconf 83' lang='lat' dir='ltr'><strong>erro-</strong></span> 
     </span>
    </p>
   </div>
   <div class='ocr_carea' id='block_1_102' title="bbox 1956 4439 3101 4510">
    <p class='ocr_par' dir='ltr' id='par_1_102' title="bbox 1956 4439 3101 4510">
     <span class='ocr_line' id='line_1_102' title="bbox 1956 4439 3101 4510; baseline 0.001 -17"><span class='ocrx_word' id='word_1_704' title='bbox 1956 4456 2081 4494; x_wconf 90' lang='lat' dir='ltr'><strong>rum</strong></span> <span class='ocrx_word' id='word_1_705' title='bbox 2112 4439 2505 4510; x_wconf 88' lang='lat' dir='ltr'><strong>scelerumque</strong></span> <span class='ocrx_word' id='word_1_706' title='bbox 2537 4439 2758 4494; x_wconf 87' lang='lat' dir='ltr'><strong>tardius</strong></span> <span class='ocrx_word' id='word_1_707' title='bbox 2788 4441 3101 4510; x_wconf 68' lang='lat' dir='ltr'><strong>pmnitebit.</strong></span> 
     </span>
    </p>
   </div>
   <div class='ocr_carea' id='block_1_103' title="bbox 1872 4521 3587 4604">
    <p class='ocr_par' dir='ltr' id='par_1_103' title="bbox 1872 4521 3587 4604">
     <span class='ocr_line' id='line_1_103' title="bbox 1872 4521 3587 4604; baseline 0.002 -16"><span class='ocrx_word' id='word_1_708' title='bbox 1872 4521 1930 4594; x_wconf 90' lang='lat' dir='ltr'><strong>D</strong></span> <span class='ocrx_word' id='word_1_709' title='bbox 2024 4532 2331 4588; x_wconf 87' lang='lat' dir='ltr'><strong>Christiani</strong></span> <span class='ocrx_word' id='word_1_710' title='bbox 2382 4549 2568 4603; x_wconf 89' lang='lat' dir='ltr'><strong>porro,</strong></span> <span class='ocrx_word' id='word_1_711' title='bbox 2605 4533 2701 4604; x_wconf 89' lang='lat' dir='ltr'><strong>qui</strong></span> <span class='ocrx_word' id='word_1_712' title='bbox 2748 4534 2969 4588; x_wconf 89' lang='lat' dir='ltr'><strong>nullum</strong></span> <span class='ocrx_word' id='word_1_713' title='bbox 3019 4535 3223 4602; x_wconf 88' lang='lat' dir='ltr'><strong>odisse,</strong></span> <span class='ocrx_word' id='word_1_714' title='bbox 3268 4539 3326 4590; x_wconf 93' lang='lat' dir='ltr'><strong>et</strong></span> <span class='ocrx_word' id='word_1_715' title='bbox 3369 4536 3587 4592; x_wconf 89' lang='lat' dir='ltr'><strong>bonum</strong></span> 
     </span>
    </p>
   </div>
   <div class='ocr_carea' id='block_1_104' title="bbox 1955 4627 3587 4700">
    <p class='ocr_par' dir='ltr' id='par_1_104' title="bbox 1955 4627 3587 4700">
     <span class='ocr_line' id='line_1_104' title="bbox 1955 4627 3587 4700; baseline 0.003 -20"><span class='ocrx_word' id='word_1_716' title='bbox 1955 4644 2056 4698; x_wconf 88' lang='lat' dir='ltr'><strong>pro</strong></span> <span class='ocrx_word' id='word_1_717' title='bbox 2113 4627 2260 4681; x_wconf 89' lang='lat' dir='ltr'><strong>malo</strong></span> <span class='ocrx_word' id='word_1_718' title='bbox 2320 4627 2560 4682; x_wconf 90' lang='lat' dir='ltr'><strong>reddere</strong></span> <span class='ocrx_word' id='word_1_719' title='bbox 2615 4628 2956 4695; x_wconf 88' lang='lat' dir='ltr'><strong>didicerant,</strong></span> <span class='ocrx_word' id='word_1_720' title='bbox 3008 4629 3247 4683; x_wconf 90' lang='lat' dir='ltr'><strong>ethnicis</strong></span> <span class='ocrx_word' id='word_1_721' title='bbox 3300 4646 3403 4700; x_wconf 89' lang='lat' dir='ltr'><strong>pro</strong></span> <span class='ocrx_word' id='word_1_722' title='bbox 3457 4630 3587 4685; x_wconf 92' lang='lat' dir='ltr'><strong>odio</strong></span> 
     </span>
    </p>
   </div>
   <div class='ocr_carea' id='block_1_105' title="bbox 1955 4720 3586 4793">
    <p class='ocr_par' dir='ltr' id='par_1_105' title="bbox 1955 4720 3586 4793">
     <span class='ocr_line' id='line_1_105' title="bbox 1955 4720 3586 4793; baseline 0.002 -18"><span class='ocrx_word' id='word_1_723' title='bbox 1955 4720 2346 4793; x_wconf 89' lang='lat' dir='ltr'><strong>rependebant</strong></span> <span class='ocrx_word' id='word_1_724' title='bbox 2392 4721 2874 4786; x_wconf 88' lang='lat' dir='ltr'><strong>benevolentiam,</strong></span> <span class='ocrx_word' id='word_1_725' title='bbox 2922 4739 2986 4776; x_wconf 87' lang='lat' dir='ltr'><strong>ac</strong></span> <span class='ocrx_word' id='word_1_726' title='bbox 3035 4739 3135 4793; x_wconf 93' lang='lat' dir='ltr'><strong>pro</strong></span> <span class='ocrx_word' id='word_1_727' title='bbox 3181 4723 3477 4778; x_wconf 88' lang='lat' dir='ltr'><strong>tormentis</strong></span> <span class='ocrx_word' id='word_1_728' title='bbox 3519 4741 3586 4779; x_wconf 88' lang='lat' dir='ltr'><strong>ac</strong></span> 
     </span>
    </p>
   </div>
   <div class='ocr_carea' id='block_1_106' title="bbox 1955 4814 3588 4887">
    <p class='ocr_par' dir='ltr' id='par_1_106' title="bbox 1955 4814 3588 4887">
     <span class='ocr_line' id='line_1_106' title="bbox 1955 4814 3588 4887; baseline 0.002 -17"><span class='ocrx_word' id='word_1_729' title='bbox 1955 4814 2244 4887; x_wconf 89' lang='lat' dir='ltr'><strong>suppliciis</strong></span> <span class='ocrx_word' id='word_1_730' title='bbox 2286 4816 2683 4870; x_wconf 89' lang='lat' dir='ltr'><strong>monstrabant</strong></span> <span class='ocrx_word' id='word_1_731' title='bbox 2722 4816 2924 4870; x_wconf 90' lang='lat' dir='ltr'><strong>salutis</strong></span> <span class='ocrx_word' id='word_1_732' title='bbox 2965 4821 3189 4871; x_wconf 64' lang='lat' dir='ltr'><strong>interna:</strong></span> <span class='ocrx_word' id='word_1_733' title='bbox 3221 4817 3347 4872; x_wconf 90' lang='lat' dir='ltr'><strong>iter.</strong></span> <span class='ocrx_word' id='word_1_734' title='bbox 3377 4818 3588 4874; x_wconf 89' lang='lat' dir='ltr'><strong>Omnes</strong></span> 
     </span>
    </p>
   </div>
   <div class='ocr_carea' id='block_1_107' title="bbox 1955 4909 3585 4983">
    <p class='ocr_par' dir='ltr' id='par_1_107' title="bbox 1955 4909 3585 4983">
     <span class='ocr_line' id='line_1_107' title="bbox 1955 4909 3585 4983; baseline 0.001 -19"><span class='ocrx_word' id='word_1_735' title='bbox 1955 4916 2170 4975; x_wconf 86' lang='lat' dir='ltr'><strong>autem,</strong></span> <span class='ocrx_word' id='word_1_736' title='bbox 2216 4910 2489 4980; x_wconf 91' lang='lat' dir='ltr'><strong>quamdiu</strong></span> <span class='ocrx_word' id='word_1_737' title='bbox 2535 4909 2746 4980; x_wconf 92' lang='lat' dir='ltr'><strong>aliquid</strong></span> <span class='ocrx_word' id='word_1_738' title='bbox 2788 4909 2857 4965; x_wconf 92' lang='lat' dir='ltr'><strong>de</strong></span> <span class='ocrx_word' id='word_1_739' title='bbox 2900 4909 3006 4964; x_wconf 92' lang='lat' dir='ltr'><strong>hoc</strong></span> <span class='ocrx_word' id='word_1_740' title='bbox 3048 4912 3254 4966; x_wconf 70' lang='lat' dir='ltr'><strong>smculo</strong></span> <span class='ocrx_word' id='word_1_741' title='bbox 3303 4916 3585 4983; x_wconf 89' lang='lat' dir='ltr'><strong>superest,</strong></span> 
     </span>
    </p>
   </div>
   <div class='ocr_carea' id='block_1_108' title="bbox 1955 5004 3588 5077">
    <p class='ocr_par' dir='ltr' id='par_1_108' title="bbox 1955 5004 3588 5077">
     <span class='ocr_line' id='line_1_108' title="bbox 1955 5004 3588 5077; baseline 0.001 -18"><span class='ocrx_word' id='word_1_742' title='bbox 1955 5021 2082 5059; x_wconf 90' lang='lat' dir='ltr'><strong>eam</strong></span> <span class='ocrx_word' id='word_1_743' title='bbox 2125 5005 2395 5076; x_wconf 88' lang='lat' dir='ltr'><strong>consequi</strong></span> <span class='ocrx_word' id='word_1_744' title='bbox 2442 5007 2698 5075; x_wconf 89' lang='lat' dir='ltr'><strong>possunt,</strong></span> <span class='ocrx_word' id='word_1_745' title='bbox 2753 5004 2930 5059; x_wconf 92' lang='lat' dir='ltr'><strong>modo</strong></span> <span class='ocrx_word' id='word_1_746' title='bbox 2979 5010 3237 5077; x_wconf 89' lang='lat' dir='ltr'><strong>suscepta</strong></span> <span class='ocrx_word' id='word_1_747' title='bbox 3276 5023 3410 5060; x_wconf 87' lang='lat' dir='ltr'><strong>vera</strong></span> <span class='ocrx_word' id='word_1_748' title='bbox 3462 5007 3588 5062; x_wconf 87' lang='lat' dir='ltr'><strong>reli-</strong></span> 
     </span>
    </p>
   </div>
   <div class='ocr_carea' id='block_1_109' title="bbox 1955 5097 3589 5169">
    <p class='ocr_par' dir='ltr' id='par_1_109' title="bbox 1955 5097 3589 5169">
     <span class='ocr_line' id='line_1_109' title="bbox 1955 5097 3589 5169; baseline 0.002 -17"><span class='ocrx_word' id='word_1_749' title='bbox 1955 5099 2126 5169; x_wconf 90' lang='lat' dir='ltr'><strong>gione</strong></span> <span class='ocrx_word' id='word_1_750' title='bbox 2196 5099 2310 5152; x_wconf 89' lang='lat' dir='ltr'><strong>Deo</strong></span> <span class='ocrx_word' id='word_1_751' title='bbox 2371 5097 2747 5154; x_wconf 76' lang='lat' dir='ltr'><strong>satisfaciant.</strong></span> <span class='ocrx_word' id='word_1_752' title='bbox 2797 5100 3044 5154; x_wconf 85' lang='lat' dir='ltr'><strong>Manenli</strong></span> <span class='ocrx_word' id='word_1_753' title='bbox 3105 5099 3318 5154; x_wconf 89' lang='lat' dir='ltr'><strong>etenim</strong></span> <span class='ocrx_word' id='word_1_754' title='bbox 3371 5100 3431 5155; x_wconf 92' lang='lat' dir='ltr'><strong>in</strong></span> <span class='ocrx_word' id='word_1_755' title='bbox 3480 5100 3589 5156; x_wconf 91' lang='lat' dir='ltr'><strong>hoc</strong></span> 
     </span>
    </p>
   </div>
   <div class='ocr_carea' id='block_1_110' title="bbox 1955 5192 3584 5263">
    <p class='ocr_par' dir='ltr' id='par_1_110' title="bbox 1955 5192 3584 5263">
     <span class='ocr_line' id='line_1_110' title="bbox 1955 5192 3584 5263; baseline 0.002 -17"><span class='ocrx_word' id='word_1_756' title='bbox 1955 5192 2170 5246; x_wconf 91' lang='lat' dir='ltr'><strong>mundo</strong></span> <span class='ocrx_word' id='word_1_757' title='bbox 2200 5193 2354 5246; x_wconf 89' lang='lat' dir='ltr'><strong>nulla</strong></span> <span class='ocrx_word' id='word_1_758' title='bbox 2385 5193 2724 5263; x_wconf 71' lang='lat' dir='ltr'><strong>pcenitentia</strong></span> <span class='ocrx_word' id='word_1_759' title='bbox 2767 5211 2895 5248; x_wconf 86' lang='lat' dir='ltr'><strong>sera</strong></span> <span class='ocrx_word' id='word_1_760' title='bbox 2932 5198 3035 5262; x_wconf 85' lang='lat' dir='ltr'><strong>est,</strong></span> <span class='ocrx_word' id='word_1_761' title='bbox 3070 5194 3171 5248; x_wconf 92' lang='lat' dir='ltr'><strong>sed</strong></span> <span class='ocrx_word' id='word_1_762' title='bbox 3213 5194 3379 5250; x_wconf 89' lang='lat' dir='ltr'><strong>venia</strong></span> <span class='ocrx_word' id='word_1_763' title='bbox 3409 5195 3584 5250; x_wconf 84' lang='lat' dir='ltr'><strong>conﬁ-</strong></span> 
     </span>
    </p>
   </div>
   <div class='ocr_carea' id='block_1_111' title="bbox 1954 5285 3589 5359">
    <p class='ocr_par' dir='ltr' id='par_1_111' title="bbox 1954 5285 3589 5359">
     <span class='ocr_line' id='line_1_111' title="bbox 1954 5285 3589 5359; baseline 0.002 -18"><span class='ocrx_word' id='word_1_764' title='bbox 1954 5286 2093 5341; x_wconf 89' lang='lat' dir='ltr'><strong>tenti</strong></span> <span class='ocrx_word' id='word_1_765' title='bbox 2125 5285 2312 5353; x_wconf 89' lang='lat' dir='ltr'><strong>datur,</strong></span> <span class='ocrx_word' id='word_1_766' title='bbox 2347 5289 2405 5340; x_wconf 89' lang='lat' dir='ltr'><strong>et</strong></span> <span class='ocrx_word' id='word_1_767' title='bbox 2431 5286 2690 5340; x_wconf 90' lang='lat' dir='ltr'><strong>credenti</strong></span> <span class='ocrx_word' id='word_1_768' title='bbox 2719 5287 3099 5358; x_wconf 85' lang='lat' dir='ltr'><strong>indulgentia,</strong></span> <span class='ocrx_word' id='word_1_769' title='bbox 3132 5304 3305 5359; x_wconf 91' lang='lat' dir='ltr'><strong>quam</strong></span> <span class='ocrx_word' id='word_1_770' title='bbox 3335 5289 3589 5344; x_wconf 81' lang='lat' dir='ltr'><strong>Christus</strong></span> 
     </span>
    </p>
   </div>
   <div class='ocr_carea' id='block_1_112' title="bbox 1955 5379 3588 5453">
    <p class='ocr_par' dir='ltr' id='par_1_112' title="bbox 1955 5379 3588 5453">
     <span class='ocr_line' id='line_1_112' title="bbox 1955 5379 3588 5453; baseline 0.003 -21"><span class='ocrx_word' id='word_1_771' title='bbox 1955 5379 2254 5450; x_wconf 88' lang='lat' dir='ltr'><strong>sanguinis</strong></span> <span class='ocrx_word' id='word_1_772' title='bbox 2293 5379 2378 5433; x_wconf 90' lang='lat' dir='ltr'><strong>sui</strong></span> <span class='ocrx_word' id='word_1_773' title='bbox 2425 5380 2612 5451; x_wconf 86' lang='lat' dir='ltr'><strong>pretio</strong></span> <span class='ocrx_word' id='word_1_774' title='bbox 2656 5381 2928 5451; x_wconf 74' lang='lat' dir='ltr'><strong>impertit.</strong></span> <span class='ocrx_word' id='word_1_775' title='bbox 2965 5383 3320 5453; x_wconf 87' lang='lat' dir='ltr'><strong>Quapropter</strong></span> <span class='ocrx_word' id='word_1_776' title='bbox 3359 5389 3588 5444; x_wconf 87' lang='lat' dir='ltr'><strong>cunctos</strong></span> 
     </span>
    </p>
   </div>
   <div class='ocr_carea' id='block_1_113' title="bbox 1954 5474 3590 5545">
    <p class='ocr_par' dir='ltr' id='par_1_113' title="bbox 1954 5474 3590 5545">
     <span class='ocr_line' id='line_1_113' title="bbox 1954 5474 3590 5545; baseline 0.001 -16"><span class='ocrx_word' id='word_1_777' title='bbox 1954 5474 2275 5545; x_wconf 88' lang='lat' dir='ltr'><strong>Cyprianus</strong></span> <span class='ocrx_word' id='word_1_778' title='bbox 2325 5491 2521 5529; x_wconf 88' lang='lat' dir='ltr'><strong>rursus</strong></span> <span class='ocrx_word' id='word_1_779' title='bbox 2571 5475 2923 5543; x_wconf 85' lang='lat' dir='ltr'><strong>cohortatur,</strong></span> <span class='ocrx_word' id='word_1_780' title='bbox 2977 5482 3038 5530; x_wconf 91' lang='lat' dir='ltr'><strong>ut</strong></span> <span class='ocrx_word' id='word_1_781' title='bbox 3102 5476 3299 5544; x_wconf 92' lang='lat' dir='ltr'><strong>illum,</strong></span> <span class='ocrx_word' id='word_1_782' title='bbox 3357 5476 3402 5530; x_wconf 90' lang='lat' dir='ltr'><strong>si</strong></span> <span class='ocrx_word' id='word_1_783' title='bbox 3465 5476 3590 5532; x_wconf 84' lang='lat' dir='ltr'><strong>ﬁeri</strong></span> 
     </span>
    </p>
   </div>
   <div class='ocr_carea' id='block_1_114' title="bbox 1955 5567 3582 5642">
    <p class='ocr_par' dir='ltr' id='par_1_114' title="bbox 1955 5567 3582 5642">
     <span class='ocr_line' id='line_1_114' title="bbox 1955 5567 3582 5642; baseline 0.002 -19"><span class='ocrx_word' id='word_1_784' title='bbox 1955 5571 2160 5640; x_wconf 88' lang='lat' dir='ltr'><strong>potest,</strong></span> <span class='ocrx_word' id='word_1_785' title='bbox 2190 5567 2396 5623; x_wconf 89' lang='lat' dir='ltr'><strong>ducem</strong></span> <span class='ocrx_word' id='word_1_786' title='bbox 2434 5569 2511 5623; x_wconf 91' lang='lat' dir='ltr'><strong>ita</strong></span> <span class='ocrx_word' id='word_1_787' title='bbox 2543 5575 2870 5641; x_wconf 89' lang='lat' dir='ltr'><strong>sequantur,</strong></span> <span class='ocrx_word' id='word_1_788' title='bbox 2898 5575 2962 5625; x_wconf 92' lang='lat' dir='ltr'><strong>ut</strong></span> <span class='ocrx_word' id='word_1_789' title='bbox 2991 5573 3118 5642; x_wconf 92' lang='lat' dir='ltr'><strong>post</strong></span> <span class='ocrx_word' id='word_1_790' title='bbox 3147 5577 3389 5626; x_wconf 90' lang='lat' dir='ltr'><strong>mortem</strong></span> <span class='ocrx_word' id='word_1_791' title='bbox 3418 5575 3582 5626; x_wconf 66' lang='lat' dir='ltr'><strong>aster-</strong></span> 
     </span>
    </p>
   </div>
   <div class='ocr_carea' id='block_1_115' title="bbox 1953 5662 3273 5738">
    <p class='ocr_par' dir='ltr' id='par_1_115' title="bbox 1953 5662 3273 5738">
     <span class='ocr_line' id='line_1_115' title="bbox 1953 5662 3273 5738; baseline 0.002 -21"><span class='ocrx_word' id='word_1_792' title='bbox 1953 5679 2029 5717; x_wconf 89' lang='lat' dir='ltr'><strong>na</strong></span> <span class='ocrx_word' id='word_1_793' title='bbox 2059 5679 2188 5718; x_wconf 92' lang='lat' dir='ltr'><strong>eum</strong></span> <span class='ocrx_word' id='word_1_794' title='bbox 2218 5662 2313 5717; x_wconf 91' lang='lat' dir='ltr'><strong>illo</strong></span> <span class='ocrx_word' id='word_1_795' title='bbox 2343 5662 2608 5718; x_wconf 86' lang='lat' dir='ltr'><strong>fruantur</strong></span> <span class='ocrx_word' id='word_1_796' title='bbox 2634 5663 2903 5720; x_wconf 85' lang='lat' dir='ltr'><strong>felicitate</strong></span> <span class='ocrx_word' id='word_1_797' title='bbox 2933 5664 3082 5738; x_wconf 87' lang='lat' dir='ltr'><strong>(pag.</strong></span> <span class='ocrx_word' id='word_1_798' title='bbox 3125 5665 3273 5738; x_wconf 90' lang='grc'>196).</span> 
     </span>
    </p>
   </div>
  </div>
