4082 6194
513 282 652 339 1063

1123 420 1418 461 ARTICULUS
1461 421 1521 459 Ιῐ.

515 511 829 568 Ostenditur
901 510 1241 582 Cyprianum
1315 511 1663 579 Carthaginis
1736 512 2039 582 episcopum
2103 512 2154 562 et

585 597 877 660 martyrem
921 606 1032 646 esse
1075 607 1260 646 verum
1299 592 1457 659 hujus
1504 592 1632 646 libri
1673 596 1991 660 parentem;
2032 590 2154 658 quis

583 672 695 739 ille,
727 677 779 726 et
807 676 995 726 utrum
1015 674 1228 741 primus
1257 673 1319 725 in
1347 672 1548 739 Africa
1577 677 1792 741 martyr
1818 672 2010 737 fuerit.

581 779 661 833 De
687 778 860 848 hujus
899 778 1399 833 commentationis
1436 781 1666 832 auctore
1706 778 1863 831 nulla
1900 791 2154 847 unquam

513 870 641 941 fuit,
680 888 785 927 nec
816 871 942 942 jam
984 888 1106 926 esse
1151 874 1338 943 potest
1377 871 1631 942 quaestio.
1676 871 1891 926 Omnes
1936 869 2155 924 etenim

520 982 631 1020 uno
677 980 798 1032 ore,
841 964 998 1019 illam
1042 982 1077 1018 a
1119 964 1356 1019 Thascio
1400 965 1621 1018 Caecilio
1669 963 1975 1034 Cypriane,
2021 965 2155 1019 Car-

515 1057 844 1129 thaginensi
889 1058 1177 1129 episcopo,
1223 1057 1489 1128 scriptam
1542 1056 1714 1111 fuisse
1758 1072 1985 1127 semper
2029 1072 2158 1110 con-

514 1152 649 1207 fessi
678 1154 830 1220 sunt,
869 1156 927 1205 et
968 1151 1156 1205 adhuc
1200 1150 1469 1205 fatentur.
1514 1150 1662 1204 Nihil
1704 1150 1882 1220 igitur
1927 1165 2156 1204 necesse

516 1250 602 1299 est
663 1261 788 1300 rem
847 1248 1101 1311 certam,
1157 1244 1476 1299 confessam
1537 1247 1596 1297 et
1646 1243 1943 1310 omnibus,
2004 1243 2158 1297 nullo

517 1341 895 1411 repugnante,
935 1338 1251 1409 probatam,
1296 1338 1580 1391 variorum
1628 1337 1935 1408 cujuslibet
1979 1336 2160 1391 {etatis

519 1439 575 1488 et
622 1431 877 1487 codicum
935 1435 991 1487 et
1051 1435 1389 1493 auctorum,
1451 1431 1607 1486 omni
1662 1432 1771 1485 tide
1831 1431 2156 1501 majorum,

517 1526 859 1581 testimoniis
912 1526 1120 1580 iterum
1171 1525 1424 1597 probari.
1480 1527 1628 1579 Duos
1672 1531 1864 1579 tamen
1921 1524 2158 1579 omnino

519 1619 958 1691 prastermittere
1011 1635 1129 1674 non
1186 1635 1519 1690 possumus,
1578 1634 1683 1672 sua
1736 1618 2060 1673 eruditione
2105 1622 2163 1672 et

517 1712 855 1767 auctoritate
887 1714 1233 1784 praestantes
1258 1712 1425 1779 viros,
1454 1712 1810 1766 Lactantium
1857 1714 1916 1766 et
1957 1711 2157 1765 Hiero-

521 1822 784 1877 nymum,
824 1823 1073 1878 quorum
1104 1805 1325 1878 primus
1355 1807 1524 1873 hanc,
1559 1822 1733 1876 quam
1759 1804 1955 1876 procul
1982 1804 2155 1859 dubio
2178 1804 2233 1875 B

517 1900 754 1971 legerat,
788 1920 815 1949 ‹‹
846 1899 919 1954 ad
946 1899 1382 1954 Demetrianum
1412 1919 1440 1950 ι)
1473 1900 2023 1955 commentationem
2059 1914 2158 1952 no-

521 1993 782 2048 minatim
821 1994 958 2047 citat
993 1993 1266 2064 (Lactant.
1304 1993 1401 2047 lib.
1433 2010 1467 2046 v
1498 1995 1632 2048 Inst.
1671 2009 1795 2063 cap.
1830 1994 1884 2060 4,
1917 2008 1977 2063 p.
2007 1991 2158 2061 471),

526 2087 805 2142 secundus
834 2103 968 2141 vero
995 2087 1145 2141 illam
1180 2107 1208 2137 ‹‹
1236 2088 1502 2142 adversus
1529 2087 1958 2142 Demetriaan
1986 2106 2013 2136 »
2045 2085 2163 2139 edi-

520 2185 637 2237 tam
705 2179 873 2235 fuisse
936 2180 1271 2235 testiﬁcatur
1332 2180 1682 2251 (Hieronym.
1747 2179 1910 2250 epist.
1968 2180 2034 2233 83
2087 2179 2161 2233 ad

521 2277 708 2342 Magn.
752 2290 808 2346 p.
858 2277 989 2344 655;
1038 2277 1324 2329 Dissertat.
1369 2277 1430 2329 in
1474 2276 1723 2329 Lactant.
1772 2289 1895 2343 cap.
1946 2275 2002 2340 3,
2048 2275 2157 2326 art.

523 2372 597 2437 2).
627 2367 928 2438 Utriusque
961 2373 1155 2422 autem
1187 2367 1354 2421 verba
1386 2368 1446 2421 in
1478 2369 1648 2422 tertia
1686 2371 1880 2422 nostra
1912 2367 1983 2422 de
2028 2366 2158 2421 Lac-

526 2461 697 2516 tantii
763 2461 1045 2533 Operibus
1118 2461 1513 2516 dissertatione
1576 2462 1895 2517 retulimus.
1962 2461 2161 2515 Nonne

527 2554 699 2610 etiam
733 2555 826 2609 hic
855 2572 1000 2610 unus
1029 2571 1099 2610 ex
1126 2555 1236 2609 illis
1263 2554 1594 2610 tractatibus
1615 2560 1716 2623 est,
1740 2570 1911 2627 quem
1934 2554 2162 2625 Cypria-

526 2665 634 2703 nus
678 2649 945 2704 adversus
976 2648 1234 2704 ethnicos
1272 2654 1690 2719 composuerat,
1733 2665 1977 2721 quorum
2014 2650 2158 2702 Pon-

521 2742 632 2797 tius
682 2743 804 2813 ejus
849 2742 1122 2797 diaconus
1171 2743 1320 2797 hanc
1369 2743 1620 2815 quidem,
1678 2744 1774 2798 sed
1823 2743 2148 2815 generalem

523 2841 747 2891 tantum
789 2836 1148 2892 mentionem
1177 2836 1351 2891 fecit?
1382 2858 1408 2886 «
1439 2839 1546 2892 Per
1574 2853 1745 2908 quem
1771 2836 2158 2908 (Cyprianum)

526 2931 767 3002 gentiles
798 2930 1119 3000 blasphemi
1147 2931 1490 3001 repercussis
1527 2930 1617 2999 iis,
1648 2946 1776 3001 quae
1803 2930 1966 2985 nobis
1995 2930 2157 2999 inge-

525 3030 681 3093 runt,
723 3022 1093 3079 vincerentur
1123 3045 1150 3072 »
1201 3025 1384 3095 (Pent.
1434 3024 1491 3078 in
1535 3027 1651 3081 Vit.
1694 3024 1882 3094 Cypr.,
1922 3040 2051 3094 pag.
2082 3023 2157 3093 4).

527 3118 797 3183 Quamvis
852 3117 1006 3171 enim
1050 3117 1203 3171 hunc
1247 3121 1553 3173 tractatum
1602 3118 1836 3173 nomine
1884 3119 2161 3188 tituloque

531 3228 632 3267 suo
658 3228 775 3267 non
802 3211 1070 3282 appellet,
1104 3211 1194 3264 vix
1227 3227 1363 3265 sane
1401 3216 1629 3283 poterat
1660 3228 1814 3278 eum,
1860 3215 1920 3265 ut
1948 3229 2015 3265 ex
2040 3212 2160 3281 jam

525 3304 690 3360 dictis
719 3308 775 3360 et
806 3304 993 3359 adhuc
1031 3304 1287 3359 dicendis
1329 3304 1573 3375 patebit,
1611 3305 1946 3360 clarioribus
1977 3305 2163 3360 verbis

530 3398 804 3453 indicare.

598 3489 785 3563 9'77
819 3490 1041 3546 Nemini
1095 3507 1263 3560 porro
1294 3491 1660 3562 quantumvis
1700 3508 1902 3562 parum
1938 3491 2163 3546 erudito

524 3584 946 3655 incompertum
974 3600 1099 3637 esse
1130 3587 1401 3654 putamus
1426 3585 1553 3656 quis
1578 3583 1750 3639 fuerit
1777 3584 2164 3639 sanctissimus

525 3679 621 3733 ille
650 3679 753 3747 vir,
783 3677 880 3750 qui
914 3678 1219 3732 Ecclesiam
1256 3694 1375 3733 non
1416 3679 1600 3733 solum
1625 3678 1757 3733 vitae
1791 3679 2163 3733 sanctimonia

524 3771 583 3824 et
609 3766 787 3823 etl'uso
827 3768 1129 3837 sanguine,
1171 3767 1273 3822 sed
1320 3768 1435 3822 suis
1483 3769 1651 3823 etiam
1687 3768 1911 3839 scriptis
1949 3769 2159 3823 mirum

523 3863 691 3936 plane
726 3862 789 3916 in
820 3862 1056 3917 modum
1088 3862 1410 3918 illustravit.
1444 3865 1492 3916 ts
1524 3866 1718 3917 autem
1749 3862 1973 3932 origine
2007 3864 2159 3929 Afer,

526 3963 583 4011 et
623 3941 995 4026 Carthagine,
1031 3956 1109 4010 uti
1148 3955 1508 4011 verisimilius
1552 3955 1796 4025 videtur,
1838 3959 2022 4022 natus,
2059 3955 2162 4009 im-

523 4049 647 4121 pias
675 4049 1036 4103 ethnicorum
1078 4049 1517 4120 superstitiones
1552 4065 1682 4103 cum
1725 4049 1867 4104 lacte
1905 4052 2154 4104 suxerat.

525 4145 632 4197 Eas
698 4158 833 4197 vero
892 4141 1079 4203 adhuc
1140 4142 1514 4213 sequebatur,
1576 4143 1807 4213 quando
1871 4162 1900 4191 «
1964 4143 2159 4197 rheto-

526 4235 748 4305 ricam,
812 4235 956 4290 sicut
1021 4235 1101 4290 ait
1166 4237 1548 4307 Hieronymus
1616 4237 1883 4307 (Catalog.
1946 4239 2153 4306 Script.

531 4330 749 4391 Eccles.,
799 4329 831 4401 §
886 4330 974 4397 67,
1029 4345 1160 4400 pag.
1211 4330 1360 4399 119),
1407 4330 1650 4400 gloriose
1699 4330 1909 4386 docuit.
1960 4353 1989 4383 »
2048 4330 2161 4386 Sed

524 4426 719 4496 postea
780 4422 1169 4480 Christianam
1226 4424 1570 4496 religionem
1628 4425 1983 4495 amplexatus
2044 4432 2157 4493 est,

525 4517 804 4573 suadente
845 4515 1177 4589 presbytero
1218 4517 1459 4588 Ctecilio,
1488 4518 1649 4588 cujus
1683 4518 1893 4573 idcirco
1943 4518 2237 4617 accepitD

524 4613 1001 4682 cognomentum.
1032 4610 1136 4666 Ubi
1167 4611 1420 4683 primum
1461 4616 1655 4666 autem
1695 4612 1848 4665 illam
1889 4612 2156 4683 suscepit,

522 4710 685 4760 tanto
716 4704 1081 4776 perfectionis
1113 4705 1237 4776 ejus
1264 4705 1637 4777 assequendae
1668 4704 1949 4761 desiderio
1970 4706 2161 4761 incen-

523 4815 616 4853 sus
642 4798 771 4866 fuit,
800 4802 861 4853 ut
890 4799 1078 4854 adhuc
1110 4799 1560 4854 catechumenus
1591 4799 1905 4855 decreverit
1933 4816 2157 4855 servare

523 4892 959 4959 continentiam,
990 4898 1049 4947 et
1073 4892 1420 4964 pauperibus
1440 4892 1638 4948 omnia
1664 4893 1986 4964 erogaverit
2009 4894 2160 4949 bona

522 5003 644 5055 sua,
674 4986 881 5058 quibus
922 4988 1148 5053 exutus,
1178 5003 1490 5058 pauperem
1528 4987 1818 5042 Christum
1862 4988 2160 5043 abundan-

520 5081 632 5134 tius
678 5080 1029 5136 imitaretur.
1076 5082 1189 5136 Nec
1235 5080 1418 5137 multo
1466 5084 1596 5152 post
1639 5087 1880 5153 propter
1926 5082 2159 5139 eximias

524 5189 653 5227 suas
695 5174 932 5229 virtutes
981 5175 1163 5230 factus
1205 5181 1293 5230 est
1328 5175 1651 5247 presbyter,
1688 5192 1752 5231 ac
1796 5176 2003 5232 deinde
2044 5177 2160 5248 epi-

523 5282 728 5337 scopus
782 5269 1285 5339 Carthaginensis,
1344 5270 1600 5341 quamvis
1656 5274 1967 5341 utrumque
2019 5271 2158 5326 illud

524 5376 688 5423 onus,
724 5362 912 5431 quoad
950 5362 1079 5433 ejus
1122 5363 1244 5418 ﬁeri
1287 5364 1496 5434 potuit,
1528 5362 1600 5417 ab
1640 5379 1697 5417 se
1728 5365 2156 5435 deprecaretur.

523 5454 748 5519 Quanta
789 5470 921 5509 vero
960 5455 1193 5527 pietate,
1234 5456 1570 5528 prudentia,
1614 5456 1914 5527 charitate,
1947 5458 2157 5514 sancti-

520 5548 736 5618 monia,
784 5548 1024 5621 aliisque
1073 5550 1486 5622 episcopalibus
1523 5549 1831 5607 virtutibus
1873 5552 2157 5621 ﬂoruerit,

521 5659 692 5699 nemo
734 5649 888 5699 certe
940 5643 1219 5715 ignorare
1266 5649 1473 5715 potest,
1523 5644 1634 5699 nisi
1672 5644 1734 5700 in
1783 5646 2161 5702 ecclesiastica

520 5737 755 5794 historia
796 5738 1031 5794 omnino
1080 5739 1441 5811 peregrinus.
1474 5738 1622 5804 Quin
1654 5740 1830 5795 etiam
1867 5741 2160 5797 mirandas

522 5832 692 5889 hasce
737 5833 861 5907 ejus
909 5832 1145 5890 virtutes
1192 5833 1414 5907 spirant
1462 5853 1491 5887 ‹‹
1524 5834 1649 5890 luce
1695 5832 1954 5906 clariora,
1996 5856 2025 5888 »
2078 5835 2159 5893 uti

1474 274 1560 334 ne
1597 234 1816 336 me‘s
1854 276 1943 335 an
1982 269 2274 333 cauare.
2316 268 2400 328 ET
2435 269 2611 327 mon
2650 264 2869 326 VANIT.

2165 398 2504 494 Aloquitur
2534 391 3127 494 Hieronymus‘ﬁdem
3165 389 3350 494 ibim),
3382 410 3409 439 «
3448 389 3800 494 ejustera.
3816 404 3845 441 ι

3718 265 3841 322 1004

2253 494 2392 547 Tam
2424 492 2631 546 sanctas
2675 504 2849 560 porro
2885 486 3018 541 vitae
3062 484 3406 540 curriculum
3444 482 3674 538 absolvit
3699 482 3853 537 invic-

2255 586 2473 641 tissima
2519 583 2727 642 Christi
2766 580 3140 646 confessione,
3187 584 3422 649 propter
3472 593 3640 649 quam
3687 577 3851 648 capite

2254 681 2474 752 plexus,
2506 676 2719 733 meruit
2741 675 3018 747 martyrio
3045 674 3326 729 coronari.

2325 775 2399 827 At
2441 788 2508 828 eo
2552 775 2703 827 certe
2747 769 2939 841 major
2972 769 3079 823 fuit
3122 768 3246 838 ejus
3285 765 3626 836 triumphus,
3657 784 3686 814 «
3721 764 3855 835 quod

2256 867 2432 940 prior,
2474 865 2662 938 inquit
2695 864 2953 929 Pontius,
2987 864 3045 917 in
3093 859 3406 932 provincia,
3436 880 3466 908 »
3504 857 3700 912 Africa
3731 874 3857 912 mar-

2258 960 2388 1033 tyrii
2450 980 2479 1010 «
2530 957 2815 1031 primitias
2873 954 3189 1021 dedicavit;
3250 976 3279 1004 ››
3333 958 3391 1007 et
3452 950 3617 1023 paulo
3672 957 3789 1022 post
3844 968 3855 1006 :

2261 1073 2288 1106 α
2328 1053 2710 1109 Sacerdotales
2763 1066 3003 1106 coronas
3056 1049 3118 1103 in
3167 1047 3357 1103 Africa
3419 1044 3636 1117 primus
3685 1043 3861 1098 imbuit

2260 1149 2446 1219 (Pont.
2474 1147 2533 1200 in
2562 1149 2675 1203 Vit.
2705 1146 2763 1201 S.
2795 1145 2960 1215 Cypr.
2996 1159 3126 1214 pag.
3164 1141 3273 1211 t0).
3312 1161 3340 1190 »
3371 1139 3483 1196 Sed
3511 1137 3644 1193 huic
3664 1138 3859 1208 opinio-

2259 1240 2318 1296 ni
2365 1240 2656 1296 adversari
2695 1238 2922 1294 videtur
2954 1237 3197 1308 ipsemet
3229 1233 3567 1307 Cyprianus,
3598 1231 3691 1303 qui
3726 1232 3862 1301 Papi-

2258 1334 2454 1401 niano,
2485 1350 2558 1388 ne
2588 1349 2780 1388 secum
2820 1330 3290 1396 communicaret,
3331 1325 3664 1397 scrupulum
3691 1342 3861 1397 quem-

2261 1428 2436 1497 dam,
2494 1428 2591 1482 sed
2646 1425 2904 1481 ridiculis
2963 1425 3242 1479 duntaxat
3299 1419 3605 1482 calumniis
3652 1418 3861 1484 nixum,

2259 1527 2573 1597 opponenti
2613 1527 2692 1580 sic
2737 1525 3045 1596 respondet
3082 1539 3095 1576 :
3140 1542 3167 1573 α
3205 1521 3394 1585 Quare
3438 1518 3501 1573 in
3547 1517 3696 1572 hunc
3737 1532 3867 1569 scm-

2259 1620 2460 1691 pulum
2504 1636 2619 1674 non
2669 1618 2995 1672 inciderunt
3030 1621 3114 1671 tot
3156 1612 3478 1685 coepiscopi
3517 1610 3740 1681 collega:
3771 1609 3866 1663 mei

2262 1715 2364 1787 qui
2404 1714 2492 1769 vel
2524 1729 2654 1768 cum
2697 1712 2769 1767 de
2813 1710 3007 1766 medio
3050 1708 3384 1764 recederent
3412 1704 3713 1778 proscripti
3737 1707 3866 1767 sunt,

2257 1810 2346 1864 vel
2395 1805 2739 1879 apprehensi
2780 1805 2839 1859 in
2883 1820 3114 1859 carcere
3169 1805 3227 1857 et
3274 1801 3335 1855 in
3382 1798 3607 1855 catenis
3648 1798 3865 1861 fuerunt,

2257 1908 2355 1957 aut
2399 1902 2498 1972 qui
2550 1902 2609 1955 in
2663 1899 2925 1955 exsilium
2979 1896 3253 1968 relegati,
3305 1894 3519 1949 illustri
3569 1890 3764 1945 itinere
3809 1888 3869 1943 ad

2260 1995 2570 2050 Dominum
2624 1993 2866 2065 profecti
2919 1997 3073 2057 sunt,
3132 1992 3231 2044 aut
3281 1988 3385 2060 qui
3437 1987 3500 2042 in
3554 1984 3863 2058 quibusdam

2259 2089 2400 2144 locis
2462 2087 2884 2156 animadversi,
2937 2086 3194 2141 cmlestes
3246 2097 3493 2138 coronas
3548 2080 3619 2135 de
3673 2075 3870 2133 Domini

2260 2182 2665 2237 clarificatione
2708 2185 3076 2252 sumpserunt
3118 2176 3414 2250 (Cyprian.
3477 2175 3645 2246 epist.
3694 2175 3773 2235 66,
3811 2170 3867 2224 ad

2260 2279 2460 2347 Papia.
2507 2292 2642 2347 pag.
2680 2278 2779 2330 t99
2815 2272 3048 2346 seqq)?
3079 2294 3106 2322 η
3145 2272 3343 2326 Plures
3384 2273 3585 2324 autem
3618 2266 3694 2321 ibi
3730 2281 3866 2320 com-

2264 2375 2543 2425 memorat
2588 2369 2903 2440 episcopos,
2957 2367 3205 2438 collegas
3256 2380 3413 2432 suos,
3466 2362 3567 2434 qui
3612 2361 3668 2415 in
3712 2359 3869 2414 Africa

2262 2460 2455 2531 procul
2505 2459 2680 2514 dubio
2737 2457 3011 2529 martyrio
3063 2456 3241 2511 vitam
3297 2454 3594 2509 ﬁnierant.
3644 2453 3751 2508 Cur
3790 2465 3869 2504 eos

2263 2570 2513 2625 namque
2558 2553 2801 2623 collegas
2831 2568 2962 2606 suos
2994 2553 3173 2618 vocat,
3204 2548 3317 2604 nisi
3355 2546 3496 2619 quia
3525 2544 3868 2617 episcopalem

2262 2648 2319 2702 in
2370 2665 2475 2702 sua
2526 2646 2818 2719 provincia
2864 2661 3063 2700 revera
3107 2643 3481 2699 obtinuerant
3515 2637 3869 2711 dignitatem?

2260 2741 2535 2805 Quocirca
2568 2740 2874 2812 peritiores
2904 2739 3138 2811 quidam
3171 2736 3353 2793 critici
3384 2740 3450 2791 ut
3489 2735 3654 2789 illum
3678 2732 3867 2800 Pontio,

2261 2852 2324 2889 ac
2372 2835 2652 2906 discipulo
2698 2834 3036 2905 magistrum
3076 2830 3471 2897 reconcilient,
3520 2829 3693 2884 citata
3724 2825 3868 2895 hujus

2262 2929 2449 2986 Pontii
2476 2945 2593 2984 non
2630 2928 2701 2983 de
2746 2931 2880 2993 toto,
2926 2927 3027 2982 sed
3056 2925 3264 2981 minori
3289 2923 3487 2979 Africa
3524 2918 3869 2990 intelligenda

2264 3040 2385 3078 esse
2416 3022 2783 3077 arbitrantur.
2815 3021 2961 3085 Quid
2989 3037 3144 3088 vero,
3179 3019 3225 3073 si
3272 3018 3541 3073 dicamus
3582 3016 3735 3070 illum
3776 3028 3867 3067 non

2262 3117 2497 3172 omnino
2525 3118 2792 3170 accurate
2821 3114 3001 3186 loqui,
3035 3132 3100 3169 ac
3133 3112 3393 3185 generali
3435 3111 3641 3167 Africae
3666 3109 3867 3163 nomine

2264 3211 2407 3265 nihil
2465 3209 2618 3264 aliud
2670 3208 2997 3279 designare,
3046 3223 3221 3279 quam
3258 3206 3437 3261 totius
3483 3204 3685 3261 Africae
3726 3202 3867 3273 caput

2262 3304 2714 3374 Carthaginem?
2774 3303 2916 3356 Nam
2975 3299 3323 3373 paucissima
3390 3302 3524 3370 post
3586 3297 3751 3352 verba
3804 3294 3866 3348 sic

2262 3398 2626 3471 prosequitur
2656 3413 2669 3451 :
2701 3416 2730 3446 «
2756 3398 2834 3450 Ex
2879 3412 2995 3467 quo
3033 3395 3189 3450 enim
3226 3391 3566 3465 Carthagini
3606 3391 3864 3462 episcopa-

2262 3495 2352 3546 tus
2380 3491 2518 3546 ordo
2562 3494 2919 3556 numeratur,
2952 3504 3251 3559 nunquam
3280 3487 3493 3559 aliquis
3542 3503 3611 3541 ex
3650 3484 3800 3540 bonis
3823 3485 3866 3536 et

2262 3585 2335 3639 ad
2365 3585 2691 3655 passionem
2718 3585 2939 3638 venisse
2965 3586 3435 3637 memorantur...
3471 3584 3540 3635 ut
3575 3580 3639 3634 in
3674 3576 3865 3633 civitate

2261 3678 2402 3750 ipsa,
2435 3678 2494 3732 in
2538 3675 2731 3750 978
2781 3693 2891 3748 qua
2933 3676 3120 3731 taliter
3158 3675 3252 3729 ille
3298 3674 3541 3741 vixerat,
3585 3676 3643 3728 et
3681 3673 3734 3726 in
3776 3685 3866 3741 qua

2260 3773 2421 3845 prior
2445 3772 2665 3827 fecerat
2695 3772 2872 3826 multa
2898 3770 3186 3841 prmclara,
3208 3769 3372 3840 prior
3395 3769 3576 3823 etiam
3606 3760 3866 3821 sacerdotii

2261 3865 2498 3921 caelestis
2521 3863 2770 3936 insignia
2798 3863 3045 3934 glorioso
3071 3878 3276 3917 cruore
3303 3862 3608 3916 decorarat
3627 3858 3864 3929 (Pontius,

2261 3977 2389 4031 pag.
2450 3959 2561 4030 10).
2617 3980 2646 4010 ››
2700 3957 2911 4013 Sensus
2958 3956 3155 4027 itaque
3220 3955 3408 4010 Pontii
3476 3970 3600 4009 esse
3651 3952 3860 4015 videtur,

2262 4053 2610 4125 Cyprianum
2660 4051 2832 4107 fuisse
2884 4050 3136 4122 primum
3187 4048 3559 4119 Carthaginis
3606 4049 3665 4101 in
3708 4044 3863 4101 Africa

2261 4147 2612 4218 episcopum,
2656 4146 2754 4217 qui
2796 4144 3078 4217 sanguine
3125 4143 3303 4197 eﬁ‘uso
3349 4140 3613 4214 martyrii
3650 4140 3863 4212 palmam

2258 4241 2499 4312 adeptus
2524 4245 2627 4294 est.
2656 4239 2896 4304 Quidam
2932 4253 3105 4309 porro
3146 4239 3356 4309 putant
3383 4234 3477 4291 his
3505 4234 3688 4289 verbis
3714 4234 3862 4288 solam

2259 4333 2447 4389 notari
2488 4334 2795 4390 excitatam
2834 4350 2866 4387 a
2910 4332 3204 4387 Valeriano
3253 4335 3308 4385 et
3346 4330 3588 4385 Galieno
3630 4341 3861 4401 persecu-

2259 4428 2498 4497 tionem,
2527 4444 2592 4483 ac
2634 4426 2978 4498 Cyprianum
3026 4424 3280 4497 primum
3322 4423 3589 4478 omnium
3626 4425 3683 4478 in
3710 4419 3862 4478 Africa

2260 4522 2454 4592 fuisse,
2523 4521 2623 4594 qui
2675 4520 2778 4575 sub
2822 4520 2911 4574 his
2964 4518 3341 4591 principibus,
3394 4522 3459 4572 ut
3509 4518 3591 4572 ait
3634 4516 3862 4583 Hieron)“

2260 4633 2417 4684 mus,
2475 4636 2502 4665 ‹‹
2554 4631 2754 4687 passus
2808 4616 2894 4669 est
2954 4612 3332 4685 (Hieronym.,
3380 4611 3637 4682 Catalog.
3695 4611 3858 4677 Script.

2256 4711 2483 4777 Eccles.,
2530 4708 2560 4782 §
2611 4713 2699 4777 67,
2750 4725 2885 4780 pag.
2940 4706 3082 4780 119).
3131 4728 3158 4757 ››
3214 4707 3408 4778 Neque
3460 4704 3593 4760 huic
3641 4697 3861 4776 opinioni

2259 4804 2504 4858 multum
2533 4802 3008 4875 repugnabimus,
3041 4801 3086 4856 si
3112 4803 3202 4855 sat
3236 4799 3434 4854 validis
3462 4800 3745 4854 rationum
3770 4810 3860 4849 mo-

2259 4897 2465 4953 mentis
2498 4896 2840 4952 stabiliatur.

2862 5008 3165 5051 ARTICULUS
3202 5009 3285 5048 Ill.

2258 5096 2333 5149 De
2361 5094 2521 5163 hujus
2545 5096 2674 5150 libri
2703 5094 2886 5155 titulo,
2914 5097 2965 5147 et
2992 5097 3177 5147 utrum
3197 5095 3383 5146 contra
3405 5091 3582 5146 solum
3604 5084 3861 5143 Demetria-

2822 5189 2951 5227 num
2979 5174 3214 5242 scriptus
3240 5173 3329 5227 sit.

2330 5272 2500 5329 Liber
2536 5270 2627 5326 hic
2665 5291 2693 5320 ‹‹
2734 5271 2805 5325 ad
2853 5270 3304 5335 Demetrianum,
3352 5290 3379 5317 »
3411 5266 3494 5322 uti
3539 5265 3616 5320 ait
3656 5263 3858 5319 Lactan-

2262 5367 2394 5436 tius,
2424 5366 2512 5420 vel
2546 5386 2574 5415 ‹‹
2602 5366 2877 5420 adversus
2902 5363 3353 5425 Demetrianum,
3387 5380 3416 5413 η
3448 5360 3592 5415 sicut
3630 5358 3857 5422 Hierony-

2260 5477 2387 5515 mus
2433 5459 2599 5528 dixit,
2641 5460 2883 5531 scriptus
2936 5461 3023 5513 est
3062 5456 3192 5530 (Cit.
3234 5471 3414 5526 super.
3462 5454 3603 5523 Ioc.).
3641 5451 3855 5516 Utraque

2260 5556 2415 5611 enim
2444 5553 2735 5625 inscriptio
2762 5553 2824 5608 in
2849 5551 3057 5607 nostris
3082 5550 3315 5606 ineditis
3339 5546 3626 5604 codicibus
3649 5538 3851 5614 prmﬁxa

2259 5648 2507 5720 legitur;
2539 5664 2604 5703 ac
2644 5648 2898 5719 primum
2926 5646 3161 5718 quidem
3188 5644 3249 5700 in
3281 5639 3666 5714 antiquissimo
3687 5631 3848 5689 codice

2258 5741 2587 5800 Colbertino
2618 5758 2633 5797 :
2668 5760 2698 5795 α
2725 5740 2933 5812 Incipit
2959 5739 3218 5813 ejusdem
3242 5733 3551 5812 (Cypriani)
3580 5732 3649 5788 ad
3672 5731 3846 5824 Dente:

2258 5835 2550 5906 trianum;
2597 5856 2626 5890 »
2665 5835 2727 5893 in
2787 5833 3085 5893 Tarniensi
3137 5849 3152 5891 :
3187 5850 3218 5887 ct
3253 5829 3454 5904 Incipit
3493 5825 3634 5884 liber
3671 5813 3843 5880 Caecilii
