4082 6194
235 320 368 379 1065

230 543 451 594 certum
472 542 557 595 est
576 541 723 595 hanc
752 541 1210 597 lucubrationem
1241 558 1353 597 non
1384 542 1681 612 epistolam
1710 558 1855 610 esse,

226 633 329 687 sed
364 635 680 696 tractatum,
715 650 884 705 quem
917 635 1228 705 Cyprianus
1268 635 1550 708 publicam
1583 636 1639 690 in
1669 636 1856 690 lucem

228 726 489 781 emittere
540 731 765 781 coactus
809 733 893 782 est
937 727 1201 783 adversus
1262 729 1713 799 Demetrianum,
1759 728 1857 799 qui

225 820 478 875 nefarios
496 821 800 891 gentilium
822 838 1041 877 errores
1069 822 1203 877 totis
1230 822 1444 893 ingenii
1465 822 1678 878 viribus
1708 822 1857 876 tueri

226 914 556 969 conabatur.

299 1007 565 1071 Quamvis
632 1009 825 1062 autem
891 1008 1059 1078 hujus
1126 1007 1254 1062 libri
1320 1007 1611 1078 inscriptio
1674 1008 1859 1063 solum

227 1100 577 1155 Demetriani
632 1116 843 1155 nomen
888 1101 1197 1172 prazferat,
1241 1104 1461 1156 constat
1512 1106 1703 1156 tamen
1742 1117 1859 1156 non

225 1194 389 1248 illum
434 1194 855 1260 tantummodo,
903 1195 1006 1248 sed
1048 1211 1248 1249 omnes
1290 1195 1467 1249 etiam
1502 1194 1758 1249 ethnicos
1800 1194 1859 1249 in

226 1304 292 1342 eo
319 1288 623 1342 confutari.
660 1288 1154 1351 Quemadmodum
1198 1288 1351 1343 enim
1388 1289 1549 1342 illum
1592 1288 1857 1342 nomina-

227 1382 353 1451 tim,
382 1382 457 1436 ita
485 1398 616 1436 sane
644 1381 748 1435 hos
774 1382 1096 1452 compellat.
1126 1384 1185 1436 lu
1225 1388 1345 1437 tota
1379 1382 1659 1453 siquidem
1690 1382 1860 1452 hujus

225 1474 609 1542 conclusione,
646 1492 773 1546 quae
817 1478 968 1530 certe
1008 1493 1123 1530 non
1162 1476 1397 1531 minima
1438 1479 1542 1544 est,
1577 1475 1860 1546 quoslibet

228 1569 471 1639 gentiles
508 1569 836 1640 alloquitur,
885 1570 1256 1640 hortaturque
1301 1574 1359 1623 ut
1395 1568 1750 1640 resipiscant,
1797 1584 1863 1622 ac

226 1662 440 1733 rejecto
488 1662 704 1717 nefario
750 1663 990 1717 deorum
1036 1663 1211 1731 cultu,
1254 1662 1698 1719 Christianorum
1746 1678 1863 1717 am-

224 1756 552 1828 plectantur
589 1756 954 1827 religionem.
986 1756 1130 1821 Quid
1170 1772 1322 1823 vero,
1351 1756 1500 1828 quod
1542 1756 1715 1827 ipsius
1754 1756 1859 1809 De-

1256 319 1317 380 D.
1360 322 1628 381 NICOLAI
1666 326 1749 381 LE
1789 312 2063 382 NOURRY
2101 322 2560 382 DISSERTATIO.

227 448 301 501 At
346 462 706 519 quocumque
756 447 927 502 modo
977 447 1218 519 scriptus
1268 447 1441 503 fuerit
1491 449 1582 503 hic
1642 448 1857 515 titulus,
1882 462 1940 533 Α

3450 334 3588 391 1066

2572 464 2862 505 ARTICULUS
2904 466 2975 504 IV.
3016 482 3021 491 ι

1960 543 2090 610 Quis
2122 547 2295 611 fuerit
2330 548 2719 609 Demetrianus,
2748 548 2824 601 ad
2857 564 3010 616 quem
3051 549 3135 602 hic
3179 549 3313 604 liber
3353 551 3589 609 directus

2052 625 2183 690 fuit,
2212 640 2285 679 an
2310 626 2607 693 proconsul
2631 631 2729 680 aut
2758 628 3037 692 inferioris
3063 628 3270 684 ordinis
3292 630 3489 698 judeat.

2029 729 2161 793 Quis
2190 730 2363 785 fuerit
2397 730 2798 786 Demetrianus
2823 748 2937 787 non
2974 738 3159 804 potest
3199 736 3429 791 aliunde
3466 753 3585 793 me-

1958 821 2090 890 lius,
2152 838 2321 894 quam
2375 840 2443 878 ex
2500 824 2608 878 hoc
2659 824 2803 895 ipso,
2858 824 2927 879 de
2982 843 3093 897 quo
3146 828 3389 899 agimus,
3445 830 3589 885 libro

1960 917 2248 986 cognosci.
2305 920 2377 971 At
2424 918 2557 972 inde
2617 917 3037 973 evidentissima
3090 920 3375 990 colligitur
3428 922 3590 977 illum

1967 1010 2237 1080 gentilem
2261 1011 2435 1066 fuisse
2471 1011 2568 1083 qui
2597 1012 2963 1083 Cyprianum,
3007 1016 3132 1067 tum
3178 1013 3591 1087 Carthaginen-

1960 1118 2079 1157 sem
2131 1104 2489 1175 episcopum,
2548 1121 2698 1175 saepe
2766 1105 2974 1176 saepius
3038 1113 3400 1162 convenerat.
3470 1108 3591 1163 Non

1960 1201 2078 1251 tam
2108 1197 2288 1251 facilis
2324 1202 2519 1252 autem
2548 1198 2678 1252 huic
2711 1199 3073 1253 Demetriano
3098 1198 3158 1252 in
3185 1199 3335 1253 illius
3363 1200 3600 1255 domum

1963 1290 2146 1344 aditus
2172 1291 2470 1361 patuisset,
2496 1291 2604 1345 nisi
2635 1291 2825 1362 aliqua
2856 1292 3095 1363 antiqua
3130 1309 3261 1346 cum
3288 1293 3592 1363 Cypriane,

1960 1383 2146 1437 adhuc
2196 1384 2439 1439 fortasse
2481 1385 2731 1450 ethnico,
2784 1385 3169 1440 familiaritate
3224 1385 3422 1442 fuisset
3472 1404 3599 1442 con-

1956 1476 2209 1548 junctus.
2246 1479 2447 1532 Verum
2476 1485 2686 1549 quanta
2708 1478 2798 1532 hic
2827 1478 3033 1548 pietate
3062 1495 3235 1533 suum
3262 1479 3601 1535 Christianae

1962 1569 2220 1640 religioni
2250 1587 2456 1625 nomen
2488 1571 2665 1638 dedit,
2697 1574 2857 1624 tanta
2887 1572 2981 1625 ille
3018 1571 3310 1643 impietate
3356 1589 3420 1626 ac
3460 1590 3593 1644 per-

1961 1662 2191 1731 tinacia,
2220 1664 2438 1718 nefasto
2480 1664 2755 1719 falsorum
2793 1664 3033 1719 deorum
3076 1665 3257 1719 cultui
3299 1667 3597 1736 mancipa-

1964 1760 2056 1810 tus
2112 1761 2255 1811 erat.
2310 1757 2394 1810 Ad
2449 1757 2796 1828 Cyprianum
2850 1758 3137 1812 enimvero
3198 1758 3403 1829 saepius
3470 1756 3595 1829 qui-

225 1849 492 1905 metriani
520 1850 750 1906 nomine
778 1867 895 1906 non
926 1849 1114 1905 minus
1151 1866 1351 1904 omnes
1382 1850 1654 1915 ethnicos,
1689 1856 1939 1927 quamB
1966 1849 2126 1918 dem,
2190 1851 2285 1905 sed
2341 1866 2640 1921 nunquam
2689 1850 3096 1921 investigandm
3154 1851 3405 1905 veritatis
3426 1893 3440 1919 ,
3499 1855 3600 1905 aut

226 1942 391 1997 illum
425 1943 720 2015 increpare
750 1944 906 1998 hisce
938 1943 1121 1998 verbis
1150 1942 1378 1997 videtur
1408 1959 1420 1997 :
1458 1963 1485 1993 «
1515 1944 1626 1996 Aut
1655 1958 1857 2013 super-

222 2036 319 2091 bia
377 2036 607 2091 inﬂatus
660 2054 750 2106 es,
804 2042 902 2091 aut
958 2036 1267 2091 vinolentia
1322 2036 1700 2099 temulentus,
1761 2039 1861 2089 aut

222 2130 400 2185 livore
427 2131 672 2198 invidus,
702 2134 801 2185 aut
832 2130 1066 2186 libidine
1094 2130 1363 2196 incestus,
1393 2132 1492 2182 aut
1524 2129 1858 2183 crudelitate

222 2224 549 2279 violentus?
592 2246 619 2274 ››
669 2224 949 2296 (Cyprian.
998 2240 1129 2294 pag.
1188 2226 1332 2293 189.)
1384 2223 1649 2293 Nunquid
1703 2223 1859 2276 enim

222 2320 618 2374 Demetrianus
662 2319 872 2373 horum
908 2317 1166 2371 omnium
1202 2316 1508 2371 criminum
1546 2333 1675 2371 reus
1703 2316 1860 2369 erat?

218 2415 296 2466 At
324 2417 478 2467 certe
504 2429 631 2467 cum
657 2411 969 2483 Cyprianus
994 2411 1358 2465 continenter
1386 2410 1659 2479 adjecerit
1688 2426 1700 2463 :
1732 2430 1759 2481 ς(
1795 2410 1860 2464 Et

221 2506 455 2561 miraris
499 2506 556 2560 in
605 2522 802 2577 pcenas
849 2504 1080 2575 generis
1120 2504 1359 2557 humani
1404 2503 1548 2557 iram
1590 2502 1687 2556 Dei
1738 2519 1859 2557 cre-

221 2616 408 2669 scere,
428 2616 558 2655 cum
582 2602 800 2655 crescat
828 2598 1106 2669 quotidie,
1129 2598 1281 2669 quod
1310 2598 1585 2668 puniatur
1603 2596 1809 2667 (lbid.),
1831 2618 1857 2646 »

223 2710 343 2747 non
374 2694 608 2747 obscure
655 2692 940 2763 signiﬁcat
976 2708 1094 2746 non
1122 2691 1191 2745 ob
1220 2692 1337 2745 sola
1366 2690 1729 2755 Demetriani,
1764 2690 1861 2744 sed

218 2786 485 2840 omnium
548 2786 849 2857 gentilium
906 2785 1118 2840 scelera
1173 2785 1312 2838 iram
1366 2784 1463 2838 Dei
1517 2783 1862 2837 concitatam

218 2879 419 2949 fuisse,
466 2895 529 2933 ac
574 2879 857 2933 mundum
903 2878 1143 2951 publicis
1187 2893 1522 2932 concussum
1562 2876 1859 2931 calamita-

216 2972 396 3027 tibus.
460 2972 578 3026 Huc
629 2972 877 3039 accedit,
934 2973 1083 3042 quod
1138 2971 1429 3026 universos
1488 2969 1733 3042 gentiles
1786 2970 1863 3024 sic

217 3066 390 3137 paulo
448 3070 579 3137 post
631 3064 837 3119 affatur
890 3083 903 3120 :
950 3086 977 3113 ‹‹
1032 3068 1169 3120 Ecce
1228 3064 1476 3137 idipsum
1530 3065 1700 3136 quale
1756 3069 1860 3133 est,

220 3158 381 3213 unde
412 3159 708 3213 nobiscum
738 3158 985 3213 maxime
1023 3174 1207 3213 sermo
1234 3163 1337 3227 est,
1371 3160 1522 3229 quod
1550 3175 1654 3214 nos
1686 3158 1859 3213 infes-

1958 1942 2168 2014 aliquid
2198 1943 2451 1997 discendi
2478 1959 2643 1996 causa
2671 1946 2923 2009 venerat,
2954 1958 3153 1997 verum
3185 1964 3213 1992 ‹‹
3240 1944 3431 2011 unico,
3466 1965 3494 1992 »
3530 1949 3590 1998 ut

1961 2036 2039 2089 ait
2058 2036 2375 2107 Cyprianus
2405 2037 2557 2107 (pag.
2586 2037 2727 2107 185),
2752 2057 2780 2084 ‹‹
2806 2035 2990 2091 studio
3018 2036 3465 2103 contradicendi,
3490 2059 3518 2086 »
3543 2035 3601 2091 id

1961 2132 2064 2196 est,
2096 2132 2158 2183 ut
2183 2130 2426 2200 impium
2470 2130 2750 2183 duntaxat
2793 2130 3064 2183 falsorum
3093 2129 3328 2183 deorum
3360 2130 3598 2197 cultum,

1962 2227 2020 2277 et
2048 2223 2323 2277 absurdas
2368 2222 2669 2294 gentilium
2710 2238 2945 2277 suorum
2982 2222 3416 2295 superstitiones
3457 2223 3603 2277 mira

1959 2317 2132 2387 plane
2182 2316 2532 2387 impudentia
2592 2319 3002 2387 propugnaret.
3056 2320 3125 2372 At
3174 2316 3310 2387 quia
3360 2318 3606 2372 clamosis

1963 2414 2185 2463 tantum
2250 2410 2492 2474 vocibus,
2553 2408 2837 2463 indomita
2901 2426 3130 2480 prorsus
3186 2408 3593 2480 obstinatione,

1963 2520 2029 2556 ac
2071 2504 2223 2556 nulla
2265 2503 2351 2557 vel
2396 2502 2618 2556 minimi
2660 2502 2935 2557 momenti
2972 2504 3191 2558 ratione
3223 2520 3439 2559 errores
3471 2520 3603 2559 suos

1965 2596 2275 2650 defendere
2340 2596 2658 2663 nitebatur,
2728 2596 2885 2649 illum
2953 2596 3268 2667 Cyprianus
3334 2597 3601 2652 adversus

1962 2706 2159 2743 verum
2202 2690 2375 2743 Deum
2414 2705 2509 2743 ore
2550 2689 2835 2759 sacrilego
2878 2688 3274 2756 oblatrantem,
3324 2695 3379 2744 et
3412 2691 3599 2744 verbis

1964 2782 2157 2853 impiis
2200 2782 2651 2852 obstrepentem,
2680 2784 2951 2852 tanquam
2980 2782 3330 2853 imperitum,
3364 2799 3598 2851 caecum,

1964 2875 2239 2944 surdum,
2282 2875 2546 2941 brutum,
2592 2874 2928 2945 indocilem,
2978 2874 3405 2945 impudentem,
3452 2876 3597 2930 insa-

1966 2986 2127 3036 num,
2182 2968 2446 3040 impium,
2495 2968 2785 3022 furentem
2838 2985 2902 3022 ac
2957 2968 3215 3023 rabidum
3270 2975 3602 3040 aspernatus

1967 3066 2069 3119 est.
2096 3065 2199 3117 Tot
2224 3062 2438 3134 quippe
2462 3060 2816 3133 totidemque
2839 3064 2972 3116 sunt
2990 3061 3191 3134 elogia,
3211 3062 3417 3134 quibus
3438 3062 3599 3118 illum

1964 3160 2216 3213 exornat.

216 3252 382 3307 tastis
420 3252 706 3321 innoxios,
741 3253 893 3323 quod
933 3252 992 3306 in
1032 3228 1439 3307 contumeliam
1486 3252 1582 3307 Dei
1627 3252 1851 3323 impug-
1880 3228 1933 3302 C
2030 3253 2171 3306 Tum
2232 3268 2369 3322 ergo
2428 3250 2768 3323 Carthagine
2826 3248 3169 3304 furibundus
3228 3248 3323 3304 ille
3379 3236 3594 3319 homo,

216 3346 397 3414 natis,
457 3352 627 3418 atque
682 3346 1002 3418 opprimitis
1062 3346 1159 3401 Dei
1223 3362 1435 3400 servos.
1503 3348 1707 3399 Parum
1770 3348 1856 3400 est

217 3440 378 3512 quod
404 3441 718 3495 furentium
745 3442 1019 3495 varietate
1048 3440 1341 3506 vitiorum,
1373 3440 1523 3511 quod
1550 3439 1855 3510 iniquitate

213 3535 484 3589 feralium
515 3533 707 3607 9'79
748 3534 1077 3604 criminum,
1106 3535 1258 3606 quod
1296 3538 1660 3589 cruentarum
1696 3550 1853 3588 com-

213 3628 436 3700 pendio
494 3629 830 3699 rapinarum
891 3628 1005 3683 vita
1059 3633 1240 3684 vestra
1292 3629 1644 3696 maculatur,
1697 3628 1854 3700 quod

214 3721 717 3793 superstitionibus
737 3722 892 3776 falsis
920 3722 1123 3793 religio
1153 3739 1284 3777 vera
1310 3723 1678 3793 subvertitur,
1701 3721 1854 3794 quod

211 3819 362 3873 Deus
390 3816 622 3871 omnino
648 3833 755 3871 nec
785 3815 1082 3888 quaeritur,
1112 3832 1217 3869 nec
1241 3816 1492 3871 timetur.
1529 3816 1726 3871 Adhuc
1774 3816 1855 3870 in-

209 3927 391 3982 super
422 3910 521 3965 Dei
551 3926 760 3978 servos,
793 3910 1077 3980 majestati
1103 3928 1165 3964 ac
1200 3910 1422 3964 nomini
1462 3911 1583 3981 ejus
1619 3910 1849 3976 dicatos,

208 4010 291 4082 inj
303 4011 440 4066 ustis
466 4009 950 4081 persecutionibus
976 4008 1203 4081 agitatis
1228 4010 1409 4079 (Ibid.,
1434 4025 1564 4081 pag.
1588 4009 1730 4077 190).
1749 4028 1775 4058 ››
1794 4009 1853 4061 ln

208 4106 408 4161 codice
448 4105 623 4175 Regio
664 4104 850 4175 primo
892 4109 949 4159 et
988 4103 1301 4171 Tarniensi,
1335 4102 1675 4173 «ﬂagitatis.
1710 4122 1735 4151 ››
1767 4103 1850 4157 Ita

209 4200 395 4255 etiam
439 4200 497 4254 in
552 4199 743 4254 codice
792 4198 1114 4254 Colbertino
1152 4198 1499 4269 antiquiore,
1544 4196 1653 4249 nisi
1700 4195 1850 4266 quod

208 4291 466 4349 secunda
488 4310 678 4360 manu,
702 4292 799 4347 sed
829 4292 1035 4347 eodem
1061 4292 1391 4346 charactere
1412 4289 1688 4360 scriptum
1709 4309 1735 4336 ‹‹
1752 4290 1850 4343 ﬂa-

208 4386 460 4460 gellatis.
491 4408 518 4437 ››
553 4384 691 4450 Quae
731 4385 898 4440 lectio
936 4386 995 4439 in
1034 4385 1225 4440 codice
1266 4383 1444 4454 Regio
1485 4383 1652 4437 tertio
1693 4383 1849 4438 exhi-

204 4482 402 4550 betur,
433 4484 491 4535 et
518 4480 579 4535 in
610 4480 863 4536 secundo
896 4500 925 4529 ‹‹
955 4479 1226 4551 fatigatis.
1263 4500 1290 4528 »

1956 3347 2097 3399 sicut
2145 3345 2481 3416 Cyprianus,
2527 3344 2792 3416 degebat,
2818 3358 3065 3414 eumque
3109 3341 3185 3398 ibi
3214 3342 3406 3415 aliqua
3433 3340 3594 3415 judi-

1956 3441 2032 3495 cis
2089 3439 2367 3510 dignitate
2426 3442 2657 3493 auctum
2706 3437 2879 3492 fuisse
2934 3454 3132 3492 omnes
3187 3455 3259 3492 ex
3308 3438 3414 3492 hac
3471 3439 3597 3509 ipsa

1956 3534 2437 3589 commentatione
2480 3532 2680 3587 confici
2710 3548 2871 3603 posse
2922 3531 3075 3585 haud
3120 3531 3355 3602 quidem
3391 3532 3582 3587 imme

1954 3628 2129 3683 ritum
2157 3627 2525 3681 arbitrantur.
2555 3628 2689 3691 Qua:
2715 3631 2905 3679 autem
2950 3626 3022 3678 sit
3062 3640 3129 3679 ea
3168 3625 3437 3695 dignitas,
3468 3643 3586 3680 non

1956 3720 2195 3775 minima
2249 3737 2383 3774 sane
2447 3725 2530 3775 est
2594 3720 2743 3773 inter
2809 3719 2939 3773 illos
2997 3719 3293 3773 dissensio.
3352 3718 3591 3775 Plurimi

1955 3815 2107 3870 enim
2148 3813 2362 3885 opinati
2405 3818 2537 3867 sunt
2579 3812 2743 3866 illum
2785 3809 2975 3883 980
3017 3810 3189 3866 fuisse
3224 3811 3428 3867 Africae
3460 3830 3589 3883 pro-

1953 3908 2280 3977 consulem,
2340 3906 2500 3977 cujus
2557 3922 2780 3960 summa
2834 3908 2954 3959 erat
3005 3905 3066 3958 in
3131 3904 3235 3958 hac
3298 3907 3593 3975 provincia

1953 4001 2278 4056 auctoritas.
2308 4000 2415 4054 Alii
2470 4016 2597 4054 vero
2647 3998 2887 4052 minoris
2938 3998 3155 4051 ordinis
3193 3998 3475 4067 judicem,
3522 4016 3586 4053 ac

1950 4095 2202 4150 fortassis
2232 4094 2540 4165 quemdam
2583 4091 2882 4163 ipsiusmet
2924 4090 3283 4162 proconsulis
3325 4092 3581 4147 adsesso-

1950 4206 2073 4244 rem
2121 4188 2291 4243 fuisse
2348 4188 2689 4241 existimant.
2751 4187 2871 4240 Non
2941 4184 3241 4240 verisimile
3296 4185 3583 4257 siquidem

1950 4283 2037 4337 his
2088 4282 2310 4337 videtur
2362 4280 2822 4347 Demetrianum,
2880 4280 2926 4335 si
2984 4280 3157 4335 totius
3212 4279 3412 4336 Africa:
3461 4296 3590 4351 pro-

1950 4377 2149 4433 consul
2190 4375 2407 4443 fuisset,
2445 4378 2597 4429 tenta
2639 4375 2936 4442 facilitate,
2978 4378 3210 4445 tamque
3258 4374 3590 4445 frequenter

1947 4472 2151 4527 adiisse
2211 4470 2586 4542 Cyprianum,
2653 4473 2716 4523 ut
2774 4468 3107 4524 rabularum
3173 4485 3333 4523 more
3383 4466 3590 4524 falsam

283 4578 407 4631 Non
437 4591 576 4646 ergo
604 4575 875 4630 adversus
900 4575 1088 4630 solum
1125 4572 1550 4628 Demetrianum
1590 4571 1681 4627 hic
1704 4566 2296 4671 liberDreligionem
2343 4580 2503 4618 suam
2550 4565 2795 4619 clamosis
2840 4563 3115 4617 duntaxat
3156 4564 3369 4617 vocibus
3408 4562 3586 4617 invito

205 4687 244 4725 a
296 4668 578 4741 Cypriane
621 4669 806 4725 editus
845 4675 961 4736 est,
1002 4668 1097 4724 sed
1136 4672 1331 4723 contra
1374 4684 1569 4721 omnes
1615 4684 1843 4739 quoque

202 4763 487 4831 ethnicos,
516 4768 571 4817 et
607 4768 673 4818 ut
711 4762 769 4818 in
813 4766 1150 4818 cunctorum
1191 4760 1414 4816 veniret
1444 4778 1661 4815 manus.
1705 4764 1848 4818 Lon-

204 4857 361 4930 giori
407 4873 579 4929 porro
629 4874 893 4913 sermone
946 4858 1017 4912 ad
1055 4857 1108 4912 id
1138 4856 1496 4928 probandum
1542 4872 1687 4928 opus
1728 4873 1845 4911 non

200 4955 316 5021 est,
349 4952 501 5023 quod
534 4951 629 5006 ille
660 4950 750 5006 his
774 4950 1156 5006 disertissimis
1185 4968 1319 5005 sane
1347 4950 1529 5006 verbis
1557 4951 1843 5006 declarat:

204 5065 236 5098 α
269 5046 604 5117 Respondeo
626 5048 683 5100 et
712 5044 832 5113 tibi.
868 5044 1256 5113 Demetriane,
1282 5046 1498 5117 pariter
1524 5052 1581 5099 et
1606 5044 1845 5112 caeteris,

198 5157 349 5213 quos
405 5138 644 5195 forsitan
699 5138 1018 5194 concitasti.
1078 5162 1105 5189 »
1164 5139 1354 5211 Neque
1407 5143 1601 5195 tamen
1658 5140 1847 5193 minus

197 5240 430 5290 certum
458 5240 543 5289 est
567 5233 649 5289 illi
679 5234 736 5289 in
774 5234 977 5306 primis
1020 5233 1301 5289 directum
1346 5233 1544 5303 fuisse;
1584 5234 1843 5305 quando-

196 5327 442 5401 quidem
480 5328 800 5400 Cyprianus
851 5326 1297 5396 impudentibus,
1331 5328 1399 5381 de
1443 5327 1650 5398 quibus
1678 5326 1845 5398 paulo

194 5424 337 5497 post
364 5422 673 5494 agendum,
705 5422 826 5493 ejus
855 5422 1155 5477 calumniis
1187 5421 1391 5493 saapius
1417 5421 1731 5488 lacessitus,
1776 5422 1845 5475 ad

192 5532 445 5574 manum
474 5517 606 5572 huic
636 5514 931 5589 scriptioni
959 5516 1376 5571 admovendum
1416 5515 1651 5571 tandem
1694 5530 1846 5569 com-

192 5612 401 5686 pulsus
429 5612 533 5667 est.

535 5990 813 6058 PATROL.
836 5990 939 6059 IV.

1950 4658 2179 4716 homini
2229 4657 2584 4713 obtruderet.
2636 4660 2914 4713 Praeterea
2954 4672 3055 4710 cur
3099 4655 3431 4727 Cyprianus,
3482 4654 3584 4727 qui

1948 4754 2406 4813 Christianorum
2453 4756 2839 4823 persecutores
2873 4749 3099 4805 censuit
3137 4766 3259 4805 esse
3298 4748 3581 4804 declinan-

1950 4850 2070 4919 dos,
2102 4855 2213 4904 tam
2260 4847 2424 4901 facile
2478 4862 2536 4899 se
2579 4844 2949 4899 commisisset
2983 4843 3225 4899 furentis
3263 4858 3579 4914 proconsu-

1948 4945 2016 4999 lis
2063 4942 2216 5008 fidei,
2273 4941 2555 5010 illumque
2601 4944 2717 4994 tam
2767 4938 3098 5010 frequenter
3135 4937 3370 4992 domum
3414 4953 3579 4993 suam

1948 5036 2289 5107 recepisset?
2329 5037 2441 5091 Cur
2482 5032 2666 5099 illum,
2720 5050 2896 5104 quem
2942 5030 3157 5087 caeteris
3202 5030 3404 5086 timere
3451 5048 3576 5087 ma-

1950 5132 2033 5203 gis
2083 5130 2344 5198 debebat,
2402 5135 2557 5185 tanto
2612 5125 2807 5181 habuit
2863 5123 3207 5196 despicatui;
3266 5128 3328 5178 ut
3382 5123 3441 5178 in
3496 5129 3577 5181 tot

1947 5227 2271 5297 colloquiis,
2327 5224 2479 5279 domi
2534 5239 2650 5277 suae
2714 5218 2955 5285 habitis,
3008 5218 3085 5271 illi
3152 5221 3309 5272 tanto
3373 5217 3577 5275 ardore

1949 5338 2063 5376 non
2106 5320 2176 5374 de
2221 5335 2281 5374 re
2323 5318 2552 5389 quidem
2595 5314 2857 5381 minima,
2890 5312 2987 5368 sed
3032 5310 3101 5367 de
3144 5310 3423 5382 religione
3461 5311 3575 5370 dis-

1946 5413 2191 5489 putanti,
2224 5430 2326 5468 nec
2367 5428 2480 5467 uno
2515 5410 2748 5483 quidem
2784 5408 2957 5462 verbo
3002 5406 3353 5479 respondere
3381 5407 3557 5481 digna

1946 5517 2033 5565 tus
2075 5509 2184 5565 sit?
2227 5509 2421 5563 Nonne
2468 5504 2771 5578 proconsul
2808 5503 3034 5557 tantum
3077 5501 3146 5557 ob
3177 5504 3576 5575 contemptum

1946 5605 2028 5660 ira
2056 5610 2111 5660 et
2149 5604 2344 5658 innato
2380 5601 2573 5655 furore
2625 5596 3060 5659 excandescens,
3116 5612 3313 5665 pugnas
3357 5598 3427 5653 ab
3474 5598 3574 5655 illo

1947 5703 2117 5770 prout
2148 5701 2395 5770 poterat,
2426 5693 2683 5766 protinus
2709 5685 3107 5763 repetivisset?
3134 5690 3247 5747 Cur
3279 5690 3364 5746 vir
3394 5691 3572 5748 furio-

1948 5811 2059 5860 sus,
2116 5796 2171 5847 et
2221 5796 2378 5846 actus
2434 5789 2490 5843 in
2544 5787 2778 5855 rabiem,
2826 5784 3177 5857 Cyprianum
3233 5802 3266 5839 a
3320 5801 3432 5856 quo
3489 5787 3568 5841 sic

1946 5887 2338 5963 spernebatur,
2393 5900 2506 5940 non
2556 5882 2746 5938 statim
2792 5878 3035 5953 conjecit
3074 5879 3135 5935 in
3173 5878 3419 5950 vincula,
3470 5874 3569 5937 aut

3171 5983 3249 6044 34
