4082 6194
543 240 676 291 1067

1435 233 1521 286 DE
1560 231 1779 286 LIBRlS
1819 231 1907 284 AD
1950 230 2360 285 DEMETRIAN.
2403 229 2485 282 ET
2523 228 2609 281 DE
2639 226 2815 281 IDOL.
2860 227 3076 280 VANlT.

3713 229 3829 282 1068

531 359 689 413 misit
749 357 808 410 in
871 355 1166 422 exsilium,
1236 357 1335 408 aut
1394 355 1575 423 capite
1644 354 1972 408 damnavit?
2034 352 2681 442 QuaAproconsulem,
2730 349 3221 420 quemadmodum
3279 348 3639 417 superioribus
3687 366 3834 418 argu-

526 453 755 506 tandem
792 449 1007 504 ratione
1043 448 1127 502 vir
1164 448 1275 511 ille,
1318 452 1433 500 tam
1470 447 1693 501 ardenti
1737 454 1791 500 et
1831 464 1978 502 caeco
2019 448 2149 502 reli—

531 545 712 615 gionis
786 560 900 596 suae
973 542 1155 596 studio
1231 558 1560 608 succensus,
1635 542 1737 594 soli
1812 541 2153 610 pepercisset

529 636 824 708 Cypriano,
873 636 969 706 qui
1015 652 1292 688 summam
1343 634 1492 687 illius
1541 633 1598 686 in
1645 634 1988 687 Christianos
2035 651 2155 688 cru-

532 729 824 783 delitatem
867 728 953 780 his
1004 728 1183 780 verbis
1226 727 1467 796 explicat
1512 743 1523 780 :
1575 747 1601 774 ‹‹
1635 727 1918 792 Innoxios,
1947 727 2150 795 justos,

529 822 648 875 Deo
713 821 937 887 charos,
1004 821 1174 874 domo
1242 820 1460 890 privas,
1526 819 1867 890 patrimonio
1928 820 2150 889 spolias,

531 914 746 968 catenis
796 913 1030 984 premis,
1085 930 1306 966 carcere
1359 913 1615 977 includis,
1671 913 1884 976 bestiis,
1945 913 2152 981 gladio,

529 1006 759 1077 ignibus
812 1006 994 1076 punis.
1031 1007 1141 1059 Nec
1191 1007 1388 1059 saltem
1445 1009 1742 1058 contentus
1789 1023 1846 1058 es
1894 1005 2153 1058 dolorum

531 1102 855 1153 nostrorum
899 1099 1237 1168 compendio
1283 1103 1338 1151 et
1377 1099 1643 1168 simplici,
1695 1117 1755 1151 ac
1805 1099 1978 1152 veloci
2025 1100 2151 1151 bre-

532 1193 702 1247 vitate
771 1209 1096 1262 pomorum;
1165 1192 1431 1245 admoves
1497 1193 1773 1244 laniandis
1828 1192 2156 1262 corporibus

534 1288 710 1356 longa
759 1289 1071 1351 tormenta,
1118 1285 1461 1355 multiplicas
1505 1285 1812 1338 laeerandis
1853 1286 2156 1338 visceribus

533 1396 837 1434 numerosa
885 1378 1178 1448 supplicia,
1227 1395 1328 1431 nec
1383 1379 1572 1431 feritas
1622 1382 1792 1448 atque
1836 1379 2156 1432 immanitas

531 1478 630 1525 tua
679 1471 898 1524 usitatis
947 1477 1127 1540 potest
1181 1489 1300 1524 esse
1358 1474 1623 1525 contenta
1679 1474 1971 1525 tormentis
2011 1489 2023 1524 :
2069 1489 2158 1526 ex-

532 1565 744 1634 cogitat
774 1580 944 1616 novas
981 1581 1176 1633 poenas
1211 1563 1502 1633 ingeniosa
1536 1565 1836 1618 crudelitas
1872 1565 2154 1635 (Cyprian.

530 1675 589 1727 p.
647 1657 788 1724 190).
856 1678 884 1705 »
943 1657 1142 1726 Ecquis
1197 1675 1331 1726 ergo
1389 1658 1491 1710 sibi
1556 1659 1919 1727 persuadebit
1989 1663 2156 1711 tanta)

2253 446 2456 500 mentis
2510 446 2642 497 satis
2693 444 3001 513 probatum
3056 459 3176 495 esse
3231 443 3545 512 Opinantur.
3601 443 3722 495 Nam
3784 444 3832 495 lii

2254 540 2474 594 tametsi
2530 537 2814 591 inferioris
2882 536 3134 590 subsellii
3180 535 3434 606 judices,
3489 553 3597 588 non
3654 536 3836 589 minori

2254 650 2429 705 quam
2463 632 2822 703 proconsules
2862 630 3192 684 crudelitate
3220 629 3493 699 jubebant
3533 630 3836 684 Christianos

2255 727 2506 796 torqueri
2551 744 2614 778 ac
2664 725 2871 778 necari.
2916 726 2984 778 At
3014 723 3270 794 quamvis
3320 739 3407 775 res
3453 723 3529 776 ita
3581 726 3730 784 esset,
3771 739 3841 774 ar.

2257 825 2435 889 guent
2463 819 2576 885 alii,
2609 819 2709 871 hos
2734 817 3045 887 Cyprianus
3074 834 3188 869 non
3227 816 3411 868 minus
3438 832 3601 885 quam
3629 834 3833 885 procon-

2257 914 2435 965 sulem
2480 911 2680 964 timcre
2733 910 2995 963 debebat.
3042 912 3101 962 ln
3154 925 3354 962 eorum
3405 909 3552 962 enim
3597 913 3839 979 potestate

2257 1007 2428 1058 situm
2471 1010 2590 1058 erat
2640 1020 2842 1057 manus
2896 1004 2951 1055 in
3005 1003 3163 1055 illum
3214 1002 3471 1071 injicere,
3521 1009 3758 1072 torquere
3801 1014 3842 1059 et

2255 1100 2560 1164 trucidare,
2597 1104 2693 1150 aut
2728 1099 2925 1150 saltem
2969 1096 3040 1150 ad
3086 1096 3336 1149 tribunal
3377 1097 3689 1166 pertrahere
3734 1116 3840 1168 pro-

2257 1193 2517 1246 consulis.
2549 1194 2753 1245 Verum
2804 1191 2936 1261 quia
2981 1192 3150 1259 longe
3192 1190 3379 1258 major
3408 1195 3527 1243 erat
3563 1191 3716 1258 hujus
3746 1193 3841 1261 dig-

2256 1287 2400 1339 nitas
2441 1288 2498 1338 et
2537 1285 2807 1354 potentia,
2853 1301 3062 1353 parum
3111 1283 3402 1352 probabile
3457 1283 3665 1336 videtur
3717 1283 3842 1338 illum

2259 1379 2531 1449 Cypriane
2585 1383 2737 1430 tanta
2787 1377 3165 1446 indignitate,
3220 1382 3456 1446 tamque
3499 1377 3646 1429 duris
3693 1379 3846 1432 verbis

2259 1474 2508 1542 potuisse
2551 1471 2754 1541 excipi.
2790 1474 2856 1524 At
2886 1470 3187 1539 cujuslibet
3226 1470 3446 1522 ordinis
3478 1470 3648 1539 judex
3685 1472 3843 1539 fuerit,

2259 1570 2476 1620 constat
2513 1582 2648 1618 sane
2695 1565 2855 1617 illum
2887 1564 3164 1617 indomito
3197 1581 3426 1633 prorsus
3454 1565 3509 1616 in
3549 1566 3700 1618 falsos
3735 1566 3844 1619 deos

2260 1677 2388 1712 suos
2439 1659 2642 1711 ardore
2693 1658 2771 1710 ita
2817 1658 2986 1710 fuisse
3034 1658 3488 1722 inflammatum,
3543 1661 3598 1710 ut
3641 1659 3844 1712 clamosa

530 1749 843 1820 potestatis,
879 1753 1108 1819 quantae
1141 1751 1578 1803 inhumanitatis
1621 1752 2020 1821 proconsulem
2054 1769 2153 1820 pe-
2180 1760 2234 1829 Β
2261 1757 2479 1806 tantum
2530 1769 2681 1816 voce,
2737 1768 2841 1803 nec
2895 1752 3009 1802 ulla
3047 1767 3302 1819 unquam
3348 1751 3574 1803 minimi
3620 1752 3842 1821 ponderis

530 1842 778 1912 percisse
842 1841 1152 1910 Cypriane,
1219 1844 1672 1896 Christianorum
1742 1845 2033 1913 episcopo,
2105 1848 2158 1896 et

535 1935 929 2002 antesignano,
991 1934 1047 1987 in
1107 1951 1276 2003 quem
1330 1936 1578 2004 quotidie
1637 1941 1691 1988 et
1747 1937 1905 1988 facile
1956 1954 2157 1988 manus

533 2026 763 2095 injicere
793 2027 1050 2095 poterat?
1077 2027 1273 2080 Nonne
1313 2028 1460 2080 illius
1501 2045 1634 2081 nece
1668 2032 1781 2080 tam
1821 2029 1946 2096 sibi,
1984 2046 2156 2098 quam

536 2119 752 2171 αιτιοι-15
810 2119 1075 2171 omnibus
1131 2120 1388 2186 ethnicis,
1445 2121 1897 2191 implacabilibus
1959 2139 2156 2174 eorum

535 2211 789 2264 hostilms
818 2212 1220 2265 satisfecisset?

603 2305 809 2368 Quidni
846 2308 1036 2358 autem
1085 2305 1425 2375 Cyprianum
1475 2307 1783 2359 occidendo
1839 2308 2159 2361 tentavisset

531 2398 658 2451 illos
686 2397 792 2450 sibi
823 2398 1124 2464 demereri,
1161 2399 1256 2466 qui
1284 2399 1537 2469 quidem,
1571 2418 1683 2469 quo
1725 2400 1780 2452 in
1815 2402 2159 2454 Christianos

532 2491 764 2544 ardebat
811 2491 964 2557 odio,
1020 2491 1241 2544 nullum
1293 2509 1406 2544 non
1463 2494 1729 2547 movebat
1776 2495 2049 2563 lapidem,
2101 2500 2161 2546 ut

535 2583 792 2636 omnium
820 2584 876 2636 in
913 2583 1034 2635 illos
1067 2584 1208 2636 iram
1240 2591 1648 2652 commoveret,
1693 2604 1930 2657 suasque
1973 2589 2152 2640 trahes

531 2677 699 2730 retin
731 2677 957 2747 partes?
979 2678 1118 2730 Nam
1149 2678 1257 2730 hoc
1289 2679 1600 2748 Cyprianus
1630 2680 1704 2732 illi
1735 2682 1924 2750 palam
1955 2681 2157 2750 hisque

534 2770 894 2839 exprobravit
922 2770 1107 2822 verbis
1146 2789 1157 2824 :
1199 2793 1226 2820 ‹‹
1255 2773 1592 2841 llespondeo
1627 2774 1745 2838 tibi,
1780 2775 2155 2839 Demetriane,

539 2863 756 2933 pariter
783 2870 837 2916 et.
860 2863 1096 2928 czetcris,
1122 2881 1257 2933 quos
1287 2870 1345 2917 tu
1372 2865 1605 2919 forsitan
1637 2867 1948 2933 concit-asti,
1971 2868 2160 2920 adver-

537 2973 662 3009 sum
719 2973 824 3009 nos
873 2957 1002 3010 odia
1045 2957 1156 3010 tuis
1201 2958 1490 3011 maledicis
1529 2961 1755 3012 vocibus
1802 2961 2157 3028 seminando,

532 3052 854 3120 complures
901 3051 1106 3104 radicis
1147 3056 1315 3122 atque
1359 3043 1596 3121 originis
1644 3059 1749 3106 tum
1790 3054 2160 3124 pullulatione

531 3119 711 3198 fecisti
738 3145 922 3212 (lbid.,
957 3163 1012 3215 p.
1067 3119 1271 3214 18th:»
1314 3119 1600 3215 Nurirquid
1644 3152 1697 3200 et
1737 3119 1904 3216 istud,
1947 3165 2042 3200 ore
2089 3119 2236 3215 te,C

532 3238 887 3308 proconsulis
927 3237 1128 3291 Africae
1175 3239 1419 3292 officium
1457 3241 1566 3292 fuit
1604 3241 1762 3306 alios,
1804 3242 1846 3294 si
1885 3242 2004 3294 tieri
2038 3259 2163 3310 pos-

536 3335 640 3399 set,
687 3332 758 3384 ad
803 3333 1073 3384 falsorum
1125 3332 1361 3385 deorum
1405 3334 1617 3386 cultum
1667 3334 1969 3398 adducere,
2015 3335 2161 3387 exei-

534 3431 648 3479 tato
689 3425 1117 3494 impudentibus
1156 3426 1456 3478 calumniis
1503 3426 1558 3478 in
1601 3427 1950 3480 Christianos
1993 3428 2163 3480 odio?

535 3519 733 3571 1Nonne
767 3519 870 3570 hos
898 3517 1263 3570 atrocissimis
1305 3519 1490 3587 petitis
1523 3520 1812 3589 suppliciis
1842 3522 2162 3591 torquendo

537 3616 593 3666 et
623 3612 895 3678 necando,
946 3610 1086 3663 illud
1138 3611 1356 3663 facilius
1409 3614 1841 3684 promptiusque
1897 3613 2165 3684 consequi

536 3705 801 3776 poterat?
858 3703 1147 3774 Numquid
1195 3706 1423 3759 tandem
1471 3707 1786 3776 Cyprianus
1838 3708 2062 3777 publico
2107 3709 2165 3759 in

536 3799 742 3868 scripto
795 3803 914 3851 tam
964 3799 1118 3852 duris
1172 3805 1225 3853 et
1275 3800 1488 3870 asperis
1536 3801 1719 3854 verbis
1768 3800 2164 3871 proconsulem

536 3892 994 3965 perstrinxisset?

608 3987 716 4040 Alii
746 3992 936 4041 tamen
967 3989 1175 4056 urgent
1203 3988 1382 4041 citatis
1408 3989 1576 4058 paulo
1602 3994 1731 4042 ante
1754 3988 1900 4042 illius
1922 3988 1993 4041 ad
2015 3988 2167 4042 hunc

538 4081 964 4135 Demetrianum
1011 4081 1216 4148 verbis,
1261 4099 1374 4135 non
1433 4082 1669 4137 obscure
1720 4082 1956 4135 indicari
2004 4082 2165 4135 illum

540 4191 736 4229 revera
977 4175 1145 4228 fuisse
1173 4175 1370 4228 Africa)
1401 4177 1819 4246 proconsulem.
1853 4177 1988 4240 Quis
2011 4177 2164 4230 enim

539 4262 891 4322 Christianos
919 4272 1003 4321 tot
1028 4270 1312 4339 tantisque
1343 4277 1396 4322 et
1429 4271 1731 4323 ordinariis
1769 4277 1823 4324 et
1862 4271 2167 4324 extraordi—

541 4362 718 4416 nariis
744 4362 1079 4416 cruciatibus
1104 4366 1365 4433 torquere
1390 4368 1445 4416 et
1473 4365 1792 4419 interlicere
1827 4367 2028 4435 potuit,
2060 4365 2168 4418 nisi

542 4457 899 4527 proconsulis
926 4456 1203 4525 dignitate
1235 4457 1429 4511 fuisset
1457 4459 1770 4528 praeditus?
1800 4460 2012 4512 Deinde
2035 4476 2166 4513 vero

542 4549 857 4622 Cyprianus
883 4551 1043 4603 illum
1065 4551 1318 4620 judicem
1350 4569 1468 4606 esse
1499 4555 1772 4622 agnoscit,
1805 4570 1978 4623 quem
2015 4554 2168 4606 hunc

541 4644 846 4716 compellat
877 4644 932 4698 in
959 4645 1228 4700 modum:
1257 4645 1409 4710 «Qui
1438 4647 1838 4720 aliosjudicas,
1862 4648 2167 4717 aliquando

546 4744 664 4793 esto
692 4739 772 4793 tui
793 4739 966 4810 judex
998 4741 1182 4809 (11nd,,
1225 4758 1280 4810 p.
1319 4742 1459 4812 189).
1492 4764 1518 4789 ››
1549 4740 1719 4811 Atqui
1754 4741 1796 4794 si
1838 4741 2014 4810 judex
2041 4742 2166 4807 fuit,

542 4836 850 4907 proconsul
889 4835 1084 4906 procul
1130 4834 1303 4889 dubio
1347 4852 1466 4889 esse
1505 4835 1764 4889 debebat.
1798 4837 1937 4889 Nam
1975 4844 2169 4906 postea

540 4931 703 4984 illum
748 4931 829 4983 ita
875 4931 1059 4984 adhuc
1109 4929 1420 4998 alloquitur
1462 4952 1470 4982 :
1514 4950 1540 4977 ‹‹
1587 4929 1814 4983 Lzedere
1847 4947 2031 4983 servos
2073 4929 2166 4982 Dei

543 5031 599 5080 et
637 5024 842 5081 Christi
886 5023 1375 5094 persecutionibus
1413 5024 1520 5078 tuis
1565 5024 1775 5091 desine,
1823 5042 1961 5094 quos
2005 5025 2170 5078 laisos

543 5120 684 5173 ultio
725 5119 912 5172 divina
957 5117 1216 5171 defendit
1264 5118 1446 5188 (Ibid.,
1479 5136 1534 5188 p.
1572 5122 1709 5188 £92).
1753 5142 1779 5168 ››
1819 5119 2169 5172 Christianos

544 5229 680 5281 ergo
733 5229 962 5265 summa
1011 5211 1429 5265 inhumanitate
1482 5213 1949 5282 persequebatur,
2003 5217 2058 5266 et
2113 5213 2169 5266 in

540 5310 819 5379 potestate
856 5307 976 5376 ejus
1015 5306 1182 5359 situm
1228 5309 1353 5358 erat
1402 5306 1546 5359 hanc
1589 5307 1786 5360 sedare
1827 5307 2170 5377 persecutio-

545 5419 696 5455 nem.
733 5401 903 5471 Cujus
932 5404 1122 5455 autem
1155 5405 1272 5454 erat
1307 5400 1427 5453 lucc
1474 5403 1736 5470 potestas,
1775 5401 1880 5454 nisi
1920 5419 2166 5472 procon-

543 5495 718 5550 suhs?

613 5593 821 5644 Verum
863 5587 957 5642 alii
1001 5589 1253 5643 fatentur
1290 5588 1376 5640 his
1413 5587 1595 5642 verbis
1627 5589 1825 5643 confici
1868 5607 2029 5660 posse
2060 5592 2168 5644 De-

538 5684 884 5741 metrianum
933 5683 1106 5738 fuisse
1147 5683 1455 5754 quemdam
1497 5684 1852 5754 Carthaginis
1887 5685 2164 5755 judicem.

524 5798 584 5837 ac
632 5781 782 5835 forte
829 5777 1187 5849 proconsulis
1230 5793 1596 5847 assessorem,
1646 5779 1740 5833 sed
1793 5794 1909 5835 non
1961 5777 2169 5833 idcirco

2259 1846 2476 1900 ratione
2524 1845 2712 1908 allata,
2761 1846 2960 1896 contra
2993 1843 3343 1896 Christianos
3393 1845 3598 1914 sai-pius
3643 1845 3842 1915 disputa-

2259 1940 2422 2000 verit,
2470 1943 2533 1990 ut
2579 1955 2670 1990 eos
2711 1937 2778 1989 ad
2821 1936 3108 1990 nefarium
3161 1937 3434 1990 horumce
3488 1938 3712 1990 deorum
3753 1939 3840 1989 eul-

2261 2036 2378 2084 tum
2409 2030 2730 2098 adduceret,
2768 2033 2866 2082 aut
2895 2029 2950 2081 in
2983 2034 3288 2083 renuentes
3321 2031 3622 2100 gentilium
3649 2039 3838 2099 augeret

2264 2125 2315 2177 fu
2328 2142 2529 2177 rorem.

2879 2233 3173 2271 AllTICl'LI'iB
3217 2234 3266 2269 κ’.

2261 2319 2464 2383 Quibus
2490 2318 2790 2369 rationibus
2823 2315 3128 2383 Cyprianus
3156 2316 3228 2367 ad
3255 2317 3396 2366 hunc
3434 2316 3626 2367 librum
3653 2317 3840 2368 scrlbm-

2517 2396 2646 2446 dum
2683 2400 2730 2447 el
2769 2396 3161 2460 (lirulg/rmdum
3202 2395 3507 2461 compulsus
3548 2397 3632 2445 sit.

2331 2498 2574 2550 Tametsi
2619 2497 2930 2565 Cyprianus
2971 2498 3220 2565 primum
3257 2497 3572 2549 eexisiiisset
3611 2495 3734 2548 nihil
3768 2495 3840 2546 Dc-

2261 2591 2560 2647 metriano.
2587 2591 2640 2641 in
2672 2590 3047 2642 Christianam
3081 2589 3417 2658 religionem
3449 2589 3686 2654 latranti,
3711 2587 3839 2656 eique

2261 2684 2452 2752 impiis
2500 2683 2773 2734 duntaxat
2809 2683 2987 2734 verbis
3033 2683 3381 2751 obstrepenti
3425 2680 3840 2750 respondendum

2261 2794 2399 2840 esse,
2433 2777 2719 2828 silentium
2768 2776 3139 2828 nihilominus
3182 2793 3349 2828 suum
3395 2792 3651 2844 rumpere
3691 2780 3841 2842 postea

2262 2873 2486 2922 coactus
2529 2872 2629 2922 est.
2668 2871 2819 2921 'l‘unc
2868 2868 3020 2920 enim
3071 2869 3318 2921 exitialia
3378 2869 3525 2921 bella
3570 2871 3837 2921 Ron‘ianum

2260 2963 2567 3032 imperium
2599 2962 3016 3029 cmurutiebant,
3048 2980 3109 3014 ac
3138 2962 3424 3014 dirissima
3455 2963 3645 3025 fames,
3675 2963 3722 3012 et
3748 2961 3840 3011 hur-

2262 3056 2436 3109 renda
2467 3057 2635 3125 pestis
2667 3057 2856 3122 nrbes,
2890 3056 3057 3120 vicos,
3095 3072 3157 3107 ac
3199 3056 3452 3125 singulas
3491 3056 3676 3108 domos
3710 3053 3838 3104 inise-

2263 3149 2511 3202 rabiliter
2543 3150 2837 3201 vastabant
2878 3156 2930 3201 et
2965 3149 3486 3218 (leptipulabantur.
3535 3150 3659 3199 Data
3692 3149 3837 3197 autem

2263 3244 2365 3296 hac
2408 3243 2700 3294 occasione
2751 3243 3161 3307 Denietrianus,
3201 3243 3394 3294 accitis
3436 3260 3547 3294 sua!
3585 3237 3837 3309 impietatis

2263 3341 2319 3389 ct
2374 3336 2741 3389 contumacia:
2802 3336 2998 3401 sociis,
3059 3336 3245 3404 palam
3310 3335 3656 3387 Conclan'iare
3714 3330 3838 3398 regali

2266 3430 2540 3499 plurimos
2571 3429 2839 3499 conqueri
2886 3446 3000 3482 non
3047 3429 3213 3480 aliam
3264 3432 3555 3481 tantarum
3597 3427 3838 3480 calamita-

2264 3529 2384 3576 tum
2433 3541 2552 3576 esse
2597 3540 2848 3590 causam,
2883 3523 2988 3575 nisi
3038 3522 3518 3585 Christianorum,
3559 3521 3712 3573 falsos
3743 3517 3839 3569 deos

2265 3619 2447 3669 colere
2477 3617 2816 3682 nolentium,
2852 3616 3226 3686 pertinaciam
3258 3617 3314 3667 et
3343 3614 3703 3685 impietatem.
3731 3611 3839 3672 Qua-

2267 3716 2498 3781 propter
2537 3711 2870 3780 Cyprianus,
2904 3726 2970 3762 ne
3017 3709 3258 3779 gentiles
3301 3725 3466 3762 more
3513 3707 3686 3770 solito,
3724 3701 3836 3773 quod

2267 3805 2384 3874 ipse
2426 3804 2638 3857 tamdiu
2696 3806 2966 3868 tacuerat,
3023 3801 3412 3872 respondendi
3464 3797 3761 3854 difﬁdentia
3799 3801 3838 3848 et

2266 3897 2616 3967 impotentia}
2647 3897 2980 3965 tribuerent,
3012 3895 3084 3948 ad
3120 3913 3291 3949 vanas
3320 3895 3621 3965 futilesque
3656 3893 3834 3946 illorum

2267 3991 2576 4044 calumnias
2626 3991 2731 4044 hoc
2779 3991 2924 4044 libro
2977 3989 3336 4060 repellendas
3389 4004 3680 4060 aggressus
3719 3988 3784 4038 est
3823 3997 3832 4034 ί

2269 4108 2294 4134 ‹‹
2327 4088 2551 4152 'l‘acerc,
2595 4085 2795 4155 inquit,
2842 4085 2993 4137 ultra
3045 4102 3156 4136 non
3212 4087 3461 4154 oportet,
3509 4099 3576 4136 ne
3617 4083 3723 4152 jam
3752 4091 3834 4131 non

2266 4179 2643 4245 VOI‘CCUIltllIU,
2678 4179 2773 4232 sed
2806 4178 3138 4231 diffidentia:
3179 4194 3297 4231 esse
3342 4177 3590 4247 incipiat,
3625 4171 3754 4246 quod
3778 4175 3833 4223 ta-

2269 4291 2489 4340 cemus;
2517 4278 2572 4326 ct
2603 4272 2738 4325 dum
2761 4271 3180 4325 criminationes
3438 4272 3598 4324 falsas
3634 4272 3832 4321 contem-

2268 4368 2455 4422 nimus
2503 4367 2768 4431 refutare,
2822 4366 3115 4419 videamnr
3165 4367 3382 4419 crimen
3425 4378 3711 4436 agnoscere
3746 4359 3830 4428 rc)“

2188 4485 2246 4556 D
2271 4462 2456 4533 prian.
2494 4479 2548 4530 p.
2588 4460 2729 4528 18(3).

2343 4559 2539 4626 Itaque
2568 4555 2776 4608 mirum
2805 4553 2946 4607 nulli
2979 4569 3101 4607 esse
3130 4553 3302 4607 debet
3329 4552 3478 4623 quod
3513 4557 3622 4606 tam
3651 4545 3831 4602 insulsa:

2271 4649 2712 4714 criu'iinationes,
2750 4649 2819 4701 ab
2852 4648 2974 4700 aliis
3019 4653 3227 4700 nostrae
3260 4646 3550 4715 religionis
3591 4638 3831 4697 defensori-

2269 4744 2372 4798 bus
2399 4743 2623 4813 szrpius,
2655 4749 2715 4796 ut
2743 4742 3009 4807 diximus,
3046 4741 3317 4811 repulsas,
3354 4740 3443 4793 ille
3476 4754 3657 4793 rursus
3682 4734 3827 4788 diluat.

2269 4837 2489 4893 Ethnici
2542 4836 2822 4907 siquidem
2872 4839 2926 4887 et
2978 4835 3331 4905 frequentius
3383 4838 3436 4887 et
3493 4831 3734 4886 audacius
3771 4824 3829 4876 liis

2269 4931 2482 4987 acerbis
2506 4930 2723 4984 casibus
2746 4929 3144 4994 aluitebai'itur,
3174 4933 3227 4982 et
3250 4928 3378 4981 inde
3404 4929 3587 4980 fucum
3611 4915 3829 4991 imperitis

2271 5027 2510 5079 deorum
2539 5025 2852 5077 cultoribus
2885 5040 2952 5076 eo
2984 5023 3204 5076 facilius
3235 5020 3526 5086 faciebant,
3559 5035 3660 5089 quo
3691 5011 3827 5079 majo-

2271 5136 2359 5173 res
2400 5122 2582 5186 erant,
2625 5119 2921 5188 majusque
2967 5117 3066 5170 toti
3109 5115 3322 5168 mundo
3363 5113 3669 5168 inferebant
3704 5101 3829 5160 detri-

2271 5219 2529 5267 mentum
2568 5214 2874 5281 (Disscrtut.
2917 5214 2973 5263 in
3017 5211 3218 5264 Arnob.
3262 5226 3386 5278 cap.
3420 5210 3470 5273 -'i,
3507 5211 3602 5259 art.
3643 5209 3655 5256 t
3687 5211 3826 5267 seqq-i

2273 5311 2325 5360 in.
2377 5308 2597 5361 Tertull.
2641 5324 2765 5377 cap.
2825 5308 2852 5358 1
2906 5304 3108 5375 seqq).
3157 5309 3222 5358 At
3264 5319 3432 5373 quam
3482 5300 3626 5354 smvis
3659 5301 3706 5348 et
3739 5288 3824 5344 exi-

2273 5402 2494 5454 tialibus
2547 5399 2710 5454 bellis
2758 5403 3072 5454 ltomanum
3113 5397 3416 5467 imperium
3469 5402 3593 5447 tunc
3645 5384 3822 5444 arserit:

2270 5495 2402 5548 hinc
2453 5494 2691 5564 conjiee,
2747 5493 2896 5563 quod
2943 5491 3144 5544 Decius
3192 5496 3316 5560 post
3363 5505 3512 5543 suam
3555 5503 3582 5538 a
3619 5479 3823 5547 Philippo

2270 5595 2608 5658 imperatore
2652 5587 3046 5652 defectionem,
3093 5591 3148 5640 et
3187 5586 3395 5638 bellum
3435 5581 3600 5644 civile,
3638 5576 3710 5628 vix
3743 5577 3821 5622 ter-

2270 5683 2412 5736 tium
2443 5683 2667 5754 imperii
2693 5682 2777 5736 sui
2801 5699 3015 5736 annum
3047 5681 3354 5750 inceperat,
3377 5675 3584 5748 quando
3603 5687 3630 5723 a
3649 5665 3814 5723 Gothis.

2272 5779 2333 5830 ut
2360 5776 2494 5829 alibi
2521 5777 2790 5846 dicemus,
2815 5774 3034 5846 ingenti
3061 5773 3259 5846 praelio
3282 5773 3471 5836 victus,
3493 5758 3811 5823 miserandum
