4082 6194
232 138 367 193 1069

1257 141 1320 198 D.
1366 142 1642 201 NlCOLAl
1682 144 1768 202 LE
1804 145 2080 203 NOURRY
2116 145 2563 205 DISSERTATIO.

3430 142 3566 208 1070

228 261 290 316 in
323 261 559 318 modum
590 277 722 317 cum
752 263 930 319 tribus
961 264 1091 320 filiis
1122 266 1236 322 suis
1274 268 1466 339 Decio,
1508 272 1762 338 Etrusco,
1798 275 1855 325 et
1875 286 1934 360 Α
1955 271 2300 327 horrendam
2328 271 2481 327 illius
2505 271 2641 339 vim,
2673 274 2731 327 et
2754 271 3147 328 intolerandus
3174 276 3578 345 aegrotantium

231 354 470 425 Trajano
497 354 831 411 interfectus
869 363 973 412 est.
1008 359 1193 413 Gallu‘s
1234 377 1368 416 vero
1416 379 1705 419 successor
1732 364 1855 434 ejus

231 447 449 502 decimo
470 452 666 503 octavo
690 450 855 521 regni
885 451 975 505 sui
1004 467 1204 508 mense
1235 461 1436 511 contra
1464 457 1855 526 .lEmilianum,

234 540 332 612 qui
362 541 419 596 in
449 542 757 613 imperium
786 543 1088 613 invaserat,
1116 551 1498 618 pugnaturus,
1519 567 1552 605 a
1581 550 1858 605 militibus

231 654 362 692 cum
409 640 628 711 collega
674 658 777 697 suo
825 642 1101 699 occiditur
1145 647 1387 712 (Dissert.
1424 650 1482 702 in
1527 650 1710 710 Cecil.,
1757 648 1856 702 lib.

232 737 300 791 de
321 738 482 792 Hort.
515 740 783 794 Persecut.
812 756 938 810 cap.
967 746 1019 811 7,
1049 746 1159 797 art.
1191 746 1259 812 t).
1299 745 1413 799 Nec
1464 744 1562 799 diu
1601 745 1857 801 IEmilia-

234 846 343 883 nus
390 830 648 886 criminis
693 832 778 887 sui
818 833 1031 903 potitus
1076 835 1282 905 fructu,
1314 841 1442 908 post
1480 844 1594 894 tres
1635 854 1861 895 menses

231 922 406 977 simili
434 930 620 980 morte
647 925 825 979 vitam
868 927 1070 982 ﬁnivit.
1114 929 1282 984 Plura
1318 930 1388 985 de
1435 931 1524 986 his
1568 932 1733 987 bellis
1758 935 1858 988 Zo-

236 1016 435 1083 simus,
465 1017 676 1089 aliique
721 1020 991 1076 Romanae
1040 1022 1294 1079 historiae
1332 1024 1633 1096 scriptores
1656 1026 1862 1082 litteris

235 1110 647 1166 mandaverunt
676 1113 896 1182 (Zosim.
918 1114 1017 1169 lib.
1050 1133 1065 1170 ι
1095 1119 1257 1184 Hist,
1287 1135 1348 1189 p.
1377 1119 1479 1173 643
1507 1135 1674 1190 seqq;
1699 1120 1858 1175 Oros.

236 1204 337 1258 lib.
371 1222 442 1260 vn
488 1207 631 1261 Hist.
663 1222 784 1277 cap.
811 1210 880 1262 2O
908 1224 1100 1280 seqq.;
1137 1212 1431 1282 Eutropa.,
1459 1212 1557 1267 lib.
1588 1229 1639 1267 Ix
1681 1217 1859 1277 Brev.,

236 1314 366 1369 pag.
405 1299 550 1367 t23).
1188 1322 1197 1340 ι

311 1392 615 1462 Eutropius
659 1409 790 1447 vero
833 1399 1030 1450 narrat
1073 1397 1215 1451 nihil
1260 1399 1629 1454 memorabile
1676 1399 1746 1455 ab
1775 1399 1864 1456 bis

234 1484 673 1556 imperatoribus
694 1491 942 1556 gestum,
961 1505 1275 1562 eorumque
1298 1508 1541 1563 regnum
1560 1509 1675 1548 non
1687 1494 1864 1548 aliun-

235 1576 304 1632 de
335 1578 664 1633 hominibus
710 1581 1003 1651 cognitum
1035 1583 1228 1651 fuisse,
1256 1602 1425 1656 quam
1457 1608 1485 1636 ‹‹
1518 1587 1860 1657 pestilentia,

1957 366 2179 420 dolores
2208 365 2357 420 hisce
2403 364 2663 436 depinxit
2700 366 2885 422 verbis
2925 383 2938 421 :
2990 387 3018 415 ‹‹
3060 368 3175 423 Hoc
3223 368 3375 440 quod
3425 386 3578 426 nunc

1956 459 2206 529 corporis
2250 458 2395 512 vires
2440 460 2654 516 solutus
2697 460 2756 514 in
2792 460 3015 516 fluxum
3061 465 3258 517 venter
3308 463 3581 533 evicerat,

1956 553 2110 625 quod
2139 552 2199 607 in
2224 552 2477 608 faucium
2505 553 2736 608 vulnera
2779 558 3085 625 conceptus
3128 556 3457 612 medullitus
3491 558 3576 629 ig-

1957 646 2045 700 nis
2083 648 2373 714 exzestuat,
2409 647 2563 717 quod
2607 646 2835 702 assiduo
2877 648 3095 704 vomitu
3130 649 3398 706 intestina
3445 668 3583 723 qua-

1958 738 2199 806 tiuntur,
2228 739 2379 810 quod
2403 739 2548 794 oculi
2593 739 2645 794 vi
2681 740 2972 811 sanguinis
3014 740 3395 813 inardescunt,
3427 744 3583 815 quod

1959 832 2342 904 quorumdam
2360 833 2450 887 vel
2469 833 2658 904 pedes,
2680 834 2770 887 vel
2801 834 3007 904 aliquae
3032 835 3426 903 membrorum
3454 853 3584 908 par-

1962 929 2048 979 tes
2070 925 2338 998 contagio
2365 925 2639 981 morbida:
2662 925 2982 997 putredinis
3006 930 3401 997 amputantur,
3437 929 3595 1000 quod

1962 1035 2071 1090 per
2083 1020 2335 1090 jacturas
2366 1024 2424 1074 et
2452 1020 2657 1075 damna
2684 1035 2993 1091 corporum
3032 1024 3440 1092 prorumpente
3473 1022 3601 1076 lan-

1962 1128 2166 1183 guore,
2194 1114 2286 1168 vel
2317 1113 2647 1169 debilitatur
2675 1113 2945 1181 incessus,
2978 1114 3065 1167 vel
3095 1113 3321 1169 auditus
3349 1114 3593 1169 obstrui-

1964 1210 2076 1274 tur,
2108 1208 2196 1261 vel
2246 1210 2493 1262 caecatur
2528 1206 2851 1278 adspectus,
2902 1206 2975 1261 ad
3013 1207 3420 1263 documentum
3462 1223 3599 1279 pro-

1963 1300 2086 1354 ficit
2131 1301 2267 1355 ﬁdei
2296 1301 2490 1372 (Cypr.
2530 1300 2629 1355 lib.
2673 1301 2739 1356 de
2777 1302 3070 1364 Mortalit.,
3106 1318 3162 1372 p.
3215 1301 3360 1372 162).
3390 1322 3417 1351 ››
3473 1303 3601 1357 Non
3682 1336 3687 1341 ι

1964 1397 2257 1452 immerito
2305 1396 2487 1467 igitur
2540 1397 2673 1467 jure
2731 1397 3030 1451 Eusebiani
3094 1398 3347 1453 chronici
3394 1402 3599 1454 auctor

1962 1486 2180 1557 (Chron.
2215 1486 2433 1548 Euseb.,
2462 1485 2533 1540 ad
2559 1502 2780 1539 annum
2828 1485 3033 1539 Christi
3074 1487 3216 1556 253),
3248 1490 3307 1540 et
3358 1488 3600 1541 Jornan-

1963 1580 2082 1647 des,
2128 1579 2201 1633 ad
2248 1578 2403 1633 hunc
2448 1577 2722 1649 Cypriani
2762 1577 2975 1632 librum
3024 1578 3314 1647 (Jornand.
3363 1580 3431 1633 de
3469 1580 3598 1634 Beb.

234 1672 522 1743 variisque
573 1650 803 1728 morbis;
852 1694 880 1724 »
938 1676 1102 1739 Quod
1141 1650 1377 1748 quid-em
1432 1682 1491 1734 et
1519 1650 1605 1734 ab
1660 1650 1857 1736 Orosio
1882 1650 1938 1721 B
1962 1674 2158 1735 Getic.,
2190 1688 2311 1742 cap.
2345 1672 2455 1743 19),
2480 1676 2650 1742 atque
2677 1671 2750 1725 ad
2778 1671 3011 1726 citatam
3054 1670 3306 1746 Dionysii
3352 1672 3594 1727 Alexan-

234 1764 640 1820 conﬁrmatum
681 1767 924 1837 legimus
971 1769 1149 1838 (Oros.
1194 1770 1303 1825 loc.
1338 1772 1436 1826 cit.
1472 1789 1597 1843 cap.
1627 1773 1739 1841 2t).
1783 1775 1858 1828 De

233 1864 478 1929 utraque
532 1859 632 1914 illa
691 1860 913 1930 publica
964 1852 1293 1918 calamitate
1343 1864 1466 1919 haec
1512 1866 1681 1935 paulo
1725 1871 1859 1920 ante

231 1951 434 2005 citatus
497 1968 531 2006 a
597 1952 761 2006 nobis
823 1955 1079 2009 Zosimus
1153 1958 1446 2011 memorire
1521 1958 1780 2029 prodidit
1843 1975 1856 2012 :

231 2043 339 2107 Οὐχ
423 2042 559 2103 ἧττον
639 2046 690 2093 δὲ
770 2045 854 2094 τοῦ
927 2048 1218 2112 πανταχόθεν
1300 2049 1637 2114 ἐπιϐρύσαντος
1712 2051 1860 2099 πολέ-

235 2145 349 2190 μου,
402 2130 483 2177 καὶ
533 2131 559 2177 ὁ
614 2131 777 2195 λοιμὸς
820 2131 988 2181 πόλεσί
1043 2150 1093 2182 τε
1138 2134 1221 2182 καὶ
1279 2134 1463 2197 κώμαις
1512 2135 1859 2198 ἐπιγενόμενος,

230 2215 275 2262 εἴ
356 2231 402 2262 τι
478 2216 777 2280 λελειμμένον
858 2216 914 2276 ἤν
995 2218 1280 2282 ἀνθρωπειον
1357 2220 1507 2281 γένος,
1591 2220 1859 2283 διέφθειρεν,

232 2299 370 2346 οὔπω
460 2299 682 2365 πρότερον
769 2300 816 2348 ἐν
902 2307 1000 2357 τοῖς
1080 2303 1285 2365 φθάσασι
1362 2304 1549 2368 χρόνοις
1627 2307 1861 2363 τοσαῦτην

231 2382 490 2448 ἀνθρώπων
546 2385 782 2433 ἀπώλειαν
846 2386 1163 2450 ἐργασάμενος
1253 2391 1476 2459 (Zosim.
1558 2390 1667 2445 loc.
1762 2392 1857 2444 cit.

231 2494 288 2548 p.
321 2478 445 2547 644)
477 2495 490 2532 :
526 2499 553 2525 ο(
596 2480 707 2533 Nec
754 2480 942 2534 minus
980 2480 1146 2549 bello,
1190 2483 1341 2554 quod
1381 2484 1629 2555 undique
1676 2489 1858 2539 scatu-

232 2570 435 2626 riendo
461 2572 617 2626 velut
645 2577 975 2641 emerserat,
1005 2575 1126 2629 lues
1153 2576 1323 2630 etiam
1354 2577 1620 2647 pestilens
1658 2577 1717 2631 in
1765 2594 1863 2649 op-

231 2664 382 2735 pidis
409 2669 579 2736 atque
613 2664 742 2719 vicis
782 2666 1100 2737 subsecuta,
1130 2668 1406 2741 quidquid
1458 2675 1577 2725 erat
1623 2670 1862 2725 humani

232 2757 463 2829 generis
520 2758 805 2830 reliquum
851 2760 1199 2832 absumpsit,
1258 2768 1310 2816 et
1364 2779 1656 2835 nunquam
1704 2770 1857 2819 certo

232 2851 624 2922 superioribus
651 2869 717 2906 ea
742 2853 958 2908 saeculis
1004 2858 1223 2909 tantam
1268 2856 1571 2911 hominum
1612 2863 1863 2929 stragem

234 2944 513 3000 ediderat.
546 2964 575 2996 »

300 3039 485 3103 Quam
518 3041 711 3093 autem
745 3039 869 3093 haec
901 3055 1034 3095 vera
1063 3041 1197 3111 sint,
1224 3059 1288 3096 ac
1317 3058 1489 3114 quam
1517 3042 1628 3096 late
1657 3060 1864 3115 propa-
1884 3014 1939 3088 Ο

1959 1766 2112 1821 drini
2158 1766 2459 1836 epistolam
2505 1781 2608 1819 nos
2646 1764 2905 1830 mittunt,
2950 1768 3011 1818 ut
3062 1765 3365 1833 discamus,
3417 1781 3595 1836 quam

1959 1861 2103 1927 dira,
2132 1862 2189 1914 et
2226 1859 2513 1914 horrenda
2540 1859 2720 1929 pestis
2767 1858 2865 1912 illa
2909 1858 3103 1913 fuerit.
3136 1860 3199 1914 In
3236 1858 3345 1912 hoc
3395 1862 3594 1913 autem

1958 1948 2245 2019 Cypriani,
2276 1949 2347 2002 de
2373 1965 2485 2019 quo
2538 1948 2917 2019 disputamus,
2949 1947 3094 2002 libro
3122 1948 3191 2002 de
3218 1947 3333 2014 illa,
3361 1952 3419 2002 et
3472 1948 3598 2002 aliis

1960 2042 2383 2096 calamitatibus
2410 2046 2532 2096 tum
2563 2042 2803 2096 obortis:
2835 2062 2864 2089 «
2896 2040 3183 2110 Crebrius,
3215 2040 3421 2112 inquit,
3439 2040 3589 2095 bella

1963 2135 2322 2202 continuant,
2350 2136 2615 2189 sterilitas
2646 2139 2703 2190 et
2724 2136 2904 2189 fames
2934 2133 3371 2189 sollicitudinem
3403 2150 3599 2189 cumu-

1963 2228 2104 2295 lant,
2134 2228 2493 2282 srevientibus
2522 2228 2736 2283 morbis
2760 2228 3027 2283 valetudo
3047 2228 3355 2299 frangitur,
3391 2228 3595 2283 huma-

1961 2338 2101 2377 num
2130 2339 2311 2392 genus
2347 2322 2455 2376 luis
2484 2322 2861 2393 populatione
2892 2322 3345 2392 vastatur(Ibid.,
3377 2322 3476 2376 lib.
3515 2321 3591 2376 ad

1962 2419 2216 2477 Demelr.,
2250 2433 2303 2485 p.
2339 2416 2481 2484 187).
2520 2437 2548 2464 ››
2593 2416 2763 2470 Paulo
2799 2418 2990 2469 autem
3022 2414 3286 2486 superius
3326 2414 3548 2470 dixerat
3582 2432 3595 2469 :

1967 2528 1995 2557 ‹‹
2037 2508 2240 2562 Deficit
2266 2508 2327 2562 in
2352 2509 2503 2579 agris
2535 2508 2981 2579 (manuscriptus
3023 2507 3202 2562 codex
3234 2506 3597 2562 Colbertinus

1964 2602 2258 2672 antiquior
2291 2602 2372 2672 (in
2402 2602 2568 2671 arvis)
2597 2601 2872 2671 agricola,
2900 2601 2959 2655 in
3005 2601 3151 2655 mari
3198 2604 3396 2670 nauta,
3428 2600 3594 2656 miles

1963 2696 2024 2750 in
2055 2696 2252 2750 castris
2276 2695 2461 2766 (Ibid,
2502 2712 2560 2765 p.
2598 2697 2735 2766 186),
2767 2716 2794 2745 ››

2034 2790 2177 2845 Cum
2232 2788 2483 2843 mundus
2536 2787 2718 2858 igitur
2771 2787 2946 2842 tantis
2991 2787 3268 2855 cladibus,
3321 2790 3620 2859 tantaque.

1962 2882 2260 2937 hominum
2281 2897 2430 2952 pene
2472 2880 2731 2935 omnium
2770 2884 2957 2952 strage
3004 2884 3344 2951 vastaretur,
3373 2882 3585 2936 Deme-

1963 2975 2202 3042 trianus,
2265 2974 2476 3046 aliique
2532 2990 2675 3045 quos
2732 2973 2842 3028 sibi
2892 2973 3252 3044 adjuuxerat,
3312 2974 3481 3029 altius
3536 2991 3602 3029 ac

1966 3068 2147 3139 plenis
2173 3068 2365 3123 buccis
2409 3067 2843 3123 conclamarunt
2886 3068 3168 3123 mundum
3215 3083 3282 3123 ea
3319 3068 3601 3123 hactenus

234 3137 368 3231 gat?
396 3132 569 3231 fuerint
587 3132 819 3231 funesta
847 3134 937 3188 ma
964 3134 1158 3231 pestis,
1190 3140 1359 3231 ίεῗδίθδ
1395 3136 1865 3231 δξὼοτηιῖδίοωηί
1964 3132 2221 3215 inaudita
2250 3166 2433 3231 peste,
2456 3160 2700 3231 aliisque
2730 3159 2900 3215 famis
2926 3164 2984 3215 et
3010 3160 3145 3215 belli
3176 3159 3600 3215 calamitatibus

231 3226 488 3326 Brofécto
530 3225 640 3326 ὓ-ἀθ
680 3227 925 3326 Imbres
949 3270 979 3326 ’ν
1017 3227 1348 3326 ρίίῗξηδίυω
1392 3229 1863 3326 ΑῙθῖίῆΠάΓίηυων
1966 3254 2094 3309 ideo
2126 3225 2330 3325 afﬂigi,
2356 3225 2429 3308 ac
2448 3225 2811 3325 pene-totum
2834 3254 3102 3325 opprimi,
3130 3253 3266 3326 quia
3290 3252 3599 3308 Christiani

229 3319 503 3374 Ροηίίυῖη
547 3320 813 3391 Cypriani
862 3321 1042 3374 nostri
1077 3322 1410 3387 diaconum,
1448 3328 1506 3377 et
1555 3322 1865 3394 ίρευῖηωθι
1962 3344 2131 3397 falsos
2156 3319 2388 3398 illorum
2419 3319 2555 3397 deos
2590 3342 2773 3397 colere
2805 3319 3217 3397 detrectabant.
3256 3343 3591 3413 Cyprianus,

230 3413 610 3484 Cyprianum.
649 3413 868 3468 Primus
899 3414 1056 3469 enim
1101 3414 1158 3469 in
1202 3416 1453 3470 collectis
1505 3416 1575 3471 ab
1624 3417 1862 3472 Eusebio
1963 3415 2184 3509 itaque,
2250 3443 2311 3491 ut
2366 3453 2427 3490 os
2476 3435 2769 3507 impurum
2815 3435 3199 3505 Dememano’
3254 3436 3594 3507 cmterisque

232 3507 601 3578 epistolarum
634 3507 757 3578 ejus
780 3507 1121 3580 fragmentis
1150 3509 1271 3564 haec
1302 3510 1369 3565 de
1400 3516 1577 3581 peste,
1608 3528 1734 3582 quae
1762 3511 1864 3566 Ga-

230 3600 385 3656 lieno
436 3601 693 3671 proxime
752 3607 879 3672 post
927 3602 1148 3657 Gallum
1206 3603 1550 3675 imperante,
1599 3604 1859 3676 contigit,

226 3711 491 3752 narrasse
531 3694 871 3766 perhibetur
911 3697 1138 3767 (Euseb.
1182 3696 1279 3751 lib.
1312 3714 1379 3751 vn
1422 3700 1627 3752 Hister.
1656 3699 1859 3761 eccles.,

229 3806 356 3861 cap.
392 3790 479 3856 2'2,
508 3805 566 3861 p.
596 3790 699 3843 268
718 3790 891 3861 seq.).
918 3811 945 3839 ‹‹
970 3790 1133 3861 Lues,
1156 3790 1363 3863 inquit,
1387 3791 1643 3846 omnium
1672 3792 1864 3847 formi-

227 3882 611 3950 dolosissima,
642 3887 698 3937 et
737 3883 1256 3953 calamitosissima,
1292 3885 1544 3940 inaudito
1587 3885 1859 3941 hactenus

229 3977 408 4031 modo
436 3976 751 4047 plurimum
767 3979 823 4031 in
839 3979 1079 4049 gentiles
1094 3982 1345 4050 grassata
1358 3984 1459 4034 est.
1481 3979 1689 4034 Omnia
1704 3980 1862 4052 quip«

227 4087 303 4144 pe
319 4070 804 4125 lamentationum
821 4072 987 4143 plena
1003 4075 1182 4139 erant,
1199 4072 1697 4144 lugebantcuncti,
1714 4076 1770 4129 et
1788 4073 1860 4128 ob

226 4167 601 4222 mortuorum
626 4181 691 4219 ac
706 4164 957 4237 quotidie
973 4166 1346 4221 morientium
1358 4167 1658 4221 hominum
1670 4166 1860 4221 multi-

228 4259 500 4314 tudinem
526 4262 641 4313 tota
660 4258 794 4312 urbs
809 4258 1280 4314 circumsonabat.
1301 4260 1460 4313 Nulla
1472 4261 1641 4331 plane
1654 4260 1862 4316 domus

225 4354 376 4416 erat,
404 4350 462 4404 in
493 4367 608 4422 qua
635 4368 815 4407 unum
842 4352 911 4407 ad
939 4352 1129 4407 minus
1158 4353 1327 4408 funus
1358 4370 1471 4409 non
1500 4353 1696 4409 fuerit.
1722 4375 1749 4403 »

299 4442 495 4518 983
526 4445 757 4500 Pontius
788 4463 923 4502 vero
952 4447 1207 4502 oculatus
1244 4447 1404 4501 testis
1435 4447 1579 4502 hanc
1613 4450 1855 4519 pestem,

225 4556 294 4595 ac
325 4538 613 4594 terribiles
642 4540 765 4610 ejus
794 4540 1028 4596 effectus
1055 4541 1114 4595 in
1158 4541 1413 4612 ejusdem
1440 4541 1706 4614 Cypriani
1735 4542 1861 4597 Vita

226 4634 313 4688 sic
348 4632 624 4687 describit
659 4649 671 4688 :
702 4655 729 4683 «
778 4634 983 4706 Erupit
1020 4640 1149 4705 post
1186 4635 1421 4690 modum
1465 4636 1584 4690 lues
1629 4635 1772 4705 dira,
1804 4641 1860 4691 et

228 4726 589 4782 detestabilis
641 4726 877 4782 vastitas
923 4727 1122 4797 nimia,
1165 4728 1501 4785 innumeros
1552 4746 1657 4800 per
1704 4729 1859 4785 diem

224 4821 475 4894 populos
504 4839 535 4875 a
562 4838 665 4876 sua
714 4839 1000 4894 quemque
1043 4821 1175 4877 sede
1220 4823 1461 4894 abrupto
1504 4823 1727 4894 impetu
1764 4840 1858 4878 ra-

224 4916 420 4989 piens,
449 4915 813 4971 continuatas
844 4933 950 4987 per
996 4915 1260 4971 ordinem
1303 4916 1505 4972 domos
1539 4916 1696 4988 vulgi
1741 4922 1858 4972 tre-

223 5012 447 5069 mentis
510 5013 734 5068 invasit.
803 5015 1042 5069 Horrere
1106 5030 1339 5082 omnes,
1399 5014 1627 5085 fugere,
1679 5014 1859 5070 vitare

225 5110 586 5183 contagium,
636 5127 915 5183 exponere
975 5128 1107 5167 suos
1158 5111 1337 5183 impie
1387 5112 1545 5183 quasi
1589 5128 1720 5167 cum
1765 5112 1861 5167 illo

224 5215 393 5283 peste
420 5210 721 5278 morituro,
753 5210 929 5266 etiam
958 5214 1205 5265 mortem
1232 5209 1413 5281 ipsam
1443 5210 1649 5281 aliquis
1673 5214 1862 5283 posset

225 5307 553 5363 excludere.
584 5307 853 5363 Jacebaut
881 5308 1115 5362 interim
1155 5310 1271 5362 tota
1306 5307 1535 5362 civitate
1582 5324 1702 5363 non
1736 5308 1861 5379 jam

225 5420 505 5477 corpora,
535 5405 634 5459 sed
661 5404 933 5460 cadavera
971 5406 1353 5477 plurimorum
1398 5407 1579 5470 (Pont.
1623 5405 1685 5461 in
1731 5407 1863 5463 Vita

227 5504 428 5574 Cypra,
458 5520 517 5575 p.
550 5504 625 5573 5).
657 5527 685 5553 υ

307 5603 436 5674 Ipse
463 5608 655 5659 autem
681 5603 1000 5675 Cyprianus
1028 5603 1089 5659 in
1117 5620 1183 5659 eo
1219 5603 1386 5667 libro,
1413 5619 1583 5675 quem
1626 5603 1699 5659 ad
1723 5620 1861 5660 con-

236 5700 523 5761 solandos
570 5701 680 5760 hac
728 5702 787 5759 in
838 5701 1158 5760 calamitate
1216 5702 1569 5763 Christianos
1616 5701 1860 5778 scripsit,

1962 3531 2203 3585 ethnicis
2233 3530 2464 3585 tandem
2510 3529 2854 3596 occluderet,
2884 3532 3055 3600 atque
3092 3529 3163 3584 ad
3206 3529 3514 3599 saniorem,
3546 3527 3596 3584 si

1962 3623 2087 3678 fieri
2127 3629 2372 3695 poterat,
2404 3630 2657 3679 mentem
2700 3629 3009 3692 revocaret,
3049 3612 3276 3678 illbrum
3314 3622 3595 3693 querelas,

1961 3717 2319 3789 quantumvis
2348 3717 2640 3785 absurdas,
2668 3717 2777 3772 hoc
2803 3716 3051 3788 publica,
3080 3716 3149 3770 de
3176 3731 3289 3786 quo
3333 3716 3587 3786 agimus,

1962 3812 2131 3881 libro,
2164 3811 2559 3883 reprimendas
2579 3809 2960 3866 necessarium
2990 3824 3110 3864 esse
3137 3808 3508 3863 existimavit.

2619 3952 2842 4007 CAPUT
2880 3953 2947 4007 ll.

1962 4076 2035 4129 De
2079 4071 2239 4141 hujus
2286 4070 2418 4123 libri
2457 4075 2794 4136 argumento,
2843 4074 3024 4132 actate,
3074 4067 3345 4124 codicibus
3391 4083 3585 4123 manu-

2140 4153 2377 4222 scriptis,
2400 4150 2742 4216 editionibus,
2774 4154 2825 4204 et
2854 4148 3216 4220 quorumdam
3239 4151 3402 4204 notis.

2503 4295 2802 4337 ARTICULUS
2840 4295 3053 4337 PRIMUS.

1876 4395 1940 4469 D
1963 4393 2039 4447 De
2067 4390 2233 4469 hujus
2261 4389 2651 4469 lucubrationis
2665 4393 3002 4469 argumento.
3019 4392 3068 4443 et
3082 4392 3264 4469 utrum
3283 4386 3592 4459 Cyprianus

2032 4468 2224 4542 984
2253 4473 2493 4538 suscepto
2513 4467 2747 4522 vindicis
2773 4468 3098 4524 Christiana:
3113 4468 3393 4536 religionis
3412 4470 3589 4537 ofﬁcio

2028 4566 2137 4605 non
2160 4550 2337 4620 plene,
2366 4552 2503 4603 sicut
2540 4547 2818 4601 contendit
2861 4547 3204 4608 Lactantius,
3236 4548 3584 4614 satisfecerit.

2030 4669 2165 4731 Quae
2188 4665 2257 4720 de
2288 4664 2458 4735 hujus
2496 4662 2624 4718 libri
2667 4661 2946 4717 scribendi
2982 4660 3275 4717 occasione
3303 4664 3359 4717 et
3385 4678 3588 4719 neces-

1960 4760 2126 4817 sitate
2166 4776 2300 4815 mox
2347 4757 2612 4825 diximus,
2656 4756 2780 4811 haec
2824 4755 3017 4826 palam
3072 4755 3336 4810 omnibus
3376 4756 3593 4812 faciunt

1962 4854 2254 4928 quodnam
2283 4853 2353 4908 sit
2385 4851 2537 4906 illius
2582 4852 3012 4920 argumentum.
3052 4851 3261 4906 Contra
3300 4850 3468 4905 falsas
3511 4850 3586 4905 si-

1961 4950 2192 5021 quidem
2223 4964 2287 5002 ac
2321 4944 2581 5018 publicas
2618 4942 2985 5011 Demetriani,
3012 4943 3368 5015 aliorumque
3402 4944 3593 4999 ethni-

1961 5058 2162 5099 corum
2188 5039 2621 5096 criminationes
2645 5036 2957 5109 Cyprianus
2982 5037 3042 5091 iu
3067 5037 3166 5091 illo
3192 5036 3590 5093 demonstran-

1963 5137 2101 5191 dum
2140 5133 2388 5205 suscepit
2436 5147 2802 5204 nequaquam
2847 5130 3221 5199 Christianos,
3277 5147 3481 5187 verum
3531 5134 3592 5187 et

1959 5230 2196 5285 unicum
2244 5229 2423 5283 Deum
2468 5225 2737 5294 colentes,
2784 5223 3078 5296 vitamque
3128 5228 3365 5297 agentes
3411 5226 3590 5298 piam,

1962 5331 2195 5395 castam,
2228 5330 2286 5381 et
2324 5324 2629 5380 criminum
2666 5328 2982 5395 expertem,
3010 5322 3111 5378 sed
3144 5324 3299 5395 ipsos
3348 5325 3595 5396 gentiles

1960 5422 2239 5477 falsorum
2281 5419 2519 5475 deorum
2550 5419 2814 5489 cultores,
2845 5434 2912 5473 ac
2943 5417 3333 5488 quorumlibet
3366 5417 3590 5490 gravis-

1961 5515 2239 5570 simorum
2303 5513 2615 5567 criminum
2678 5529 2842 5580 reos,
2910 5510 3270 5583 publicarum
3342 5510 3594 5567 cladium

1961 5620 2159 5664 revera
2190 5623 2312 5662 esse
2344 5623 2597 5662 causam.
2624 5606 2805 5662 Variis
2841 5608 3035 5662 autem
3082 5605 3136 5661 id
3190 5605 3397 5678 probat
3436 5603 3610 5660 ratio-

1962 5717 2106 5758 num
2127 5701 2463 5775 momentis,
2496 5716 2562 5759 ac
2593 5700 2852 5777 pluribus
2884 5714 3175 5756 sacrorum
3227 5702 3435 5761 Vatum
3471 5709 3624 5756 nos.
