4082 6194
556 191 683 258 4071

1441 199 1526 252 DE
1565 183 1782 255 maius
1823 199 1920 253 AD‘
1951 185 2364 256 DEMETRIAN.
2407 198 2492 254 ET
2528 197 2617 254 DE
2655 189 2827 255 mon
2869 195 3096 256 νΑΝιτ.

3709 208 3822 265 i072

541 331 764 382 trorum
814 323 1075 392 oraculis,
1124 323 1224 394 qui
1273 321 1461 378 divino
1513 324 1726 394 Spiritu
1777 324 1978 391 afﬂati,
2032 323 2160 378 illas
2182 327 2435 408 Aantea
2467 323 2783 396 divulgato,
2816 324 3335 380 demonstraverit?
3359 326 3518 396 Atqui
3557 327 3652 382 hoc
3689 332 3834 401 pluri-

539 436 657 474 non
708 420 896 473 solum
939 416 1339 488 praedixerant,
1382 417 1478 471 sed
1517 417 1637 472 fore
1687 418 1859 472 etiam
1904 420 1969 471 ut
2013 419 2160 472 Deus

539 512 924 582 omnipotens,
965 513 1021 565 et
1067 510 1425 581 aequissimus
1481 512 1757 566 scelerum
1815 511 2038 578 vindex,
2098 511 2167 564 de

539 605 820 676 improbis
865 610 920 660 et
929 613 942 673 ς
970 603 1161 676 impiis
1186 605 1296 659 illis
1326 603 1652 660 hominibus
1672 604 1888 660 debitas
1914 604 2168 676 aliquan-

536 699 608 753 do
637 715 836 769 poenas
862 702 1138 753 sumeret.

608 795 677 846 At
732 793 1062 846 Lactantius
1115 792 1277 846 sicuti
1328 808 1428 847 suo
1483 793 1604 847 loco
1659 790 2168 846 animadvertimus

538 885 848 956 (Dissertat.
907 888 967 939 in
1019 888 1295 949 Lactant.,
1344 902 1466 956 cap.
1522 888 1575 953 3,
1628 889 1733 939 art.
1780 889 1851 955 2;
1911 885 2163 939 Lactant.

532 979 633 1034 lib.
668 996 700 1033 v
729 981 848 1034 Div.
894 981 1104 1048 Instat,
1135 995 1256 1050 cap.
1291 981 1340 1047 l,
1369 996 1428 1050 p.
1457 981 1560 1033 459
1601 985 1658 1033 et
1699 995 1820 1049 cap.
1853 982 1903 1045 5,
1932 995 1987 1049 p.
2018 978 2164 1047 471),

532 1088 652 1127 non
678 1073 852 1127 modo
882 1072 1080 1140 libere,
1113 1073 1210 1126 sed
1241 1071 1372 1126 satis
1401 1089 1598 1142 aspere
1622 1072 1967 1143 Cyprianum
2000 1088 2168 1142 prop-

533 1171 694 1221 terea
747 1167 1067 1237 redarguit,
1121 1166 1270 1237 quod
1314 1166 1760 1234 Demetrianum,
1801 1166 1889 1219 his
1942 1168 2166 1220 tantum

535 1260 761 1314 refellat
792 1265 848 1313 et
891 1265 1188 1330 oppugnet
1233 1258 1575 1313 testimoniis
1611 1275 1784 1313 sacrae
1837 1259 2162 1329 Scriptum,

532 1369 701 1424 quam
735 1353 961 1423 gentilis
993 1352 1087 1406 ille
1115 1353 1292 1406 homo
1327 1374 1353 1401 ‹‹
1381 1368 1608 1419 vanam,
1647 1353 1857 1420 ﬁctam,
1881 1368 2165 1406 commen-

531 1445 831 1515 titiamque
860 1445 1114 1516 putabat.
1147 1466 1174 1493 »
1204 1445 1592 1508 Quamobrem
1624 1445 1782 1500 haud
1827 1445 2166 1500 dubitanter

531 1538 733 1592 asserit
784 1538 946 1592 illum
1007 1538 1064 1592 in
1113 1555 1196 1601 ea,
1248 1539 1392 1593 sicut
1439 1539 1713 1611 loquitur,
1767 1540 2010 1594 oratione
2060 1555 2165 1594 nec

529 1631 715 1702 plane,
770 1648 876 1688 nec
938 1632 1046 1686 rite
1097 1635 1424 1702 susceptum
1481 1633 1788 1702 explevisse
1840 1631 2161 1686 defensoris

531 1723 866 1778 Christianae
933 1725 1232 1795 religionis
1313 1742 1542 1785 munus.
1601 1727 1721 1779 Non
1773 1725 1938 1780 aliter
1986 1725 2163 1796 igitur

522 1817 687 1872 illum
716 1818 971 1872 excusari
1010 1835 1172 1890 posse
1215 1818 1502 1890 opinatur,
1543 1819 1652 1872 nisi
1705 1819 1840 1890 quia
1883 1840 1910 1868 «
1961 1824 2160 1890 raptus

527 1910 734 1966 eximia
761 1911 1075 1966 eruditione
1101 1912 1423 1966 divinarum
1454 1913 1818 1979 Litterarum,
1838 1915 1904 1967 ut
1932 1911 1997 1966 iis
2018 1912 2149 1966 solis

527 2008 824 2060 contentus
857 2009 1022 2074 esset,
1053 2006 1258 2078 quibus
1288 2006 1430 2060 fides
1459 2011 1695 2059 constat.

599 2101 808 2153 Verum
853 2099 1072 2153 tametsi
1121 2100 1514 2154 Demetrianus
1552 2097 1811 2153 nefandis
1855 2098 2157 2168 gentilium

522 2193 1021 2264 superstitionibus
1087 2193 1516 2247 addictissimus
1587 2192 1799 2260 fuerit,
1872 2208 2158 2262 sacraeque

526 2287 834 2357 Scriptura:
914 2293 1122 2340 nostra:
1197 2287 1461 2356 rejecerit
1542 2285 1975 2355 auctoritatem,
2040 2301 2157 2339 non

522 2385 742 2434 temere
770 2386 967 2434 tamen
1008 2380 1323 2451 Cyprianus
1369 2383 1561 2434 noster
1587 2395 1724 2433 vera
1751 2379 1870 2448 ejus
1896 2378 2154 2433 testimo-

523 2474 620 2526 nia
663 2473 736 2527 ad
796 2473 1208 2544 pr0pulsandas
1256 2473 1479 2544 iniquas
1533 2472 1684 2526 illius
1735 2472 2156 2526 criminationes

525 2564 773 2620 adhibet.
808 2566 1080 2630 Quasdam
1123 2567 1278 2621 enim
1318 2566 1489 2635 huius
1533 2565 1662 2620 libri
1706 2565 1894 2632 initio,
1926 2581 1990 2618 ex
2029 2565 2157 2618 Pro-

520 2658 852 2713 verbiorum
889 2664 944 2714 et
990 2659 1251 2714 Matthzei
1308 2659 1470 2713 libris
1511 2660 1647 2713 citat
1691 2662 1995 2729 praecepta,
2025 2658 2152 2728 qui-

523 2752 629 2805 bus
674 2752 878 2806 insano
922 2752 1143 2806 homini
1191 2758 1247 2807 et
1293 2752 1501 2806 insulse
1547 2752 1772 2806 latranti
1813 2750 2154 2821 responderi

519 2845 880 2917 prohibetur.
899 2848 970 2900 At
995 2845 1152 2916 quid,
1171 2862 1382 2916 quaso,
1405 2845 1644 2916 impedit
1667 2845 1975 2915 quominus
2002 2845 2147 2910 haec,

521 2959 650 3014 qum
696 2948 865 2997 recta:
904 2943 1114 2997 rationi
1156 2943 1322 3012 plane
1374 2946 1753 2996 consentanea
1796 2946 1948 3010 sunt,
1982 2945 2041 2995 et
2081 2942 2150 2996 ab

523 3036 784 3091 omnibus
813 3053 963 3090 sanae
1007 3037 1216 3090 mentis
1252 3037 1582 3090 hominibus
1614 3036 1928 3106 observata,
1955 3041 2152 3090 contra

2267 418 2368 484 mi,
2401 421 2462 471 ut
2487 418 2636 472 infra
2665 418 2939 485 dicemus,
2965 419 3020 473 in
3052 418 3198 473 libro
3223 419 3289 473 de
3311 419 3566 474 Idolorum
3592 424 3832 492 Vanitate,

2269 511 2339 566 ab
2365 511 2489 582 ipso
2513 512 2724 566 factum
2754 515 2978 582 putant.

2337 605 2486 668 Quid
2524 605 2721 672 etiam,
2751 605 2905 676 quod
2947 605 3041 659 ille
3091 605 3151 659 in
3198 605 3306 660 isto
3344 604 3413 659 ad
3463 606 3833 665 Demetrianum

2265 699 2408 754 libro
2451 700 2742 771 praecipua
2777 699 3111 756 Christianm
3153 698 3446 769 religionis
3493 701 3556 754 de
3601 702 3745 757 unico
3792 709 3838 758 et

2265 809 2398 848 vero
2448 794 2585 859 Deo,
2631 809 2694 848 ac
2729 793 2947 847 Christo
2984 792 3225 846 Domino
3272 793 3597 847 documenta
3643 795 3836 865 quibus-

2267 886 2397 940 dam
2446 885 2652 958 probat
2677 886 2993 957 asseritque
3022 886 3212 956 petitis
3241 902 3274 940 a
3300 886 3517 940 ratione
3557 887 3663 941 sola
3701 904 3838 959 argu-

2267 980 2492 1046 mentis,
2523 980 2726 1050 quibus
2751 997 2871 1034 non
2899 980 3128 1050 penitus
3152 979 3419 1034 obcaecati
3459 980 3678 1050 gentiles
3703 985 3834 1051 pote-

2265 1077 2396 1127 rant
2455 1073 2720 1128 facillime
2785 1072 3088 1128 convinci?
3145 1074 3283 1127 Nam
3332 1075 3631 1143 utrumque
3691 1075 3827 1144 plane

2265 1167 2513 1221 ostendit
2539 1167 2890 1222 confessione
2920 1167 3150 1238 publica
3178 1166 3522 1234 daemonum,
3545 1184 3673 1237 quos
3689 1167 3835 1222 Chris-

2264 1259 2401 1314 tiani
2441 1261 2559 1316 solo
2609 1261 2868 1331 magistri
2904 1261 2989 1314 sui
3031 1260 3237 1318 Christi
3286 1260 3518 1314 nomine
3571 1260 3834 1330 adjuratos,

2264 1369 2330 1408 ex
2371 1353 2612 1408 obsessis
2653 1355 3036 1424 ipsorummet
3089 1353 3394 1425 gentilium
3429 1354 3732 1425 corporibus
3763 1354 3839 1424 eji-

2263 1447 2495 1502 ciebant
2521 1449 2706 1517 (Ibid.,
2737 1463 2868 1519 pag.
2903 1447 3052 1517 192).
3089 1447 3239 1501 Nihil
3273 1452 3485 1514 autem,
3517 1452 3573 1501 ut
3611 1446 3728 1501 alibi
3755 1463 3837 1502 nec

2264 1541 2444 1595 semel
2488 1541 2753 1609 vidimus,
2782 1541 2970 1612 potuit
2997 1541 3104 1595 hac
3151 1540 3486 1611 probatione
3516 1539 3724 1608 certius,
3746 1541 3834 1594 cla-

2261 1634 2494 1705 riusque
2522 1634 2768 1705 proferri
2798 1633 3044 1705 (Dissert.
3070 1636 3130 1688 in
3159 1636 3390 1700 Minut,
3425 1648 3547 1704 cap.
3574 1636 3624 1701 2,
3652 1638 3745 1686 art.
3781 1635 3834 1701 3;

2262 1732 2401 1783 etin
2431 1730 2704 1791 Lactant,
2727 1744 2848 1798 cap.
2883 1731 2934 1796 9,
2973 1731 3081 1782 art.
3102 1731 3135 1781 2
3165 1743 3178 1794 ;
3210 1730 3346 1782 etin
3377 1727 3615 1796 Tertull.,
3645 1731 3838 1797 cap.lO,

2262 1827 2367 1876 art.
2404 1823 2478 1890 7).

2329 1915 2582 1986 Denique
2614 1914 3070 1983 Demetrianum,
3103 1913 3200 1984 qui
3224 1913 3583 1981 jChristianos
3626 1913 3840 1984 publica-

2258 2025 2386 2062 rum
2417 2009 2801 2063 calamitatum
2827 2024 3053 2062 causam
3077 2023 3201 2062 esse
3232 2007 3540 2078 garriebat,
3561 2006 3681 2060 hinc
3700 2006 3837 2060 etiam

2258 2102 2496 2168 refellit;
2529 2103 2660 2174 quia
2687 2102 2776 2156 has
2804 2101 2864 2155 in
2894 2101 3299 2156 sceleratorum
3327 2100 3626 2154 hominum
3651 2115 3837 2169 poenam

2257 2195 2618 2266 infliguntur.
2671 2195 2840 2266 Atqui
2886 2195 2992 2249 hoc
3047 2195 3141 2248 ille
3191 2195 3249 2248 in
3294 2195 3441 2249 libro
3488 2193 3838 2248 manifestissi-

2257 2306 2414 2343 mum
2446 2290 2678 2343 cuilibet
2701 2289 2835 2344 fecit
2863 2292 2982 2342 tam
3014 2291 3306 2358 corruptos
3335 2287 3510 2342 fuisse
3556 2286 3836 2358 gentilium,

2259 2398 2432 2453 quam
2502 2389 2703 2449 castos,
2758 2387 3093 2454 sanctosque
3159 2382 3606 2436 Christianorum
3668 2396 3836 2434 mores.

2256 2478 2428 2530 Recte
2481 2477 2656 2546 igitur
2701 2475 2835 2530 inde
2895 2475 3184 2530 concludit
3239 2492 3354 2530 non
3395 2475 3466 2529 ab
3517 2475 3602 2529 his
3649 2473 3839 2545 quidem

2253 2570 2605 2638 Christianis,
2635 2570 2734 2624 sed
2760 2570 2828 2622 ab
2860 2570 3117 2640 ipsismet
3140 2568 3452 2640 gentilibus
3483 2569 3581 2622 has
3611 2567 3663 2621 in
3694 2582 3833 2620 mun-

2256 2663 2392 2716 dum
2425 2663 2699 2717 concitari
2739 2662 3114 2729 calamitates,
3146 2662 3352 2733 quibus
3401 2663 3548 2716 Deus
3585 2658 3837 2730 improbos

2253 2755 2516 2810 homines
2547 2772 2647 2827 pro
2680 2757 2884 2810 merito
2915 2756 3173 2827 castigat,
3198 2756 3488 2810 bonorum
3516 2770 3642 2808 vero
3667 2752 3840 2823 probat

2253 2851 2543 2905 virtutem.
2592 2854 2660 2906 At
2703 2851 2814 2904 tria
2863 2850 2986 2904 haec
3043 2849 3227 2920 capita
3279 2865 3388 2903 nec
3443 2850 3608 2919 plura
3657 2847 3710 2900 in
3756 2846 3840 2898 hoc

2251 2943 2396 2997 libro
2459 2943 2683 3014 agenda
2748 2943 2852 2996 sibi
2913 2949 3310 3014 proposuerat.
3364 2945 3631 3012 Suscepto
3697 2939 3839 3008 igitur

2252 3037 2589 3092 Christianae
2616 3037 2907 3108 religionis
2954 3037 3025 3091 ab
3073 3036 3309 3106 objectis
3358 3053 3395 3090 a
3435 3033 3773 3089 Demetriano
3798 3035 3839 3085 et

520 3131 1025 3202 quemlibetetiam
1052 3130 1574 3200 pertinacissimum
1604 3130 1876 3200 gentilem
1905 3129 2147 3200 proferri
2171 3113 2225 3187 C
2251 3131 2370 3184 aliis
2409 3131 2718 3201 gentilibus
2765 3130 3065 3184 calumniis
3097 3129 3460 3184 vindicandae
3500 3127 3681 3184 ofﬁcio
3715 3129 3836 3179 recte

519 3223 785 3294 possint?
814 3223 937 3277 Alia
962 3223 1130 3277 etiam
1159 3224 1329 3294 longe
1372 3224 1540 3294 plura
1567 3223 1766 3277 retulit
1795 3223 2144 3290 testimonia,

519 3317 726 3388 quibus
763 3315 1003 3387 publica:
1048 3317 1182 3386 illae,
1213 3317 1282 3370 de
1325 3317 1536 3387 quibus
1580 3317 1791 3370 ethnici
1836 3332 2147 3386 conquere-

517 3411 748 3480 bantur,
795 3411 1002 3476 clades,
1035 3427 1068 3464 a
1117 3411 1286 3464 sacris
1333 3410 1544 3465 nostris
1588 3410 1835 3476 Vatibus,
1865 3410 2144 3480 quemad-

517 3504 755 3559 modum
810 3504 1079 3573 diximus,
1122 3503 1517 3574 praanuntiatse
1559 3503 1806 3558 fuerant.
1859 3504 1966 3560 Sed
2016 3521 2145 3558 cum

516 3597 814 3669 perspicue
872 3598 1230 3652 demonstret
1287 3597 1454 3652 hasce
1517 3597 1915 3669 praedictiones
1977 3614 2144 3652 suum

517 3691 742 3746 sortitas
774 3709 899 3746 esse
947 3691 1230 3758 effectum,
1265 3709 1459 3747 nonne
1500 3708 1564 3745 ex
1598 3692 1666 3746 iis
1703 3709 1818 3746 non
1842 3691 2144 3746 inﬁrmum

518 3787 770 3859 profecto
800 3786 962 3841 duxit
988 3789 1185 3841 contra
1217 3786 1472 3842 ethnicos
1494 3791 1900 3858 argumentum
1922 3787 1950 3840 ‘?

587 3881 672 3936 Ad
723 3881 845 3935 haec
882 3897 1034 3949 vero,
1083 3880 1484 3936 Demetrianus
1516 3880 1722 3952 saepius
1767 3880 2141 3952 Cyprianum,

517 3975 684 4030 sicuti
710 3976 830 4045 ipse
861 3974 1092 4042 fatetur,
1124 3979 1182 4029 et
1204 3975 1330 4045 jam
1359 3975 2142 4042 annotavimus,convenerat,

519 4076 725 4125 utcum
745 4085 811 4124 eo
834 4069 904 4123 de
925 4085 1023 4122 sua
1042 4068 1148 4123 hac
1169 4069 1489 4124 Christiana
1508 4068 1787 4139 religione
1805 4069 2141 4139 disputaret.

521 4163 792 4228 Quamvis
838 4166 1029 4217 autem
1067 4163 1226 4216 illum
1260 4166 1453 4232 utpote
1497 4162 1917 4233 ineptissimum
1959 4179 2142 4233 nuga-

515 4264 722 4328 torem,
753 4274 816 4310 ac
841 4255 1190 4313 Christianos
1223 4257 1478 4311 omnium
1514 4255 1870 4326 publicarum
1914 4255 2142 4311 calami-

515 4359 701 4410 tatum
745 4356 1002 4407 auctores
1049 4353 1318 4406 essetam
1362 4350 1748 4422 pertinaciter,
1779 4367 1950 4421 quam
2000 4350 2143 4404 falso

517 4447 903 4502 clamitantem
934 4445 1199 4518 prudenti
1237 4445 1464 4499 silentio
1492 4445 1788 4515 spreverit,
1818 4461 1933 4499 non
1967 4443 2144 4498 tacuit

517 4539 708 4614 985
739 4545 932 4596 tamen
963 4557 1206 4612 semper.
1242 4541 1383 4593 Nam
1415 4560 1441 4588 ‹‹
1470 4539 1612 4607 hch,
1645 4538 1856 4610 inquit,
1883 4537 2140 4592 conside-

517 4653 654 4691 rans
681 4652 830 4706 saepe
853 4635 1098 4690 conticui
1130 4634 1414 4705 (Cyprian.
1445 4634 1520 4687 ad
1566 4636 1794 4688 Demetr.
1829 4649 1886 4702 p.
1919 4631 2063 4700 185).
2111 4651 2139 4681 ››

517 4730 694 4785 Audis
723 4729 956 4801 quidem
989 4745 1120 4783 eum
1163 4727 1453 4782 dicentem
1498 4742 1657 4796 saepe,
1691 4726 1786 4780 sed
1831 4742 1945 4780 non
1987 4741 2140 4779 sem-

516 4843 621 4898 per
647 4827 898 4880 conticui.
930 4823 985 4878 Si
1012 4839 1147 4894 ergo
1176 4821 1256 4875 illi
1286 4821 1591 4892 aliquando
1618 4819 1936 4891 respondit,
1954 4834 2143 4874 nonne

516 4927 642 4976 tum
675 4920 1066 4975 demonstrare
1112 4916 1300 4989 potuit
1338 4919 1550 4988 quanta
1593 4917 1664 4969 sit
1703 4913 1918 4969 Veteris
1960 4913 2144 4968 nostri

515 5013 865 5071 Testamenti
915 5013 1241 5080 auctoritas,
1275 5010 1428 5082 quod
1471 5027 1503 5064 a
1530 5008 1758 5078 Iudaeis,
1787 5007 2017 5063 tametsi
2062 5007 2143 5062 in-

517 5107 852 5166 tensissimis
888 5106 1094 5162 nostris
1141 5105 1417 5172 hostibus,
1449 5102 1871 5158 accuratissime
1913 5118 2144 5172 semper

520 5205 862 5261 custoditum
891 5201 1215 5274 accepimus
1233 5197 1260 5245 ‘?

591 5297 702 5354 Sed
739 5313 858 5362 cur,
907 5295 1153 5366 inquies,
1183 5292 1323 5348 illud
1367 5293 1423 5346 in
1454 5291 1680 5363 publico
1721 5307 1833 5346 non
1882 5288 2144 5362 probavit

521 5395 754 5466 scripto,
789 5390 945 5462 quod
976 5407 1092 5444 non
1130 5389 1315 5443 solum
1367 5385 1827 5454 Demetrianum,
1861 5385 1963 5440 sed
2001 5385 2144 5440 alios

523 5491 698 5546 etiam
733 5484 974 5558 gentiles
1001 5483 1122 5538 «ad
1147 5482 1384 5549 bonum,
1414 5499 1442 5534 )›
1478 5483 1543 5536 ut.
1567 5479 1686 5550 ipse
1717 5479 1816 5547 ait,
1848 5499 1876 5529 «
1905 5480 2143 5535 veritate

515 5583 842 5659 cogente,»
896 5579 1178 5634 adducere
1218 5575 1486 5632 volebat?
1533 5577 1739 5630 Verum
1781 5573 1938 5646 quid,
1981 5579 2141 5642 tunc,

507 5683 748 5740 obsecro
777 5681 854 5739 te,
885 5675 994 5729 hac
1020 5671 1364 5745 probatione
1410 5686 1552 5743 opus
1596 5674 1738 5739 erat,
1773 5669 1819 5723 si
1856 5668 1911 5723 id
1937 5668 1996 5722 in
2024 5668 2141 5740 pri-

498 5779 661 5844 vatis
711 5786 841 5829 cum
885 5769 1256 5828 Demetriano
1292 5764 1607 5842 colloquiis,
1640 5767 1696 5821 et
1721 5763 1829 5820 alio
1870 5763 1929 5818 in
1975 5761 2140 5834 libro,

2247 3224 2475 3278 functus
2503 3227 2604 3278 est.
2637 3225 2712 3277 De
2745 3223 2848 3277 hac
2878 3240 3045 3294 porro
3081 3223 3384 3290 Lactantii,
3422 3239 3535 3294 qua
3568 3238 3678 3276 non
3702 3217 3836 3273 modo

2246 3318 2611 3388 Cyprianum,
2656 3333 2854 3371 verum
2901 3317 3076 3370 etiam
3123 3316 3562 3379 Tertulliauum,
3607 3321 3658 3370 et
3693 3314 3834 3368 Minu-

2247 3411 2390 3464 tium
2440 3411 2683 3465 Felicem
2712 3409 2936 3464 vexavit
2966 3427 3227 3476 censura,
3268 3411 3494 3481 plenius
3510 3410 3581 3481 ,in
3606 3405 3829 3480 superio-

2247 3504 2403 3558 ribus
2451 3503 2949 3558 dissertationibus
3006 3504 3213 3558 nostris
3262 3503 3676 3575 disputavimus
3722 3500 3834 3568 (Dis-

2247 3602 2435 3653 sertat.
2466 3599 2522 3652 in
2553 3598 2806 3667 Tertull.,
2842 3614 2968 3669 cap.
2998 3600 3053 3666 2,
3089 3599 3201 3652 art.
3230 3598 3300 3664 4;
3339 3601 3399 3652 et
3425 3599 3484 3652 in
3513 3597 3721 3657 Minuta
3739 3607 3832 3662 cap.

2245 3695 2299 3759 2,
2332 3696 2438 3746 art.
2470 3694 2547 3760 2).

2318 3786 2603 3840 Caeterum
2646 3784 2972 3840 Lactantius
3002 3785 3224 3839 meritis
3264 3784 3537 3840 laudibus
3567 3799 3675 3838 non
3714 3780 3833 3836 frau-

2247 3879 2401 3933 davit
2446 3879 2818 3950 Cyprianum,
2848 3879 3008 3950 cujus
3050 3877 3350 3950 ingenium
3389 3884 3447 3933 et
3499 3873 3831 3950 eloquentiam

2245 3971 2402 4027 hisce
2428 3971 2613 4027 verbis
2642 3972 2913 4043 prmdicat
2945 3990 2957 4026 :
2999 3995 3025 4021 ‹‹
3058 3973 3214 4027 Unus
3244 3973 3571 4044 praecipuus
3602 3977 3656 4026 et
3685 3969 3832 4024 clarus

2245 4066 2463 4121 exstitit
2502 4067 2841 4137 Cyprianus,
2875 4065 3154 4138 quoniam
3185 4070 3244 4121 et
3285 4083 3564 4138 magnam
3609 4063 3706 4119 sibi
3741 4061 3831 4132 gloo

2244 4161 2386 4214 riam
2445 4177 2509 4214 ex
2559 4160 2696 4214 artis
2741 4160 3006 4215 oratorias
3051 4160 3407 4231 professione
3450 4159 3752 4232 quaesierat,
3789 4157 3832 4209 et

2243 4253 2551 4309 admodum
2604 4254 2784 4308 multa
2835 4253 3164 4325 conscripsit
3212 4255 3269 4308 in
3318 4271 3421 4309 suo
3472 4270 3698 4326 genere;
3743 4253 3831 4304 erat

2246 4349 2398 4403 enim
2427 4348 2662 4418 ingenio
2693 4347 2867 4417 facili,
2910 4347 3160 4420 copioso,
3191 4349 3371 4418 suavi,
3406 4355 3463 4404 et
3491 4365 3616 4421 quae
3656 4359 3830 4401 sermo-

2245 4442 2332 4496 nis
2360 4442 2616 4496 maxima
2653 4448 2738 4497 est
2773 4440 2972 4510 virtus,
3019 4446 3246 4513 aperto;
3290 4447 3356 4496 ut
3407 4441 3720 4497 discernere
3753 4452 3828 4491 ne-

2243 4553 2419 4606 queas
2461 4541 2731 4591 utrumne
2764 4535 3020 4591 ornatior
3061 4536 3119 4590 in
3151 4535 3494 4607 eloquendo,
3533 4552 3603 4590 an
3655 4529 3829 4588 facilior

2243 4628 2300 4684 in
2329 4629 2687 4701 explicando,
2712 4647 2782 4684 an
2811 4630 3098 4701 potentior
3141 4626 3332 4702 986
3371 4630 3434 4684 in
3480 4623 3827 4700 persuadendo

2240 4722 2415 4779 fuerit
2445 4725 2741 4796 (Lactant.,
2770 4723 2870 4778 lib.
2899 4740 2933 4776 v
2959 4725 3120 4778 Inst..
3156 4740 3282 4796 cap.
3314 4726 3368 4791 1,
3399 4739 3534 4795 pag.
3562 4722 3696 4791 459).
3722 4740 3745 4769 ››

2315 4819 2565 4872 Plurima
2607 4817 2716 4872 alia
2766 4817 2891 4889 ejus
2935 4816 3244 4888 praeconia,
3276 4834 3407 4888 qua:
3435 4817 3619 4872 omnis
3667 4810 3824 4868 aetatis.

2243 4928 2348 4966 nec
2400 4911 2590 4966 dubias
2640 4911 2793 4978 ﬁdei,
2849 4913 3154 4982 scriptores
3201 4912 3580 4966 sacratissimo
3630 4901 3826 4976 martyri

2243 5006 2586 5072 tribuerunt,
2633 5005 2726 5061 hic
2772 5007 3131 5062 accumulare
3171 5005 3509 5061 facillimum
3553 5006 3708 5060 esset.
3745 4995 3826 5054 Sed

2245 5099 2378 5170 quia
2409 5099 2697 5170 plerisque
2737 5100 3002 5154 omnibus
3044 5117 3283 5172 Operum
3331 5101 3484 5155 illius
3526 5092 3824 5156 editionibus

2243 5192 2536 5266 praemissa
2585 5195 2739 5264 sunt,
2791 5198 2982 5249 actum
3028 5195 3317 5266 agendum
3365 5211 3485 5250 esse
3536 5209 3646 5248 non
3690 5185 3821 5242 duxi-

2244 5305 2392 5343 mus.

2856 5375 3149 5419 ARTICULUS
3190 5376 3249 5416 ιῐ.

2745 5469 2818 5524 De
2849 5468 2980 5523 libri
3006 5469 3166 5538 hujus
3187 5473 3365 5525 astate.

2314 5581 2614 5636 Neminem
2653 5581 2910 5652 profecto
2959 5597 3078 5636 esse
3128 5585 3412 5652 putamus,
3442 5579 3536 5652 qui
3579 5579 3679 5646 his,
3712 5583 3816 5646 quas

2243 5677 2412 5747 paulo
2443 5679 2612 5731 antea
2639 5675 2710 5731 de
2741 5675 3027 5730 horrenda
3053 5676 3228 5748 pestis
3263 5675 3321 5730 in
3351 5674 3535 5730 Africa
3559 5668 3813 5728 vexatione

2242 5769 2560 5850 retulimus,
2590 5770 2821 5841 auditis,
2850 5771 2998 5826 ultro
3034 5786 3153 5827 non
3193 5770 3434 5827 fateatur
3457 5769 3602 5825 hunc
3638 5765 3809 5822 librum
