4082 6194
250 234 379 295 1073

1275 232 1339 291 D.
1378 233 1645 291 NlCOLAl
1682 231 1769 289 LE
1805 230 2079 290 NOURRY
2118 229 2571 289 DISSERTATIO.

3459 234 3596 293 1074

247 362 584 432 aCypriano
615 358 991 430 compositum
1039 357 1230 429 fuisse,
1275 376 1407 415 cum
1445 360 1541 414 illa
1591 358 1767 415 dirius
1812 358 1872 412 in
1896 356 2188 442 Ahabuit.
2243 356 2570 411 Valerianus
2621 373 2790 428 porro
2850 358 2909 413 in
2956 359 3075 429 ejus
3122 358 3311 415 locum
3366 360 3593 416 circiter

252 454 520 508 homines
568 459 939 523 grassaretur.
982 456 1055 507 At
1102 460 1299 508 exorta
1352 458 1436 508 est
1478 469 1628 507 anno
1668 453 1872 507 Christi

244 550 366 612 250,
398 563 463 601 ac
494 546 660 600 Decio
682 546 804 617 jam
852 546 1187 617 imperante.
1223 549 1327 601 Per
1354 547 1553 602 decem
1581 552 1776 600 autem
1813 549 1877 600 ut

250 640 439 693 minus
483 656 664 693 annos
708 638 805 693 illa
839 639 1070 693 durasse
1116 644 1404 706 narratur,
1449 641 1529 694 ita
1580 646 1770 693 tamen
1817 642 1875 692 ut

240 732 529 788 interdum
568 732 856 787 videretur
913 733 1183 787 imminui
1230 750 1293 787 ac
1340 733 1600 787 relaxari.
1656 736 1869 800 Quam-

242 826 436 881 obrem
466 842 579 880 non
612 826 747 880 inde
774 830 929 880 certo
951 826 1141 897 colligi
1160 831 1341 897 potest
1368 843 1480 898 quo
1509 826 1872 897 potissimum

241 924 497 991 tempore
527 919 616 973 hic
646 918 791 973 liber
824 918 1112 989 publicam
1141 919 1199 974 in
1240 920 1429 974 lucem
1480 919 1708 986 exierit,
1762 918 1872 972 nisi

247 1012 537 1082 majorem
563 1012 713 1067 illius
743 1011 1070 1065 violentiam
1093 1029 1222 1066 cum
1251 1012 1377 1067 aliis
1396 1012 1647 1067 rebusab
1669 1011 1871 1066 eodem

246 1106 531 1176 Cypriano
564 1105 735 1177 gestis
767 1110 823 1159 et
853 1105 1233 1174 pronuntiatis
1260 1122 1688 1175 componamus.
1730 1107 1871 1160 Con-

244 1202 351 1252 stat
376 1215 507 1253 vero
533 1204 657 1253 tum
692 1198 762 1253 ab
809 1198 908 1253 illo
961 1198 1309 1269 divulgatum
1346 1199 1535 1265 fuisse,
1574 1202 1872 1269 postquam

242 1291 669 1347 Demetrianum
708 1308 858 1362 stepe
898 1292 1107 1363 smpius
1136 1292 1289 1346 domi
1316 1308 1433 1346 sua:
1460 1292 1776 1357 audivisset,
1802 1292 1871 1346 de

241 1384 413 1455 pestis
472 1384 707 1456 aliisque
777 1384 1014 1455 publicis
1085 1385 1337 1438 cladibus
1404 1389 1866 1455 conquerentem.

244 1473 582 1543 Carthagine
628 1490 766 1543 ergo
799 1474 1146 1539 morabatur,
1186 1473 1285 1527 ubi
1333 1474 1755 1528 Demetrianum
1811 1473 1868 1525 in

241 1583 402 1621 suam
432 1566 662 1620 admisit
693 1566 948 1632 domum,
984 1567 1293 1637 minusque
1324 1566 1570 1621 timebat
1601 1570 1863 1637 tyranno-

235 1676 363 1714 rum
393 1660 450 1713 in
480 1660 825 1715 Christianos
847 1661 1098 1714 furorem
1140 1666 1195 1714 et
1214 1660 1686 1730 persecutionem.
1718 1662 1862 1715 Cum

1975 451 2297 520 Augustum
2325 466 2577 505 mensem
2612 452 2746 505 anni
2776 456 2876 507 253
2910 453 3196 521 sull'ectus,
3244 454 3472 525 imperii
3514 455 3601 509 sui

1974 544 2140 597 initio
2194 544 2542 598 Christianos
2604 544 2875 614 singulari
2929 547 3176 601 amicitia
3222 551 3277 602 et
3325 548 3599 602 charitate

1974 638 2306 707 complexus
2374 641 2477 705 est,
2526 638 2702 691 donec
2758 639 2859 691 sub
2909 639 3087 692 finem
3138 640 3271 694 anni
3322 644 3446 709 256,
3501 645 3600 694 aut

1974 729 2209 784 ineunte
2278 746 2429 784 anno
2494 731 2896 801 subsequente,
2937 749 3143 786 novam
3182 734 3481 788 concitavit
3543 734 3600 785 in

1975 821 2100 876 illos
2128 824 2604 893 persecutionem.
2638 824 2947 894 Cyprianus
2974 825 3164 895 itaque
3191 826 3329 879 illud
3370 830 3597 895 tempus

1972 916 2111 969 adeo
2164 920 2553 986 opportunum
2616 921 2833 983 nactus,
2882 918 3092 970 librum
3142 918 3291 972 hunc
3332 920 3598 972 adversus

1974 1010 2405 1064 Demetrianum
2434 1014 2489 1063 et
2515 1011 2656 1064 alios
2687 1011 2948 1081 gentiles,
2996 1016 3091 1065 aut
3117 1028 3311 1065 mense
3344 1015 3601 1082 Septem-

1970 1100 2058 1155 bri
2092 1103 2344 1171 ejusdem
2388 1104 2524 1157 anni
2573 1108 2695 1170 253,
2748 1105 3042 1174 autpaulo
3090 1109 3218 1175 post
3274 1105 3593 1177 divulgasse

1969 1196 2323 1251 verisimilius
2370 1196 2550 1250 videri
2594 1200 2797 1268 potest.
2856 1199 3000 1250 Tum
3049 1198 3329 1269 siquidem
3383 1202 3600 1269 potiori

1963 1294 2117 1364 jure,
2160 1310 2332 1365 quam
2364 1300 2493 1348 ante
2532 1294 2670 1347 Galli
2699 1300 2753 1348 et
2788 1294 3070 1349 Volusiani
3117 1302 3366 1350 mortem
3411 1298 3598 1354 dicere

1970 1389 2021 1442 ei
2046 1388 2203 1442 licuit
2250 1388 2437 1441 illatas
2482 1391 2677 1441 contra
2725 1388 2819 1457 jus
2869 1404 3036 1441 omne
3084 1388 3417 1444 Christianis
3455 1392 3599 1461 inju-

1969 1482 2081 1535 rias
2112 1498 2145 1533 a
2174 1497 2437 1551 supremo
2460 1480 2845 1550 etjustissimo
2890 1482 3003 1533 Deo
3036 1484 3210 1534 ruinis
3250 1498 3437 1550 regum
3471 1484 3593 1538 vin-

1972 1574 2183 1628 dicatas
2212 1574 2403 1628 fuisse.
2435 1573 2493 1627 Si
2521 1573 2645 1643 quis
2683 1577 2876 1627 tamen
2905 1573 3090 1627 adhuc
3129 1575 3435 1629 contendat
3475 1577 3598 1630 haec

1972 1668 2039 1721 de
2065 1667 2214 1722 Decii
2246 1672 2468 1721 tantum
2516 1670 2697 1720 morte
2744 1667 3118 1736 intelligenda
3165 1684 3306 1733 esse,
3353 1684 3415 1721 ac
3467 1669 3598 1721 vali-

235 1759 426 1808 autem
451 1753 653 1808 Decius
680 1753 783 1807 sub
833 1754 1002 1807 ﬁnem
1039 1754 1174 1807 anui
1224 1756 1345 1821 249,
1401 1754 1716 1823 imperator
1741 1754 1859 1806 filc-
1884 1738 1939 1809 Β
1963 1761 2216 1815 dioribus
2252 1759 2601 1829 argumentis
2647 1759 2701 1813 id
2738 1760 3080 1830 probaverit,
3129 1760 3401 1814 cedemus
3446 1762 3595 1817 illico

230 1850 338 1914 tus,
395 1863 597 1901 novam
648 1848 707 1901 in
753 1864 848 1902 eos
898 1847 1311 1914 concitavisset,
1361 1846 1682 1917 Cyprianus
1736 1848 1861 1899 Car-

236 1939 476 2011 thagine
519 1940 768 2007 secessit,
816 1941 1063 2011 illucque
1106 1957 1256 1995 anno
1302 1940 1674 2010 subsequente
1720 1939 1864 1992 circa

231 2049 494 2088 mensem
520 2033 777 2103 Aprilem
806 2033 997 2100 rediit,
1032 2050 1146 2104 quo
1176 2033 1377 2087 eadem
1421 2032 1744 2103 persecutio
1773 2048 1859 2085 se-

233 2127 367 2181 data
410 2143 531 2181 esse
572 2126 924 2197 perhibetur.
965 2128 1032 2181 Et
1069 2142 1201 2180 vero
1233 2142 1359 2197 qua:
1386 2126 1464 2180 ibi
1495 2125 1696 2179 habuit
1719 2141 1855 2179 con-

234 2221 382 2287 cilia,
413 2220 564 2275 hunc
594 2219 844 2291 primum
870 2220 991 2289 ejus
1023 2219 1269 2274 reditum
1316 2224 1446 2273 satis
1492 2223 1685 2289 aperte
1728 2236 1857 2289 pro-

232 2314 397 2368 bant.
433 2314 511 2367 lbi
532 2328 665 2367 vero
694 2314 967 2367 remansit
997 2314 1069 2367 ad
1106 2329 1325 2367 annum
1348 2329 1524 2383 usque
1564 2315 1689 2378 258,
1745 2328 1858 2382 quo

234 2408 408 2461 aliam
470 2408 695 2463 iterum
754 2407 1053 2462 declinavit
1107 2411 1446 2460 commotam
1490 2423 1522 2458 a
1570 2404 1860 2460 Valeriano

233 2502 578 2573 imperatore
635 2502 1107 2572 persecutionem,
1157 2516 1220 2554 ac
1276 2500 1447 2569 paulo
1482 2506 1609 2570 post
1654 2498 1859 2553 illustri

232 2594 509 2665 martyrio
539 2595 710 2649 vitam
748 2594 949 2649 ﬁnivit.
998 2594 1231 2648 Librum
1275 2592 1465 2664 itaque
1499 2592 1649 2646 hunc
1678 2592 1855 2662 scrip-

232 2690 304 2743 sit
353 2689 505 2743 intra
556 2704 772 2742 annum
810 2692 910 2742 252
961 2692 1015 2741 et
1041 2689 1163 2742 258.
1196 2688 1316 2741 Jam
1364 2689 1557 2739 autem
1609 2684 1857 2739 vidimus

230 2786 469 2848 tantam,
500 2786 774 2851 regnante
802 2780 975 2848 Gallo,
1009 2780 1181 2833 fuisse
1204 2779 1373 2850 pestis
1400 2777 1853 2848 morborumque

228 2876 365 2941 vim,
404 2878 464 2928 ut
489 2875 788 2945 scriptores
829 2873 1201 2928 testiﬁcentur
1242 2873 1375 2926 inde
1416 2871 1729 2937 dumtaxat,
1771 2871 1855 2925 uti

241 2969 512 3037 diximus,
540 2974 739 3022 notum
771 2983 889 3021 esse
926 2966 1072 3021 illius
1102 2966 1430 3036 imperium.
1466 2964 1635 3036 Atqui
1673 2964 1856 3019 Gallus

227 3068 361 3133 post
410 3061 559 3117 Decii
606 3060 964 3131 imperatoris
1018 3065 1264 3114 mortem
1315 3058 1386 3112 ab
1434 3058 1569 3111 anni
1608 3059 1704 3112 251
1742 3059 1855 3111 fine

1965 1857 2021 1907 et
2046 1854 2194 1907 illius
2222 1854 2477 1923 opinioni
2508 1852 2949 1907 subscrihemus.

2586 1961 2879 2001 ARTICULUS
2918 1961 2991 1999 III.

2216 2043 2293 2095 De
2319 2040 2483 2107 hujus
2511 2040 2640 2093 libri
2658 2040 3039 2107 manuscriptis
3066 2038 3335 2092 codicibus

2032 2134 2227 2188 Plures
2254 2150 2323 2187 ex
2349 2132 2525 2203 Regia
2555 2136 2611 2186 et
2646 2132 2969 2185 Colbertina
3006 2131 3351 2186 bibliotheca
3400 2133 3599 2188 habui-

1959 2243 2087 2281 mus
2118 2226 2288 2296 hujus
2330 2226 2457 2279 libri
2502 2225 2914 2294 manuscriptos
2961 2224 3205 2292 codices,
3254 2225 3409 2279 vario
3448 2231 3594 2280 tem-

1956 2337 2096 2390 pore
2129 2326 2186 2373 et
2212 2336 2244 2372 a
2272 2319 2439 2373 variis
2466 2317 2711 2371 librariis
2746 2320 3024 2384 exaratos,
3072 2335 3213 2388 quos
3252 2318 3405 2372 hunc
3441 2336 3598 2373 eum-

1961 2414 2089 2466 dem
2128 2413 2339 2466 librum
2384 2411 2786 2476 examinando,
2841 2426 2969 2463 cum
3019 2410 3187 2463 editis
3230 2412 3591 2466 contulimus.

1957 2506 2127 2560 Nobis
2153 2510 2344 2559 autem
2389 2505 2623 2575 primos,
2668 2503 2909 2574 jubente
2950 2503 3332 2557 illustrissimo
3382 2504 3588 2559 abbate

1954 2600 2192 2653 Tellerio
2239 2599 2308 2652 de
2364 2598 2626 2657 Louvois,
2684 2596 3070 2666 suppeditavit
3136 2597 3280 2649 alter
3329 2596 3591 2666 ejusdem

1956 2693 2150 2762 Regim
2200 2692 2565 2745 bibliothecas
2614 2696 2820 2757 custos,
2872 2688 3156 2742 Iohannes
3204 2688 3417 2755 Boivin,
3476 2706 3591 2742 non

1957 2786 2140 2839 solum
2163 2788 2368 2849 Graeca,
2400 2784 2499 2836 sed
2545 2782 2744 2836 Latina
2780 2781 2949 2834 etiam
3001 2781 3595 2845 eruditioneceleber-

1955 2878 2155 2931 rimus.
2210 2878 2366 2931 Alios
2416 2893 2547 2930 vero
2598 2874 2897 2929 nobiscum
2938 2874 3371 2928 communicavit
3398 2875 3482 2928 vir
3518 2876 3592 2931 cl.

1956 2972 2018 3026 D.
2052 2972 2278 3026 Carolus
2328 2970 2621 3024 Duchesne
2664 2968 2824 3022 solito
2868 2984 2971 3022 nec
3008 2968 3138 3021 satis
3180 2984 3438 3038 unquam
3479 2968 3594 3021 lau-

1964 3065 2148 3118 dando
2175 3063 2539 3117 illustrissimi
2583 3060 2798 3115 abbatis
2847 3060 3097 3115 Colberti
3146 3061 3360 3115 favore.
3403 3062 3591 3115 Unum

232 3113 359 3133 την
411 3113 557 3117 —-~—7
742 3113 780 3114 77
838 3113 844 3114 7
891 3113 896 3114 7
1094 3113 1100 3114 7
1187 3113 1192 3114 7
1910 3113 1933 3139 η,
1969 3113 2539 3118 -τ--τ
2588 3113 2683 3115 7777—
3004 3113 3012 3114 7
3067 3113 3072 3114 7
3153 3113 3199 3114 77
3253 3113 3260 3114 7
3321 3113 3354 3115 77
3413 3113 3432 3114 7

232 3172 410 3227 usque
430 3154 503 3209 ad
556 3156 658 3208 253
704 3152 978 3208 Romanis
1023 3152 1343 3222 imperaViL
1394 3151 1550 3205 Circa
1579 3166 1714 3221 ergo
1744 3151 1852 3204 hoc
1882 3115 1935 3186 (λ
1959 3162 2237 3229 ρι’ωὶεπθᾶ
2274 3156 2436 3211 nobis
2480 3153 2925 3209 subministravit
2966 3154 3235 3207 Dominus
3271 3153 3342 3207 de
3382 3153 3592 3223 Targni

227 3253 458 3321 tempus
484 3248 573 3302 hic
596 3248 662 3302 ad
694 3246 1117 3302 Demetrianum
1143 3246 1289 3300 liber
1318 3262 1351 3301 a
1377 3244 1657 3316 Cypriane
1683 3244 1854 3315 scrip-

230 3349 317 3398 tus
351 3342 505 3396 haud
532 3342 823 3396 immerito
850 3340 1089 3395 videtur.

296 3455 579 3522 Quamdiu
602 3471 731 3509 vero
760 3454 946 3508 Gallus
978 3452 1261 3523 regnavit,
1311 3451 1471 3505 illum
1519 3457 1845 3516 exaratam,

222 3554 322 3604 aut
351 3552 504 3603 certe
526 3549 958 3619 promulgatum
990 3564 1101 3601 non
1150 3546 1321 3600 fuisse
1362 3544 1495 3598 inde
1524 3544 1715 3614 colligi
1756 3561 1859 3614 p0-

222 3646 351 3707 test,
419 3642 575 3712 quod
622 3642 743 3712 ipse
792 3644 993 3695 auctor
1050 3644 1241 3694 noster
1309 3644 1594 3693 asseverat
1655 3640 1853 3703 Deum,

222 3736 617 3807 mquissimum
643 3736 921 3789 scelerum
968 3733 1273 3796 vindicem,
1314 3747 1634 3801 numquam
1687 3730 1855 3783 dimi-

220 3829 361 3882 sisse
391 3827 733 3898 impunitam
764 3829 1138 3897 tyrannorum
1170 3825 1227 3878 in
1266 3823 1618 3878 Christianos
1655 3822 1856 3878 crude-

220 3922 471 3975 litatem.
524 3941 551 3968 ‹‹
587 3921 749 3987 Nam,
816 3924 878 3973 ut
927 3918 1253 3984 memorias,
1302 3916 1507 3987 inquit,
1564 3920 1856 3969 taceamus

221 4014 511 4084 antiquas,
545 4019 599 4066 et
631 4012 877 4066 ultiones
904 4028 1004 4082 pro
1026 4010 1340 4066 cultoribus
1368 4010 1469 4063 Dei
1512 4026 1661 4080 saepe
1696 4025 1857 4079 repe-

222 4110 379 4175 titas,
418 4108 572 4161 nullo
609 4105 759 4159 vocis
804 4104 1091 4175 praeconio
1138 4104 1510 4168 revolvamus,
1540 4102 1841 4156 documen-

221 4209 352 4257 tum
386 4200 630 4255 recentis
659 4199 736 4253 rei
760 4199 894 4252 satis
921 4202 1023 4263 est,
1055 4197 1205 4267 quod
1234 4196 1313 4250 sic
1353 4196 1631 4264 celeriter,
1665 4193 1849 4265 quod-

219 4311 336 4367 que
365 4296 424 4348 in
466 4298 620 4348 tanta
652 4293 936 4347 celeritate
981 4292 1059 4345 sic
1086 4290 1375 4360 granditer
1427 4304 1611 4359 nuper
1654 4292 1845 4341 secuta

217 4388 476 4444 defensio
495 4391 580 4443 est
614 4386 791 4441 ruinis
819 4402 1043 4455 regum,
1070 4384 1305 4454 jacturis
1328 4399 1523 4453 opum,
1553 4380 1853 4451 diSpendio

1961 3251 2156 3305 doctor
2197 3250 2555 3315 Sorbonicus,
2603 3252 2661 3303 et
2690 3248 2867 3301 alium
2898 3253 3092 3301 nostra
3136 3248 3587 3317 Sangermanen-

1959 3344 2035 3397 sis
2063 3343 2389 3397 monasterii
2416 3343 2780 3396 bibliotheca.

2026 3437 2135 3491 Alii
2179 3436 2365 3491 adhuc
2396 3435 2625 3506 plurimi
2674 3436 2729 3488 in
2781 3434 2905 3488 aliis
2950 3435 3173 3487 exstant
3212 3432 3589 3499 bibliothecis,

1958 3548 2026 3586 ex
2054 3531 2259 3602 quibus
2288 3547 2464 3583 unum
2498 3546 2669 3599 supra
2700 3527 2902 3597 viginti
2944 3528 3266 3598 Stephanus
3314 3526 3589 3592 Baluzius,

1956 3635 2011 3682 et
2053 3628 2273 3697 scriptis
2321 3634 2377 3681 et
2402 3627 2721 3681 eruditione
2753 3625 3020 3679 omnibus
3050 3624 3397 3689 notissimus,
3429 3624 3593 3676 undi-

1956 3735 2066 3789 que
2094 3718 2353 3771 collectos
2392 3717 2465 3770 ad
2492 3714 2972 3779 concinnandam,
3004 3712 3591 3784 jamdudumsuscep-

1954 3821 2068 3869 tam
2113 3815 2371 3869 omnium
2430 3813 2695 3883 Cypriani
2743 3827 2980 3881 operum
3026 3809 3341 3863 editionem
3389 3824 3589 3861 recen-

1956 3910 2086 3975 suit,
2138 3914 2194 3961 et
2234 3924 2437 3961 eorum
2483 3906 2806 3975 catalogum
2848 3903 3139 3956 nobiscum
3167 3901 3591 3957 communicare

1956 4004 2224 4072 dignatus
2276 4006 2378 4053 est.
2428 4001 2489 4052 In
2531 3998 2640 4052 illis
2686 4003 2877 4052 autem
2920 4002 2977 4050 et
3032 3996 3156 4049 aliis
3223 3995 3593 4065 designandis

1955 4110 2264 4165 sequemur
2304 4092 2567 4147 ordinem
2595 4092 2797 4158 atatis,
2827 4108 2936 4162 qua
2964 4089 3171 4159 singuli
3215 4090 3430 4159 quique.
3462 4088 3594 4142 scri-

1955 4189 2036 4259 pti
2062 4188 2231 4241 fuisse
2264 4185 2628 4257 peritioribus
2658 4192 2713 4240 et
2743 4185 2849 4256 ipsi
2878 4184 3102 4238 Baluzio
3127 4182 3413 4237 videntur.

2030 4281 2249 4334 Primus
2282 4282 2480 4333 autem
2508 4278 2767 4332 omnium
2803 4277 3190 4331 nominandus
3226 4279 3311 4331 est
3355 4276 3593 4345 Seguie-

1954 4374 2165 4441 rianus,
2213 4374 2307 4443 qui
2358 4374 2492 4427 olim
2544 4373 2655 4426 fuit
2690 4371 3045 4425 bibliothecas
3084 4369 3450 4424 illustrissimi
3475 4370 3597 4424 Gal-

218 4482 492 4547 militum,
532 4480 913 4535 diminutione
958 4484 1274 4532 casu-opum
1302 4476 1583 4545 (Cyprian.
1635 4475 1706 4527 ad
1752 4476 1850 4527 De-
1871 4478 1928 4549 D
1954 4469 2161 4520 liarum
2194 4466 2527 4519 Cancellarii
2557 4465 2854 4535 Seguierii,
2882 4481 3031 4517 nunc
3060 4480 3193 4517 vero
3222 4462 3595 4517 illustrissimi

219 4578 355 4627 met.
409 4588 465 4641 p.
518 4570 657 4639 192).
687 4590 714 4618 ››
763 4568 1001 4635 Quidam
1047 4584 1177 4621 vero
1224 4564 1549 4619 existimant
1593 4563 1679 4616 his
1734 4579 1849 4616 ver-

219 4666 311 4720 bis
340 4663 881 4718 indicarifunestum
910 4661 1077 4725 Decii,
1099 4658 1283 4731 987
1322 4659 1683 4727 ﬁliorumque
1706 4657 1851 4725 ejus,

218 4758 325 4830 qui
367 4757 436 4811 ad
487 4755 933 4810 internecionem
986 4753 1177 4819 deleti,
1225 4751 1589 4822 spoliatisque
1647 4766 1851 4803 eorum

219 4851 445 4916 castris,
476 4854 534 4903 et
573 4848 752 4918 raptis
791 4847 1013 4917 opibus,
1054 4845 1454 4899 miserabiliter
1488 4842 1850 4897 interierunt.

218 4947 420 5014 Neque
452 4944 505 4997 id
535 4942 768 5013 quidem
793 4956 1096 5011 negamus,
1127 4938 1225 4993 sed
1253 4937 1599 4991 arbitramur
1638 4936 1853 5007 aliquid

233 5036 489 5107 amplius
532 5035 842 5107 designari.
895 5033 1128 5100 Quando
1175 5030 1326 5086 enim
1374 5031 1685 5101 Cyprianus
1736 5031 1855 5083 haec

219 5130 532 5196 scribebat,
578 5129 701 5183 lues
749 5145 863 5182 non
912 5126 1113 5181 saevius
1148 5141 1407 5195 unquam
1455 5127 1704 5193 grassata
1749 5128 1852 5187 est,

217 5242 339 5281 nec
358 5225 629 5294 majorem
670 5220 1166 5292 depopulationem
1188 5217 1512 5271 hominibus
1545 5217 1753 5271 intulit.
1784 5220 1856 5271 At

216 5318 391 5378 iilud,
445 5319 723 5387 regnante
772 5314 942 5382 Gallo,
989 5312 1241 5384 ejusdem
1294 5311 1450 5365 Decii
1504 5327 1850 5378 successore,

216 5410 542 5481 contigisse
599 5407 971 5463 ostendimus.
1035 5408 1085 5460 Is
1142 5407 1334 5459 autem
1390 5409 1519 5475 post
1570 5404 1854 5458 decimum

217 5508 497 5560 octavum
558 5502 725 5572 regni
778 5500 864 5555 sui
922 5515 1200 5566 mensem,
1251 5504 1307 5553 et
1351 5499 1688 5552 Volusianus
1734 5497 1855 5567 ejus

216 5598 399 5663 ﬁlius,
431 5612 601 5667 quem
646 5596 925 5651 Caesarem
977 5598 1284 5661 creaverat,
1345 5609 1377 5645 a
1415 5592 1529 5645 suis
1570 5591 1847 5646 militibus

1955 4561 2030 4614 du
2058 4559 2335 4614 Cambout
2360 4560 2429 4613 de
2457 4558 2686 4623 Coislin,
2712 4557 2971 4611 Metensis
3014 4556 3265 4611 ecclesiae
3312 4556 3592 4625 episc0pi,

1954 4655 2205 4709 Francia}
2255 4653 2416 4706 Ducis
2472 4656 2534 4706 et
2579 4652 2753 4717 Paris,
2798 4668 2862 4704 ac
2913 4650 3143 4720 Imperii
3176 4649 3462 4720 principis,
3498 4648 3595 4719 qui

1957 4747 2147 4820 988
2182 4748 2414 4818 quidem
2450 4746 2630 4799 codex
2660 4751 2790 4798 ante
2822 4744 2976 4797 mille
3002 4760 3181 4798 annos
3207 4743 3446 4813 scriptus
3474 4759 3595 4796 esse

1954 4843 2241 4896 asseritur.

2027 4936 2286 5005 Quinque
2312 4934 2405 4987 alii
2433 4932 2502 4986 ab
2526 4934 2690 4986 annis
2734 4930 3077 5001 octingentis
3127 4930 3338 4983 exarati
3383 4929 3591 4983 dium-

1956 5033 2070 5095 tur,
2104 5044 2352 5099 quorum
2404 5027 2622 5097 primus
2650 5029 2733 5080 est
2767 5026 3107 5092 Pithaaanus,
3154 5024 3435 5077 secundus
3474 5024 3597 5077 Col-

1956 5122 2232 5187 bertinus,
2297 5122 2498 5174 tertius
2537 5121 2593 5173 in
2641 5124 2834 5173 nostro
2887 5118 3061 5172 sancti
3117 5117 3304 5171 Albini
3344 5118 3599 5188 Andegac

1956 5216 2147 5268 vensis
2179 5215 2545 5282 monasterio,
2590 5218 2826 5284 quartus
2861 5212 2997 5265 olim
3043 5212 3100 5265 in
3145 5211 3369 5264 abbatia
3417 5211 3599 5264 sancti

1954 5308 2128 5364 Mauri
2162 5308 2529 5375 Fossatensis,
2559 5323 2709 5361 nunc
2736 5306 2791 5359 in
2830 5306 3126 5360 clarissimi
3174 5304 3277 5358 viri
3326 5303 3599 5375 Stephani

1958 5401 2201 5468 Baluzii,
2249 5400 2476 5471 quintus
2535 5400 2591 5453 in
2639 5399 2819 5453 sancti
2868 5399 3087 5453 Martini
3134 5398 3472 5453 Turonensis
3518 5396 3600 5449 bi-

1958 5494 2259 5550 bliothecis
2286 5494 2588 5548 habentur.

2026 5591 2160 5643 Tres
2205 5588 2298 5642 alii
2350 5604 2631 5641 annorum
2688 5590 2790 5642 700
2849 5587 2934 5641 vel
2975 5589 3077 5641 600
3123 5590 3349 5641 aetatem
3394 5580 3607 5653 praefe-

1957 5687 2113 5749 runt,
2140 5686 2197 5737 et
2226 5682 2442 5753 primus
2486 5681 2719 5752 quidem
2771 5681 3000 5753 Regius,
3050 5681 3195 5734 alter
3250 5676 3619 5747 BaluzianuS,

1959 5783 2014 5833 et
2059 5777 2255 5833 tertius
2323 5776 2667 5835 Tarniensis.
2722 5780 2842 5834 Duo
2906 5789 3190 5831 annorum
3263 5772 3411 5836 50ος
3472 5764 3636 5824 alter

216 5689 515 5748 interfecti
542 5694 692 5743 sunt.
736 5688 991 5743 Similem
1025 5703 1254 5759 quoque
1280 5685 1633 5752 .Emilianus,
1673 5685 1853 5756 impe-

218 5788 385 5842 rator
429 5790 553 5841 tum
610 5781 988 5851 renuntiatus,
1030 5784 1161 5854 post
1216 5785 1331 5836 tres
1374 5796 1596 5837 menses
1646 5784 1855 5835 sOrtem
