4082 6194
520 332 657 388 10⁸75

1399 325 1487 383 DE
1525 326 1740 383 LIBRIS
1775 326 1862 384 AD
1900 327 2311 386 DEMETRIAN.
2351 328 2438 385 ET
2475 328 2563 386 DE
2599 328 2773 387 lDOL.
2817 330 3039 388 V'ANIT.

3710 340 3827 397 1076

504 455 742 529 quidem
795 450 978 508 sancti
1017 450 1169 508 Petri
1218 451 1271 506 le
1324 450 1609 518 Moustier,
1657 456 1714 506 et
1761 452 1907 507 alter
1954 452 2132 507 beatas
2166 454 2403 541 Aprius
2454 471 2604 509 anno
2651 454 2917 509 videlicet
2970 457 3127 522 1616,
3187 453 3410 510 Parisiis
3464 472 3530 511 ex
3576 458 3830 517 Michaelis

503 548 690 606 Maria
736 546 807 602 de
854 545 1093 601 Ltetitia.
1146 544 1408 617 Quinque
1446 560 1731 600 annorum
1780 547 1883 601 400
1925 546 2145 616 primus

511 640 695 696 sancti
723 638 972 709 Remigii
1017 638 1330 707 Remensis,
1381 638 1660 693 secundus
1697 638 1986 707 Sorbonas,
2032 642 2146 694 ter-

512 733 627 789 tius
657 738 714 787 et
740 736 976 804 quartus
1012 732 1189 786 sancti
1239 731 1470 786 Victoris
1511 732 1859 800 Parisiensis,
1916 732 2149 803 quintus

507 825 802 883 clarissimi
839 825 1070 880 Domini
1105 825 1313 881 Bohier
1344 825 1701 880 Divionensis
1732 829 1965 880 senatus
2006 842 2148 897 pra:-

509 919 669 986 sidis,
709 921 903 974 sextus
958 919 1310 973 Baluzianus.
1361 919 1624 989 Quinque
1676 920 1905 974 tandem
1956 934 2144 973 anno-

508 1034 640 1073 rum
667 1020 768 1071 aut
795 1018 920 1082 300,
946 1020 1044 1070 aut
1071 1019 1176 1071 250
1204 1031 1218 1070 :
1249 1021 1306 1070 et
1352 1016 1464 1071 duo
1495 1016 1725 1086 quidem
1773 1017 1925 1087 regis
1969 1016 2149 1070 nostri

517 1108 1005 1177 Christianissimi,
1059 1109 1259 1163 tertius
1303 1109 1480 1163 sancti
1526 1109 1772 1180 Dionysii
1825 1109 2143 1179 Remensis,

520 1207 759 1274 quartus
797 1201 1368 1271 Gratianopolitanus,
1420 1200 1652 1272 quintus
1703 1202 1997 1256 clarissimi
2031 1204 2146 1257 Do-

510 1294 654 1350 mini
691 1294 761 1349 de
801 1293 1176 1365 Lamoignon,
1224 1297 1453 1349 senatus
1483 1293 1823 1349 'Parisiensis
1868 1295 2144 1365 praesidis,

508 1386 753 1445 infulati.

1126 1472 1421 1513 ARTICULUS
1461 1473 1533 1512 ιν.

928 1552 1004 1604 De
1023 1549 1184 1618 hujus
1215 1551 1343 1604 libri
1368 1551 1715 1606 editionibus.

577 1660 761 1725 Quam
802 1671 1009 1726 magna
1041 1655 1150 1709 fuit
1198 1655 1463 1725 Cvpriani
1490 1655 1562 1710 ob
1608 1656 1736 1711 vitae
1781 1656 2145 1712 sanctitatem

509 1767 574 1806 ac
624 1748 944 1804 doctrinam
981 1748 1157 1802 fama;
1208 1747 1534 1818 celebritas,
1596 1751 1712 1803 tam
1760 1749 2150 1820 multiplicatae

2247 549 2519 618 Chapelet
2556 548 2939 619 typographia
2979 548 3243 619 prodivit,
3286 566 3519 622 eamque
3558 554 3700 608 Pauli
3734 558 3829 610 Ma.

2246 641 2403 696 nucii
2442 644 2500 696 et
2537 642 2821 696 Guillelmi
2865 642 3096 697 Morellii
3139 643 3476 711 editionum,
3512 660 3573 699 ac
3611 648 3830 716 plurium

2247 736 2771 805 manuscriptorum
2799 751 2907 806 Ope
2938 736 3306 791 emendatam
3335 737 3706 795 testiﬁcantur.

2319 832 2486 886 Novis
2538 832 2803 903 deinceps
2847 832 2996 887 curis
3045 834 3213 888 aliam
3275 833 3484 905 publici
3533 835 3670 904 juris
3723 838 3834 893 fecit

2247 925 2524 995 Rigaltius
2560 926 2705 995 (Rm.
2753 928 3027 983 Observat.
3074 944 3205 999 pag.
3252 928 3395 998 170),
3430 944 3597 998 quam
3632 930 3830 1000 quidem

2245 1035 2278 1073 a
2342 1035 2402 1073 se
2468 1020 2817 1091 recognitum
2884 1021 3082 1075 asserit
3152 1022 3320 1075 variis
3399 1022 3750 1092 lectionibus,
3807 1042 3835 1079 a

2248 1112 2504 1167 Marcello
2549 1116 2593 1167 ΙΙ
2639 1130 2804 1184 papa,
2852 1119 2910 1167 et
2952 1114 3195 1169 Antonio
3246 1115 3561 1185 Augustino
3604 1117 3834 1189 episcopo

2248 1205 2495 1260 collectis
2524 1223 2591 1260 ex
2624 1207 2873 1277 optimis,
2910 1208 2995 1261 uti
3033 1208 3130 1274 ait,
3161 1209 3474 1263 Veronensi
3505 1215 3562 1263 et
3591 1211 3837 1265 Beneven-

2248 1304 2380 1353 tano
2416 1300 2855 1370 exemplaribus.
2885 1300 3123 1355 Monitos
3163 1307 3351 1355 autem
3397 1318 3497 1355 nos
3539 1318 3652 1357 esse
3686 1305 3837 1360 voluit

2248 1393 2353 1446 has
2394 1392 2681 1447 variantes
2730 1392 3003 1448 lectiones
3050 1411 3082 1447 a
3134 1410 3192 1448 se
3237 1395 3537 1466 decerptas
3586 1396 3741 1451 fuisse
3786 1414 3837 1452 ex

2248 1485 2513 1556 Cypriani
2540 1485 2849 1555 volumine,
2871 1485 2928 1540 in
2950 1503 3064 1558 quo
3086 1487 3209 1541 illas
3230 1488 3466 1542 Carolus
3488 1488 3555 1543 de
3579 1489 3837 1559 Montchal,

2249 1579 2578 1633 Tolosatum
2619 1579 3097 1650 archiepiscopus,
3139 1581 3373 1651 propria
3405 1598 3578 1636 manu
3617 1583 3836 1654 descrip-

2248 1677 2429 1739 serat,
2480 1671 2579 1726 sed
2629 1688 2838 1726 novum
2887 1674 3283 1728 tantummodo
3340 1673 3402 1728 in
3459 1675 3606 1728 hunc
3654 1675 3832 1730 librum

2255 1765 2504 1831 exhibet,
2545 1781 2614 1818 ex
2645 1765 2740 1818 illo
2774 1766 3076 1819 Vcronensi
3110 1766 3429 1837 decerptus.
3463 1768 3700 1822 Primum
3727 1785 3833 1823 vero

507 1847 642 1899 sunt
687 1845 937 1913 operum
993 1842 1114 1911 eius
1171 1840 1470 1895 θάίίίοηθδσ
1528 1842 1789 1896 Pluribus
1840 1848 2031 1898 amem
2084 1846 2371 1917 eii-Bhaac
2431 1857 2606 1911 editio
2662 1858 2883 1912 Parisiis
2934 1875 3082 1913 anno
3150 1861 3305 1928 1646,
3357 1864 3417 1914 et
3470 1861 3669 1915 iterum
3714 1877 3835 1915 anno

504 1937 731 1992 videtur
788 1934 1097 2005 antiquior,
1157 1949 1287 2004 quae
1348 1934 1471 1988 sine
1520 1935 1637 1988 ullo
1693 1934 1779 1989 vel
1806 1936 2010 2004 inlatis,
2061 1936 2148 1990 vel

507 2028 643 2095 loci,
700 2028 784 2082 vel
840 2026 1182 2098 typographi
1232 2026 1487 2091 nomine,
1540 2030 1731 2097 atque,
1781 2028 1862 2081 uti
1916 2029 2148 2099 quidam

503 2123 731 2193 putant,
762 2119 955 2174 statim
983 2122 1110 2190 post
1142 2118 1435 2174 inventam
1467 2120 1940 2191 typographicam
1961 2124 2148 2175 artem

509 2230 717 2271 excusa
744 2216 848 2268 est.
877 2212 1071 2267 Altera
1106 2211 1285 2283 Spirae
1318 2211 1608 2282 divulgata
1640 2212 1750 2266 fuit
1791 2230 1941 2268 anno
1990 2216 2144 2282 1471,

501 2308 604 2365 sed
649 2305 872 2361 mendis
903 2306 1113 2376 passim
1153 2305 1382 2373 fmiata,
1433 2310 1555 2359 tum
1602 2304 1814 2360 dehinc
1857 2305 1968 2360 alia
1993 2322 2146 2361 anno

506 2402 641 2457 1483
668 2398 933 2466 Venetiis,
962 2414 1032 2453 ex
1059 2398 1221 2452 Lucae
1256 2397 1457 2453 Veneti
1510 2397 1895 2469 typographia
1951 2398 2145 2469 prodi-

501 2495 600 2549 vit.
645 2492 903 2550 Posthasc
946 2490 1175 2546 Parisiis
1223 2507 1374 2545 anno
1424 2494 1581 2560 1512,
1634 2492 1747 2547 alia
1797 2492 2147 2563 quibusdam

507 2603 612 2643 seu
659 2586 826 2653 veris,
880 2600 981 2640 seu
1035 2584 1241 2655 spuriis
1287 2584 1557 2655 Cypriani
1610 2585 1888 2656 Operibus
1957 2588 2144 2655 aucta,

501 2678 799 2736 Remboldi
825 2677 1173 2749 typographi
1212 2684 1267 2731 et
1300 2678 1549 2732 aliorum
1575 2678 1768 2733 labore
1800 2678 2148 2733 concinnata

503 2776 605 2828 est.
638 2773 765 2827 Haec
790 2777 987 2826 autem
1028 2769 1320 2840 recognita
1363 2770 1471 2824 fuit
1511 2769 1581 2824 ab
1630 2771 1891 2839 Erasmo,
1947 2770 2047 2842 qui
2095 2770 2148 2825 ei

501 2864 781 2936 praemisit
810 2863 1226 2934 praefationem,
1259 2878 1324 2916 ac
1364 2862 1673 2918 nonnullas
1720 2863 2147 2931 annotationes,

505 2977 634 3033 quae
664 2977 730 3015 ex
760 2960 1021 3015 Frobenii
1045 2960 1270 3014 ofﬁcina
1294 2960 1462 3014 annis
1494 2963 1647 3027 1520,
1682 2963 1839 3029 1525,
1875 2964 2035 3029 1528,
2091 2961 2148 3015 in

509 3055 714 3124 vulgus
734 3053 1033 3109 exierunt..

574 3148 718 3201 Tum
754 3147 959 3201 dehinc
1005 3146 1209 3201 eadem
1253 3145 1519 3217 Cypriani
1573 3150 1758 3218 Opera
1807 3163 1958 3201 anno
2008 3148 2133 3201 1541

510 3240 659 3312 apud
692 3240 1058 3311 llervagium,
1095 3242 1154 3293 et
1192 3240 1393 3294 eodem
1443 3255 1593 3293 anno
1631 3240 1960 3311 Antuerpiae
2002 3240 2152 3311 apud

517 3334 837 3389 Iohannem
880 3332 1182 3400 Crinitum,
1221 3348 1284 3387 ac
1313 3332 1540 3386 Parisiis
1565 3333 1710 3401 apud
1754 3333 2150 3403 Langelierum

518 3442 724 3480 excusa
770 3430 923 3478 sunt.
972 3425 1224 3479 Posthmc
1264 3425 1490 3479 Basileae
1526 3425 1682 3479 edita
1726 3426 1959 3479 fuerunt
1997 3443 2152 3480 anno

515 3519 655 3573 1544
696 3518 753 3572 in
798 3517 1177 3581 Quenteliana
1216 3517 1441 3572 ofﬁcina
1487 3517 1707 3572 Henrici
1747 3518 1906 3571 Gavii
1946 3519 2150 3587 studio,

520 3616 577 3667 et
606 3612 756 3682 apud
788 3612 910 3682 jam
951 3610 1248 3666 laudatum
1289 3610 1636 3665 Frobenium
1668 3627 1817 3665 anno
1852 3614 2003 3678 1519,
2031 3629 2153 3666 rur-

519 3722 723 3777 susque
750 3705 905 3776 apud
939 3704 1274 3775 Hervagium
1300 3721 1449 3758 anno
1481 3708 1637 3759 1550.

594 3803 667 3854 At
691 3799 838 3853 sicut
862 3804 1186 3852 memorata
1212 3797 1644 3868 Antuerpiensis
1671 3798 1843 3853 editio
1872 3799 1931 3852 in
1955 3804 2152 3854 octavo

520 3894 602 3947 uti
640 3892 798 3964 loqui
836 3897 1055 3959 amant,
1093 3891 1381 3963 publicata
1422 3895 1524 3959 est,
1561 3892 1638 3946 ita
1672 3896 1729 3946 et
1765 3893 2156 3963 Lugdunensis

525 3986 692 4041 annis
729 3989 885 4053 1537,
928 3988 1062 4041 1549
1094 3988 1153 4040 et
1193 3988 1349 4052 1556,
1381 3985 1693 4040 Venetiana
1720 4002 1872 4040 anno
1909 3988 2069 4053 1M7,
2100 3992 2157 4041 et

521 4079 877 4135 Frobeniana
927 4082 1082 4133 1603.
1127 4078 1239 4133 Sed
1277 4079 1382 4132 has
1422 4083 1479 4133 et
1518 4078 1839 4148 superiores
1883 4079 2156 4133 editiones

522 4189 631 4228 nec
658 4172 961 4244 perfectas,
1004 4188 1108 4226 nec
1139 4178 1425 4226 accuratas
1464 4188 1583 4226 esse
1624 4173 1881 4243 plerique
1918 4173 2155 4243 epinan-

524 4271 636 4320 tur.

593 4362 794 4415 Postea
847 4375 979 4414 vero
1033 4375 1117 4414 ea:
1172 4359 1236 4413 Ι).
1293 4358 1558 4430 Cypriani
1617 4358 2038 4413 lucubrationes
2086 4360 2156 4413 ad

2250 1954 2385 2005 1666
2425 1967 2554 2005 cum
2596 1952 2940 2022 quibusdam
2978 1953 3211 2007 Pamclii
3249 1954 3740 2019 observationibus,
3782 1972 3834 2009 ex

2246 2044 2432 2098 viduae
2453 2044 2757 2098 Mathurini
2782 2045 2997 2116 Dupuis
3023 2046 3251 2101 ofﬁcina
3273 2047 3503 2118 publico
3523 2049 3644 2102 usui
3668 2048 3836 2102 donata

2248 2142 2351 2192 est.

2318 2231 2589 2285 Ultimam
2615 2231 3080 2302 Cyprianicorum
3101 2233 3351 2304 Operum
3378 2234 3701 2300 editionem,
3722 2234 3837 2288 Oxo-

2249 2322 2330 2376 nii
2376 2339 2527 2378 anno
2581 2327 2715 2379 1682
2758 2324 3131 2395 divulgatum,
3180 2326 3465 2380 debemus
3512 2328 3701 2381 illustri
3741 2329 3836 2381 viro

2246 2416 2489 2471 Johanni
2543 2417 2687 2483 Fel],
2742 2418 3048 2472 Oxoniensi
3100 2418 3400 2489 episcopo,
3454 2421 3549 2491 qui
3599 2422 3738 2475 illam
3780 2421 3837 2474 ad

2251 2509 2445 2563 decem
2479 2514 2536 2564 et
2563 2514 2689 2564 octo
2717 2511 3060 2580 Anglicanos
3085 2511 3327 2579 codices,
3360 2513 3595 2567 diversis
3620 2515 3837 2567 manibus

2250 2608 2531 2671 exaratos,
2561 2608 2616 2656 et
2640 2602 2823 2657 varias
2862 2604 3134 2658 lectiones
3162 2605 3265 2659 sibi
3297 2622 3369 2659 ex
3395 2608 3596 2676 Anglia
3622 2612 3671 2661 et
3696 2607 3838 2659 Gallia

2249 2695 2448 2749 missas
2487 2712 2602 2749 non
2650 2696 2771 2751 sine
2814 2712 3047 2768 magno,
3094 2701 3152 2751 et
3187 2698 3257 2751 ab
3299 2700 3568 2753 omnibus
3602 2700 3838 2753 laudando

2249 2788 2442 2843 labore
2470 2789 2805 2860 recognovit
2847 2794 2904 2844 et
2952 2790 3265 2845 illustravit.
3297 2793 3415 2846 Nec
3455 2794 3670 2847 minore
3703 2792 3837 2845 laude

2248 2881 2482 2952 dignam
2538 2882 2883 2936 aestimamus
2939 2884 3152 2937 bonam
3213 2884 3529 2940 doctissimi
3591 2886 3837 2956 scriptoris

2247 2973 2438 3041 ﬁdem,
2492 2975 2591 3045 qui
2642 2976 2832 3045 palam
2881 2976 3166 3046 professus
3211 2986 3299 3031 est
3344 2994 3407 3032 se
3460 2979 3530 3033 ab
3574 2979 3635 3033 iis
3679 2978 3837 3049 procul

2248 3074 2539 3123 remotum
2568 3068 2760 3137 fuisse,
2793 3070 2890 3140 qui
2930 3086 3047 3124 non
3084 3070 3297 3141 absque
3336 3072 3555 3143 insigni
3590 3072 3837 3144 religionis

2252 3162 2481 3230 damno,
2506 3178 2667 3216 suam
2690 3162 2750 3216 in
2777 3164 3145 3218 ostendendis
3168 3170 3430 3219 veterum
3456 3169 3675 3221 Patrum
3699 3166 3836 3220 meris

2256 3271 2489 3325 operam
2527 3256 2823 3310 collocant.
2863 3257 3063 3310 Utrum
3093 3262 3286 3312 autem
3326 3260 3538 3331 ubique
3567 3266 3621 3315 et
3654 3275 3836 3330 semper

2253 3349 2553 3419 promissis
2592 3349 2830 3415 steterit,
2873 3351 3144 3405 certiores
3184 3368 3285 3406 nos
3328 3353 3505 3408 faciet
3541 3354 3834 3407 clarissimus

2253 3442 2341 3495 vir
2403 3442 2724 3512 Stephanus
2800 3444 3082 3510 Baluzius,
3148 3445 3245 3516 qui
3308 3447 3560 3501 collectis
3625 3447 3833 3516 undique

2254 3534 2715 3605 Cyprianicarum
2768 3536 3229 3591 lucubrationum
3280 3540 3673 3611 manuscriptis
3718 3539 3831 3594 codi-

2256 3628 2432 3696 cibus,
2472 3646 2675 3683 novam
2713 3629 2945 3684 illarum
2975 3631 3283 3686 editionem
3307 3634 3435 3703 jam
3478 3650 3511 3687 a
3538 3633 3699 3703 longe
3726 3637 3834 3686 tem-

2255 3738 2392 3794 pore
2442 3722 2767 3777 meditatur.
2810 3724 2929 3786 Quo
2968 3740 3097 3778 vero
3139 3741 3267 3780 eam
3312 3729 3535 3781 caeteris
3579 3727 3837 3781 accuratio-

2256 3832 2382 3870 rem
2415 3816 2536 3870 i‘ore
2567 3817 2755 3887 magis
2785 3817 3141 3886 conﬁdimus,
3167 3835 3233 3873 eo
3262 3821 3473 3875 certius
3496 3820 3644 3875 illius
3665 3820 3725 3875 de
3742 3819 3837 3873 aliis

2258 3910 2545 3977 omnibus,
2586 3910 2863 3966 hactenus
2907 3912 3172 3983 vulgatis,
3222 3912 3570 3968 editionibus
3607 3913 3834 3983 judicium

2258 4006 2670 4075 exspectamus.

2876 4092 3174 4132 AHTICL'LUS
3212 4094 3266 4132 γ.

2430 4167 2501 4219 De
2538 4166 2705 4219 uariis
2741 4167 2798 4219 in
2838 4166 2979 4219 hunc
3018 4167 3219 4221 librum
3259 4169 3708 4224 annotationibus.

2330 4261 2512 4316 Varias
2552 4267 2682 4317 sunt
2712 4263 3009 4318 doctorum
3042 4265 3345 4320 hominum
3378 4265 3439 4320 in
3476 4268 3644 4335 hunc,
3670 4266 3732 4321 de
3754 4279 3836 4335 quo

2261 4353 2638 4426 disputamus,
2687 4356 2895 4410 librum
2952 4363 3103 4412 notas
3148 4364 3207 4413 et
3254 4359 3686 4415 observationes.
3730 4359 3836 4412 Duas

523 4453 941 4525 manuscriptos
1003 4452 1227 4508 codices
1288 4468 1423 4507 cura
1488 4469 1551 4506 ac
1614 4452 1809 4507 labore
1879 4452 2162 4507 Guillelmi
2263 4451 2456 4503 autem
2497 4452 2720 4519 tantum
2750 4452 3019 4506 Erasmus
3054 4452 3113 4505 in
3144 4452 3306 4507 illum
3340 4454 3589 4526 reliquit,
3615 4470 3674 4508 ac
3695 4452 3835 4525 prima

520 4547 755 4603 Morellii
795 4546 1082 4617 castigatae
1113 4547 1482 4617 elegantique
1520 4547 1844 4601 charactere
1886 4562 2056 4611 cusae,
2100 4546 2156 4599 in
2180 4569 2238 4640 D
2262 4544 2495 4614 quidem
2523 4544 2842 4600 demiratur
2863 4545 3176 4616 quemdam
3210 4548 3479 4603 maluisse
3516 4548 3658 4602 hunc
3682 4547 3834 4601 tracta-

522 4641 809 4713 publicam
854 4641 1040 4695 lucem
1093 4640 1291 4695 Romae
1336 4656 1486 4694 anno
1523 4642 1681 4708 1563,
1726 4638 1948 4693 emissae
1991 4642 2154 4705 sunt;

527 4739 698 4805 atque
750 4733 1118 4805 subsequenti
1177 4732 1401 4788 Parisiis
1446 4748 1678 4801 rccusrr,
1725 4732 1824 4787 sed
1875 4736 2054 4787 auctas
2102 4735 2160 4786 et

530 4827 972 4882 emendatiores.
1004 4827 1215 4881 Eodem
1257 4831 1448 4882 autem
1485 4842 1636 4880 anno
1679 4827 1833 4891 156i,
1868 4825 1970 4880 soli
2012 4828 2157 4879 trac-

526 4924 678 4975 tatus
720 4920 1042 4992 Cyprianici
1082 4918 1274 4993 989
1325 4925 1453 4990 post
1497 4918 1699 4974 Leonis
1743 4919 1930 4991 Magni
1972 4918 2160 4989 Opera

525 5014 776 5083 Parisiis,
808 5014 958 5085 apud
987 5013 1289 5069 Claudium
1324 5012 1507 5068 Fremi
1539 5012 1678 5067 editi
1704 5012 1955 5066 fuerunt.

600 5107 881 5163 Pamelius
921 5124 1050 5162 vero
1096 5124 1300 5162 novam
1348 5124 1413 5161 ex
1460 5106 1711 5178 antiquis
1756 5105 2160 5177 manuscriptis

529 5206 585 5256 et
630 5201 796 5256 editis
840 5200 1122 5256 codicibus
1166 5201 1526 5256 emendatam
1569 5199 1863 5254 adornavit
1902 5200 2159 5254 omnium

528 5293 793 5365 Cypriani
818 5298 1065 5366 Operum
1094 5294 1429 5361 editionem,
1465 5310 1595 5365 quae
1636 5293 1886 5363 primum
1925 5296 2161 5348 Antuer-

528 5386 643 5458 pias
670 5403 821 5441 anno
851 5390 1007 5455 1568,
1037 5388 1183 5459 typis
1206 5388 1475 5442 mandata
1498 5390 1601 5453 est,
1632 5403 1696 5441 ac
1724 5390 1918 5457 postea
1945 5386 2159 5442 ibidem

529 5496 682 5535 anno
734 5483 887 5547 1589,
939 5484 996 5535 et
1042 5481 1271 5536 Parisiis
1320 5482 1475 5535 157i:
1516 5479 1730 5534 Dehinc
1769 5486 1961 5535 autem
2006 5496 2157 5534 anno

530 5581 687 5646 1593,
739 5577 930 5631 Simon
978 5578 1301 5633 Goulartius
1346 5577 1688 5632 Calvinianzr.
1735 5579 1899 5632 secta:
1946 5578 2159 5632 asseela

523 5686 731 5729 novam
780 5669 1084 5727 adornavit
1133 5672 1382 5745 Operum
1427 5670 1693 5743 Cypriani
1745 5672 2073 5738 editionem,
2126 5689 2160 5726 a

514 5767 776 5823 Iohanne
823 5765 894 5819 Le
944 5766 1130 5821 Preux
1181 5766 1331 5840 typis
1380 5766 1736 5833 mandatam,
1794 5782 1922 5837 quas
1973 5766 2158 5820 adhuc

504 5856 745 5919 Parisiis
792 5856 1088 5935 divolgata
1132 5860 1299 5922 annis
1345 5863 1502 5930 1532,
1554 5864 1687 5918 1603
1736 5865 1792 5917 et
1848 5860 2002 5917 1644.
2051 5858 2159 5915 Sed

2261 4642 2384 4692 tum
2435 4638 2624 4707 potius
2674 4638 2985 4709 appellare,
3038 4656 3207 4710 quam
3255 4641 3576 4711 epistolam.
3624 4641 3696 4696 Ibi
3737 4652 3832 4690 vero

2260 4730 2469 4801 adjecit
2514 4730 2863 4802 Cyprianum
2909 4732 3088 4786 videri
3132 4734 3373 4789 sensisse
3420 4734 3685 4789 mundum
3717 4732 3830 4786 hunc

2260 4825 2420 4880 senio
2450 4824 2616 4879 reddi
2642 4824 3010 4880 deteriorem.
3040 4826 3151 4882 Sed
3173 4843 3302 4897 quae
3327 4828 3398 4883 de
3424 4829 3546 4898 ejus
3570 4822 3828 4896 scriptionis

2259 4919 2422 4972 titulo
2464 4918 2881 4985 annotavimus,
2922 4920 3058 4974 satis
3096 4920 3408 4999 ostendunt
3438 4938 3550 4993 quo
3576 4923 3694 4991 jure
3718 4924 3826 4972 trac-

2258 5016 2408 5067 tatus
2447 5010 2639 5084 990
2686 5012 2920 5067 nomine
2967 5013 3324 5070 inscribatur.
3364 5016 3487 5070 Non
3533 5015 3672 5069 solus
3696 5023 3826 5084 porro

2259 5108 2471 5161 Auctor
2517 5109 2735 5175 noster,
2791 5105 2954 5162 sicuti
3004 5107 3154 5162 infra
3197 5107 3533 5175 videbimus,
3576 5106 3825 5163 arbitratus

2260 5205 2346 5254 est
2385 5200 2663 5254 mundum
2706 5216 3020 5267 senescere,
3062 5205 3121 5256 et
3162 5201 3319 5257 senio
3363 5202 3485 5257 ﬁeri
3521 5199 3823 5257 deteriorem,

2260 5310 2358 5349 seu
2390 5293 2580 5365 potius
2606 5292 2771 5348 illum
2803 5310 2921 5349 non
2949 5311 3109 5350 secus
3136 5299 3311 5367 atque
3339 5296 3645 5364 hominem,
3674 5284 3823 5346 vexari

2260 5387 2564 5443 senectutis
2591 5387 3038 5444 inﬁrmitatibus.

2329 5481 2522 5536 Plures
2574 5497 2742 5548 sane,
2795 5481 2894 5536 sed
2947 5481 3307 5538 brevissimas
3358 5483 3417 5538 in
3467 5483 3611 5537 hunc
3652 5478 3821 5534 librum

2259 5574 2591 5630 Guillelmus
2636 5574 2923 5631 Morellius
2975 5576 3152 5632 edidit
3198 5576 3626 5639 observationes,
3662 5569 3821 5643 quibus

2261 5668 2404 5723 nihil
2440 5667 2590 5724 aliud
2621 5669 2761 5740 egit,
2794 5684 2968 5740 quam
3003 5676 3064 5725 ut
3089 5671 3435 5742 patefaceret
3462 5665 3720 5740 quomodo
3737 5661 3818 5730 Cy-

2262 5762 2447 5833 priani
2484 5766 2670 5817 textus
2714 5780 2779 5818 ex
2816 5764 3064 5835 antiquis
3104 5764 3405 5830 codicibus,
3445 5767 3540 5817 aut
3578 5768 3816 5815 sacrorum

2262 5856 2572 5913 Bibliorum
2617 5856 2775 5912 libris
2810 5857 3182 5932 corrigendus
3222 5860 3313 5915 sit.
3350 5859 3530 5914 Unum
3555 5867 3673 5911 vero
3701 5849 3814 5905 dun-
