  <div class='ocr_page' id='page_1' title='image "/cluster/home/n/w/nwhite01/storage/ocr_20150623/4/hvd.32044073549446/542.png"; bbox 0 0 4082 6194; ppageno 0'>
   <div class='ocr_carea' id='block_1_1' title="bbox 258 287 392 342">
    <p class='ocr_par' dir='ltr' id='par_1_1' title="bbox 258 287 392 342">
     <span class='ocr_line' id='line_1_1' title="bbox 258 287 392 342; baseline -0.007 0"><span class='ocrx_word' id='word_1_1' title='bbox 258 287 392 342; x_wconf 83' lang='lat'>1077</span> 
     </span>
    </p>
   </div>
   <div class='ocr_carea' id='block_1_2' title="bbox 1275 288 2582 362">
    <p class='ocr_par' dir='ltr' id='par_1_2' title="bbox 1275 288 2582 362">
     <span class='ocr_line' id='line_1_2' title="bbox 1275 288 2582 362; baseline 0.011 -18"><span class='ocrx_word' id='word_1_2' title='bbox 1275 288 1335 345; x_wconf 89' lang='lat' dir='ltr'>O.</span> <span class='ocrx_word' id='word_1_3' title='bbox 1374 290 1641 349; x_wconf 83' lang='lat' dir='ltr'>NICOLAI</span> <span class='ocrx_word' id='word_1_4' title='bbox 1680 294 1762 349; x_wconf 86' lang='lat' dir='ltr'>LE</span> <span class='ocrx_word' id='word_1_5' title='bbox 1800 294 2081 352; x_wconf 82' lang='lat' dir='ltr'>NOURRY</span> <span class='ocrx_word' id='word_1_6' title='bbox 2118 296 2582 362; x_wconf 86' lang='lat' dir='ltr'>DISSERTATIO.</span> 
     </span>
    </p>
   </div>
   <div class='ocr_carea' id='block_1_3' title="bbox 3464 316 3603 374">
    <p class='ocr_par' dir='ltr' id='par_1_3' title="bbox 3464 316 3603 374">
     <span class='ocr_line' id='line_1_3' title="bbox 3464 316 3603 374; baseline 0.014 -2"><span class='ocrx_word' id='word_1_7' title='bbox 3464 316 3603 374; x_wconf 87' lang='lat'>1078</span> 
     </span>
    </p>
   </div>
   <div class='ocr_carea' id='block_1_4' title="bbox 248 411 3599 507">
    <p class='ocr_par' dir='ltr' id='par_1_4' title="bbox 248 411 3599 507">
     <span class='ocr_line' id='line_1_4' title="bbox 248 411 3599 507; baseline 0.009 -39"><span class='ocrx_word' id='word_1_8' title='bbox 248 414 408 468; x_wconf 82' lang='lat' dir='ltr'>taxat</span> <span class='ocrx_word' id='word_1_9' title='bbox 471 411 893 482; x_wconf 80' lang='lat' dir='ltr'>animadvertit,</span> <span class='ocrx_word' id='word_1_10' title='bbox 957 412 1221 470; x_wconf 81' lang='lat' dir='ltr'>videlicet</span> <span class='ocrx_word' id='word_1_11' title='bbox 1280 416 1589 487; x_wconf 80' lang='lat' dir='ltr'>Cyprianus</span> <span class='ocrx_word' id='word_1_12' title='bbox 1664 420 1742 475; x_wconf 88' lang='lat' dir='ltr'>ibi</span> <span class='ocrx_word' id='word_1_13' title='bbox 1802 422 1873 477; x_wconf 89' lang='lat' dir='ltr'>de</span> <span class='ocrx_word' id='word_1_14' title='bbox 1896 422 2105 504; x_wconf 76' lang='lat' dir='ltr'>Aideo</span> <span class='ocrx_word' id='word_1_15' title='bbox 2156 426 2417 497; x_wconf 85' lang='lat' dir='ltr'>corripit,</span> <span class='ocrx_word' id='word_1_16' title='bbox 2481 430 2617 499; x_wconf 83' lang='lat' dir='ltr'>quia</span> <span class='ocrx_word' id='word_1_17' title='bbox 2668 447 2855 487; x_wconf 87' lang='lat' dir='ltr'>sacrae</span> <span class='ocrx_word' id='word_1_18' title='bbox 2920 432 3224 507; x_wconf 71' lang='lat' dir='ltr'>Scripturte</span> <span class='ocrx_word' id='word_1_19' title='bbox 3259 439 3599 498; x_wconf 90' lang='lat' dir='ltr'>auctoritate</span> 
     </span>
    </p>
   </div>
   <div class='ocr_carea' id='block_1_5' title="bbox 246 507 1877 586">
    <p class='ocr_par' dir='ltr' id='par_1_5' title="bbox 246 507 1877 586">
     <span class='ocr_line' id='line_1_5' title="bbox 246 507 1877 586; baseline 0.006 -25"><span class='ocrx_word' id='word_1_20' title='bbox 246 507 538 562; x_wconf 78' lang='lat' dir='ltr'>exorcistis</span> <span class='ocrx_word' id='word_1_21' title='bbox 584 508 769 562; x_wconf 89' lang='lat' dir='ltr'>facere</span> <span class='ocrx_word' id='word_1_22' title='bbox 823 524 1167 575; x_wconf 79' lang='lat' dir='ltr'>sermonem,</span> <span class='ocrx_word' id='word_1_23' title='bbox 1218 507 1313 563; x_wconf 91' lang='lat' dir='ltr'>ubi</span> <span class='ocrx_word' id='word_1_24' title='bbox 1371 510 1441 564; x_wconf 90' lang='lat' dir='ltr'>de</span> <span class='ocrx_word' id='word_1_25' title='bbox 1500 513 1877 586; x_wconf 70' lang='lat' dir='ltr'>daemonibus,</span> 
     </span>
    </p>
   </div>
   <div class='ocr_carea' id='block_1_6' title="bbox 246 600 1883 677">
    <p class='ocr_par' dir='ltr' id='par_1_6' title="bbox 246 600 1883 677">
     <span class='ocr_line' id='line_1_6' title="bbox 246 600 1883 677; baseline 0.006 -24"><span class='ocrx_word' id='word_1_26' title='bbox 246 617 391 672; x_wconf 86' lang='lat' dir='ltr'>quos</span> <span class='ocrx_word' id='word_1_27' title='bbox 443 600 750 654; x_wconf 82' lang='lat' dir='ltr'>Christiani</span> <span class='ocrx_word' id='word_1_28' title='bbox 791 617 860 654; x_wconf 80' lang='lat' dir='ltr'>ex</span> <span class='ocrx_word' id='word_1_29' title='bbox 910 602 1267 656; x_wconf 84' lang='lat' dir='ltr'>obsessorum</span> <span class='ocrx_word' id='word_1_30' title='bbox 1315 605 1643 674; x_wconf 85' lang='lat' dir='ltr'>corporibus</span> <span class='ocrx_word' id='word_1_31' title='bbox 1695 608 1883 677; x_wconf 90' lang='lat' dir='ltr'>ejicie-</span> 
     </span>
    </p>
   </div>
   <div class='ocr_carea' id='block_1_7' title="bbox 241 693 1877 765">
    <p class='ocr_par' dir='ltr' id='par_1_7' title="bbox 241 693 1877 765">
     <span class='ocr_line' id='line_1_7' title="bbox 241 693 1877 765; baseline 0.006 -19"><span class='ocrx_word' id='word_1_32' title='bbox 241 693 402 760; x_wconf 88' lang='lat' dir='ltr'>bant,</span> <span class='ocrx_word' id='word_1_33' title='bbox 456 698 656 747; x_wconf 88' lang='lat' dir='ltr'>contra</span> <span class='ocrx_word' id='word_1_34' title='bbox 712 693 970 748; x_wconf 86' lang='lat' dir='ltr'>ethnicos</span> <span class='ocrx_word' id='word_1_35' title='bbox 1024 694 1352 765; x_wconf 80' lang='lat' dir='ltr'>disputavit.</span> <span class='ocrx_word' id='word_1_36' title='bbox 1399 698 1508 751; x_wconf 88' lang='lat' dir='ltr'>Sed</span> <span class='ocrx_word' id='word_1_37' title='bbox 1554 699 1721 754; x_wconf 89' lang='lat' dir='ltr'>nobis</span> <span class='ocrx_word' id='word_1_38' title='bbox 1762 702 1877 764; x_wconf 88' lang='lat' dir='ltr'>ille,</span> 
     </span>
    </p>
   </div>
   <div class='ocr_carea' id='block_1_8' title="bbox 245 786 1879 864">
    <p class='ocr_par' dir='ltr' id='par_1_8' title="bbox 245 786 1879 864">
     <span class='ocr_line' id='line_1_8' title="bbox 245 786 1879 864; baseline 0.006 -24"><span class='ocrx_word' id='word_1_39' title='bbox 245 787 411 841; x_wconf 83' lang='lat' dir='ltr'>sicuti</span> <span class='ocrx_word' id='word_1_40' title='bbox 441 787 589 839; x_wconf 84' lang='lat' dir='ltr'>infra</span> <span class='ocrx_word' id='word_1_41' title='bbox 633 786 959 854; x_wconf 88' lang='lat' dir='ltr'>dicendum,</span> <span class='ocrx_word' id='word_1_42' title='bbox 993 804 1109 841; x_wconf 90' lang='lat' dir='ltr'>non</span> <span class='ocrx_word' id='word_1_43' title='bbox 1154 789 1224 843; x_wconf 92' lang='lat' dir='ltr'>de</span> <span class='ocrx_word' id='word_1_44' title='bbox 1266 790 1399 844; x_wconf 89' lang='lat' dir='ltr'>solis</span> <span class='ocrx_word' id='word_1_45' title='bbox 1441 792 1751 864; x_wconf 83' lang='lat' dir='ltr'>exorcistis,</span> <span class='ocrx_word' id='word_1_46' title='bbox 1779 795 1879 849; x_wconf 91' lang='lat' dir='ltr'>sed</span> 
     </span>
    </p>
   </div>
   <div class='ocr_carea' id='block_1_9' title="bbox 245 880 1522 953">
    <p class='ocr_par' dir='ltr' id='par_1_9' title="bbox 245 880 1522 953">
     <span class='ocr_line' id='line_1_9' title="bbox 245 880 1522 953; baseline 0.003 -18"><span class='ocrx_word' id='word_1_47' title='bbox 245 880 520 935; x_wconf 89' lang='lat' dir='ltr'>omnibus</span> <span class='ocrx_word' id='word_1_48' title='bbox 544 880 708 951; x_wconf 83' lang='lat' dir='ltr'>plane</span> <span class='ocrx_word' id='word_1_49' title='bbox 735 880 1067 937; x_wconf 85' lang='lat' dir='ltr'>Christianis</span> <span class='ocrx_word' id='word_1_50' title='bbox 1092 882 1247 953; x_wconf 87' lang='lat' dir='ltr'>loqui</span> <span class='ocrx_word' id='word_1_51' title='bbox 1277 883 1522 939; x_wconf 90' lang='lat' dir='ltr'>videtur.</span> 
     </span>
    </p>
   </div>
   <div class='ocr_carea' id='block_1_10' title="bbox 315 974 1878 1047">
    <p class='ocr_par' dir='ltr' id='par_1_10' title="bbox 315 974 1878 1047">
     <span class='ocr_line' id='line_1_10' title="bbox 315 974 1878 1047; baseline 0.005 -20"><span class='ocrx_word' id='word_1_52' title='bbox 315 974 530 1027; x_wconf 84' lang='lat' dir='ltr'>Novem</span> <span class='ocrx_word' id='word_1_53' title='bbox 603 990 827 1045; x_wconf 91' lang='lat' dir='ltr'>quoque</span> <span class='ocrx_word' id='word_1_54' title='bbox 886 989 1056 1045; x_wconf 87' lang='lat' dir='ltr'>supra</span> <span class='ocrx_word' id='word_1_55' title='bbox 1119 976 1531 1047; x_wconf 81' lang='lat' dir='ltr'>quinquaginta</span> <span class='ocrx_word' id='word_1_56' title='bbox 1595 981 1878 1035; x_wconf 87' lang='lat' dir='ltr'>Pamelius</span> 
     </span>
    </p>
   </div>
   <div class='ocr_carea' id='block_1_11' title="bbox 245 1066 1875 1144">
    <p class='ocr_par' dir='ltr' id='par_1_11' title="bbox 245 1066 1875 1144">
     <span class='ocr_line' id='line_1_11' title="bbox 245 1066 1875 1144; baseline 0.004 -23"><span class='ocrx_word' id='word_1_57' title='bbox 245 1067 570 1137; x_wconf 84' lang='lat' dir='ltr'>composuit</span> <span class='ocrx_word' id='word_1_58' title='bbox 590 1066 648 1120; x_wconf 91' lang='lat' dir='ltr'>in</span> <span class='ocrx_word' id='word_1_59' title='bbox 679 1067 832 1121; x_wconf 91' lang='lat' dir='ltr'>hunc</span> <span class='ocrx_word' id='word_1_60' title='bbox 872 1067 1085 1122; x_wconf 90' lang='lat' dir='ltr'>librum</span> <span class='ocrx_word' id='word_1_61' title='bbox 1114 1073 1280 1123; x_wconf 85' lang='lat' dir='ltr'>notas</span> <span class='ocrx_word' id='word_1_62' title='bbox 1307 1086 1320 1124; x_wconf 93' lang='lat'>:</span> <span class='ocrx_word' id='word_1_63' title='bbox 1347 1070 1446 1123; x_wconf 90' lang='lat' dir='ltr'>sed</span> <span class='ocrx_word' id='word_1_64' title='bbox 1478 1086 1558 1125; x_wconf 62' lang='lat' dir='ltr'>ese</span> <span class='ocrx_word' id='word_1_65' title='bbox 1587 1072 1875 1144; x_wconf 66' lang='lat' dir='ltr'>pleraeque</span> 
     </span>
    </p>
   </div>
   <div class='ocr_carea' id='block_1_12' title="bbox 245 1160 1877 1234">
    <p class='ocr_par' dir='ltr' id='par_1_12' title="bbox 245 1160 1877 1234">
     <span class='ocr_line' id='line_1_12' title="bbox 245 1160 1877 1234; baseline 0.004 -20"><span class='ocrx_word' id='word_1_66' title='bbox 245 1175 448 1214; x_wconf 88' lang='lat' dir='ltr'>omnes</span> <span class='ocrx_word' id='word_1_67' title='bbox 496 1162 758 1231; x_wconf 88' lang='lat' dir='ltr'>spectant</span> <span class='ocrx_word' id='word_1_68' title='bbox 808 1160 959 1214; x_wconf 90' lang='lat' dir='ltr'>illius</span> <span class='ocrx_word' id='word_1_69' title='bbox 1016 1164 1199 1215; x_wconf 84' lang='lat' dir='ltr'>textus</span> <span class='ocrx_word' id='word_1_70' title='bbox 1244 1163 1694 1234; x_wconf 88' lang='lat' dir='ltr'>corruptionem,</span> <span class='ocrx_word' id='word_1_71' title='bbox 1747 1167 1877 1221; x_wconf 89' lang='lat' dir='ltr'>aliis</span> 
     </span>
    </p>
   </div>
   <div class='ocr_carea' id='block_1_13' title="bbox 240 1253 1875 1325">
    <p class='ocr_par' dir='ltr' id='par_1_13' title="bbox 240 1253 1875 1325">
     <span class='ocr_line' id='line_1_13' title="bbox 240 1253 1875 1325; baseline 0.005 -19"><span class='ocrx_word' id='word_1_72' title='bbox 240 1269 380 1307; x_wconf 87' lang='lat' dir='ltr'>vero</span> <span class='ocrx_word' id='word_1_73' title='bbox 429 1253 789 1323; x_wconf 86' lang='lat' dir='ltr'>paucioribus</span> <span class='ocrx_word' id='word_1_74' title='bbox 838 1253 987 1307; x_wconf 86' lang='lat' dir='ltr'>dicta</span> <span class='ocrx_word' id='word_1_75' title='bbox 1030 1254 1297 1325; x_wconf 85' lang='lat' dir='ltr'>Cypriani</span> <span class='ocrx_word' id='word_1_76' title='bbox 1346 1256 1587 1311; x_wconf 89' lang='lat' dir='ltr'>aliorum</span> <span class='ocrx_word' id='word_1_77' title='bbox 1616 1262 1875 1315; x_wconf 85' lang='lat' dir='ltr'>veterum</span> 
     </span>
    </p>
   </div>
   <div class='ocr_carea' id='block_1_14' title="bbox 242 1345 1871 1419">
    <p class='ocr_par' dir='ltr' id='par_1_14' title="bbox 242 1345 1871 1419">
     <span class='ocr_line' id='line_1_14' title="bbox 242 1345 1871 1419; baseline 0.004 -18"><span class='ocrx_word' id='word_1_78' title='bbox 242 1345 603 1416; x_wconf 87' lang='lat' dir='ltr'>Scriptorum</span> <span class='ocrx_word' id='word_1_79' title='bbox 648 1346 1004 1415; x_wconf 84' lang='lat' dir='ltr'>auctoritate,</span> <span class='ocrx_word' id='word_1_80' title='bbox 1056 1353 1154 1401; x_wconf 89' lang='lat' dir='ltr'>aut</span> <span class='ocrx_word' id='word_1_81' title='bbox 1185 1349 1501 1419; x_wconf 89' lang='lat' dir='ltr'>enucleare,</span> <span class='ocrx_word' id='word_1_82' title='bbox 1544 1356 1641 1405; x_wconf 87' lang='lat' dir='ltr'>aut</span> <span class='ocrx_word' id='word_1_83' title='bbox 1667 1353 1871 1407; x_wconf 83' lang='lat' dir='ltr'>conﬁr-</span> 
     </span>
    </p>
   </div>
   <div class='ocr_carea' id='block_1_15' title="bbox 240 1438 1875 1510">
    <p class='ocr_par' dir='ltr' id='par_1_15' title="bbox 240 1438 1875 1510">
     <span class='ocr_line' id='line_1_15' title="bbox 240 1438 1875 1510; baseline 0.004 -17"><span class='ocrx_word' id='word_1_84' title='bbox 240 1455 402 1493; x_wconf 89' lang='lat' dir='ltr'>mare</span> <span class='ocrx_word' id='word_1_85' title='bbox 448 1439 671 1494; x_wconf 89' lang='lat' dir='ltr'>nititur.</span> <span class='ocrx_word' id='word_1_86' title='bbox 721 1438 836 1494; x_wconf 88' lang='lat' dir='ltr'>Sed</span> <span class='ocrx_word' id='word_1_87' title='bbox 878 1440 1009 1510; x_wconf 87' lang='lat' dir='ltr'>quia</span> <span class='ocrx_word' id='word_1_88' title='bbox 1054 1440 1353 1495; x_wconf 75' lang='lat' dir='ltr'>catholicae</span> <span class='ocrx_word' id='word_1_89' title='bbox 1402 1442 1663 1499; x_wconf 76' lang='lat' dir='ltr'>Ecclesiae</span> <span class='ocrx_word' id='word_1_90' title='bbox 1710 1446 1875 1500; x_wconf 86' lang='lat' dir='ltr'>docu-</span> 
     </span>
    </p>
   </div>
   <div class='ocr_carea' id='block_1_16' title="bbox 240 1532 1869 1596">
    <p class='ocr_par' dir='ltr' id='par_1_16' title="bbox 240 1532 1869 1596">
     <span class='ocr_line' id='line_1_16' title="bbox 240 1532 1869 1596; baseline 0.005 -10"><span class='ocrx_word' id='word_1_91' title='bbox 240 1535 440 1587; x_wconf 89' lang='lat' dir='ltr'>menta</span> <span class='ocrx_word' id='word_1_92' title='bbox 491 1532 559 1586; x_wconf 90' lang='lat' dir='ltr'>iis</span> <span class='ocrx_word' id='word_1_93' title='bbox 592 1533 877 1587; x_wconf 88' lang='lat' dir='ltr'>illustrare</span> <span class='ocrx_word' id='word_1_94' title='bbox 906 1535 1145 1587; x_wconf 87' lang='lat' dir='ltr'>conatus</span> <span class='ocrx_word' id='word_1_95' title='bbox 1186 1540 1289 1596; x_wconf 86' lang='lat' dir='ltr'>est,</span> <span class='ocrx_word' id='word_1_96' title='bbox 1319 1552 1437 1589; x_wconf 91' lang='lat' dir='ltr'>non</span> <span class='ocrx_word' id='word_1_97' title='bbox 1481 1551 1681 1591; x_wconf 91' lang='lat' dir='ltr'>omnes</span> <span class='ocrx_word' id='word_1_98' title='bbox 1722 1539 1869 1593; x_wconf 90' lang='lat' dir='ltr'>Gou-</span> 
     </span>
    </p>
   </div>
   <div class='ocr_carea' id='block_1_17' title="bbox 238 1625 1871 1697">
    <p class='ocr_par' dir='ltr' id='par_1_17' title="bbox 238 1625 1871 1697">
     <span class='ocr_line' id='line_1_17' title="bbox 238 1625 1871 1697; baseline 0.006 -18"><span class='ocrx_word' id='word_1_99' title='bbox 238 1625 415 1680; x_wconf 88' lang='lat' dir='ltr'>lartio</span> <span class='ocrx_word' id='word_1_100' title='bbox 447 1627 803 1697; x_wconf 89' lang='lat' dir='ltr'>placuerunt.</span> <span class='ocrx_word' id='word_1_101' title='bbox 831 1629 937 1681; x_wconf 88' lang='lat' dir='ltr'>Eas</span> <span class='ocrx_word' id='word_1_102' title='bbox 960 1627 1153 1697; x_wconf 86' lang='lat' dir='ltr'>itaque</span> <span class='ocrx_word' id='word_1_103' title='bbox 1176 1629 1415 1683; x_wconf 80' lang='lat' dir='ltr'>tentavit</span> <span class='ocrx_word' id='word_1_104' title='bbox 1444 1630 1515 1683; x_wconf 88' lang='lat' dir='ltr'>ad</span> <span class='ocrx_word' id='word_1_105' title='bbox 1533 1630 1871 1687; x_wconf 67' lang='lat' dir='ltr'>Calvinianaa</span> 
     </span>
    </p>
   </div>
   <div class='ocr_carea' id='block_1_18' title="bbox 240 1719 1870 1795">
    <p class='ocr_par' dir='ltr' id='par_1_18' title="bbox 240 1719 1870 1795">
     <span class='ocr_line' id='line_1_18' title="bbox 240 1719 1870 1795; baseline 0.004 -23"><span class='ocrx_word' id='word_1_106' title='bbox 240 1735 361 1773; x_wconf 67' lang='lat' dir='ltr'>sure</span> <span class='ocrx_word' id='word_1_107' title='bbox 391 1723 561 1773; x_wconf 80' lang='lat' dir='ltr'>sectae</span> <span class='ocrx_word' id='word_1_108' title='bbox 586 1719 794 1788; x_wconf 90' lang='lat' dir='ltr'>placita</span> <span class='ocrx_word' id='word_1_109' title='bbox 834 1719 1120 1775; x_wconf 88' lang='lat' dir='ltr'>reducere.</span> <span class='ocrx_word' id='word_1_110' title='bbox 1154 1723 1434 1776; x_wconf 81' lang='lat' dir='ltr'>Praeterea</span> <span class='ocrx_word' id='word_1_111' title='bbox 1461 1738 1658 1778; x_wconf 89' lang='lat' dir='ltr'>omnes</span> <span class='ocrx_word' id='word_1_112' title='bbox 1694 1725 1870 1795; x_wconf 89' lang='lat' dir='ltr'>ipsas-</span> 
     </span>
    </p>
   </div>
   <div class='ocr_carea' id='block_1_19' title="bbox 1982 520 3604 605">
    <p class='ocr_par' dir='ltr' id='par_1_19' title="bbox 1982 520 3604 605">
     <span class='ocr_line' id='line_1_19' title="bbox 1982 520 3604 605; baseline 0.014 -36"><span class='ocrx_word' id='word_1_113' title='bbox 1982 520 2261 587; x_wconf 89' lang='lat' dir='ltr'>puguavit</span> <span class='ocrx_word' id='word_1_114' title='bbox 2298 521 2565 576; x_wconf 87' lang='lat' dir='ltr'>adversus</span> <span class='ocrx_word' id='word_1_115' title='bbox 2605 525 2896 581; x_wconf 89' lang='lat' dir='ltr'>ethnicum</span> <span class='ocrx_word' id='word_1_116' title='bbox 2937 529 3258 599; x_wconf 87' lang='lat' dir='ltr'>hominem,</span> <span class='ocrx_word' id='word_1_117' title='bbox 3307 533 3404 605; x_wconf 92' lang='lat' dir='ltr'>qui</span> <span class='ocrx_word' id='word_1_118' title='bbox 3451 535 3604 591; x_wconf 88' lang='lat' dir='ltr'>illam</span> 
     </span>
    </p>
   </div>
   <div class='ocr_carea' id='block_1_20' title="bbox 1980 612 3607 694">
    <p class='ocr_par' dir='ltr' id='par_1_20' title="bbox 1980 612 3607 694">
     <span class='ocr_line' id='line_1_20' title="bbox 1980 612 3607 694; baseline 0.012 -30"><span class='ocrx_word' id='word_1_119' title='bbox 1980 612 2151 682; x_wconf 87' lang='lat' dir='ltr'>plane</span> <span class='ocrx_word' id='word_1_120' title='bbox 2180 613 2526 685; x_wconf 85' lang='lat' dir='ltr'>penitusque</span> <span class='ocrx_word' id='word_1_121' title='bbox 2558 617 2872 689; x_wconf 89' lang='lat' dir='ltr'>rejiciebat,</span> <span class='ocrx_word' id='word_1_122' title='bbox 2904 627 2960 677; x_wconf 91' lang='lat' dir='ltr'>et</span> <span class='ocrx_word' id='word_1_123' title='bbox 2982 625 3413 694; x_wconf 89' lang='lat' dir='ltr'>aspernabatur.</span> <span class='ocrx_word' id='word_1_124' title='bbox 3440 628 3607 683; x_wconf 84' lang='lat' dir='ltr'>Dissi-</span> 
     </span>
    </p>
   </div>
   <div class='ocr_carea' id='block_1_21' title="bbox 1981 707 3600 792">
    <p class='ocr_par' dir='ltr' id='par_1_21' title="bbox 1981 707 3600 792">
     <span class='ocr_line' id='line_1_21' title="bbox 1981 707 3600 792; baseline 0.011 -34"><span class='ocrx_word' id='word_1_125' title='bbox 1981 707 2207 760; x_wconf 90' lang='lat' dir='ltr'>mulare</span> <span class='ocrx_word' id='word_1_126' title='bbox 2235 723 2407 777; x_wconf 90' lang='lat' dir='ltr'>porro</span> <span class='ocrx_word' id='word_1_127' title='bbox 2441 725 2559 764; x_wconf 91' lang='lat' dir='ltr'>non</span> <span class='ocrx_word' id='word_1_128' title='bbox 2586 727 2893 781; x_wconf 88' lang='lat' dir='ltr'>possumus</span> <span class='ocrx_word' id='word_1_129' title='bbox 2925 718 3222 772; x_wconf 85' lang='lat' dir='ltr'>nonnullas</span> <span class='ocrx_word' id='word_1_130' title='bbox 3248 719 3438 774; x_wconf 88' lang='lat' dir='ltr'>minus</span> <span class='ocrx_word' id='word_1_131' title='bbox 3475 722 3600 792; x_wconf 91' lang='lat' dir='ltr'>qui-</span> 
     </span>
    </p>
   </div>
   <div class='ocr_carea' id='block_1_22' title="bbox 1980 798 3605 875">
    <p class='ocr_par' dir='ltr' id='par_1_22' title="bbox 1980 798 3605 875">
     <span class='ocr_line' id='line_1_22' title="bbox 1980 798 3605 875; baseline 0.011 -24"><span class='ocrx_word' id='word_1_132' title='bbox 1980 798 2107 852; x_wconf 91' lang='lat' dir='ltr'>dem</span> <span class='ocrx_word' id='word_1_133' title='bbox 2152 800 2476 869; x_wconf 77' lang='lat' dir='ltr'>probandus</span> <span class='ocrx_word' id='word_1_134' title='bbox 2523 819 2640 858; x_wconf 89' lang='lat' dir='ltr'>esse</span> <span class='ocrx_word' id='word_1_135' title='bbox 2676 806 2949 875; x_wconf 87' lang='lat' dir='ltr'>quasdam</span> <span class='ocrx_word' id='word_1_136' title='bbox 2978 810 3185 865; x_wconf 75' lang='lat' dir='ltr'>eruditi</span> <span class='ocrx_word' id='word_1_137' title='bbox 3214 828 3347 867; x_wconf 88' lang='lat' dir='ltr'>sane</span> <span class='ocrx_word' id='word_1_138' title='bbox 3373 813 3605 869; x_wconf 87' lang='lat' dir='ltr'>editoris</span> 
     </span>
    </p>
   </div>
   <div class='ocr_carea' id='block_1_23' title="bbox 1978 890 3602 977">
    <p class='ocr_par' dir='ltr' id='par_1_23' title="bbox 1978 890 3602 977">
     <span class='ocr_line' id='line_1_23' title="bbox 1978 890 3602 977; baseline 0.01 -34"><span class='ocrx_word' id='word_1_139' title='bbox 1978 890 2399 948; x_wconf 78' lang='lat' dir='ltr'>observationes</span> <span class='ocrx_word' id='word_1_140' title='bbox 2424 935 2437 959; x_wconf 91' lang='lat'>,</span> <span class='ocrx_word' id='word_1_141' title='bbox 2486 899 2655 965; x_wconf 89' lang='lat' dir='ltr'>atque</span> <span class='ocrx_word' id='word_1_142' title='bbox 2702 896 2759 949; x_wconf 93' lang='lat' dir='ltr'>in</span> <span class='ocrx_word' id='word_1_143' title='bbox 2800 897 2996 967; x_wconf 90' lang='lat' dir='ltr'>primis</span> <span class='ocrx_word' id='word_1_144' title='bbox 3036 903 3444 971; x_wconf 89' lang='lat' dir='ltr'>penultimam,</span> <span class='ocrx_word' id='word_1_145' title='bbox 3487 922 3602 977; x_wconf 90' lang='lat' dir='ltr'>qua</span> 
     </span>
    </p>
   </div>
   <div class='ocr_carea' id='block_1_24' title="bbox 1978 985 3600 1066">
    <p class='ocr_par' dir='ltr' id='par_1_24' title="bbox 1978 985 3600 1066">
     <span class='ocr_line' id='line_1_24' title="bbox 1978 985 3600 1066; baseline 0.009 -29"><span class='ocrx_word' id='word_1_146' title='bbox 1978 985 2272 1039; x_wconf 88' lang='lat' dir='ltr'>contendit</span> <span class='ocrx_word' id='word_1_147' title='bbox 2297 987 2533 1057; x_wconf 89' lang='lat' dir='ltr'>rejectos</span> <span class='ocrx_word' id='word_1_148' title='bbox 2560 1005 2593 1043; x_wconf 89' lang='lat' dir='ltr'>a</span> <span class='ocrx_word' id='word_1_149' title='bbox 2618 991 2895 1060; x_wconf 83' lang='lat' dir='ltr'>Cypriano</span> <span class='ocrx_word' id='word_1_150' title='bbox 2936 994 3295 1063; x_wconf 89' lang='lat' dir='ltr'>purgatorios</span> <span class='ocrx_word' id='word_1_151' title='bbox 3317 996 3498 1066; x_wconf 80' lang='lat' dir='ltr'>ignes,</span> <span class='ocrx_word' id='word_1_152' title='bbox 3528 998 3600 1052; x_wconf 91' lang='lat' dir='ltr'>de</span> 
     </span>
    </p>
   </div>
   <div class='ocr_carea' id='block_1_25' title="bbox 1977 1078 3597 1151">
    <p class='ocr_par' dir='ltr' id='par_1_25' title="bbox 1977 1078 3597 1151">
     <span class='ocr_line' id='line_1_25' title="bbox 1977 1078 3597 1151; baseline 0.009 -21"><span class='ocrx_word' id='word_1_153' title='bbox 1977 1078 2182 1146; x_wconf 89' lang='lat' dir='ltr'>quibus</span> <span class='ocrx_word' id='word_1_154' title='bbox 2209 1078 2349 1133; x_wconf 85' lang='lat' dir='ltr'>nihil</span> <span class='ocrx_word' id='word_1_155' title='bbox 2378 1097 2612 1151; x_wconf 89' lang='lat' dir='ltr'>prorsus</span> <span class='ocrx_word' id='word_1_156' title='bbox 2642 1082 2700 1136; x_wconf 91' lang='lat' dir='ltr'>in</span> <span class='ocrx_word' id='word_1_157' title='bbox 2749 1088 2945 1138; x_wconf 90' lang='lat' dir='ltr'>mente</span> <span class='ocrx_word' id='word_1_158' title='bbox 2983 1085 3251 1142; x_wconf 87' lang='lat' dir='ltr'>habebat.</span> <span class='ocrx_word' id='word_1_159' title='bbox 3284 1088 3397 1144; x_wconf 89' lang='lat' dir='ltr'>Sed</span> <span class='ocrx_word' id='word_1_160' title='bbox 3418 1089 3488 1144; x_wconf 91' lang='lat' dir='ltr'>de</span> <span class='ocrx_word' id='word_1_161' title='bbox 3510 1089 3597 1145; x_wconf 88' lang='lat' dir='ltr'>his</span> 
     </span>
    </p>
   </div>
   <div class='ocr_carea' id='block_1_26' title="bbox 1974 1168 2738 1245">
    <p class='ocr_par' dir='ltr' id='par_1_26' title="bbox 1974 1168 2738 1245">
     <span class='ocr_line' id='line_1_26' title="bbox 1974 1168 2738 1245; baseline 0.01 -23"><span class='ocrx_word' id='word_1_162' title='bbox 1974 1168 2124 1224; x_wconf 88' lang='lat' dir='ltr'>infra</span> <span class='ocrx_word' id='word_1_163' title='bbox 2144 1187 2245 1226; x_wconf 89' lang='lat' dir='ltr'>suo</span> <span class='ocrx_word' id='word_1_164' title='bbox 2273 1173 2396 1227; x_wconf 92' lang='lat' dir='ltr'>loco</span> <span class='ocrx_word' id='word_1_165' title='bbox 2428 1175 2738 1245; x_wconf 88' lang='lat' dir='ltr'>agendum.</span> 
     </span>
    </p>
   </div>
   <div class='ocr_carea' id='block_1_27' title="bbox 2606 1312 2958 1366">
    <p class='ocr_par' dir='ltr' id='par_1_27' title="bbox 2606 1312 2958 1366">
     <span class='ocr_line' id='line_1_27' title="bbox 2606 1312 2958 1366; baseline 0 0"><span class='ocrx_word' id='word_1_166' title='bbox 2606 1312 2825 1366; x_wconf 85' lang='lat' dir='ltr'>CAPUT</span> <span class='ocrx_word' id='word_1_167' title='bbox 2871 1313 2958 1366; x_wconf 91' lang='lat' dir='ltr'><strong>III.</strong></span> 
     </span>
    </p>
   </div>
   <div class='ocr_carea' id='block_1_28' title="bbox 2233 1403 3312 1462">
    <p class='ocr_par' dir='ltr' id='par_1_28' title="bbox 2233 1403 3312 1462">
     <span class='ocr_line' id='line_1_28' title="bbox 2233 1403 3312 1462; baseline 0.006 -7"><span class='ocrx_word' id='word_1_168' title='bbox 2233 1404 2395 1456; x_wconf 70' lang='lat' dir='ltr'>Nova:</span> <span class='ocrx_word' id='word_1_169' title='bbox 2418 1404 2476 1456; x_wconf 79' lang='lat' dir='ltr'>in</span> <span class='ocrx_word' id='word_1_170' title='bbox 2506 1403 2648 1457; x_wconf 88' lang='lat' dir='ltr'>hunc</span> <span class='ocrx_word' id='word_1_171' title='bbox 2677 1405 2873 1459; x_wconf 74' lang='lat' dir='ltr'>librum</span> <span class='ocrx_word' id='word_1_172' title='bbox 2898 1405 3312 1462; x_wconf 80' lang='lat' dir='ltr'>observationes.</span> 
     </span>
    </p>
   </div>
   <div class='ocr_carea' id='block_1_29' title="bbox 2524 1550 3044 1591">
    <p class='ocr_par' dir='ltr' id='par_1_29' title="bbox 2524 1550 3044 1591">
     <span class='ocr_line' id='line_1_29' title="bbox 2524 1550 3044 1591; baseline 0.002 -3"><span class='ocrx_word' id='word_1_173' title='bbox 2524 1550 2814 1589; x_wconf 80' lang='lat' dir='ltr'>ARTICULUS</span> <span class='ocrx_word' id='word_1_174' title='bbox 2853 1551 3044 1591; x_wconf 71' lang='lat' dir='ltr'>PRIMUS</span> 
     </span>
    </p>
   </div>
   <div class='ocr_carea' id='block_1_30' title="bbox 1968 1624 3592 1760">
    <p class='ocr_par' dir='ltr' id='par_1_30' title="bbox 1968 1624 3592 1760">
     <span class='ocr_line' id='line_1_30' title="bbox 1968 1624 3592 1760; baseline 0.006 -83"><span class='ocrx_word' id='word_1_175' title='bbox 1968 1624 2044 1677; x_wconf 88' lang='lat' dir='ltr'>De</span> <span class='ocrx_word' id='word_1_176' title='bbox 2077 1638 2246 1679; x_wconf 62' lang='lat' dir='ltr'>sacra</span> <span class='ocrx_word' id='word_1_177' title='bbox 2284 1626 2579 1695; x_wconf 69' lang='lat' dir='ltr'>Scriptura?</span> <span class='ocrx_word' id='word_1_178' title='bbox 2613 1632 2961 1760; x_wconf 62' lang='lat' dir='ltr'>aucltorc&#39;tate,</span> <span class='ocrx_word' id='word_1_179' title='bbox 2998 1634 3048 1684; x_wconf 87' lang='lat' dir='ltr'>et</span> <span class='ocrx_word' id='word_1_180' title='bbox 3086 1630 3413 1698; x_wconf 79' lang='lat' dir='ltr'>quibusdam</span> <span class='ocrx_word' id='word_1_181' title='bbox 3440 1632 3592 1687; x_wconf 77' lang='lat' dir='ltr'>illius</span> 
     </span>
     <span class='ocr_line' id='line_1_31' title="bbox 2730 1723 2857 1760; baseline 0 0"><span class='ocrx_word' id='word_1_182' title='bbox 2730 1723 2857 1760; x_wconf 73' lang='lat' dir='ltr'>ocis.</span> 
     </span>
    </p>
   </div>
   <div class='ocr_carea' id='block_1_31' title="bbox 2730 1723 2857 1762">
    <p class='ocr_par' dir='ltr' id='par_1_31' title="bbox 2730 1723 2857 1762">
     <span class='ocr_line' id='line_1_32' title="bbox 2730 1723 2857 1762; baseline 0.008 -1"><span class='ocrx_word' id='word_1_183' title='bbox 2730 1723 2857 1762; x_wconf 71' lang='grc' dir='ltr'>θοις.</span> 
     </span>
    </p>
   </div>
   <div class='ocr_carea' id='block_1_32' title="bbox 236 1792 3589 1893">
    <p class='ocr_par' dir='ltr' id='par_1_32' title="bbox 236 1792 3589 1893">
     <span class='ocr_line' id='line_1_33' title="bbox 236 1792 3589 1893; baseline 0.003 -26"><span class='ocrx_word' id='word_1_184' title='bbox 236 1817 362 1867; x_wconf 85' lang='lat' dir='ltr'>met</span> <span class='ocrx_word' id='word_1_185' title='bbox 386 1813 627 1866; x_wconf 88' lang='lat' dir='ltr'>Pamelii</span> <span class='ocrx_word' id='word_1_186' title='bbox 655 1813 715 1867; x_wconf 91' lang='lat' dir='ltr'>in</span> <span class='ocrx_word' id='word_1_187' title='bbox 762 1814 913 1866; x_wconf 89' lang='lat' dir='ltr'>hunc</span> <span class='ocrx_word' id='word_1_188' title='bbox 950 1813 1167 1868; x_wconf 88' lang='lat' dir='ltr'>librum</span> <span class='ocrx_word' id='word_1_189' title='bbox 1210 1814 1628 1871; x_wconf 88' lang='lat' dir='ltr'>observationes</span> <span class='ocrx_word' id='word_1_190' title='bbox 1676 1819 1867 1873; x_wconf 90' lang='lat' dir='ltr'>recudi</span> <span class='ocrx_word' id='word_1_191' title='bbox 1890 1792 1945 1862; x_wconf 80' lang='grc' dir='ltr'><strong>Β</strong></span> <span class='ocrx_word' id='word_1_192' title='bbox 2042 1814 2279 1871; x_wconf 91' lang='lat' dir='ltr'>Lubenti</span> <span class='ocrx_word' id='word_1_193' title='bbox 2306 1819 2459 1870; x_wconf 88' lang='lat' dir='ltr'>certe</span> <span class='ocrx_word' id='word_1_194' title='bbox 2487 1817 2679 1872; x_wconf 89' lang='lat' dir='ltr'>animo</span> <span class='ocrx_word' id='word_1_195' title='bbox 2718 1818 3026 1874; x_wconf 85' lang='lat' dir='ltr'>fatebimur</span> <span class='ocrx_word' id='word_1_196' title='bbox 3060 1836 3262 1876; x_wconf 89' lang='lat' dir='ltr'>verum</span> <span class='ocrx_word' id='word_1_197' title='bbox 3288 1822 3427 1877; x_wconf 89' lang='lat' dir='ltr'>illud</span> <span class='ocrx_word' id='word_1_198' title='bbox 3448 1840 3589 1893; x_wconf 84' lang='lat' dir='ltr'>esse,</span> 
     </span>
    </p>
   </div>
   <div class='ocr_carea' id='block_1_33' title="bbox 236 1906 1869 1979">
    <p class='ocr_par' dir='ltr' id='par_1_33' title="bbox 236 1906 1869 1979">
     <span class='ocr_line' id='line_1_34' title="bbox 236 1906 1869 1979; baseline 0.004 -19"><span class='ocrx_word' id='word_1_199' title='bbox 236 1906 474 1974; x_wconf 85' lang='lat' dir='ltr'>curavit,</span> <span class='ocrx_word' id='word_1_200' title='bbox 507 1906 710 1976; x_wconf 90' lang='lat' dir='ltr'>quibus</span> <span class='ocrx_word' id='word_1_201' title='bbox 737 1922 944 1976; x_wconf 88' lang='lat' dir='ltr'>paucas</span> <span class='ocrx_word' id='word_1_202' title='bbox 973 1907 1179 1976; x_wconf 85' lang='lat' dir='ltr'>adjecit</span> <span class='ocrx_word' id='word_1_203' title='bbox 1206 1908 1308 1961; x_wconf 90' lang='lat' dir='ltr'>hac</span> <span class='ocrx_word' id='word_1_204' title='bbox 1329 1911 1460 1962; x_wconf 86' lang='lat' dir='ltr'>nota</span> <span class='ocrx_word' id='word_1_205' title='bbox 1488 1908 1517 1979; x_wconf 84' lang='lat'>§</span> <span class='ocrx_word' id='word_1_206' title='bbox 1547 1910 1869 1967; x_wconf 87' lang='lat' dir='ltr'>Distinctas.</span> 
     </span>
    </p>
   </div>
   <div class='ocr_carea' id='block_1_34' title="bbox 238 1999 1867 2074">
    <p class='ocr_par' dir='ltr' id='par_1_34' title="bbox 238 1999 1867 2074">
     <span class='ocr_line' id='line_1_35' title="bbox 238 1999 1867 2074; baseline 0.004 -21"><span class='ocrx_word' id='word_1_207' title='bbox 238 1999 532 2069; x_wconf 86' lang='lat' dir='ltr'>Plerisque</span> <span class='ocrx_word' id='word_1_208' title='bbox 582 2002 775 2052; x_wconf 90' lang='lat' dir='ltr'>autem</span> <span class='ocrx_word' id='word_1_209' title='bbox 821 2000 1089 2053; x_wconf 89' lang='lat' dir='ltr'>omnibus</span> <span class='ocrx_word' id='word_1_210' title='bbox 1137 2000 1345 2055; x_wconf 89' lang='lat' dir='ltr'>indicat</span> <span class='ocrx_word' id='word_1_211' title='bbox 1374 2002 1552 2055; x_wconf 89' lang='lat' dir='ltr'>varias</span> <span class='ocrx_word' id='word_1_212' title='bbox 1595 2005 1867 2074; x_wconf 88' lang='lat' dir='ltr'>quasdam</span> 
     </span>
    </p>
   </div>
   <div class='ocr_carea' id='block_1_35' title="bbox 238 2092 1865 2162">
    <p class='ocr_par' dir='ltr' id='par_1_35' title="bbox 238 2092 1865 2162">
     <span class='ocr_line' id='line_1_36' title="bbox 238 2092 1865 2162; baseline 0.004 -17"><span class='ocrx_word' id='word_1_213' title='bbox 238 2092 414 2146; x_wconf 89' lang='lat' dir='ltr'>unius</span> <span class='ocrx_word' id='word_1_214' title='bbox 444 2092 813 2162; x_wconf 88' lang='lat' dir='ltr'>manuscripti</span> <span class='ocrx_word' id='word_1_215' title='bbox 845 2092 1073 2159; x_wconf 90' lang='lat' dir='ltr'>codicis,</span> <span class='ocrx_word' id='word_1_216' title='bbox 1104 2110 1294 2148; x_wconf 90' lang='lat' dir='ltr'>secum</span> <span class='ocrx_word' id='word_1_217' title='bbox 1321 2111 1353 2149; x_wconf 89' lang='lat' dir='ltr'>a</span> <span class='ocrx_word' id='word_1_218' title='bbox 1382 2097 1584 2150; x_wconf 83' lang='lat' dir='ltr'>Bovaeo</span> <span class='ocrx_word' id='word_1_219' title='bbox 1611 2113 1865 2152; x_wconf 91' lang='lat' dir='ltr'>commu-</span> 
     </span>
    </p>
   </div>
   <div class='ocr_carea' id='block_1_36' title="bbox 236 2189 1864 2264">
    <p class='ocr_par' dir='ltr' id='par_1_36' title="bbox 236 2189 1864 2264">
     <span class='ocr_line' id='line_1_37' title="bbox 236 2189 1864 2264; baseline 0.003 -20"><span class='ocrx_word' id='word_1_220' title='bbox 236 2189 421 2244; x_wconf 88' lang='lat' dir='ltr'>nicati</span> <span class='ocrx_word' id='word_1_221' title='bbox 447 2189 741 2243; x_wconf 85' lang='lat' dir='ltr'>lectiones.</span> <span class='ocrx_word' id='word_1_222' title='bbox 769 2189 1032 2259; x_wconf 87' lang='lat' dir='ltr'>Quinque</span> <span class='ocrx_word' id='word_1_223' title='bbox 1060 2190 1214 2243; x_wconf 86' lang='lat' dir='ltr'>enim</span> <span class='ocrx_word' id='word_1_224' title='bbox 1237 2191 1514 2247; x_wconf 82' lang='lat' dir='ltr'>duntaxat</span> <span class='ocrx_word' id='word_1_225' title='bbox 1554 2194 1619 2247; x_wconf 92' lang='lat' dir='ltr'>iis</span> <span class='ocrx_word' id='word_1_226' title='bbox 1637 2194 1864 2264; x_wconf 85' lang='lat' dir='ltr'>adjecit,</span> 
     </span>
    </p>
   </div>
   <div class='ocr_carea' id='block_1_37' title="bbox 238 2283 1866 2356">
    <p class='ocr_par' dir='ltr' id='par_1_37' title="bbox 238 2283 1866 2356">
     <span class='ocr_line' id='line_1_38' title="bbox 238 2283 1866 2356; baseline 0.004 -21"><span class='ocrx_word' id='word_1_227' title='bbox 238 2298 489 2353; x_wconf 82' lang='lat' dir='ltr'>quarum</span> <span class='ocrx_word' id='word_1_228' title='bbox 514 2283 701 2353; x_wconf 89' lang='lat' dir='ltr'>prima</span> <span class='ocrx_word' id='word_1_229' title='bbox 730 2297 835 2335; x_wconf 90' lang='lat' dir='ltr'>nos</span> <span class='ocrx_word' id='word_1_230' title='bbox 863 2284 1130 2336; x_wconf 90' lang='lat' dir='ltr'>monetin</span> <span class='ocrx_word' id='word_1_231' title='bbox 1158 2285 1524 2355; x_wconf 84' lang='lat' dir='ltr'>corruptione</span> <span class='ocrx_word' id='word_1_232' title='bbox 1550 2288 1866 2356; x_wconf 69' lang='lat' dir='ltr'>praesertim</span> 
     </span>
    </p>
   </div>
   <div class='ocr_carea' id='block_1_38' title="bbox 233 2375 1865 2435">
    <p class='ocr_par' dir='ltr' id='par_1_38' title="bbox 233 2375 1865 2435">
     <span class='ocr_line' id='line_1_39' title="bbox 233 2375 1865 2435; baseline 0.004 -6"><span class='ocrx_word' id='word_1_233' title='bbox 233 2391 470 2429; x_wconf 89' lang='lat' dir='ltr'>morum</span> <span class='ocrx_word' id='word_1_234' title='bbox 527 2375 831 2428; x_wconf 86' lang='lat' dir='ltr'>consistere</span> <span class='ocrx_word' id='word_1_235' title='bbox 899 2375 1097 2429; x_wconf 91' lang='lat' dir='ltr'>mundi</span> <span class='ocrx_word' id='word_1_236' title='bbox 1157 2382 1530 2431; x_wconf 88' lang='lat' dir='ltr'>senectutem.</span> <span class='ocrx_word' id='word_1_237' title='bbox 1603 2380 1865 2435; x_wconf 89' lang='lat' dir='ltr'>Secunda</span> 
     </span>
    </p>
   </div>
   <div class='ocr_carea' id='block_1_39' title="bbox 230 2468 1865 2537">
    <p class='ocr_par' dir='ltr' id='par_1_39' title="bbox 230 2468 1865 2537">
     <span class='ocr_line' id='line_1_40' title="bbox 230 2468 1865 2537; baseline 0.004 -16"><span class='ocrx_word' id='word_1_238' title='bbox 230 2485 374 2522; x_wconf 83' lang='lat' dir='ltr'>vero</span> <span class='ocrx_word' id='word_1_239' title='bbox 406 2468 666 2522; x_wconf 89' lang='lat' dir='ltr'>observat</span> <span class='ocrx_word' id='word_1_240' title='bbox 696 2468 1016 2537; x_wconf 63' lang='lat' dir='ltr'>longaevam</span> <span class='ocrx_word' id='word_1_241' title='bbox 1036 2469 1351 2537; x_wconf 88' lang='lat' dir='ltr'>priscorum</span> <span class='ocrx_word' id='word_1_242' title='bbox 1379 2471 1674 2525; x_wconf 90' lang='lat' dir='ltr'>hominum</span> <span class='ocrx_word' id='word_1_243' title='bbox 1691 2475 1865 2528; x_wconf 83' lang='lat' dir='ltr'>vitam</span> 
     </span>
    </p>
   </div>
   <div class='ocr_carea' id='block_1_40' title="bbox 231 2560 1862 2630">
    <p class='ocr_par' dir='ltr' id='par_1_40' title="bbox 231 2560 1862 2630">
     <span class='ocr_line' id='line_1_41' title="bbox 231 2560 1862 2630; baseline 0.002 -13"><span class='ocrx_word' id='word_1_244' title='bbox 231 2560 565 2618; x_wconf 81' lang='lat' dir='ltr'>conﬁrmari</span> <span class='ocrx_word' id='word_1_245' title='bbox 593 2561 789 2613; x_wconf 88' lang='lat' dir='ltr'>diluvii</span> <span class='ocrx_word' id='word_1_246' title='bbox 824 2562 1105 2630; x_wconf 80' lang='lat' dir='ltr'>generalis</span> <span class='ocrx_word' id='word_1_247' title='bbox 1149 2562 1407 2617; x_wconf 86' lang='lat' dir='ltr'>historia.</span> <span class='ocrx_word' id='word_1_248' title='bbox 1439 2565 1622 2618; x_wconf 87' lang='lat' dir='ltr'>Tertio</span> <span class='ocrx_word' id='word_1_249' title='bbox 1656 2566 1862 2622; x_wconf 78' lang='lat' dir='ltr'>dehinc</span> 
     </span>
    </p>
   </div>
   <div class='ocr_carea' id='block_1_41' title="bbox 202 2653 1860 2727">
    <p class='ocr_par' dir='ltr' id='par_1_41' title="bbox 202 2653 1860 2727">
     <span class='ocr_line' id='line_1_42' title="bbox 202 2653 1860 2727; baseline 0.003 -19"><span class='ocrx_word' id='word_1_250' title='bbox 202 2654 643 2708; x_wconf 59' lang='lat' dir='ltr'>«animadvertit</span> <span class='ocrx_word' id='word_1_251' title='bbox 713 2653 974 2724; x_wconf 88' lang='lat' dir='ltr'>antiquas</span> <span class='ocrx_word' id='word_1_252' title='bbox 1039 2654 1491 2710; x_wconf 86' lang='lat' dir='ltr'>Christianorum</span> <span class='ocrx_word' id='word_1_253' title='bbox 1555 2674 1746 2727; x_wconf 88' lang='lat' dir='ltr'>preces</span> <span class='ocrx_word' id='word_1_254' title='bbox 1792 2662 1860 2713; x_wconf 88' lang='lat' dir='ltr'>ad</span> 
     </span>
    </p>
   </div>
   <div class='ocr_carea' id='block_1_42' title="bbox 234 2747 1858 2817">
    <p class='ocr_par' dir='ltr' id='par_1_42' title="bbox 234 2747 1858 2817">
     <span class='ocr_line' id='line_1_43' title="bbox 234 2747 1858 2817; baseline 0.003 -16"><span class='ocrx_word' id='word_1_255' title='bbox 234 2749 417 2801; x_wconf 87' lang='lat' dir='ltr'>Deum</span> <span class='ocrx_word' id='word_1_256' title='bbox 446 2747 617 2817; x_wconf 81' lang='lat' dir='ltr'>dirigi</span> <span class='ocrx_word' id='word_1_257' title='bbox 647 2763 753 2817; x_wconf 89' lang='lat' dir='ltr'>per</span> <span class='ocrx_word' id='word_1_258' title='bbox 792 2747 1080 2802; x_wconf 83' lang='lat' dir='ltr'>Christum</span> <span class='ocrx_word' id='word_1_259' title='bbox 1122 2748 1242 2802; x_wconf 88' lang='lat' dir='ltr'>sine</span> <span class='ocrx_word' id='word_1_260' title='bbox 1282 2754 1606 2804; x_wconf 89' lang='lat' dir='ltr'>sanctorum</span> <span class='ocrx_word' id='word_1_261' title='bbox 1634 2751 1858 2806; x_wconf 88' lang='lat' dir='ltr'>invoca-</span> 
     </span>
    </p>
   </div>
   <div class='ocr_carea' id='block_1_43' title="bbox 235 2841 1860 2915">
    <p class='ocr_par' dir='ltr' id='par_1_43' title="bbox 235 2841 1860 2915">
     <span class='ocr_line' id='line_1_44' title="bbox 235 2841 1860 2915; baseline 0.002 -20"><span class='ocrx_word' id='word_1_262' title='bbox 235 2841 413 2896; x_wconf 87' lang='lat' dir='ltr'>tione.</span> <span class='ocrx_word' id='word_1_263' title='bbox 438 2841 545 2895; x_wconf 89' lang='lat' dir='ltr'>Sed</span> <span class='ocrx_word' id='word_1_264' title='bbox 572 2841 863 2894; x_wconf 90' lang='lat' dir='ltr'>ostendere</span> <span class='ocrx_word' id='word_1_265' title='bbox 890 2841 1139 2895; x_wconf 89' lang='lat' dir='ltr'>dcbebat</span> <span class='ocrx_word' id='word_1_266' title='bbox 1167 2845 1363 2896; x_wconf 88' lang='lat' dir='ltr'>utrum</span> <span class='ocrx_word' id='word_1_267' title='bbox 1395 2860 1520 2897; x_wconf 89' lang='lat' dir='ltr'>eam</span> <span class='ocrx_word' id='word_1_268' title='bbox 1549 2845 1860 2915; x_wconf 84' lang='lat' dir='ltr'>Cyprianus</span> 
     </span>
    </p>
   </div>
   <div class='ocr_carea' id='block_1_44' title="bbox 229 2934 1854 3003">
    <p class='ocr_par' dir='ltr' id='par_1_44' title="bbox 229 2934 1854 3003">
     <span class='ocr_line' id='line_1_45' title="bbox 229 2934 1854 3003; baseline 0.003 -16"><span class='ocrx_word' id='word_1_269' title='bbox 229 2934 442 2988; x_wconf 88' lang='lat' dir='ltr'>alicubi</span> <span class='ocrx_word' id='word_1_270' title='bbox 496 2934 693 2987; x_wconf 87' lang='lat' dir='ltr'>saltem</span> <span class='ocrx_word' id='word_1_271' title='bbox 749 2934 1063 3003; x_wconf 80' lang='lat' dir='ltr'>negaverit.</span> <span class='ocrx_word' id='word_1_272' title='bbox 1115 2936 1324 2998; x_wconf 89' lang='lat' dir='ltr'>Quarto</span> <span class='ocrx_word' id='word_1_273' title='bbox 1381 2936 1588 2991; x_wconf 82' lang='lat' dir='ltr'>fatetur</span> <span class='ocrx_word' id='word_1_274' title='bbox 1633 2942 1854 2992; x_wconf 85' lang='lat' dir='ltr'>veteres</span> 
     </span>
    </p>
   </div>
   <div class='ocr_carea' id='block_1_45' title="bbox 227 3027 1853 3101">
    <p class='ocr_par' dir='ltr' id='par_1_45' title="bbox 227 3027 1853 3101">
     <span class='ocr_line' id='line_1_46' title="bbox 227 3027 1853 3101; baseline 0.002 -20"><span class='ocrx_word' id='word_1_275' title='bbox 227 3027 586 3081; x_wconf 88' lang='lat' dir='ltr'>Christianos</span> <span class='ocrx_word' id='word_1_276' title='bbox 610 3042 732 3079; x_wconf 88' lang='lat' dir='ltr'>usos</span> <span class='ocrx_word' id='word_1_277' title='bbox 760 3027 933 3082; x_wconf 87' lang='lat' dir='ltr'>fuisse</span> <span class='ocrx_word' id='word_1_278' title='bbox 955 3028 1189 3081; x_wconf 78' lang='lat' dir='ltr'>externo</span> <span class='ocrx_word' id='word_1_279' title='bbox 1217 3028 1399 3081; x_wconf 88' lang='lat' dir='ltr'>crucis</span> <span class='ocrx_word' id='word_1_280' title='bbox 1438 3030 1645 3085; x_wconf 89' lang='lat' dir='ltr'>Christi</span> <span class='ocrx_word' id='word_1_281' title='bbox 1671 3032 1853 3101; x_wconf 75' lang='lat' dir='ltr'>signo,</span> 
     </span>
    </p>
   </div>
   <div class='ocr_carea' id='block_1_46' title="bbox 1973 1910 3593 1986">
    <p class='ocr_par' dir='ltr' id='par_1_46' title="bbox 1973 1910 3593 1986">
     <span class='ocr_line' id='line_1_47' title="bbox 1973 1910 3593 1986; baseline 0.004 -24"><span class='ocrx_word' id='word_1_282' title='bbox 1973 1910 2123 1980; x_wconf 90' lang='lat' dir='ltr'>quod</span> <span class='ocrx_word' id='word_1_283' title='bbox 2150 1910 2472 1964; x_wconf 85' lang='lat' dir='ltr'>Lactantius</span> <span class='ocrx_word' id='word_1_284' title='bbox 2498 1911 2741 1966; x_wconf 85' lang='lat' dir='ltr'>asseruit</span> <span class='ocrx_word' id='word_1_285' title='bbox 2757 1913 3101 1982; x_wconf 78' lang='lat' dir='ltr'>Cyprianum</span> <span class='ocrx_word' id='word_1_286' title='bbox 3132 1914 3339 1968; x_wconf 79' lang='lat' dir='ltr'>eximia</span> <span class='ocrx_word' id='word_1_287' title='bbox 3364 1922 3593 1986; x_wconf 89' lang='lat' dir='ltr'>raptum</span> 
     </span>
    </p>
   </div>
   <div class='ocr_carea' id='block_1_47' title="bbox 1968 2002 3588 2078">
    <p class='ocr_par' dir='ltr' id='par_1_47' title="bbox 1968 2002 3588 2078">
     <span class='ocr_line' id='line_1_48' title="bbox 1968 2002 3588 2078; baseline 0.004 -21"><span class='ocrx_word' id='word_1_288' title='bbox 1968 2003 2143 2057; x_wconf 88' lang='lat' dir='ltr'>fuisse</span> <span class='ocrx_word' id='word_1_289' title='bbox 2177 2002 2497 2058; x_wconf 89' lang='lat' dir='ltr'>divinarum</span> <span class='ocrx_word' id='word_1_290' title='bbox 2548 2004 2889 2060; x_wconf 88' lang='lat' dir='ltr'>Litterarum</span> <span class='ocrx_word' id='word_1_291' title='bbox 2942 2006 3266 2061; x_wconf 89' lang='lat' dir='ltr'>eruditione</span> <span class='ocrx_word' id='word_1_292' title='bbox 3313 2008 3588 2078; x_wconf 86' lang='lat' dir='ltr'>(Lactant.</span> 
     </span>
    </p>
   </div>
   <div class='ocr_carea' id='block_1_48' title="bbox 1968 2096 3596 2169">
    <p class='ocr_par' dir='ltr' id='par_1_48' title="bbox 1968 2096 3596 2169">
     <span class='ocr_line' id='line_1_49' title="bbox 1968 2096 3596 2169; baseline 0.004 -19"><span class='ocrx_word' id='word_1_293' title='bbox 1968 2096 2069 2150; x_wconf 92' lang='lat' dir='ltr'>lib.</span> <span class='ocrx_word' id='word_1_294' title='bbox 2102 2099 2287 2151; x_wconf 84' lang='lat' dir='ltr'>vInst.</span> <span class='ocrx_word' id='word_1_295' title='bbox 2333 2113 2453 2167; x_wconf 81' lang='lat' dir='ltr'>cap.</span> <span class='ocrx_word' id='word_1_296' title='bbox 2501 2099 2555 2164; x_wconf 79' lang='grc'>4,</span> <span class='ocrx_word' id='word_1_297' title='bbox 2597 2114 2728 2168; x_wconf 88' lang='lat' dir='ltr'>pag.</span> <span class='ocrx_word' id='word_1_298' title='bbox 2768 2097 2912 2169; x_wconf 78' lang='grc'>4⁸71).</span> <span class='ocrx_word' id='word_1_299' title='bbox 2950 2100 3246 2162; x_wconf 85' lang='lat' dir='ltr'>Quomodo</span> <span class='ocrx_word' id='word_1_300' title='bbox 3298 2100 3453 2155; x_wconf 91' lang='lat' dir='ltr'>enim</span> <span class='ocrx_word' id='word_1_301' title='bbox 3481 2102 3596 2156; x_wconf 86' lang='lat' dir='ltr'>illa-</span> 
     </span>
    </p>
   </div>
   <div class='ocr_carea' id='block_1_49' title="bbox 1970 2190 3589 2263">
    <p class='ocr_par' dir='ltr' id='par_1_49' title="bbox 1970 2190 3589 2263">
     <span class='ocr_line' id='line_1_50' title="bbox 1970 2190 3589 2263; baseline 0.004 -20"><span class='ocrx_word' id='word_1_302' title='bbox 1970 2206 2099 2243; x_wconf 90' lang='lat' dir='ltr'>rum</span> <span class='ocrx_word' id='word_1_303' title='bbox 2126 2190 2383 2244; x_wconf 88' lang='lat' dir='ltr'>doctrina</span> <span class='ocrx_word' id='word_1_304' title='bbox 2408 2190 2530 2260; x_wconf 87' lang='lat' dir='ltr'>rapi</span> <span class='ocrx_word' id='word_1_305' title='bbox 2567 2207 2684 2245; x_wconf 91' lang='lat' dir='ltr'>non</span> <span class='ocrx_word' id='word_1_306' title='bbox 2720 2191 3011 2260; x_wconf 88' lang='lat' dir='ltr'>potuisset,</span> <span class='ocrx_word' id='word_1_307' title='bbox 3031 2193 3239 2263; x_wconf 87' lang='lat' dir='ltr'>quibus</span> <span class='ocrx_word' id='word_1_308' title='bbox 3265 2193 3441 2248; x_wconf 89' lang='lat' dir='ltr'>divini</span> <span class='ocrx_word' id='word_1_309' title='bbox 3473 2211 3589 2250; x_wconf 87' lang='lat' dir='ltr'>ma-</span> 
     </span>
    </p>
   </div>
   <div class='ocr_carea' id='block_1_50' title="bbox 1965 2284 3593 2359">
    <p class='ocr_par' dir='ltr' id='par_1_50' title="bbox 1965 2284 3593 2359">
     <span class='ocr_line' id='line_1_51' title="bbox 1965 2284 3593 2359; baseline 0.005 -24"><span class='ocrx_word' id='word_1_310' title='bbox 1965 2285 2177 2349; x_wconf 77' lang='lat' dir='ltr'>gisterii</span> <span class='ocrx_word' id='word_1_311' title='bbox 2223 2290 2273 2336; x_wconf 81' lang='lat' dir='ltr'>et</span> <span class='ocrx_word' id='word_1_312' title='bbox 2329 2286 2561 2337; x_wconf 80' lang='lat' dir='ltr'>nominis</span> <span class='ocrx_word' id='word_1_313' title='bbox 2616 2284 2811 2337; x_wconf 89' lang='lat' dir='ltr'>tribuit</span> <span class='ocrx_word' id='word_1_314' title='bbox 2860 2285 3249 2340; x_wconf 87' lang='lat' dir='ltr'>auctoritatem</span> <span class='ocrx_word' id='word_1_315' title='bbox 3306 2286 3593 2359; x_wconf 76' lang='lat' dir='ltr'>(Cypriae.</span> 
     </span>
    </p>
   </div>
   <div class='ocr_carea' id='block_1_51' title="bbox 1965 2375 3587 2449">
    <p class='ocr_par' dir='ltr' id='par_1_51' title="bbox 1965 2375 3587 2449">
     <span class='ocr_line' id='line_1_52' title="bbox 1965 2375 3587 2449; baseline 0.004 -20"><span class='ocrx_word' id='word_1_316' title='bbox 1965 2377 2065 2429; x_wconf 91' lang='lat' dir='ltr'>lib.</span> <span class='ocrx_word' id='word_1_317' title='bbox 2106 2378 2180 2431; x_wconf 86' lang='lat' dir='ltr'>ad</span> <span class='ocrx_word' id='word_1_318' title='bbox 2210 2380 2438 2431; x_wconf 78' lang='lat' dir='ltr'>Demetr.</span> <span class='ocrx_word' id='word_1_319' title='bbox 2475 2393 2608 2446; x_wconf 86' lang='lat' dir='ltr'>pag.</span> <span class='ocrx_word' id='word_1_320' title='bbox 2657 2375 2911 2445; x_wconf 75' lang='lat' dir='ltr'>185)?In</span> <span class='ocrx_word' id='word_1_321' title='bbox 2954 2379 3201 2449; x_wconf 88' lang='lat' dir='ltr'>antiquis</span> <span class='ocrx_word' id='word_1_322' title='bbox 3240 2385 3434 2435; x_wconf 89' lang='lat' dir='ltr'>autem</span> <span class='ocrx_word' id='word_1_323' title='bbox 3466 2381 3587 2436; x_wconf 87' lang='lat' dir='ltr'>edi-</span> 
     </span>
    </p>
   </div>
   <div class='ocr_carea' id='block_1_52' title="bbox 1967 2469 3588 2543">
    <p class='ocr_par' dir='ltr' id='par_1_52' title="bbox 1967 2469 3588 2543">
     <span class='ocr_line' id='line_1_53' title="bbox 1967 2469 3588 2543; baseline 0.004 -20"><span class='ocrx_word' id='word_1_324' title='bbox 1967 2470 2215 2523; x_wconf 90' lang='lat' dir='ltr'>tionibus</span> <span class='ocrx_word' id='word_1_325' title='bbox 2258 2486 2324 2523; x_wconf 90' lang='lat' dir='ltr'>ac</span> <span class='ocrx_word' id='word_1_326' title='bbox 2372 2469 2632 2539; x_wconf 90' lang='lat' dir='ltr'>pluribus</span> <span class='ocrx_word' id='word_1_327' title='bbox 2704 2471 3105 2541; x_wconf 88' lang='lat' dir='ltr'>manuscriptis</span> <span class='ocrx_word' id='word_1_328' title='bbox 3171 2473 3588 2543; x_wconf 77' lang='lat' dir='ltr'>exemplaribus</span> 
     </span>
    </p>
   </div>
   <div class='ocr_carea' id='block_1_53' title="bbox 1962 2562 3587 2636">
    <p class='ocr_par' dir='ltr' id='par_1_53' title="bbox 1962 2562 3587 2636">
     <span class='ocr_line' id='line_1_54' title="bbox 1962 2562 3587 2636; baseline 0.003 -20"><span class='ocrx_word' id='word_1_329' title='bbox 1962 2562 2170 2616; x_wconf 87' lang='lat' dir='ltr'>absunt</span> <span class='ocrx_word' id='word_1_330' title='bbox 2198 2564 2320 2616; x_wconf 65' lang='lat' dir='ltr'>hanc</span> <span class='ocrx_word' id='word_1_331' title='bbox 2349 2562 2461 2616; x_wconf 92' lang='lat' dir='ltr'>duo</span> <span class='ocrx_word' id='word_1_332' title='bbox 2501 2563 2672 2617; x_wconf 88' lang='lat' dir='ltr'>verba</span> <span class='ocrx_word' id='word_1_333' title='bbox 2697 2570 2747 2618; x_wconf 80' lang='lat' dir='ltr'>et</span> <span class='ocrx_word' id='word_1_334' title='bbox 2773 2566 3007 2617; x_wconf 76' lang='lat' dir='ltr'>nominis</span> <span class='ocrx_word' id='word_1_335' title='bbox 3038 2564 3198 2631; x_wconf 80' lang='lat' dir='ltr'>(Ibid.</span> <span class='ocrx_word' id='word_1_336' title='bbox 3239 2582 3371 2636; x_wconf 86' lang='lat' dir='ltr'>pag.</span> <span class='ocrx_word' id='word_1_337' title='bbox 3401 2568 3504 2620; x_wconf 87' lang='grc'>187</span> <span class='ocrx_word' id='word_1_338' title='bbox 3530 2572 3587 2621; x_wconf 89' lang='lat' dir='ltr'>et</span> 
     </span>
    </p>
   </div>
   <div class='ocr_carea' id='block_1_54' title="bbox 1967 2654 3588 2726">
    <p class='ocr_par' dir='ltr' id='par_1_54' title="bbox 1967 2654 3588 2726">
     <span class='ocr_line' id='line_1_55' title="bbox 1967 2654 3588 2726; baseline 0.002 -17"><span class='ocrx_word' id='word_1_339' title='bbox 1967 2654 2087 2724; x_wconf 87' lang='lat'>188)</span> <span class='ocrx_word' id='word_1_340' title='bbox 2112 2672 2126 2708; x_wconf 85' lang='lat'><strong>:</strong></span> <span class='ocrx_word' id='word_1_341' title='bbox 2151 2655 2249 2708; x_wconf 91' lang='lat' dir='ltr'>sed</span> <span class='ocrx_word' id='word_1_342' title='bbox 2281 2655 2551 2725; x_wconf 89' lang='lat' dir='ltr'>leguntur</span> <span class='ocrx_word' id='word_1_343' title='bbox 2590 2655 2647 2709; x_wconf 92' lang='lat' dir='ltr'>in</span> <span class='ocrx_word' id='word_1_344' title='bbox 2682 2656 2935 2726; x_wconf 89' lang='lat' dir='ltr'>quinque</span> <span class='ocrx_word' id='word_1_345' title='bbox 2968 2656 3111 2723; x_wconf 88' lang='lat' dir='ltr'>aliis,</span> <span class='ocrx_word' id='word_1_346' title='bbox 3155 2673 3259 2711; x_wconf 91' lang='lat' dir='ltr'>nec</span> <span class='ocrx_word' id='word_1_347' title='bbox 3284 2658 3363 2711; x_wconf 91' lang='lat' dir='ltr'>ibi</span> <span class='ocrx_word' id='word_1_348' title='bbox 3396 2658 3588 2714; x_wconf 89' lang='lat' dir='ltr'>addita</span> 
     </span>
    </p>
   </div>
   <div class='ocr_carea' id='block_1_55' title="bbox 1960 2748 3583 2818">
    <p class='ocr_par' dir='ltr' id='par_1_55' title="bbox 1960 2748 3583 2818">
     <span class='ocr_line' id='line_1_56' title="bbox 1960 2748 3583 2818; baseline 0.001 -16"><span class='ocrx_word' id='word_1_349' title='bbox 1960 2754 2177 2802; x_wconf 87' lang='lat' dir='ltr'>temere</span> <span class='ocrx_word' id='word_1_350' title='bbox 2206 2748 2485 2801; x_wconf 89' lang='lat' dir='ltr'>videntur.</span> <span class='ocrx_word' id='word_1_351' title='bbox 2536 2748 2879 2818; x_wconf 90' lang='lat' dir='ltr'>Supremam</span> <span class='ocrx_word' id='word_1_352' title='bbox 2922 2754 3115 2804; x_wconf 91' lang='lat' dir='ltr'>autem</span> <span class='ocrx_word' id='word_1_353' title='bbox 3144 2767 3430 2805; x_wconf 88' lang='lat' dir='ltr'>sacrarum</span> <span class='ocrx_word' id='word_1_354' title='bbox 3458 2767 3583 2806; x_wconf 89' lang='lat' dir='ltr'>nos-</span> 
     </span>
    </p>
   </div>
   <div class='ocr_carea' id='block_1_56' title="bbox 1957 2840 3586 2910">
    <p class='ocr_par' dir='ltr' id='par_1_56' title="bbox 1957 2840 3586 2910">
     <span class='ocr_line' id='line_1_57' title="bbox 1957 2840 3586 2910; baseline 0.002 -15"><span class='ocrx_word' id='word_1_355' title='bbox 1957 2846 2176 2895; x_wconf 88' lang='lat' dir='ltr'>trarum</span> <span class='ocrx_word' id='word_1_356' title='bbox 2215 2840 2635 2910; x_wconf 88' lang='lat' dir='ltr'>Scripturarum</span> <span class='ocrx_word' id='word_1_357' title='bbox 2680 2842 3071 2896; x_wconf 89' lang='lat' dir='ltr'>auctoritatem</span> <span class='ocrx_word' id='word_1_358' title='bbox 3106 2843 3231 2897; x_wconf 90' lang='lat' dir='ltr'>ideo</span> <span class='ocrx_word' id='word_1_359' title='bbox 3273 2847 3394 2897; x_wconf 87' lang='lat' dir='ltr'>tam</span> <span class='ocrx_word' id='word_1_360' title='bbox 3432 2859 3586 2899; x_wconf 86' lang='lat' dir='ltr'>asse-</span> 
     </span>
    </p>
   </div>
   <div class='ocr_carea' id='block_1_57' title="bbox 1958 2933 3579 3006">
    <p class='ocr_par' dir='ltr' id='par_1_57' title="bbox 1958 2933 3579 3006">
     <span class='ocr_line' id='line_1_58' title="bbox 1958 2933 3579 3006; baseline 0.002 -19"><span class='ocrx_word' id='word_1_361' title='bbox 1958 2939 2220 2988; x_wconf 83' lang='lat' dir='ltr'>veranter</span> <span class='ocrx_word' id='word_1_362' title='bbox 2238 2933 2510 3003; x_wconf 79' lang='lat' dir='ltr'>praedicat</span> <span class='ocrx_word' id='word_1_363' title='bbox 2530 2936 2691 3005; x_wconf 73' lang='lat' dir='ltr'>(Ibid.</span> <span class='ocrx_word' id='word_1_364' title='bbox 2714 2951 2845 3004; x_wconf 88' lang='lat' dir='ltr'>pag.</span> <span class='ocrx_word' id='word_1_365' title='bbox 2874 2937 2993 3004; x_wconf 89' lang='lat'>187,</span> <span class='ocrx_word' id='word_1_366' title='bbox 3019 2939 3138 3003; x_wconf 91' lang='lat'>188,</span> <span class='ocrx_word' id='word_1_367' title='bbox 3169 2938 3290 3002; x_wconf 87' lang='lat'>190,</span> <span class='ocrx_word' id='word_1_368' title='bbox 3316 2939 3579 3006; x_wconf 85' lang='lat'>192,193,</span> 
     </span>
    </p>
   </div>
   <div class='ocr_carea' id='block_1_58' title="bbox 1961 3026 3579 3098">
    <p class='ocr_par' dir='ltr' id='par_1_58' title="bbox 1961 3026 3579 3098">
     <span class='ocr_line' id='line_1_59' title="bbox 1961 3026 3579 3098; baseline 0.003 -19"><span class='ocrx_word' id='word_1_369' title='bbox 1961 3028 2059 3080; x_wconf 70' lang='grc'>194</span> <span class='ocrx_word' id='word_1_370' title='bbox 2083 3031 2138 3079; x_wconf 90' lang='lat' dir='ltr'>et</span> <span class='ocrx_word' id='word_1_371' title='bbox 2166 3026 2319 3096; x_wconf 76' lang='lat'>195);</span> <span class='ocrx_word' id='word_1_372' title='bbox 2348 3026 2477 3097; x_wconf 86' lang='lat' dir='ltr'>quia</span> <span class='ocrx_word' id='word_1_373' title='bbox 2520 3043 2856 3096; x_wconf 88' lang='lat' dir='ltr'>persuasum</span> <span class='ocrx_word' id='word_1_374' title='bbox 2890 3028 3123 3082; x_wconf 89' lang='lat' dir='ltr'>omnino</span> <span class='ocrx_word' id='word_1_375' title='bbox 3151 3028 3579 3098; x_wconf 86' lang='lat' dir='ltr'>habuitipsum-</span> 
     </span>
    </p>
   </div>
   <div class='ocr_carea' id='block_1_59' title="bbox 226 3119 3577 3222">
    <p class='ocr_par' dir='ltr' id='par_1_59' title="bbox 226 3119 3577 3222">
     <span class='ocr_line' id='line_1_60' title="bbox 226 3119 3577 3222; baseline 0.001 -48"><span class='ocrx_word' id='word_1_376' title='bbox 226 3120 330 3174; x_wconf 87' lang='lat' dir='ltr'>sed</span> <span class='ocrx_word' id='word_1_377' title='bbox 366 3120 489 3175; x_wconf 88' lang='lat' dir='ltr'>sine</span> <span class='ocrx_word' id='word_1_378' title='bbox 536 3120 955 3191; x_wconf 89' lang='lat' dir='ltr'>superstitione,</span> <span class='ocrx_word' id='word_1_379' title='bbox 989 3125 1045 3174; x_wconf 90' lang='lat' dir='ltr'>et</span> <span class='ocrx_word' id='word_1_380' title='bbox 1077 3121 1190 3175; x_wconf 88' lang='lat' dir='ltr'>ulla</span> <span class='ocrx_word' id='word_1_381' title='bbox 1222 3121 1489 3176; x_wconf 73' lang='lat' dir='ltr'>doctrinm</span> <span class='ocrx_word' id='word_1_382' title='bbox 1536 3123 1607 3177; x_wconf 91' lang='lat' dir='ltr'>de</span> <span class='ocrx_word' id='word_1_383' title='bbox 1649 3124 1929 3222; x_wconf 77' lang='lat' dir='ltr'>ChristiC</span> <span class='ocrx_word' id='word_1_384' title='bbox 1956 3121 2073 3173; x_wconf 75' lang='lat' dir='ltr'>met</span> <span class='ocrx_word' id='word_1_385' title='bbox 2113 3120 2311 3185; x_wconf 84' lang='lat' dir='ltr'>Deum,</span> <span class='ocrx_word' id='word_1_386' title='bbox 2361 3136 2423 3173; x_wconf 85' lang='lat' dir='ltr'>ac</span> <span class='ocrx_word' id='word_1_387' title='bbox 2472 3119 2746 3189; x_wconf 64' lang='lat' dir='ltr'>Spiritum</span> <span class='ocrx_word' id='word_1_388' title='bbox 2788 3125 3044 3174; x_wconf 76' lang='lat' dir='ltr'>sanctum</span> <span class='ocrx_word' id='word_1_389' title='bbox 3084 3121 3141 3174; x_wconf 89' lang='lat' dir='ltr'>in</span> <span class='ocrx_word' id='word_1_390' title='bbox 3188 3121 3298 3175; x_wconf 81' lang='lat' dir='ltr'>illis</span> <span class='ocrx_word' id='word_1_391' title='bbox 3342 3122 3577 3189; x_wconf 84' lang='lat' dir='ltr'>locutio,</span> 
     </span>
    </p>
   </div>
   <div class='ocr_carea' id='block_1_60' title="bbox 224 3212 1854 3288">
    <p class='ocr_par' dir='ltr' id='par_1_60' title="bbox 224 3212 1854 3288">
     <span class='ocr_line' id='line_1_61' title="bbox 224 3212 1854 3288; baseline 0.003 -22"><span class='ocrx_word' id='word_1_392' title='bbox 224 3213 439 3267; x_wconf 90' lang='lat' dir='ltr'>merito</span> <span class='ocrx_word' id='word_1_393' title='bbox 478 3212 899 3267; x_wconf 87' lang='lat' dir='ltr'>imminutione.</span> <span class='ocrx_word' id='word_1_394' title='bbox 932 3215 1084 3268; x_wconf 88' lang='lat' dir='ltr'>Bene</span> <span class='ocrx_word' id='word_1_395' title='bbox 1117 3215 1347 3285; x_wconf 89' lang='lat' dir='ltr'>quidem</span> <span class='ocrx_word' id='word_1_396' title='bbox 1372 3222 1476 3284; x_wconf 88' lang='lat' dir='ltr'>est,</span> <span class='ocrx_word' id='word_1_397' title='bbox 1505 3217 1654 3287; x_wconf 91' lang='lat' dir='ltr'>quod</span> <span class='ocrx_word' id='word_1_398' title='bbox 1682 3218 1854 3288; x_wconf 87' lang='lat' dir='ltr'>hujus</span> 
     </span>
    </p>
   </div>
   <div class='ocr_carea' id='block_1_61' title="bbox 224 3306 1855 3380">
    <p class='ocr_par' dir='ltr' id='par_1_61' title="bbox 224 3306 1855 3380">
     <span class='ocr_line' id='line_1_62' title="bbox 224 3306 1855 3380; baseline 0.002 -20"><span class='ocrx_word' id='word_1_399' title='bbox 224 3306 536 3361; x_wconf 79' lang='lat' dir='ltr'>venerandi</span> <span class='ocrx_word' id='word_1_400' title='bbox 562 3306 710 3376; x_wconf 82' lang='lat' dir='ltr'>signi</span> <span class='ocrx_word' id='word_1_401' title='bbox 739 3323 903 3360; x_wconf 90' lang='lat' dir='ltr'>usum</span> <span class='ocrx_word' id='word_1_402' title='bbox 946 3307 1295 3377; x_wconf 87' lang='lat' dir='ltr'>comprobet.</span> <span class='ocrx_word' id='word_1_403' title='bbox 1325 3310 1397 3363; x_wconf 86' lang='lat' dir='ltr'>At</span> <span class='ocrx_word' id='word_1_404' title='bbox 1423 3310 1550 3380; x_wconf 90' lang='lat' dir='ltr'>quis</span> <span class='ocrx_word' id='word_1_405' title='bbox 1601 3325 1855 3380; x_wconf 87' lang='lat' dir='ltr'>unquam</span> 
     </span>
    </p>
   </div>
   <div class='ocr_carea' id='block_1_62' title="bbox 223 3399 1854 3471">
    <p class='ocr_par' dir='ltr' id='par_1_62' title="bbox 223 3399 1854 3471">
     <span class='ocr_line' id='line_1_63' title="bbox 223 3399 1854 3471; baseline 0.002 -18"><span class='ocrx_word' id='word_1_406' title='bbox 223 3399 683 3470; x_wconf 88' lang='lat' dir='ltr'>superstitiosum</span> <span class='ocrx_word' id='word_1_407' title='bbox 738 3400 885 3453; x_wconf 89' lang='lat' dir='ltr'>illius</span> <span class='ocrx_word' id='word_1_408' title='bbox 927 3401 1165 3454; x_wconf 88' lang='lat' dir='ltr'>abusum</span> <span class='ocrx_word' id='word_1_409' title='bbox 1197 3402 1474 3471; x_wconf 84' lang='lat' dir='ltr'>probavit,</span> <span class='ocrx_word' id='word_1_410' title='bbox 1514 3406 1613 3458; x_wconf 88' lang='lat' dir='ltr'>aut</span> <span class='ocrx_word' id='word_1_411' title='bbox 1641 3404 1854 3457; x_wconf 86' lang='lat' dir='ltr'>doctri-</span> 
     </span>
    </p>
   </div>
   <div class='ocr_carea' id='block_1_63' title="bbox 222 3492 1853 3566">
    <p class='ocr_par' dir='ltr' id='par_1_63' title="bbox 222 3492 1853 3566">
     <span class='ocr_line' id='line_1_64' title="bbox 222 3492 1853 3566; baseline 0.001 -19"><span class='ocrx_word' id='word_1_412' title='bbox 222 3509 361 3547; x_wconf 87' lang='lat' dir='ltr'>nam</span> <span class='ocrx_word' id='word_1_413' title='bbox 405 3492 475 3546; x_wconf 91' lang='lat' dir='ltr'>de</span> <span class='ocrx_word' id='word_1_414' title='bbox 530 3492 735 3547; x_wconf 87' lang='lat' dir='ltr'>Christi</span> <span class='ocrx_word' id='word_1_415' title='bbox 784 3494 987 3547; x_wconf 88' lang='lat' dir='ltr'>merito</span> <span class='ocrx_word' id='word_1_416' title='bbox 1040 3494 1317 3548; x_wconf 76' lang='lat' dir='ltr'>infirmari</span> <span class='ocrx_word' id='word_1_417' title='bbox 1367 3496 1603 3565; x_wconf 86' lang='lat' dir='ltr'>impune</span> <span class='ocrx_word' id='word_1_418' title='bbox 1661 3513 1853 3566; x_wconf 87' lang='lat' dir='ltr'>passus</span> 
     </span>
    </p>
   </div>
   <div class='ocr_carea' id='block_1_64' title="bbox 223 3585 1850 3657">
    <p class='ocr_par' dir='ltr' id='par_1_64' title="bbox 223 3585 1850 3657">
     <span class='ocr_line' id='line_1_65' title="bbox 223 3585 1850 3657; baseline 0.003 -18"><span class='ocrx_word' id='word_1_419' title='bbox 223 3586 353 3639; x_wconf 84' lang='lat' dir='ltr'>est?</span> <span class='ocrx_word' id='word_1_420' title='bbox 410 3585 663 3656; x_wconf 89' lang='lat' dir='ltr'>Denique</span> <span class='ocrx_word' id='word_1_421' title='bbox 710 3586 873 3639; x_wconf 87' lang='lat' dir='ltr'>variis</span> <span class='ocrx_word' id='word_1_422' title='bbox 910 3587 1277 3657; x_wconf 89' lang='lat' dir='ltr'>antiquorum</span> <span class='ocrx_word' id='word_1_423' title='bbox 1331 3589 1586 3643; x_wconf 80' lang='lat' dir='ltr'>Ecclesiae</span> <span class='ocrx_word' id='word_1_424' title='bbox 1624 3592 1850 3644; x_wconf 77' lang='lat' dir='ltr'>Patrum</span> 
     </span>
    </p>
   </div>
   <div class='ocr_carea' id='block_1_65' title="bbox 219 3679 1852 3751">
    <p class='ocr_par' dir='ltr' id='par_1_65' title="bbox 219 3679 1852 3751">
     <span class='ocr_line' id='line_1_66' title="bbox 219 3679 1852 3751; baseline 0.002 -18"><span class='ocrx_word' id='word_1_425' title='bbox 219 3679 565 3733; x_wconf 86' lang='lat' dir='ltr'>testimoniis</span> <span class='ocrx_word' id='word_1_426' title='bbox 612 3680 815 3749; x_wconf 89' lang='lat' dir='ltr'>probat</span> <span class='ocrx_word' id='word_1_427' title='bbox 867 3681 1079 3733; x_wconf 88' lang='lat' dir='ltr'>nullam</span> <span class='ocrx_word' id='word_1_428' title='bbox 1145 3684 1269 3751; x_wconf 86' lang='lat' dir='ltr'>post</span> <span class='ocrx_word' id='word_1_429' title='bbox 1310 3682 1459 3735; x_wconf 87' lang='lat' dir='ltr'>hanc</span> <span class='ocrx_word' id='word_1_430' title='bbox 1512 3682 1683 3736; x_wconf 87' lang='lat' dir='ltr'>vitam</span> <span class='ocrx_word' id='word_1_431' title='bbox 1731 3684 1852 3737; x_wconf 84' lang='lat' dir='ltr'>dari</span> 
     </span>
    </p>
   </div>
   <div class='ocr_carea' id='block_1_66' title="bbox 220 3772 1847 3846">
    <p class='ocr_par' dir='ltr' id='par_1_66' title="bbox 220 3772 1847 3846">
     <span class='ocr_line' id='line_1_67' title="bbox 220 3772 1847 3846; baseline 0.002 -19"><span class='ocrx_word' id='word_1_432' title='bbox 220 3772 576 3843; x_wconf 65' lang='lat' dir='ltr'>poenitentia:</span> <span class='ocrx_word' id='word_1_433' title='bbox 618 3773 826 3827; x_wconf 90' lang='lat' dir='ltr'>locum.</span> <span class='ocrx_word' id='word_1_434' title='bbox 874 3773 979 3827; x_wconf 89' lang='lat' dir='ltr'>Sed</span> <span class='ocrx_word' id='word_1_435' title='bbox 1010 3774 1087 3827; x_wconf 85' lang='lat' dir='ltr'>ibi</span> <span class='ocrx_word' id='word_1_436' title='bbox 1122 3790 1226 3844; x_wconf 83' lang='lat' dir='ltr'>pro</span> <span class='ocrx_word' id='word_1_437' title='bbox 1260 3776 1512 3844; x_wconf 85' lang='lat' dir='ltr'>genuina</span> <span class='ocrx_word' id='word_1_438' title='bbox 1557 3776 1694 3831; x_wconf 86' lang='lat' dir='ltr'>citat</span> <span class='ocrx_word' id='word_1_439' title='bbox 1719 3793 1847 3846; x_wconf 85' lang='lat' dir='ltr'>spu-</span> 
     </span>
    </p>
   </div>
   <div class='ocr_carea' id='block_1_67' title="bbox 217 3865 1480 3936">
    <p class='ocr_par' dir='ltr' id='par_1_67' title="bbox 217 3865 1480 3936">
     <span class='ocr_line' id='line_1_68' title="bbox 217 3865 1480 3936; baseline 0.002 -16"><span class='ocrx_word' id='word_1_440' title='bbox 217 3867 368 3920; x_wconf 84' lang='lat' dir='ltr'>riam</span> <span class='ocrx_word' id='word_1_441' title='bbox 395 3865 598 3919; x_wconf 84' lang='lat' dir='ltr'>Justini</span> <span class='ocrx_word' id='word_1_442' title='bbox 624 3866 893 3936; x_wconf 82' lang='lat' dir='ltr'>martyris</span> <span class='ocrx_word' id='word_1_443' title='bbox 915 3868 1480 3922; x_wconf 85' lang='lat' dir='ltr'>commentationem.</span> 
     </span>
    </p>
   </div>
   <div class='ocr_carea' id='block_1_68' title="bbox 291 3960 1850 4032">
    <p class='ocr_par' dir='ltr' id='par_1_68' title="bbox 291 3960 1850 4032">
     <span class='ocr_line' id='line_1_69' title="bbox 291 3960 1850 4032; baseline 0.003 -19"><span class='ocrx_word' id='word_1_444' title='bbox 291 3962 505 4014; x_wconf 88' lang='lat' dir='ltr'>Paucos</span> <span class='ocrx_word' id='word_1_445' title='bbox 557 3962 748 4028; x_wconf 88' lang='lat' dir='ltr'>postea</span> <span class='ocrx_word' id='word_1_446' title='bbox 792 3961 851 4013; x_wconf 90' lang='lat' dir='ltr'>in</span> <span class='ocrx_word' id='word_1_447' title='bbox 894 3960 1048 4014; x_wconf 89' lang='lat' dir='ltr'>hunc</span> <span class='ocrx_word' id='word_1_448' title='bbox 1103 3960 1317 4014; x_wconf 89' lang='lat' dir='ltr'>librum</span> <span class='ocrx_word' id='word_1_449' title='bbox 1360 3967 1521 4016; x_wconf 89' lang='lat' dir='ltr'>notas</span> <span class='ocrx_word' id='word_1_450' title='bbox 1576 3962 1850 4032; x_wconf 83' lang='lat' dir='ltr'>Rigaltius</span> 
     </span>
    </p>
   </div>
   <div class='ocr_carea' id='block_1_69' title="bbox 216 4052 1848 4123">
    <p class='ocr_par' dir='ltr' id='par_1_69' title="bbox 216 4052 1848 4123">
     <span class='ocr_line' id='line_1_70' title="bbox 216 4052 1848 4123; baseline 0.002 -15"><span class='ocrx_word' id='word_1_451' title='bbox 216 4052 602 4115; x_wconf 82' lang='lat' dir='ltr'>concinnavit,</span> <span class='ocrx_word' id='word_1_452' title='bbox 634 4069 762 4123; x_wconf 71' lang='lat' dir='ltr'>qua:</span> <span class='ocrx_word' id='word_1_453' title='bbox 808 4052 864 4106; x_wconf 89' lang='lat' dir='ltr'>in</span> <span class='ocrx_word' id='word_1_454' title='bbox 914 4054 1034 4122; x_wconf 86' lang='lat' dir='ltr'>ejus</span> <span class='ocrx_word' id='word_1_455' title='bbox 1095 4054 1344 4109; x_wconf 89' lang='lat' dir='ltr'>editione</span> <span class='ocrx_word' id='word_1_456' title='bbox 1391 4071 1541 4109; x_wconf 87' lang='lat' dir='ltr'>anno</span> <span class='ocrx_word' id='word_1_457' title='bbox 1586 4057 1740 4123; x_wconf 69' lang='grc'>1664,</span> <span class='ocrx_word' id='word_1_458' title='bbox 1775 4058 1848 4111; x_wconf 88' lang='lat' dir='ltr'>ab</span> 
     </span>
    </p>
   </div>
   <div class='ocr_carea' id='block_1_70' title="bbox 216 4146 1843 4218">
    <p class='ocr_par' dir='ltr' id='par_1_70' title="bbox 216 4146 1843 4218">
     <span class='ocr_line' id='line_1_71' title="bbox 216 4146 1843 4218; baseline 0.002 -17"><span class='ocrx_word' id='word_1_459' title='bbox 216 4147 348 4201; x_wconf 88' lang='lat' dir='ltr'>aliis</span> <span class='ocrx_word' id='word_1_460' title='bbox 389 4147 448 4200; x_wconf 89' lang='lat' dir='ltr'>in</span> <span class='ocrx_word' id='word_1_461' title='bbox 483 4146 805 4201; x_wconf 85' lang='lat' dir='ltr'>Orationem</span> <span class='ocrx_word' id='word_1_462' title='bbox 842 4147 1195 4201; x_wconf 89' lang='lat' dir='ltr'>Dominicam</span> <span class='ocrx_word' id='word_1_463' title='bbox 1233 4165 1348 4202; x_wconf 87' lang='lat' dir='ltr'>non</span> <span class='ocrx_word' id='word_1_464' title='bbox 1387 4148 1843 4218; x_wconf 87' lang='lat' dir='ltr'>distinguuntur.</span> 
     </span>
    </p>
   </div>
   <div class='ocr_carea' id='block_1_71' title="bbox 214 4240 1849 4311">
    <p class='ocr_par' dir='ltr' id='par_1_71' title="bbox 214 4240 1849 4311">
     <span class='ocr_line' id='line_1_72' title="bbox 214 4240 1849 4311; baseline 0 -16"><span class='ocrx_word' id='word_1_465' title='bbox 214 4242 344 4295; x_wconf 84' lang='lat' dir='ltr'>Non</span> <span class='ocrx_word' id='word_1_466' title='bbox 394 4240 584 4310; x_wconf 85' lang='lat' dir='ltr'>plures</span> <span class='ocrx_word' id='word_1_467' title='bbox 644 4240 857 4310; x_wconf 90' lang='lat' dir='ltr'>quippe</span> <span class='ocrx_word' id='word_1_468' title='bbox 906 4247 1039 4295; x_wconf 90' lang='lat' dir='ltr'>sunt</span> <span class='ocrx_word' id='word_1_469' title='bbox 1091 4257 1261 4311; x_wconf 84' lang='lat' dir='ltr'>quam</span> <span class='ocrx_word' id='word_1_470' title='bbox 1307 4242 1724 4297; x_wconf 87' lang='lat' dir='ltr'>novemdecim.</span> <span class='ocrx_word' id='word_1_471' title='bbox 1776 4245 1849 4295; x_wconf 87' lang='lat' dir='ltr'>At</span> 
     </span>
    </p>
   </div>
   <div class='ocr_carea' id='block_1_72' title="bbox 215 4332 1843 4401">
    <p class='ocr_par' dir='ltr' id='par_1_72' title="bbox 215 4332 1843 4401">
     <span class='ocr_line' id='line_1_73' title="bbox 215 4332 1843 4401; baseline 0 -14"><span class='ocrx_word' id='word_1_472' title='bbox 215 4349 427 4387; x_wconf 89' lang='lat' dir='ltr'>novem</span> <span class='ocrx_word' id='word_1_473' title='bbox 474 4349 539 4386; x_wconf 83' lang='lat' dir='ltr'>ex</span> <span class='ocrx_word' id='word_1_474' title='bbox 596 4332 705 4386; x_wconf 89' lang='lat' dir='ltr'>illis</span> <span class='ocrx_word' id='word_1_475' title='bbox 759 4333 989 4386; x_wconf 80' lang='lat' dir='ltr'>exhibet</span> <span class='ocrx_word' id='word_1_476' title='bbox 1036 4335 1390 4401; x_wconf 86' lang='lat' dir='ltr'>Veronensis,</span> <span class='ocrx_word' id='word_1_477' title='bbox 1447 4335 1530 4389; x_wconf 86' lang='lat' dir='ltr'>uti</span> <span class='ocrx_word' id='word_1_478' title='bbox 1582 4334 1843 4401; x_wconf 83' lang='lat' dir='ltr'>diximus,</span> 
     </span>
    </p>
   </div>
   <div class='ocr_carea' id='block_1_73' title="bbox 217 4425 1842 4498">
    <p class='ocr_par' dir='ltr' id='par_1_73' title="bbox 217 4425 1842 4498">
     <span class='ocr_line' id='line_1_74' title="bbox 217 4425 1842 4498; baseline 0.001 -17"><span class='ocrx_word' id='word_1_479' title='bbox 217 4426 436 4482; x_wconf 91' lang='lat' dir='ltr'>codicis</span> <span class='ocrx_word' id='word_1_480' title='bbox 484 4425 791 4494; x_wconf 85' lang='lat' dir='ltr'>lectiones;</span> <span class='ocrx_word' id='word_1_481' title='bbox 844 4425 966 4479; x_wconf 84' lang='lat' dir='ltr'>aliis</span> <span class='ocrx_word' id='word_1_482' title='bbox 1015 4442 1168 4493; x_wconf 85' lang='lat' dir='ltr'>vero,</span> <span class='ocrx_word' id='word_1_483' title='bbox 1217 4444 1363 4497; x_wconf 83' lang='lat' dir='ltr'>quae,</span> <span class='ocrx_word' id='word_1_484' title='bbox 1418 4444 1534 4481; x_wconf 90' lang='lat' dir='ltr'>una</span> <span class='ocrx_word' id='word_1_485' title='bbox 1591 4432 1842 4498; x_wconf 78' lang='lat' dir='ltr'>excepta,</span> 
     </span>
    </p>
   </div>
   <div class='ocr_carea' id='block_1_74' title="bbox 1957 3212 3576 3285">
    <p class='ocr_par' dir='ltr' id='par_1_74' title="bbox 1957 3212 3576 3285">
     <span class='ocr_line' id='line_1_75' title="bbox 1957 3212 3576 3285; baseline 0.002 -19"><span class='ocrx_word' id='word_1_486' title='bbox 1957 3229 2163 3282; x_wconf 87' lang='lat' dir='ltr'>easque</span> <span class='ocrx_word' id='word_1_487' title='bbox 2204 3213 2543 3282; x_wconf 89' lang='lat' dir='ltr'>compositas</span> <span class='ocrx_word' id='word_1_488' title='bbox 2585 3212 2756 3266; x_wconf 88' lang='lat' dir='ltr'>fuisse</span> <span class='ocrx_word' id='word_1_489' title='bbox 2803 3230 2836 3267; x_wconf 92' lang='lat' dir='ltr'>a</span> <span class='ocrx_word' id='word_1_490' title='bbox 2878 3214 3170 3284; x_wconf 88' lang='lat' dir='ltr'>prophetis</span> <span class='ocrx_word' id='word_1_491' title='bbox 3201 3217 3258 3268; x_wconf 93' lang='lat' dir='ltr'>et</span> <span class='ocrx_word' id='word_1_492' title='bbox 3288 3215 3576 3285; x_wconf 90' lang='lat' dir='ltr'>scriptori-</span> 
     </span>
    </p>
   </div>
   <div class='ocr_carea' id='block_1_75' title="bbox 1953 3303 3579 3376">
    <p class='ocr_par' dir='ltr' id='par_1_75' title="bbox 1953 3303 3579 3376">
     <span class='ocr_line' id='line_1_76' title="bbox 1953 3303 3579 3376; baseline 0.002 -18"><span class='ocrx_word' id='word_1_493' title='bbox 1953 3306 2077 3372; x_wconf 87' lang='lat' dir='ltr'>bus,</span> <span class='ocrx_word' id='word_1_494' title='bbox 2111 3306 2207 3375; x_wconf 88' lang='lat' dir='ltr'>qui</span> <span class='ocrx_word' id='word_1_495' title='bbox 2229 3306 2431 3359; x_wconf 89' lang='lat' dir='ltr'>eodem</span> <span class='ocrx_word' id='word_1_496' title='bbox 2458 3305 2668 3376; x_wconf 86' lang='lat' dir='ltr'>Spiritu</span> <span class='ocrx_word' id='word_1_497' title='bbox 2698 3310 2887 3360; x_wconf 88' lang='lat' dir='ltr'>sancto</span> <span class='ocrx_word' id='word_1_498' title='bbox 2920 3306 3071 3376; x_wconf 90' lang='lat' dir='ltr'>pleni</span> <span class='ocrx_word' id='word_1_499' title='bbox 3097 3313 3273 3361; x_wconf 89' lang='lat' dir='ltr'>erant.</span> <span class='ocrx_word' id='word_1_500' title='bbox 3304 3303 3579 3363; x_wconf 83' lang='lat' dir='ltr'>Constans</span> 
     </span>
    </p>
   </div>
   <div class='ocr_carea' id='block_1_76' title="bbox 1956 3398 3576 3471">
    <p class='ocr_par' dir='ltr' id='par_1_76' title="bbox 1956 3398 3576 3471">
     <span class='ocr_line' id='line_1_77' title="bbox 1956 3398 3576 3471; baseline 0.002 -20"><span class='ocrx_word' id='word_1_501' title='bbox 1956 3416 2085 3453; x_wconf 74' lang='lat' dir='ltr'>vero</span> <span class='ocrx_word' id='word_1_502' title='bbox 2118 3415 2340 3469; x_wconf 87' lang='lat' dir='ltr'>semper</span> <span class='ocrx_word' id='word_1_503' title='bbox 2366 3399 2472 3453; x_wconf 89' lang='lat' dir='ltr'>fuit</span> <span class='ocrx_word' id='word_1_504' title='bbox 2515 3398 2637 3453; x_wconf 56' lang='lat' dir='ltr'>haec</span> <span class='ocrx_word' id='word_1_505' title='bbox 2668 3398 2931 3469; x_wconf 83' lang='lat' dir='ltr'>Cypriani</span> <span class='ocrx_word' id='word_1_506' title='bbox 2967 3400 3270 3468; x_wconf 89' lang='lat' dir='ltr'>sententia,</span> <span class='ocrx_word' id='word_1_507' title='bbox 3312 3416 3483 3471; x_wconf 85' lang='lat' dir='ltr'>quam</span> <span class='ocrx_word' id='word_1_508' title='bbox 3516 3401 3576 3455; x_wconf 89' lang='lat' dir='ltr'>in</span> 
     </span>
    </p>
   </div>
   <div class='ocr_carea' id='block_1_77' title="bbox 1956 3491 3576 3564">
    <p class='ocr_par' dir='ltr' id='par_1_77' title="bbox 1956 3491 3576 3564">
     <span class='ocr_line' id='line_1_78' title="bbox 1956 3491 3576 3564; baseline 0.001 -19"><span class='ocrx_word' id='word_1_509' title='bbox 1956 3493 2058 3546; x_wconf 89' lang='lat' dir='ltr'>hac</span> <span class='ocrx_word' id='word_1_510' title='bbox 2104 3492 2576 3547; x_wconf 89' lang='lat' dir='ltr'>commentatione</span> <span class='ocrx_word' id='word_1_511' title='bbox 2621 3497 2677 3545; x_wconf 90' lang='lat' dir='ltr'>et</span> <span class='ocrx_word' id='word_1_512' title='bbox 2722 3491 3008 3562; x_wconf 87' lang='lat' dir='ltr'>plerisque</span> <span class='ocrx_word' id='word_1_513' title='bbox 3049 3492 3313 3546; x_wconf 87' lang='lat' dir='ltr'>omnibus</span> <span class='ocrx_word' id='word_1_514' title='bbox 3354 3492 3576 3564; x_wconf 89' lang='lat' dir='ltr'>scriptis</span> 
     </span>
    </p>
   </div>
   <div class='ocr_carea' id='block_1_78' title="bbox 1953 3588 3571 3659">
    <p class='ocr_par' dir='ltr' id='par_1_78' title="bbox 1953 3588 3571 3659">
     <span class='ocr_line' id='line_1_79' title="bbox 1953 3588 3571 3659; baseline 0.001 -17"><span class='ocrx_word' id='word_1_515' title='bbox 1953 3591 2087 3657; x_wconf 88' lang='lat' dir='ltr'>suis,</span> <span class='ocrx_word' id='word_1_516' title='bbox 2119 3606 2183 3643; x_wconf 89' lang='lat' dir='ltr'>ac</span> <span class='ocrx_word' id='word_1_517' title='bbox 2213 3589 2570 3659; x_wconf 89' lang='lat' dir='ltr'>potissimum</span> <span class='ocrx_word' id='word_1_518' title='bbox 2595 3589 2651 3641; x_wconf 93' lang='lat' dir='ltr'>in</span> <span class='ocrx_word' id='word_1_519' title='bbox 2682 3588 2859 3642; x_wconf 88' lang='lat' dir='ltr'>tribus</span> <span class='ocrx_word' id='word_1_520' title='bbox 2888 3588 3152 3643; x_wconf 89' lang='lat' dir='ltr'>adversus</span> <span class='ocrx_word' id='word_1_521' title='bbox 3168 3589 3571 3658; x_wconf 71' lang='lat' dir='ltr'>Judceoslibris,</span> 
     </span>
    </p>
   </div>
   <div class='ocr_carea' id='block_1_79' title="bbox 1951 3680 3576 3753">
    <p class='ocr_par' dir='ltr' id='par_1_79' title="bbox 1951 3680 3576 3753">
     <span class='ocr_line' id='line_1_80' title="bbox 1951 3680 3576 3753; baseline 0.001 -18"><span class='ocrx_word' id='word_1_522' title='bbox 1951 3686 2223 3753; x_wconf 85' lang='lat' dir='ltr'>tanquam</span> <span class='ocrx_word' id='word_1_523' title='bbox 2254 3688 2460 3735; x_wconf 84' lang='lat' dir='ltr'>certam</span> <span class='ocrx_word' id='word_1_524' title='bbox 2492 3686 2551 3736; x_wconf 91' lang='lat' dir='ltr'>et</span> <span class='ocrx_word' id='word_1_525' title='bbox 2582 3680 2815 3735; x_wconf 89' lang='lat' dir='ltr'>minime</span> <span class='ocrx_word' id='word_1_526' title='bbox 2839 3681 3075 3735; x_wconf 90' lang='lat' dir='ltr'>dubiam</span> <span class='ocrx_word' id='word_1_527' title='bbox 3104 3682 3264 3752; x_wconf 90' lang='lat' dir='ltr'>ponit</span> <span class='ocrx_word' id='word_1_528' title='bbox 3294 3686 3350 3737; x_wconf 90' lang='lat' dir='ltr'>et</span> <span class='ocrx_word' id='word_1_529' title='bbox 3393 3682 3576 3753; x_wconf 52' lang='lat' dir='ltr'>sequi«</span> 
     </span>
    </p>
   </div>
   <div class='ocr_carea' id='block_1_80' title="bbox 1953 3774 3576 3845">
    <p class='ocr_par' dir='ltr' id='par_1_80' title="bbox 1953 3774 3576 3845">
     <span class='ocr_line' id='line_1_81' title="bbox 1953 3774 3576 3845; baseline 0 -16"><span class='ocrx_word' id='word_1_530' title='bbox 1953 3781 2063 3830; x_wconf 89' lang='lat' dir='ltr'>tur.</span> <span class='ocrx_word' id='word_1_531' title='bbox 2096 3775 2245 3829; x_wconf 89' lang='lat' dir='ltr'>Nihil</span> <span class='ocrx_word' id='word_1_532' title='bbox 2269 3776 2457 3845; x_wconf 87' lang='lat' dir='ltr'>itaque</span> <span class='ocrx_word' id='word_1_533' title='bbox 2487 3791 2627 3845; x_wconf 91' lang='lat' dir='ltr'>opus</span> <span class='ocrx_word' id='word_1_534' title='bbox 2648 3780 2733 3828; x_wconf 90' lang='lat' dir='ltr'>est</span> <span class='ocrx_word' id='word_1_535' title='bbox 2752 3775 2886 3828; x_wconf 86' lang='lat' dir='ltr'>illud</span> <span class='ocrx_word' id='word_1_536' title='bbox 2905 3791 2935 3827; x_wconf 89' lang='lat' dir='ltr'>a</span> <span class='ocrx_word' id='word_1_537' title='bbox 2952 3774 3110 3828; x_wconf 90' lang='lat' dir='ltr'>nobis</span> <span class='ocrx_word' id='word_1_538' title='bbox 3132 3775 3307 3828; x_wconf 84' lang='lat' dir='ltr'>fusius</span> <span class='ocrx_word' id='word_1_539' title='bbox 3321 3776 3576 3845; x_wconf 55' lang='lat' dir='ltr'>probari:</span> 
     </span>
    </p>
   </div>
   <div class='ocr_carea' id='block_1_81' title="bbox 2020 3867 3572 3939">
    <p class='ocr_par' dir='ltr' id='par_1_81' title="bbox 2020 3867 3572 3939">
     <span class='ocr_line' id='line_1_82' title="bbox 2020 3867 3572 3939; baseline -0.001 -16"><span class='ocrx_word' id='word_1_540' title='bbox 2020 3872 2087 3923; x_wconf 76' lang='lat' dir='ltr'>At</span> <span class='ocrx_word' id='word_1_541' title='bbox 2107 3885 2297 3939; x_wconf 81' lang='lat' dir='ltr'>operae</span> <span class='ocrx_word' id='word_1_542' title='bbox 2322 3867 2559 3922; x_wconf 82' lang='lat' dir='ltr'>forsitan</span> <span class='ocrx_word' id='word_1_543' title='bbox 2587 3867 2825 3935; x_wconf 87' lang='lat' dir='ltr'>alicujus</span> <span class='ocrx_word' id='word_1_544' title='bbox 2858 3868 3103 3936; x_wconf 87' lang='lat' dir='ltr'>pretium</span> <span class='ocrx_word' id='word_1_545' title='bbox 3132 3867 3572 3922; x_wconf 86' lang='lat' dir='ltr'>eritobservassc</span> 
     </span>
    </p>
   </div>
   <div class='ocr_carea' id='block_1_82' title="bbox 1950 3958 3571 4032">
    <p class='ocr_par' dir='ltr' id='par_1_82' title="bbox 1950 3958 3571 4032">
     <span class='ocr_line' id='line_1_83' title="bbox 1950 3958 3571 4032; baseline -0.001 -18"><span class='ocrx_word' id='word_1_546' title='bbox 1950 3963 2213 4032; x_wconf 77' lang='lat' dir='ltr'>qumdam</span> <span class='ocrx_word' id='word_1_547' title='bbox 2243 3961 2540 4015; x_wconf 81' lang='lat' dir='ltr'>Ezechielis</span> <span class='ocrx_word' id='word_1_548' title='bbox 2568 3960 2736 4013; x_wconf 90' lang='lat' dir='ltr'>verba</span> <span class='ocrx_word' id='word_1_549' title='bbox 2766 3959 2877 4013; x_wconf 89' lang='lat' dir='ltr'>alio</span> <span class='ocrx_word' id='word_1_550' title='bbox 2899 3960 3066 4014; x_wconf 90' lang='lat' dir='ltr'>modo</span> <span class='ocrx_word' id='word_1_551' title='bbox 3092 3958 3153 4012; x_wconf 90' lang='lat' dir='ltr'>in</span> <span class='ocrx_word' id='word_1_552' title='bbox 3182 3960 3292 4013; x_wconf 90' lang='lat' dir='ltr'>hoc</span> <span class='ocrx_word' id='word_1_553' title='bbox 3321 3960 3480 4013; x_wconf 91' lang='lat' dir='ltr'>citari</span> <span class='ocrx_word' id='word_1_554' title='bbox 3498 3960 3571 4014; x_wconf 91' lang='lat' dir='ltr'>ad</span> 
     </span>
    </p>
   </div>
   <div class='ocr_carea' id='block_1_83' title="bbox 1948 4051 3570 4122">
    <p class='ocr_par' dir='ltr' id='par_1_83' title="bbox 1948 4051 3570 4122">
     <span class='ocr_line' id='line_1_84' title="bbox 1948 4051 3570 4122; baseline -0.001 -13"><span class='ocrx_word' id='word_1_555' title='bbox 1948 4056 2408 4118; x_wconf 86' lang='lat' dir='ltr'>Demetriauum,</span> <span class='ocrx_word' id='word_1_556' title='bbox 2460 4069 2633 4122; x_wconf 90' lang='lat' dir='ltr'>quam</span> <span class='ocrx_word' id='word_1_557' title='bbox 2686 4052 2745 4105; x_wconf 91' lang='lat' dir='ltr'>in</span> <span class='ocrx_word' id='word_1_558' title='bbox 2794 4051 3046 4106; x_wconf 86' lang='lat' dir='ltr'>secundo</span> <span class='ocrx_word' id='word_1_559' title='bbox 3098 4051 3570 4108; x_wconf 79' lang='lat' dir='ltr'>illiusadversus</span> 
     </span>
    </p>
   </div>
   <div class='ocr_carea' id='block_1_84' title="bbox 1946 4145 3565 4216">
    <p class='ocr_par' dir='ltr' id='par_1_84' title="bbox 1946 4145 3565 4216">
     <span class='ocr_line' id='line_1_85' title="bbox 1946 4145 3565 4216; baseline 0 -15"><span class='ocrx_word' id='word_1_560' title='bbox 1946 4147 2167 4202; x_wconf 65' lang='lat' dir='ltr'>Iudaeos</span> <span class='ocrx_word' id='word_1_561' title='bbox 2198 4146 2360 4200; x_wconf 89' lang='lat' dir='ltr'>libro.</span> <span class='ocrx_word' id='word_1_562' title='bbox 2390 4147 2532 4199; x_wconf 80' lang='lat' dir='ltr'>Nam</span> <span class='ocrx_word' id='word_1_563' title='bbox 2564 4162 2629 4199; x_wconf 90' lang='lat' dir='ltr'>ea</span> <span class='ocrx_word' id='word_1_564' title='bbox 2659 4146 2844 4199; x_wconf 90' lang='lat' dir='ltr'>eidem</span> <span class='ocrx_word' id='word_1_565' title='bbox 2869 4145 3231 4201; x_wconf 89' lang='lat' dir='ltr'>Demetriano</span> <span class='ocrx_word' id='word_1_566' title='bbox 3255 4147 3415 4216; x_wconf 80' lang='lat' dir='ltr'>(Ibid.</span> <span class='ocrx_word' id='word_1_567' title='bbox 3436 4162 3565 4216; x_wconf 86' lang='lat' dir='ltr'>pag.</span> 
     </span>
    </p>
   </div>
   <div class='ocr_carea' id='block_1_85' title="bbox 1952 4238 3572 4310">
    <p class='ocr_par' dir='ltr' id='par_1_85' title="bbox 1952 4238 3572 4310">
     <span class='ocr_line' id='line_1_86' title="bbox 1952 4238 3572 4310; baseline -0.001 -16"><span class='ocrx_word' id='word_1_568' title='bbox 1952 4242 2069 4305; x_wconf 71' lang='grc'>194,</span> <span class='ocrx_word' id='word_1_569' title='bbox 2119 4240 2355 4310; x_wconf 88' lang='lat' dir='ltr'>aliisque</span> <span class='ocrx_word' id='word_1_570' title='bbox 2407 4238 2711 4308; x_wconf 87' lang='lat' dir='ltr'>gentilibus</span> <span class='ocrx_word' id='word_1_571' title='bbox 2762 4239 2841 4293; x_wconf 88' lang='lat' dir='ltr'>sic</span> <span class='ocrx_word' id='word_1_572' title='bbox 2887 4238 3081 4309; x_wconf 91' lang='lat' dir='ltr'>objicit</span> <span class='ocrx_word' id='word_1_573' title='bbox 3126 4255 3140 4292; x_wconf 89' lang='lat'><strong>:</strong></span> <span class='ocrx_word' id='word_1_574' title='bbox 3185 4258 3212 4290; x_wconf 73' lang='grc' dir='ltr'>ς(</span> <span class='ocrx_word' id='word_1_575' title='bbox 3246 4238 3460 4306; x_wconf 90' lang='lat' dir='ltr'>Vadite,</span> <span class='ocrx_word' id='word_1_576' title='bbox 3513 4242 3572 4293; x_wconf 89' lang='lat' dir='ltr'>et</span> 
     </span>
    </p>
   </div>
   <div class='ocr_carea' id='block_1_86' title="bbox 1948 4332 3568 4402">
    <p class='ocr_par' dir='ltr' id='par_1_86' title="bbox 1948 4332 3568 4402">
     <span class='ocr_line' id='line_1_87' title="bbox 1948 4332 3568 4402; baseline -0.001 -15"><span class='ocrx_word' id='word_1_577' title='bbox 1948 4334 2161 4399; x_wconf 66' lang='lat' dir='ltr'>caedite,</span> <span class='ocrx_word' id='word_1_578' title='bbox 2192 4336 2249 4386; x_wconf 90' lang='lat' dir='ltr'>et</span> <span class='ocrx_word' id='word_1_579' title='bbox 2268 4332 2443 4386; x_wconf 91' lang='lat' dir='ltr'>nolite</span> <span class='ocrx_word' id='word_1_580' title='bbox 2466 4348 2697 4402; x_wconf 86' lang='lat' dir='ltr'>parcere</span> <span class='ocrx_word' id='word_1_581' title='bbox 2719 4332 2893 4387; x_wconf 87' lang='lat' dir='ltr'>oculis</span> <span class='ocrx_word' id='word_1_582' title='bbox 2916 4332 3134 4387; x_wconf 83' lang='lat' dir='ltr'>vestris.</span> <span class='ocrx_word' id='word_1_583' title='bbox 3168 4333 3347 4386; x_wconf 90' lang='lat' dir='ltr'>Nolite</span> <span class='ocrx_word' id='word_1_584' title='bbox 3401 4332 3568 4386; x_wconf 91' lang='lat' dir='ltr'>mise-</span> 
     </span>
    </p>
   </div>
   <div class='ocr_carea' id='block_1_87' title="bbox 1948 4425 3562 4496">
    <p class='ocr_par' dir='ltr' id='par_1_87' title="bbox 1948 4425 3562 4496">
     <span class='ocr_line' id='line_1_88' title="bbox 1948 4425 3562 4496; baseline -0.001 -15"><span class='ocrx_word' id='word_1_585' title='bbox 1948 4427 2058 4481; x_wconf 83' lang='lat' dir='ltr'>reri</span> <span class='ocrx_word' id='word_1_586' title='bbox 2085 4426 2338 4493; x_wconf 89' lang='lat' dir='ltr'>senioris,</span> <span class='ocrx_word' id='word_1_587' title='bbox 2366 4429 2462 4479; x_wconf 83' lang='lat' dir='ltr'>aut</span> <span class='ocrx_word' id='word_1_588' title='bbox 2483 4426 2735 4495; x_wconf 83' lang='lat' dir='ltr'>juvenis,</span> <span class='ocrx_word' id='word_1_589' title='bbox 2777 4432 2875 4479; x_wconf 88' lang='lat' dir='ltr'>aut</span> <span class='ocrx_word' id='word_1_590' title='bbox 2905 4425 3139 4496; x_wconf 85' lang='lat' dir='ltr'>virginis</span> <span class='ocrx_word' id='word_1_591' title='bbox 3165 4441 3177 4492; x_wconf 91' lang='lat'><strong>;</strong></span> <span class='ocrx_word' id='word_1_592' title='bbox 3210 4430 3265 4480; x_wconf 91' lang='lat' dir='ltr'>et</span> <span class='ocrx_word' id='word_1_593' title='bbox 3295 4427 3562 4496; x_wconf 88' lang='lat' dir='ltr'>parvulos</span> 
     </span>
    </p>
   </div>
   <div class='ocr_carea' id='block_1_88' title="bbox 212 4507 3563 4592">
    <p class='ocr_par' dir='ltr' id='par_1_88' title="bbox 212 4507 3563 4592">
     <span class='ocr_line' id='line_1_89' title="bbox 212 4507 3563 4592; baseline -0.001 -16"><span class='ocrx_word' id='word_1_594' title='bbox 212 4519 570 4576; x_wconf 58' lang='lat' dir='ltr'>brevissima</span> <span class='ocrx_word' id='word_1_595' title='bbox 597 4524 745 4586; x_wconf 88' lang='lat' dir='ltr'>sunt,</span> <span class='ocrx_word' id='word_1_596' title='bbox 774 4520 1037 4589; x_wconf 70' lang='lat' dir='ltr'>quaedam</span> <span class='ocrx_word' id='word_1_597' title='bbox 1069 4520 1336 4590; x_wconf 84' lang='lat' dir='ltr'>Cypriani</span> <span class='ocrx_word' id='word_1_598' title='bbox 1356 4521 1526 4575; x_wconf 82' lang='lat' dir='ltr'>verba</span> <span class='ocrx_word' id='word_1_599' title='bbox 1541 4522 1840 4592; x_wconf 81' lang='lat' dir='ltr'>explicare,</span> <span class='ocrx_word' id='word_1_600' title='bbox 1868 4507 1922 4577; x_wconf 86' lang='lat' dir='ltr'>D</span> <span class='ocrx_word' id='word_1_601' title='bbox 1947 4523 2004 4575; x_wconf 88' lang='lat' dir='ltr'>et</span> <span class='ocrx_word' id='word_1_602' title='bbox 2052 4521 2321 4574; x_wconf 86' lang='lat' dir='ltr'>mulieres</span> <span class='ocrx_word' id='word_1_603' title='bbox 2375 4519 2697 4587; x_wconf 81' lang='lat' dir='ltr'>interﬁcite,</span> <span class='ocrx_word' id='word_1_604' title='bbox 2758 4522 2819 4573; x_wconf 91' lang='lat' dir='ltr'>ut</span> <span class='ocrx_word' id='word_1_605' title='bbox 2870 4518 3292 4589; x_wconf 88' lang='lat' dir='ltr'>perdeleantur.</span> <span class='ocrx_word' id='word_1_606' title='bbox 3324 4520 3563 4573; x_wconf 89' lang='lat' dir='ltr'>Omnem</span> 
     </span>
    </p>
   </div>
   <div class='ocr_carea' id='block_1_89' title="bbox 212 4613 967 4668">
    <p class='ocr_par' dir='ltr' id='par_1_89' title="bbox 212 4613 967 4668">
     <span class='ocr_line' id='line_1_90' title="bbox 212 4613 967 4668; baseline -0.004 0"><span class='ocrx_word' id='word_1_607' title='bbox 212 4618 319 4668; x_wconf 87' lang='lat' dir='ltr'>aut</span> <span class='ocrx_word' id='word_1_608' title='bbox 345 4613 679 4667; x_wconf 84' lang='lat' dir='ltr'>confirmare</span> <span class='ocrx_word' id='word_1_609' title='bbox 707 4617 967 4666; x_wconf 87' lang='lat' dir='ltr'>conatur.</span> 
     </span>
    </p>
   </div>
   <div class='ocr_carea' id='block_1_90' title="bbox 290 4706 1843 4777">
    <p class='ocr_par' dir='ltr' id='par_1_90' title="bbox 290 4706 1843 4777">
     <span class='ocr_line' id='line_1_91' title="bbox 290 4706 1843 4777; baseline 0.002 -18"><span class='ocrx_word' id='word_1_610' title='bbox 290 4707 505 4777; x_wconf 82' lang='lat' dir='ltr'>Duplex</span> <span class='ocrx_word' id='word_1_611' title='bbox 550 4706 610 4760; x_wconf 90' lang='lat' dir='ltr'>in</span> <span class='ocrx_word' id='word_1_612' title='bbox 682 4706 983 4760; x_wconf 86' lang='lat' dir='ltr'>Oxoniensi</span> <span class='ocrx_word' id='word_1_613' title='bbox 1052 4706 1304 4761; x_wconf 89' lang='lat' dir='ltr'>editione</span> <span class='ocrx_word' id='word_1_614' title='bbox 1370 4712 1661 4776; x_wconf 89' lang='lat' dir='ltr'>notarum,</span> <span class='ocrx_word' id='word_1_615' title='bbox 1713 4710 1843 4763; x_wconf 87' lang='lat' dir='ltr'>satis</span> 
     </span>
    </p>
   </div>
   <div class='ocr_carea' id='block_1_91' title="bbox 211 4798 1842 4870">
    <p class='ocr_par' dir='ltr' id='par_1_91' title="bbox 211 4798 1842 4870">
     <span class='ocr_line' id='line_1_92' title="bbox 211 4798 1842 4870; baseline 0.001 -15"><span class='ocrx_word' id='word_1_616' title='bbox 211 4799 520 4855; x_wconf 90' lang='lat' dir='ltr'>commodo</span> <span class='ocrx_word' id='word_1_617' title='bbox 553 4798 752 4853; x_wconf 89' lang='lat' dir='ltr'>ordine</span> <span class='ocrx_word' id='word_1_618' title='bbox 794 4799 1161 4870; x_wconf 84' lang='lat' dir='ltr'>digestarum,</span> <span class='ocrx_word' id='word_1_619' title='bbox 1210 4816 1387 4870; x_wconf 87' lang='lat' dir='ltr'>genus</span> <span class='ocrx_word' id='word_1_620' title='bbox 1419 4806 1521 4855; x_wconf 87' lang='lat' dir='ltr'>est.</span> <span class='ocrx_word' id='word_1_621' title='bbox 1554 4802 1842 4856; x_wconf 86' lang='lat' dir='ltr'>Prioribus</span> 
     </span>
    </p>
   </div>
   <div class='ocr_carea' id='block_1_92' title="bbox 210 4892 1842 4964">
    <p class='ocr_par' dir='ltr' id='par_1_92' title="bbox 210 4892 1842 4964">
     <span class='ocr_line' id='line_1_93' title="bbox 210 4892 1842 4964; baseline 0.001 -15"><span class='ocrx_word' id='word_1_622' title='bbox 210 4899 412 4949; x_wconf 86' lang='lat' dir='ltr'>autem</span> <span class='ocrx_word' id='word_1_623' title='bbox 440 4892 650 4947; x_wconf 91' lang='lat' dir='ltr'>minori</span> <span class='ocrx_word' id='word_1_624' title='bbox 677 4893 999 4947; x_wconf 88' lang='lat' dir='ltr'>charactere</span> <span class='ocrx_word' id='word_1_625' title='bbox 1039 4895 1250 4947; x_wconf 80' lang='lat' dir='ltr'>excusis</span> <span class='ocrx_word' id='word_1_626' title='bbox 1280 4895 1649 4964; x_wconf 88' lang='lat' dir='ltr'>proferuntur</span> <span class='ocrx_word' id='word_1_627' title='bbox 1674 4896 1842 4950; x_wconf 59' lang='lat' dir='ltr'>variae</span> 
     </span>
    </p>
   </div>
   <div class='ocr_carea' id='block_1_93' title="bbox 212 4986 1840 5059">
    <p class='ocr_par' dir='ltr' id='par_1_93' title="bbox 212 4986 1840 5059">
     <span class='ocr_line' id='line_1_94' title="bbox 212 4986 1840 5059; baseline 0.001 -18"><span class='ocrx_word' id='word_1_628' title='bbox 212 4986 483 5042; x_wconf 89' lang='lat' dir='ltr'>codicum</span> <span class='ocrx_word' id='word_1_629' title='bbox 521 4986 752 5056; x_wconf 89' lang='lat' dir='ltr'>quidem</span> <span class='ocrx_word' id='word_1_630' title='bbox 800 4987 1338 5056; x_wconf 87' lang='lat' dir='ltr'>manuscriptorum,</span> <span class='ocrx_word' id='word_1_631' title='bbox 1372 4988 1470 5041; x_wconf 90' lang='lat' dir='ltr'>sed</span> <span class='ocrx_word' id='word_1_632' title='bbox 1510 4988 1840 5059; x_wconf 87' lang='lat' dir='ltr'>neutiquam</span> 
     </span>
    </p>
   </div>
   <div class='ocr_carea' id='block_1_94' title="bbox 211 5078 1841 5152">
    <p class='ocr_par' dir='ltr' id='par_1_94' title="bbox 211 5078 1841 5152">
     <span class='ocr_line' id='line_1_95' title="bbox 211 5078 1841 5152; baseline 0.001 -18"><span class='ocrx_word' id='word_1_633' title='bbox 211 5080 591 5150; x_wconf 86' lang='lat' dir='ltr'>antiquarum</span> <span class='ocrx_word' id='word_1_634' title='bbox 620 5078 799 5152; x_wconf 76' lang='grc'>991</span> <span class='ocrx_word' id='word_1_635' title='bbox 838 5079 1153 5134; x_wconf 85' lang='lat' dir='ltr'>editionum</span> <span class='ocrx_word' id='word_1_636' title='bbox 1200 5081 1486 5134; x_wconf 87' lang='lat' dir='ltr'>lectiones.</span> <span class='ocrx_word' id='word_1_637' title='bbox 1516 5083 1626 5138; x_wconf 91' lang='lat' dir='ltr'>Cur</span> <span class='ocrx_word' id='word_1_638' title='bbox 1649 5085 1841 5136; x_wconf 88' lang='lat' dir='ltr'>autem</span> 
     </span>
    </p>
   </div>
   <div class='ocr_carea' id='block_1_95' title="bbox 209 5172 1842 5243">
    <p class='ocr_par' dir='ltr' id='par_1_95' title="bbox 209 5172 1842 5243">
     <span class='ocr_line' id='line_1_96' title="bbox 209 5172 1842 5243; baseline 0.001 -15"><span class='ocrx_word' id='word_1_639' title='bbox 209 5175 308 5228; x_wconf 73' lang='lat' dir='ltr'>hae</span> <span class='ocrx_word' id='word_1_640' title='bbox 337 5174 558 5228; x_wconf 67' lang='lat' dir='ltr'>omissae</span> <span class='ocrx_word' id='word_1_641' title='bbox 586 5172 717 5243; x_wconf 89' lang='lat' dir='ltr'>sint,</span> <span class='ocrx_word' id='word_1_642' title='bbox 752 5173 1107 5243; x_wconf 87' lang='lat' dir='ltr'>exploratum</span> <span class='ocrx_word' id='word_1_643' title='bbox 1131 5191 1245 5228; x_wconf 91' lang='lat' dir='ltr'>non</span> <span class='ocrx_word' id='word_1_644' title='bbox 1272 5174 1566 5228; x_wconf 88' lang='lat' dir='ltr'>habemus.</span> <span class='ocrx_word' id='word_1_645' title='bbox 1598 5174 1842 5229; x_wconf 91' lang='lat' dir='ltr'>Secundi</span> 
     </span>
    </p>
   </div>
   <div class='ocr_carea' id='block_1_96' title="bbox 209 5267 1838 5339">
    <p class='ocr_par' dir='ltr' id='par_1_96' title="bbox 209 5267 1838 5339">
     <span class='ocr_line' id='line_1_97' title="bbox 209 5267 1838 5339; baseline 0.001 -18"><span class='ocrx_word' id='word_1_646' title='bbox 209 5267 442 5339; x_wconf 88' lang='lat' dir='ltr'>generis</span> <span class='ocrx_word' id='word_1_647' title='bbox 478 5270 631 5321; x_wconf 76' lang='lat' dir='ltr'>notae</span> <span class='ocrx_word' id='word_1_648' title='bbox 657 5267 727 5321; x_wconf 90' lang='lat' dir='ltr'>ad</span> <span class='ocrx_word' id='word_1_649' title='bbox 769 5267 1167 5337; x_wconf 84' lang='lat' dir='ltr'>explicandum</span> <span class='ocrx_word' id='word_1_650' title='bbox 1198 5271 1255 5321; x_wconf 92' lang='lat' dir='ltr'>et</span> <span class='ocrx_word' id='word_1_651' title='bbox 1298 5268 1702 5323; x_wconf 88' lang='lat' dir='ltr'>stabiliendum</span> <span class='ocrx_word' id='word_1_652' title='bbox 1731 5270 1838 5339; x_wconf 81' lang='lat' dir='ltr'>Cy-</span> 
     </span>
    </p>
   </div>
   <div class='ocr_carea' id='block_1_97' title="bbox 205 5360 1838 5431">
    <p class='ocr_par' dir='ltr' id='par_1_97' title="bbox 205 5360 1838 5431">
     <span class='ocr_line' id='line_1_98' title="bbox 205 5360 1838 5431; baseline 0.002 -19"><span class='ocrx_word' id='word_1_653' title='bbox 205 5360 404 5431; x_wconf 80' lang='lat' dir='ltr'>priani</span> <span class='ocrx_word' id='word_1_654' title='bbox 437 5362 658 5414; x_wconf 79' lang='lat' dir='ltr'>textum</span> <span class='ocrx_word' id='word_1_655' title='bbox 689 5361 1031 5415; x_wconf 86' lang='lat' dir='ltr'>conducunt.</span> <span class='ocrx_word' id='word_1_656' title='bbox 1074 5363 1138 5415; x_wconf 92' lang='lat' dir='ltr'>In</span> <span class='ocrx_word' id='word_1_657' title='bbox 1170 5361 1256 5414; x_wconf 88' lang='lat' dir='ltr'>his</span> <span class='ocrx_word' id='word_1_658' title='bbox 1298 5378 1468 5431; x_wconf 92' lang='lat' dir='ltr'>porro</span> <span class='ocrx_word' id='word_1_659' title='bbox 1514 5362 1708 5415; x_wconf 89' lang='lat' dir='ltr'>doctus</span> <span class='ocrx_word' id='word_1_660' title='bbox 1744 5362 1838 5416; x_wconf 91' lang='lat' dir='ltr'>ille</span> 
     </span>
    </p>
   </div>
   <div class='ocr_carea' id='block_1_98' title="bbox 203 5453 1836 5524">
    <p class='ocr_par' dir='ltr' id='par_1_98' title="bbox 203 5453 1836 5524">
     <span class='ocr_line' id='line_1_99' title="bbox 203 5453 1836 5524; baseline 0.002 -17"><span class='ocrx_word' id='word_1_661' title='bbox 203 5454 299 5507; x_wconf 84' lang='lat' dir='ltr'>vir</span> <span class='ocrx_word' id='word_1_662' title='bbox 352 5453 646 5507; x_wconf 71' lang='lat' dir='ltr'>laudandae</span> <span class='ocrx_word' id='word_1_663' title='bbox 698 5454 896 5524; x_wconf 89' lang='lat' dir='ltr'>procul</span> <span class='ocrx_word' id='word_1_664' title='bbox 967 5453 1143 5509; x_wconf 91' lang='lat' dir='ltr'>dubio</span> <span class='ocrx_word' id='word_1_665' title='bbox 1210 5453 1474 5509; x_wconf 89' lang='lat' dir='ltr'>brevitati</span> <span class='ocrx_word' id='word_1_666' title='bbox 1537 5456 1836 5510; x_wconf 86' lang='lat' dir='ltr'>consuluit.</span> 
     </span>
    </p>
   </div>
   <div class='ocr_carea' id='block_1_99' title="bbox 205 5546 1841 5619">
    <p class='ocr_par' dir='ltr' id='par_1_99' title="bbox 205 5546 1841 5619">
     <span class='ocr_line' id='line_1_100' title="bbox 205 5546 1841 5619; baseline 0.002 -20"><span class='ocrx_word' id='word_1_667' title='bbox 205 5546 521 5617; x_wconf 79' lang='lat' dir='ltr'>Longiores</span> <span class='ocrx_word' id='word_1_668' title='bbox 544 5546 764 5600; x_wconf 64' lang='lat' dir='ltr'>caeteris</span> <span class='ocrx_word' id='word_1_669' title='bbox 803 5550 935 5601; x_wconf 87' lang='lat' dir='ltr'>sunt</span> <span class='ocrx_word' id='word_1_670' title='bbox 965 5547 1089 5601; x_wconf 68' lang='lat' dir='ltr'>duae</span> <span class='ocrx_word' id='word_1_671' title='bbox 1122 5546 1359 5619; x_wconf 88' lang='lat' dir='ltr'>priores,</span> <span class='ocrx_word' id='word_1_672' title='bbox 1396 5565 1639 5618; x_wconf 87' lang='lat' dir='ltr'>quarum</span> <span class='ocrx_word' id='word_1_673' title='bbox 1666 5550 1841 5603; x_wconf 70' lang='lat' dir='ltr'>altera</span> 
     </span>
    </p>
   </div>
   <div class='ocr_carea' id='block_1_100' title="bbox 206 5639 1834 5711">
    <p class='ocr_par' dir='ltr' id='par_1_100' title="bbox 206 5639 1834 5711">
     <span class='ocr_line' id='line_1_101' title="bbox 206 5639 1834 5711; baseline 0.002 -19"><span class='ocrx_word' id='word_1_674' title='bbox 206 5639 541 5711; x_wconf 86' lang='lat' dir='ltr'>opinionem</span> <span class='ocrx_word' id='word_1_675' title='bbox 570 5639 795 5694; x_wconf 90' lang='lat' dir='ltr'>illorum</span> <span class='ocrx_word' id='word_1_676' title='bbox 824 5641 1049 5701; x_wconf 90' lang='lat' dir='ltr'>refellit,</span> <span class='ocrx_word' id='word_1_677' title='bbox 1073 5642 1169 5711; x_wconf 90' lang='lat' dir='ltr'>qui</span> <span class='ocrx_word' id='word_1_678' title='bbox 1199 5642 1510 5711; x_wconf 88' lang='lat' dir='ltr'>opinantur</span> <span class='ocrx_word' id='word_1_679' title='bbox 1533 5642 1834 5696; x_wconf 88' lang='lat' dir='ltr'>Demetria-</span> 
     </span>
    </p>
   </div>
   <div class='ocr_carea' id='block_1_101' title="bbox 209 5731 1834 5803">
    <p class='ocr_par' dir='ltr' id='par_1_101' title="bbox 209 5731 1834 5803">
     <span class='ocr_line' id='line_1_102' title="bbox 209 5731 1834 5803; baseline 0.001 -18"><span class='ocrx_word' id='word_1_680' title='bbox 209 5749 357 5786; x_wconf 84' lang='lat' dir='ltr'>num</span> <span class='ocrx_word' id='word_1_681' title='bbox 402 5731 571 5786; x_wconf 85' lang='lat' dir='ltr'>fuisse</span> <span class='ocrx_word' id='word_1_682' title='bbox 618 5732 819 5787; x_wconf 69' lang='lat' dir='ltr'>Africae</span> <span class='ocrx_word' id='word_1_683' title='bbox 868 5735 1300 5803; x_wconf 88' lang='lat' dir='ltr'>proconsulem;</span> <span class='ocrx_word' id='word_1_684' title='bbox 1333 5735 1513 5788; x_wconf 86' lang='lat' dir='ltr'>altera</span> <span class='ocrx_word' id='word_1_685' title='bbox 1558 5751 1689 5789; x_wconf 88' lang='lat' dir='ltr'>vero</span> <span class='ocrx_word' id='word_1_686' title='bbox 1719 5752 1834 5789; x_wconf 85' lang='lat' dir='ltr'>res-</span> 
     </span>
    </p>
   </div>
   <div class='ocr_carea' id='block_1_102' title="bbox 204 5826 1832 5899">
    <p class='ocr_par' dir='ltr' id='par_1_102' title="bbox 204 5826 1832 5899">
     <span class='ocr_line' id='line_1_103' title="bbox 204 5826 1832 5899; baseline 0.002 -19"><span class='ocrx_word' id='word_1_687' title='bbox 204 5826 751 5899; x_wconf 80' lang='lat' dir='ltr'>pondetLactantio,</span> <span class='ocrx_word' id='word_1_688' title='bbox 774 5826 874 5899; x_wconf 90' lang='lat' dir='ltr'>qui</span> <span class='ocrx_word' id='word_1_689' title='bbox 896 5826 1258 5899; x_wconf 83' lang='lat' dir='ltr'>Cyprianum,</span> <span class='ocrx_word' id='word_1_690' title='bbox 1292 5830 1350 5883; x_wconf 89' lang='lat' dir='ltr'>ut</span> <span class='ocrx_word' id='word_1_691' title='bbox 1378 5844 1551 5899; x_wconf 89' lang='lat' dir='ltr'>supra</span> <span class='ocrx_word' id='word_1_692' title='bbox 1569 5828 1832 5884; x_wconf 80' lang='lat' dir='ltr'>diximus.</span> 
     </span>
    </p>
   </div>
   <div class='ocr_carea' id='block_1_103' title="bbox 1944 4612 3563 4683">
    <p class='ocr_par' dir='ltr' id='par_1_103' title="bbox 1944 4612 3563 4683">
     <span class='ocr_line' id='line_1_104' title="bbox 1944 4612 3563 4683; baseline -0.002 -16"><span class='ocrx_word' id='word_1_693' title='bbox 1944 4618 2131 4667; x_wconf 76' lang='lat' dir='ltr'>autem</span> <span class='ocrx_word' id='word_1_694' title='bbox 2162 4630 2330 4683; x_wconf 89' lang='lat' dir='ltr'>super</span> <span class='ocrx_word' id='word_1_695' title='bbox 2357 4628 2528 4683; x_wconf 90' lang='lat' dir='ltr'>quem</span> <span class='ocrx_word' id='word_1_696' title='bbox 2568 4613 2799 4683; x_wconf 90' lang='lat' dir='ltr'>signum</span> <span class='ocrx_word' id='word_1_697' title='bbox 2843 4612 3114 4682; x_wconf 90' lang='lat' dir='ltr'>scriptum</span> <span class='ocrx_word' id='word_1_698' title='bbox 3140 4615 3243 4678; x_wconf 89' lang='lat' dir='ltr'>est,</span> <span class='ocrx_word' id='word_1_699' title='bbox 3271 4627 3343 4666; x_wconf 92' lang='lat' dir='ltr'>ne</span> <span class='ocrx_word' id='word_1_700' title='bbox 3362 4612 3563 4682; x_wconf 87' lang='lat' dir='ltr'>tetige-</span> 
     </span>
    </p>
   </div>
   <div class='ocr_carea' id='block_1_104' title="bbox 1946 4704 3564 4774">
    <p class='ocr_par' dir='ltr' id='par_1_104' title="bbox 1946 4704 3564 4774">
     <span class='ocr_line' id='line_1_105' title="bbox 1946 4704 3564 4774; baseline -0.002 -12"><span class='ocrx_word' id='word_1_701' title='bbox 1946 4709 2087 4763; x_wconf 87' lang='lat' dir='ltr'>ritis.</span> <span class='ocrx_word' id='word_1_702' title='bbox 2119 4708 2275 4770; x_wconf 83' lang='lat' dir='ltr'>Quod</span> <span class='ocrx_word' id='word_1_703' title='bbox 2314 4712 2505 4760; x_wconf 88' lang='lat' dir='ltr'>autem</span> <span class='ocrx_word' id='word_1_704' title='bbox 2544 4706 2743 4759; x_wconf 89' lang='lat' dir='ltr'>sithoc</span> <span class='ocrx_word' id='word_1_705' title='bbox 2769 4704 3017 4774; x_wconf 85' lang='lat' dir='ltr'>signum,</span> <span class='ocrx_word' id='word_1_706' title='bbox 3051 4708 3108 4757; x_wconf 91' lang='lat' dir='ltr'>et</span> <span class='ocrx_word' id='word_1_707' title='bbox 3151 4720 3261 4774; x_wconf 88' lang='lat' dir='ltr'>qua</span> <span class='ocrx_word' id='word_1_708' title='bbox 3292 4704 3351 4757; x_wconf 92' lang='lat' dir='ltr'>in</span> <span class='ocrx_word' id='word_1_709' title='bbox 3406 4708 3564 4773; x_wconf 89' lang='lat' dir='ltr'>parte</span> 
     </span>
    </p>
   </div>
   <div class='ocr_carea' id='block_1_105' title="bbox 1944 4796 3563 4873">
    <p class='ocr_par' dir='ltr' id='par_1_105' title="bbox 1944 4796 3563 4873">
     <span class='ocr_line' id='line_1_106' title="bbox 1944 4796 3563 4873; baseline -0.002 -18"><span class='ocrx_word' id='word_1_710' title='bbox 1944 4802 2194 4873; x_wconf 88' lang='lat' dir='ltr'>corporis</span> <span class='ocrx_word' id='word_1_711' title='bbox 2242 4800 2484 4872; x_wconf 89' lang='lat' dir='ltr'>positum</span> <span class='ocrx_word' id='word_1_712' title='bbox 2534 4800 2605 4853; x_wconf 89' lang='lat' dir='ltr'>sit</span> <span class='ocrx_word' id='word_1_713' title='bbox 2645 4797 2972 4852; x_wconf 85' lang='lat' dir='ltr'>manifestat</span> <span class='ocrx_word' id='word_1_714' title='bbox 3013 4796 3125 4851; x_wconf 90' lang='lat' dir='ltr'>alio</span> <span class='ocrx_word' id='word_1_715' title='bbox 3168 4796 3225 4850; x_wconf 92' lang='lat' dir='ltr'>in</span> <span class='ocrx_word' id='word_1_716' title='bbox 3268 4798 3392 4851; x_wconf 91' lang='lat' dir='ltr'>loco</span> <span class='ocrx_word' id='word_1_717' title='bbox 3419 4798 3563 4852; x_wconf 86' lang='lat' dir='ltr'>Deus</span> 
     </span>
    </p>
   </div>
   <div class='ocr_carea' id='block_1_106' title="bbox 1943 4890 3562 4964">
    <p class='ocr_par' dir='ltr' id='par_1_106' title="bbox 1943 4890 3562 4964">
     <span class='ocr_line' id='line_1_107' title="bbox 1943 4890 3562 4964; baseline -0.002 -15"><span class='ocrx_word' id='word_1_718' title='bbox 1943 4896 2134 4949; x_wconf 89' lang='lat' dir='ltr'>dicens</span> <span class='ocrx_word' id='word_1_719' title='bbox 2162 4914 2174 4949; x_wconf 88' lang='lat'><strong>:</strong></span> <span class='ocrx_word' id='word_1_720' title='bbox 2206 4894 2403 4948; x_wconf 79' lang='lat' dir='ltr'>Transi</span> <span class='ocrx_word' id='word_1_721' title='bbox 2436 4910 2536 4964; x_wconf 88' lang='lat' dir='ltr'>per</span> <span class='ocrx_word' id='word_1_722' title='bbox 2583 4892 2832 4947; x_wconf 83' lang='lat' dir='ltr'>mediam</span> <span class='ocrx_word' id='word_1_723' title='bbox 2878 4890 3211 4957; x_wconf 88' lang='lat' dir='ltr'>Jerusalem,</span> <span class='ocrx_word' id='word_1_724' title='bbox 3245 4892 3303 4944; x_wconf 88' lang='lat' dir='ltr'>et</span> <span class='ocrx_word' id='word_1_725' title='bbox 3335 4890 3562 4945; x_wconf 88' lang='lat' dir='ltr'>notabis</span> 
     </span>
    </p>
   </div>
   <div class='ocr_carea' id='block_1_107' title="bbox 1944 4983 3562 5058">
    <p class='ocr_par' dir='ltr' id='par_1_107' title="bbox 1944 4983 3562 5058">
     <span class='ocr_line' id='line_1_108' title="bbox 1944 4983 3562 5058; baseline -0.002 -17"><span class='ocrx_word' id='word_1_726' title='bbox 1944 5004 2167 5058; x_wconf 83' lang='lat' dir='ltr'>signum</span> <span class='ocrx_word' id='word_1_727' title='bbox 2185 5003 2356 5056; x_wconf 87' lang='lat' dir='ltr'>super</span> <span class='ocrx_word' id='word_1_728' title='bbox 2374 4987 2584 5040; x_wconf 86' lang='lat' dir='ltr'>frontes</span> <span class='ocrx_word' id='word_1_729' title='bbox 2612 4985 2885 5051; x_wconf 89' lang='lat' dir='ltr'>virorum,</span> <span class='ocrx_word' id='word_1_730' title='bbox 2907 4983 3001 5054; x_wconf 88' lang='lat' dir='ltr'>qui</span> <span class='ocrx_word' id='word_1_731' title='bbox 3032 4984 3331 5053; x_wconf 85' lang='lat' dir='ltr'>ingemunt</span> <span class='ocrx_word' id='word_1_732' title='bbox 3351 4986 3408 5036; x_wconf 92' lang='lat' dir='ltr'>et</span> <span class='ocrx_word' id='word_1_733' title='bbox 3425 4999 3562 5037; x_wconf 90' lang='lat' dir='ltr'>moe-</span> 
     </span>
    </p>
   </div>
   <div class='ocr_carea' id='block_1_108' title="bbox 1942 5076 3560 5150">
    <p class='ocr_par' dir='ltr' id='par_1_108' title="bbox 1942 5076 3560 5150">
     <span class='ocr_line' id='line_1_109' title="bbox 1942 5076 3560 5150; baseline -0.003 -16"><span class='ocrx_word' id='word_1_734' title='bbox 1942 5088 2070 5135; x_wconf 88' lang='lat' dir='ltr'>rent</span> <span class='ocrx_word' id='word_1_735' title='bbox 2097 5080 2168 5135; x_wconf 89' lang='lat' dir='ltr'>ob</span> <span class='ocrx_word' id='word_1_736' title='bbox 2200 5080 2523 5150; x_wconf 87' lang='lat' dir='ltr'>iniquitates</span> <span class='ocrx_word' id='word_1_737' title='bbox 2543 5076 2755 5149; x_wconf 82' lang='grc'>992,</span> <span class='ocrx_word' id='word_1_738' title='bbox 2778 5092 2904 5148; x_wconf 85' lang='lat' dir='ltr'>quae</span> <span class='ocrx_word' id='word_1_739' title='bbox 2925 5077 3069 5130; x_wconf 80' lang='lat' dir='ltr'>ﬁunt</span> <span class='ocrx_word' id='word_1_740' title='bbox 3099 5076 3159 5130; x_wconf 91' lang='lat' dir='ltr'>in</span> <span class='ocrx_word' id='word_1_741' title='bbox 3186 5076 3375 5131; x_wconf 87' lang='lat' dir='ltr'>medio</span> <span class='ocrx_word' id='word_1_742' title='bbox 3404 5076 3560 5147; x_wconf 90' lang='lat' dir='ltr'>ipso-</span> 
     </span>
    </p>
   </div>
   <div class='ocr_carea' id='block_1_109' title="bbox 1942 5169 3562 5240">
    <p class='ocr_par' dir='ltr' id='par_1_109' title="bbox 1942 5169 3562 5240">
     <span class='ocr_line' id='line_1_110' title="bbox 1942 5169 3562 5240; baseline -0.003 -12"><span class='ocrx_word' id='word_1_743' title='bbox 1942 5191 2070 5228; x_wconf 90' lang='lat' dir='ltr'>rum</span> <span class='ocrx_word' id='word_1_744' title='bbox 2117 5174 2341 5240; x_wconf 70' lang='lat' dir='ltr'>(Escch.,</span> <span class='ocrx_word' id='word_1_745' title='bbox 2386 5172 2565 5239; x_wconf 61' lang='lat'>131,4).</span> <span class='ocrx_word' id='word_1_746' title='bbox 2600 5194 2626 5221; x_wconf 88' lang='grc'><strong>››</strong></span> <span class='ocrx_word' id='word_1_747' title='bbox 2659 5172 2719 5224; x_wconf 90' lang='lat' dir='ltr'>In</span> <span class='ocrx_word' id='word_1_748' title='bbox 2762 5171 3005 5224; x_wconf 90' lang='lat' dir='ltr'>secundo</span> <span class='ocrx_word' id='word_1_749' title='bbox 3054 5175 3251 5223; x_wconf 90' lang='lat' dir='ltr'>autem</span> <span class='ocrx_word' id='word_1_750' title='bbox 3295 5169 3562 5225; x_wconf 89' lang='lat' dir='ltr'>adversus</span> 
     </span>
    </p>
   </div>
   <div class='ocr_carea' id='block_1_110' title="bbox 1938 5263 3565 5334">
    <p class='ocr_par' dir='ltr' id='par_1_110' title="bbox 1938 5263 3565 5334">
     <span class='ocr_line' id='line_1_111' title="bbox 1938 5263 3565 5334; baseline -0.004 -11"><span class='ocrx_word' id='word_1_751' title='bbox 1938 5268 2159 5323; x_wconf 73' lang='lat' dir='ltr'>Iudaeos</span> <span class='ocrx_word' id='word_1_752' title='bbox 2190 5267 2333 5320; x_wconf 89' lang='lat' dir='ltr'>libro</span> <span class='ocrx_word' id='word_1_753' title='bbox 2366 5285 2379 5320; x_wconf 92' lang='lat'><strong>:</strong></span> <span class='ocrx_word' id='word_1_754' title='bbox 2416 5286 2443 5314; x_wconf 77' lang='grc' dir='ltr'>(ι</span> <span class='ocrx_word' id='word_1_755' title='bbox 2477 5265 2669 5319; x_wconf 86' lang='lat' dir='ltr'>Transi</span> <span class='ocrx_word' id='word_1_756' title='bbox 2714 5281 2816 5334; x_wconf 91' lang='lat' dir='ltr'>per</span> <span class='ocrx_word' id='word_1_757' title='bbox 2852 5263 3099 5318; x_wconf 86' lang='lat' dir='ltr'>mediam</span> <span class='ocrx_word' id='word_1_758' title='bbox 3132 5264 3464 5331; x_wconf 82' lang='lat' dir='ltr'>Jerusalem,</span> <span class='ocrx_word' id='word_1_759' title='bbox 3507 5266 3565 5318; x_wconf 92' lang='lat' dir='ltr'>et</span> 
     </span>
    </p>
   </div>
   <div class='ocr_carea' id='block_1_111' title="bbox 1941 5356 3558 5430">
    <p class='ocr_par' dir='ltr' id='par_1_111' title="bbox 1941 5356 3558 5430">
     <span class='ocr_line' id='line_1_112' title="bbox 1941 5356 3558 5430; baseline -0.002 -16"><span class='ocrx_word' id='word_1_760' title='bbox 1941 5360 2156 5414; x_wconf 84' lang='lat' dir='ltr'>notabis</span> <span class='ocrx_word' id='word_1_761' title='bbox 2185 5359 2415 5430; x_wconf 89' lang='lat' dir='ltr'>signum</span> <span class='ocrx_word' id='word_1_762' title='bbox 2453 5375 2624 5429; x_wconf 89' lang='lat' dir='ltr'>super</span> <span class='ocrx_word' id='word_1_763' title='bbox 2667 5359 2883 5412; x_wconf 88' lang='lat' dir='ltr'>frontes</span> <span class='ocrx_word' id='word_1_764' title='bbox 2920 5356 3204 5424; x_wconf 51' lang='lat' dir='ltr'>.virorum,</span> <span class='ocrx_word' id='word_1_765' title='bbox 3266 5357 3364 5428; x_wconf 91' lang='lat' dir='ltr'>qui</span> <span class='ocrx_word' id='word_1_766' title='bbox 3396 5357 3558 5428; x_wconf 88' lang='lat' dir='ltr'>inge-</span> 
     </span>
    </p>
   </div>
   <div class='ocr_carea' id='block_1_112' title="bbox 1942 5450 3561 5522">
    <p class='ocr_par' dir='ltr' id='par_1_112' title="bbox 1942 5450 3561 5522">
     <span class='ocr_line' id='line_1_113' title="bbox 1942 5450 3561 5522; baseline -0.004 -14"><span class='ocrx_word' id='word_1_767' title='bbox 1942 5457 2108 5509; x_wconf 89' lang='lat' dir='ltr'>munt</span> <span class='ocrx_word' id='word_1_768' title='bbox 2141 5457 2197 5507; x_wconf 89' lang='lat' dir='ltr'>et</span> <span class='ocrx_word' id='word_1_769' title='bbox 2233 5457 2477 5507; x_wconf 76' lang='lat' dir='ltr'>mcerent</span> <span class='ocrx_word' id='word_1_770' title='bbox 2502 5453 2572 5506; x_wconf 94' lang='lat' dir='ltr'>ob</span> <span class='ocrx_word' id='word_1_771' title='bbox 2600 5452 2921 5522; x_wconf 86' lang='lat' dir='ltr'>iniquitates</span> <span class='ocrx_word' id='word_1_772' title='bbox 2940 5466 3065 5521; x_wconf 66' lang='lat' dir='ltr'>quas</span> <span class='ocrx_word' id='word_1_773' title='bbox 3088 5450 3231 5505; x_wconf 84' lang='lat' dir='ltr'>ﬁunt</span> <span class='ocrx_word' id='word_1_774' title='bbox 3273 5451 3331 5503; x_wconf 89' lang='lat' dir='ltr'>in</span> <span class='ocrx_word' id='word_1_775' title='bbox 3372 5450 3561 5504; x_wconf 89' lang='lat' dir='ltr'>medio</span> 
     </span>
    </p>
   </div>
   <div class='ocr_carea' id='block_1_113' title="bbox 1940 5542 3558 5619">
    <p class='ocr_par' dir='ltr' id='par_1_113' title="bbox 1940 5542 3558 5619">
     <span class='ocr_line' id='line_1_114' title="bbox 1940 5542 3558 5619; baseline -0.005 -16"><span class='ocrx_word' id='word_1_776' title='bbox 1940 5549 2215 5619; x_wconf 89' lang='lat' dir='ltr'>ipsorum.</span> <span class='ocrx_word' id='word_1_777' title='bbox 2246 5568 2273 5595; x_wconf 89' lang='grc'><strong>››</strong></span> <span class='ocrx_word' id='word_1_778' title='bbox 2304 5547 2440 5599; x_wconf 86' lang='lat' dir='ltr'>Item</span> <span class='ocrx_word' id='word_1_779' title='bbox 2463 5544 2575 5599; x_wconf 90' lang='lat' dir='ltr'>illic</span> <span class='ocrx_word' id='word_1_780' title='bbox 2609 5561 2621 5598; x_wconf 87' lang='lat'><strong>:</strong></span> <span class='ocrx_word' id='word_1_781' title='bbox 2662 5567 2689 5593; x_wconf 71' lang='grc' dir='ltr'><strong>(ι</strong></span> <span class='ocrx_word' id='word_1_782' title='bbox 2724 5545 2939 5613; x_wconf 87' lang='lat' dir='ltr'>Vadite,</span> <span class='ocrx_word' id='word_1_783' title='bbox 2962 5550 3019 5598; x_wconf 91' lang='lat' dir='ltr'>et</span> <span class='ocrx_word' id='word_1_784' title='bbox 3042 5542 3263 5611; x_wconf 71' lang='lat' dir='ltr'>caedite,</span> <span class='ocrx_word' id='word_1_785' title='bbox 3292 5548 3349 5597; x_wconf 92' lang='lat' dir='ltr'>et</span> <span class='ocrx_word' id='word_1_786' title='bbox 3381 5543 3558 5597; x_wconf 90' lang='lat' dir='ltr'>nolite</span> 
     </span>
    </p>
   </div>
   <div class='ocr_carea' id='block_1_114' title="bbox 1940 5638 3563 5712">
    <p class='ocr_par' dir='ltr' id='par_1_114' title="bbox 1940 5638 3563 5712">
     <span class='ocr_line' id='line_1_115' title="bbox 1940 5638 3563 5712; baseline -0.004 -17"><span class='ocrx_word' id='word_1_787' title='bbox 1940 5657 2173 5712; x_wconf 85' lang='lat' dir='ltr'>parcere</span> <span class='ocrx_word' id='word_1_788' title='bbox 2192 5638 2367 5693; x_wconf 90' lang='lat' dir='ltr'>oculis</span> <span class='ocrx_word' id='word_1_789' title='bbox 2392 5639 2656 5693; x_wconf 87' lang='lat' dir='ltr'>vestris...</span> <span class='ocrx_word' id='word_1_790' title='bbox 2694 5640 2936 5694; x_wconf 90' lang='lat' dir='ltr'>Omnem</span> <span class='ocrx_word' id='word_1_791' title='bbox 2967 5640 3158 5692; x_wconf 89' lang='lat' dir='ltr'>autem</span> <span class='ocrx_word' id='word_1_792' title='bbox 3189 5652 3362 5709; x_wconf 87' lang='lat' dir='ltr'>super</span> <span class='ocrx_word' id='word_1_793' title='bbox 3388 5650 3563 5705; x_wconf 87' lang='lat' dir='ltr'>quem</span> 
     </span>
    </p>
   </div>
   <div class='ocr_carea' id='block_1_115' title="bbox 1941 5726 3571 5804">
    <p class='ocr_par' dir='ltr' id='par_1_115' title="bbox 1941 5726 3571 5804">
     <span class='ocr_line' id='line_1_116' title="bbox 1941 5726 3571 5804; baseline -0.005 -17"><span class='ocrx_word' id='word_1_794' title='bbox 1941 5734 2169 5804; x_wconf 85' lang='lat' dir='ltr'>signum</span> <span class='ocrx_word' id='word_1_795' title='bbox 2217 5732 2493 5804; x_wconf 88' lang='lat' dir='ltr'>scriptum</span> <span class='ocrx_word' id='word_1_796' title='bbox 2540 5737 2643 5804; x_wconf 86' lang='lat' dir='ltr'>est,</span> <span class='ocrx_word' id='word_1_797' title='bbox 2692 5750 2764 5787; x_wconf 92' lang='lat' dir='ltr'>ne</span> <span class='ocrx_word' id='word_1_798' title='bbox 2810 5731 3111 5802; x_wconf 88' lang='lat' dir='ltr'>tetigeritis</span> <span class='ocrx_word' id='word_1_799' title='bbox 3157 5731 3364 5802; x_wconf 85' lang='lat' dir='ltr'>(Idem,</span> <span class='ocrx_word' id='word_1_800' title='bbox 3403 5726 3499 5779; x_wconf 89' lang='lat' dir='ltr'>lib.</span> <span class='ocrx_word' id='word_1_801' title='bbox 3528 5742 3571 5780; x_wconf 79' lang='grc' dir='ltr'>ιι</span> 
     </span>
    </p>
   </div>
   <div class='ocr_carea' id='block_1_116' title="bbox 1937 5817 3587 5902">
    <p class='ocr_par' dir='ltr' id='par_1_116' title="bbox 1937 5817 3587 5902">
     <span class='ocr_line' id='line_1_117' title="bbox 1937 5817 3587 5902; baseline -0.003 -20"><span class='ocrx_word' id='word_1_802' title='bbox 1937 5830 2079 5884; x_wconf 78' lang='lat' dir='ltr'>Adv.</span> <span class='ocrx_word' id='word_1_803' title='bbox 2106 5828 2236 5884; x_wconf 83' lang='lat' dir='ltr'>Jud.</span> <span class='ocrx_word' id='word_1_804' title='bbox 2270 5829 2300 5899; x_wconf 83' lang='lat'>§</span> <span class='ocrx_word' id='word_1_805' title='bbox 2325 5826 2569 5900; x_wconf 60' lang='lat' dir='ltr'>22,5pag.</span> <span class='ocrx_word' id='word_1_806' title='bbox 2602 5830 2710 5902; x_wconf 76' lang='grc'>47).</span> <span class='ocrx_word' id='word_1_807' title='bbox 2740 5850 2768 5880; x_wconf 80' lang='grc'><strong>››</strong></span> <span class='ocrx_word' id='word_1_808' title='bbox 2799 5829 2915 5885; x_wconf 87' lang='lat' dir='ltr'>Hoc</span> <span class='ocrx_word' id='word_1_809' title='bbox 2940 5829 3134 5882; x_wconf 89' lang='lat' dir='ltr'>autem</span> <span class='ocrx_word' id='word_1_810' title='bbox 3165 5820 3426 5889; x_wconf 75' lang='lat' dir='ltr'>secundo</span> <span class='ocrx_word' id='word_1_811' title='bbox 3448 5817 3587 5877; x_wconf 72' lang='lat' dir='ltr'>loco</span> 
     </span>
    </p>
   </div>
  </div>
