4082 6194
514 295 651 352 1079

1330 286 1417 343 ns
1455 283 1667 343 LIBRIS
1707 284 1794 342 AD
1832 259 2244 338 uenenum.
2285 277 2370 336 ΕΤ
2407 276 2496 334 ne
2536 274 2706 331 mon
2746 269 2965 330 νΑΝιΤ.

3684 273 3799 331 1080

512 418 767 492 sequitur
793 431 1084 473 sacrorum
1104 413 1412 469 Bibliorum
1439 411 1724 474 ordinem.
1768 425 1938 482 quem
1962 405 2150 462 cernis
2172 417 2382 491 Ancm
2436 401 2495 457 in
2546 403 2744 456 nostra
2799 399 2868 452 de
2919 393 3194 452 Lactantii
3260 393 3415 450 libris
3466 393 3810 455 dissertatione

512 488 688 586 priori
736 513 1048 566 inversum.
1103 507 1215 564 Sed
1266 522 1437 561 nemo
1488 519 1745 575 unquam
1804 501 2041 573 negabit
2087 500 2146 554 id
2174 488 2230 491 V
2251 495 2596 554 excussimus
2649 497 2706 548 et
2759 489 3211 563 explanavimus.
3251 488 3394 552 Quin
3425 489 3580 544 etiam
3608 492 3679 545 sol
3713 492 3811 563 ipse

520 607 736 661 licitum
782 603 956 658 fuisse
1008 601 1320 673 Cypriano,
1373 598 1470 670 qui
1528 598 1706 652 voluit
1767 597 1872 650 hac
1931 593 2147 649 ratione

521 699 725 753 seriem
753 695 1034 752 sermonis
1073 695 1158 750 sui
1188 692 1398 766 aptiori
1422 691 1758 746 transitione
1785 693 2146 751 connectere,

520 789 818 846 Nonnullis
862 790 1050 860 itaque
1098 787 1309 842 mirum
1360 785 1598 840 fortasse
1645 782 1830 853 magis
1872 781 2151 835 videbitur

519 900 622 939 cur
657 883 717 938 in
760 882 869 937 hoc
910 881 1225 952 posteriore
1260 879 1383 933 loco
1434 877 1644 932 dixerit
1675 877 1852 931 :Item
1897 873 2011 928 illic
2039 890 2054 942 ;
2090 873 2149 926 in

519 976 714 1048 priore
753 980 945 1029 autem
983 989 997 1028 :
1040 974 1357 1028 Manifestat
1403 971 1511 1024 alio
1551 970 1610 1024 in
1653 970 1798 1024 loco.
1847 968 1985 1021 Nam
2029 966 2150 1020 haec

516 1068 578 1123 in
621 1068 822 1124 eadem
862 1067 1070 1138 scripta
1116 1071 1268 1120 sunt.
1317 1063 1582 1134 Nunquid
1624 1078 1761 1132 ergo
1808 1077 1867 1114 1n
1909 1059 2151 1113 auctoris

524 1161 702 1216 nostri
770 1166 931 1215 textu
1013 1158 1386 1214 describenda
1465 1157 1798 1210 erraverunt
1853 1152 2151 1208 oscitantes

524 1254 756 1321 librarii,
787 1252 886 1324 qui
915 1253 1045 1321 alio,
1074 1258 1130 1305 et
1163 1267 1276 1304 non
1299 1251 1410 1305 alio
1441 1251 1499 1303 in
1532 1250 1640 1303 loco
1685 1247 1933 1301 scribere
1974 1245 2149 1299 debe-

522 1346 702 1402 bant?
732 1347 877 1400 Num
914 1361 1044 1400 vero
1075 1345 1145 1398 ad
1188 1343 1364 1396 alium
1408 1343 1679 1412 aliquem,
1720 1339 1875 1411 quod
1916 1338 2008 1392 vix
2037 1353 2154 1392 cre-

531 1439 741 1506 dimus,
771 1438 960 1492 locum
985 1436 1272 1507 respexit?
1851 1484 1854 1488 .

595 1535 872 1587 Caeterum
903 1530 1002 1598 ibi,
1034 1530 1180 1583 sicut
1221 1527 1356 1582 alibi
1383 1527 1576 1596 (Idem,
1610 1527 1684 1581 ad
1707 1529 1971 1588 Demetr.,
2015 1540 2148 1595 pag.

525 1628 610 1694 94)
640 1624 897 1695 sequitur
928 1622 1301 1693 Septuaginta
1330 1621 1573 1676 duorum
1596 1618 2150 1690 interpretationem,

527 1725 699 1794 atque
735 1720 834 1775 ubi
890 1719 1067 1775 etiam
1115 1719 1237 1773 haec
1283 1719 1474 1774 retulit
1525 1717 1698 1772 verba
1758 1733 1770 1770 :

2249 591 2398 644 solus
2425 587 2689 644 omnibus
2715 584 3138 641 evidentissima
3168 581 3435 653 patefacit
3469 583 3812 653 clarissimum,

2246 687 2312 738 ut
2342 684 2421 737 ait
2465 681 2618 736 idem
2663 679 3001 744 Lactantius,
3035 682 3092 731 et
3151 692 3253 730 nos
3302 675 3433 729 alibi
3475 675 3815 733 adnovatimus

2248 775 2554 848 (Dissertat.
2602 776 2661 828 in
2709 774 2962 827 Lactant.
3011 784 3135 840 cap.
3171 773 3226 834 7,
3264 773 3370 823 art.
3429 770 3478 829 3.
3509 772 3560 822 et
3608 775 3810 840 cap.11,

2249 872 2355 923 art.
2411 868 2486 938 2),
2518 869 2712 922 lumen
2769 881 2934 919 suum
2966 881 3086 919 esse
3129 864 3188 918 in
3227 866 3613 932 argumentum
3646 864 3815 919 divina

2251 965 2308 1017 et
2333 962 2516 1015 unica:
2539 958 2848 1030 majestatis
2861 958 3024 1029 (Ibid.
3063 961 3149 1026 12,
3179 959 3287 1010 art.
3322 955 3392 1027 1),
3410 954 3465 1009 id
3484 960 3576 1018 est,
3599 956 3816 1012 exsistere

2252 1056 2435 1109 Deum
2474 1069 2670 1109 verum
2693 1057 2752 1107 et
2799 1051 3054 1117 unicum,
3088 1066 3122 1104 a
3166 1065 3278 1120 quo
3318 1053 3534 1103 creatus
3578 1053 3667 1103 est.
3700 1050 3812 1104 Solis

2250 1151 2444 1203 autem
2499 1152 2555 1201 et
2602 1147 2725 1201 caeli
2775 1145 3104 1215 exemplum
3159 1159 3280 1214 prie
3350 1140 3559 1196 cateris
3603 1144 3819 1198 omnibus

2253 1239 2527 1296 creaturis
2569 1243 2810 1310 uterque
2873 1237 3091 1307 selegit,
3137 1236 3272 1311 quia
3338 1234 3549 1289 cunctis
3609 1235 3814 1290 homini-

2251 1339 2357 1392 bus
2403 1353 2732 1408 supremam
2790 1334 3200 1406 omnipotentis
3241 1332 3363 1394 Dei,
3417 1338 3470 1387 et
3495 1331 3650 1403 ipsius
3692 1334 3812 1400 solis,

2251 1436 2309 1486 et
2327 1431 2453 1486 coeli
2471 1430 2677 1485 creatia
2722 1430 2830 1500 maj
2841 1430 3078 1483 estatem
3097 1433 3152 1481 et
3172 1426 3482 1498 potentiam
3502 1425 3817 1482 demonstrat.

2326 1526 2495 1579 Recte
2527 1539 2665 1594 ergo
2692 1523 3007 1594 Cyprianus
3027 1521 3156 1574 inde
3182 1518 3470 1574 concludit
3504 1519 3822 1590 relinquenda

2253 1633 2372 1672 esse
2420 1618 2590 1683 idola,
2643 1616 2756 1670 sive
2800 1615 2965 1669 falsos
3008 1613 3307 1685 gentilium
3356 1611 3492 1666 deos
3538 1629 3666 1683 quos
3698 1629 3823 1666 error

1834 1737 1863 1764 ‹‹
1905 1714 2153 1779 Quaerite
2254 1710 2541 1764 humanus
2582 1709 2896 1771 invenerat,
2927 1711 2986 1762 et
3021 1698 3450 1778 agnascendum
3491 1721 3551 1759 ac
3577 1706 3822 1760 colendum

525 1817 730 1878 Deum,
761 1817 819 1868 et
860 1813 1008 1868 vivet
1058 1812 1246 1866 anima
1292 1816 1510 1880 vestra;
1544 1830 1572 1863 ι)
1607 1827 1736 1881 quae
1766 1809 1999 1880 quidem
2037 1779 2230 1862 nonB
2259 1803 2423 1858 illum
2460 1819 2659 1856 verum
2691 1806 2746 1856 et
2774 1802 3005 1855 unicum
3039 1802 3239 1866 Deum,
3272 1799 3373 1870 qui
3413 1815 3574 1870 apem
3602 1799 3707 1869 ejus
3741 1799 3822 1852 im-

529 1927 598 1965 ex
626 1907 907 1980 propheta
936 1909 1129 1972 Amas,
1151 1905 1211 1958 in
1233 1903 1533 1959 Oxoniensi
1564 1903 1815 1958 editione
1836 1902 2028 1968 citato,
2057 1901 2155 1955 sed

532 2020 598 2058 ex
625 2001 850 2056 Psalmo
882 2015 1023 2064 inx,
1049 1998 1211 2068 juxta
1237 1997 1502 2051 eamdem
1548 1996 1843 2051 Seniorum
1884 1995 2160 2065 interpre-

529 2094 807 2150 tationem
837 2093 1135 2162 desumpta
1162 2095 1316 2144 sunt.

601 2188 865 2258 Majorem
895 2185 1130 2240 fortasse
1157 2181 1600 2238 admirationem
1645 2180 1926 2251 aliquibus
1965 2196 2157 2236 move-

532 2283 680 2336 bunt
727 2279 897 2334 citata
945 2278 1016 2331 ab
1080 2276 1177 2331 illa
1228 2276 1494 2330 adversus
1542 2273 1830 2329 ethnicum
1866 2272 2159 2328 hominem

529 2372 794 2446 quaedam
840 2371 980 2426 Novi
1020 2369 1368 2425 Testamenti
1388 2368 1561 2422 verba
1591 2367 1728 2421 :sed
1779 2367 1902 2421 haec
1931 2367 2156 2437 paucis-

532 2467 698 2534 sima,
728 2471 784 2520 et
807 2464 1102 2536 ipsiusmet
1138 2461 1345 2519 Christi
1404 2463 1557 2517 sunt.
1585 2463 1729 2515 Duas
1754 2463 1943 2514 autem
1973 2477 2073 2514 cur
2096 2476 2162 2514 ea

531 2557 835 2632 protulerit
887 2555 1049 2612 nobis
1102 2555 1289 2611 reddit
1333 2553 1599 2609 rationes.
1656 2553 1855 2620 ,Primo
1908 2553 2157 2624 quidem,

536 2653 670 2721 quia
689 2651 945 2707 Christus
974 2649 1269 2703 neminem
1315 2663 1568 2718 unquam
1616 2645 1832 2701 fefellit.
1875 2645 2157 2714 Secundo,

533 2745 665 2816 quia
691 2744 852 2815 plura
889 2741 1158 2814 praedixit
1204 2739 1691 2812 quemadmodum
1721 2755 1918 2794 revera
1955 2754 2161 2794 evene-

537 2840 692 2893 runt.
725 2835 1108 2902 Quamobrem
1135 2834 1413 2902 ethnicos,
1449 2832 1705 2886 adhibita
1741 2832 1846 2886 hac
1875 2833 2160 2900 cautione,

537 2929 616 2983 sic
641 2926 948 2997 alloquitur
977 2947 986 2978 :
1013 2946 1040 2974 «
1063 2923 1284 2979 Credite
1311 2923 1416 2991 illi,
1445 2922 1544 2993 qui
1572 2921 1805 2975 omnino
1833 2937 1948 2975 non
1976 2921 2155 2989 fallit;

540 3021 752 3075 credite
778 3019 880 3087 illi,
911 3018 1011 3088 qui
1056 3018 1179 3071 haec
1211 3015 1408 3070 omnia
1450 3015 1640 3068 futura
1683 3014 1943 3084 praedixit
1975 3015 2160 3085 (Cypr.

539 3115 674 3168 ibid.
702 3128 835 3184 pag.
872 3111 1011 3180 195).
1044 3130 1070 3163 »
1103 3111 1130 3164 J
1139 3126 1238 3163 ure
1267 3113 1463 3163 autem
1495 3107 1700 3178 potiori
1719 3107 2048 3162 testimonia
2067 3109 2165 3162 Ve-

539 3203 676 3256 teris
711 3198 1060 3256 Testamenti
1083 3202 1250 3268 urget
1293 3196 1564 3250 adversus
1610 3195 1750 3260 illos,
1806 3196 1901 3266 qui
1955 3196 2171 3251 nescire

537 3296 802 3365 poterant
840 3308 906 3344 ea
957 3289 1304 3347 Christianos
1348 3285 1627 3356 accepisse
1655 3286 1724 3340 ab
1776 3284 2171 3340 infensissimis

542 3379 657 3433 suis
703 3378 961 3433 hostibus
1007 3376 1238 3444 Iudaeis,
1284 3375 1547 3446 aquibus
1596 3374 1734 3428 illud
1781 3375 2069 3445 integrum
2117 3379 2173 3429 et

545 3471 761 3522 sanum
791 3469 1071 3520 servatum
1119 3465 1304 3518 fuerat
1358 3463 1669 3533 (Dissertal.
1714 3480 1908 3534 super.
1950 3479 2076 3534 cap.
2117 3467 2169 3531 5,

544 3561 652 3611 art.
681 3560 710 3612 3
741 3555 947 3627 seqq.)

1153 3638 1447 3679 ARTICULUS
1494 3640 1556 3678 II.

543 3721 808 3788 Quomodo
854 3719 1156 3788 Cyprianus
1211 3721 1376 3772 Deum
1424 3719 1670 3772 exsistere
1717 3717 2041 3772 demonstret
2107 3734 2174 3772 ea:

616 3805 763 3856 recta
792 3801 1021 3854 humani
1056 3799 1292 3868 corporis
1330 3799 1604 3864 statuerit,
1630 3797 1840 3851 exsolis
1861 3803 1912 3850 et
1939 3799 2175 3852 aliarum

613 3896 797 3936 rerum
847 3882 1136 3945 creatione,
1201 3882 1361 3946 atque
1413 3893 1479 3931 ea:
1520 3877 1742 3947 publica
1795 3876 2096 3930 damonum
2141 3893 2175 3928 α

616 3959 942 4016 Christianis
995 3973 1062 4012 ea:
1109 3957 1329 4011 obsessis
1369 3957 1674 4026 corporibus
1700 3956 2000 4024 .ejcctorum
2041 3972 2167 4009 con-

613 4041 843 4104 fessione
855 4078 866 4091 .

616 4131 952 4200 Quanquam
1006 4127 1316 4199 Cyprianus
1351 4127 1410 4182 in
1465 4127 1573 4182 hoc
1617 4127 1688 4182 ad
1743 4126 2172 4181 Demetrianum

547 4222 692 4279 libra
717 4239 820 4294 pro
859 4226 1037 4292 certo,
1083 4224 1143 4277 et
1177 4221 1300 4291 jam
1333 4237 1367 4275 a
1392 4237 1450 4276 se
1488 4220 1622 4275 alibi
1672 4219 1932 4291 probata,
1988 4224 2177 4274 sumat

550 4333 728 4371 unum
762 4316 1058 4370 dumtaxat
1102 4331 1228 4369 esse
1268 4315 1475 4383 Deum;
1539 4313 1880 4383 quibusdam
1959 4317 2171 4381 tamen,

550 4426 659 4464 nec
684 4408 909 4464 minimi
940 4407 1170 4479 quidem
1185 4407 1483 4474 momenti,
1503 4405 1864 4476 argumentis
1889 4405 2026 4484 illud
2063 4411 2173 4460 tam

2257 1896 2615 1967 plorantibus
2649 1895 2948 1950 subvenire
2975 1900 3091 1947 tam
3112 1892 3276 1947 facile
3313 1897 3516 1963 potest,
3541 1908 3696 1963 quam
3720 1891 3826 1946 frus—

2259 1992 2349 2043 tra
2399 1989 2525 2043 falsi
2555 1990 2632 2043 dii
2654 1988 2917 2060 precibus
2950 1986 3251 2041 hominum
3283 1985 3636 2041 invocantur.

2331 2082 2543 2138 Deinde
2571 2098 2705 2136 vero
2736 2083 2915 2135 Deum
2960 2079 3203 2134 existere
3255 2079 3464 2148 probat
3486 2079 3590 2133 alio
3624 2078 3824 2132 invictis-

2261 2175 2404 2230 simo
2432 2192 2572 2230 sane
2601 2179 2964 2246 argumento,
2997 2172 3150 2244 quod
3189 2173 3344 2226 ducit
3367 2189 3435 2226 ex
3482 2172 3689 2243 publica
3731 2188 3830 2226 con-

2262 2267 2506 2322 fessione
2530 2267 2879 2335 daemonum,
2909 2282 3060 2337 quas
3088 2263 3300 2318 ethnici
3347 2264 3483 2319 deos
3509 2280 3620 2320 esse
3643 2263 3830 2318 arbitra-

2259 2361 2487 2415 bantur.
2537 2363 2682 2417 Nam
2712 2360 2750 2414 ii
2776 2377 2810 2414 a
2833 2360 3164 2416 Christianis
3222 2359 3504 2429 adjurati,
3533 2375 3639 2412 non
3685 2358 3831 2411 solum

2259 2456 2518 2526 ipsorum
2571 2453 2776 2520 verbis,
2829 2457 3104 2524 tanquam
3157 2453 3542 2524 spiritualibus
3583 2451 3752 2522 ﬂagris
3791 2453 3833 2503 et

2260 2546 2578 2609 tormentis,
2611 2564 2676 2601 ex
2703 2546 3059 2600 obsessorum
3106 2546 3497 2616 ejiciebantur
3536 2544 3831 2616 corporibus,

2262 2642 2359 2696 sed
2403 2642 2592 2712 palam
2637 2656 2864 2712 quoque
2914 2640 3080 2695 fateri
3110 2639 3596 2710 eompellebantur
3636 2654 3688 2692 se
3728 2637 3836 2691 deos

2262 2750 2382 2789 non
2437 2750 2579 2801 esse,
2622 2733 2850 2804 suisque
2899 2732 3201 2804 praestigiis
3256 2750 3317 2787 ac
3384 2733 3606 2787 fallaciis
3649 2731 3834 2785 illudere

2263 2826 2614 2894 hominibus,
2654 2843 2720 2882 ac
2767 2843 2944 2880 unum
2983 2826 3274 2893 duntaxat,
3327 2842 3501 2898 quem
3539 2825 3680 2880 idem
3717 2823 3835 2878 Chri-

2263 2920 2433 2974 stiani
2461 2919 2746 2988 colebant,
2778 2936 2898 2974 esse
2938 2920 3144 2974 Deum.
3188 2919 3647 2974 Animadvertere
3689 2922 3834 2970 autem

2261 3013 2420 3082 juvat
2467 3017 2679 3084 quanta
2723 3012 3074 3067 confidentia
3127 3013 3278 3067 hanc
3324 3013 3590 3068 adversus
3634 3010 3836 3066 ethnicos

2272 3111 2476 3176 urgeat
2513 3106 3090 3176 argumentationem.
3140 3107 3563 3161 Demetrianum
3596 3105 3732 3160 enim
3752 3118 3833 3156 ca-

2228 3183 2532 3271 ‘terosque
2585 3215 2783 3254 omnes
2843 3199 3098 3254 ethnicos
3143 3199 3233 3253 his
3287 3199 3591 3271 compellat
3640 3195 3834 3251 verbis:

2275 3314 2302 3342 «
2344 3293 2466 3347 Ohl
2497 3292 2545 3347 si
2599 3292 2798 3347 audire
2840 3293 3000 3348 velles
3026 3292 3182 3365 (mss.
3205 3295 3387 3348 nostri
3417 3293 3628 3347 codices
3648 3291 3767 3357 velis)
3796 3291 3836 3341 et

2271 3386 2477 3454 videre,
2515 3386 2747 3457 quando
2793 3402 2826 3440 a
2854 3386 3021 3441 nobis
3049 3387 3411 3457 adjurantur,
3443 3391 3498 3441 et
3537 3387 3835 3458 torquentur,

2276 3479 2626 3551 spiritalibus
2655 3479 2868 3549 ﬂagris,
2923 3483 2977 3534 et
3027 3480 3332 3534 verborum
3365 3479 3655 3535 tormentis
3690 3478 3748 3532 de
3763 3476 3836 3530 ob-

2281 3573 2446 3628 sessis
2472 3572 2806 3643 corporibus
2864 3573 3187 3643 ejiciuntur,
3220 3574 3458 3645 quando
3520 3571 3764 3644 ejulantes
3797 3571 3838 3621 et

2273 3669 2594 3737 gementes,
2618 3681 2752 3720 VOCe
2775 3665 3051 3736 humana,
3081 3671 3138 3721 et
3163 3670 3441 3738 potestate
3471 3666 3650 3721 divina
3664 3662 3838 3733 ﬂagella

2275 3767 2333 3818 et
2368 3763 2604 3818 verbera
2630 3764 2961 3832 sentientes,
2991 3771 3301 3820 venturum
3322 3765 3602 3835 judicium
3627 3760 3838 3817 conﬁten-

2275 3861 2371 3911 tur
2401 3859 2684 3929 (Cyprt'an.
2715 3859 2789 3913 ad
2815 3861 3046 3914 Dcmetr.
3084 3876 3218 3931 pag.
3253 3859 3416 3929 191)!
3469 3882 3496 3908 ››
3523 3860 3682 3912 Instat
3699 3854 3837 3909 adhuc

2273 3950 2478 4020 acrius,
2512 3957 2569 4004 et
2597 3950 2719 4006 illas
2762 3951 2837 4006 ad
2862 3952 3321 4024 experimentum
3366 3958 3536 4007 tantas
3580 3947 3835 4023 potestatis,

2274 4060 2340 4098 ac
2360 4043 2516 4098 illius
2534 4044 2780 4114 publicas
2807 4045 3137 4100 daemonum
3165 4045 3538 4101 confessionis
3575 4042 3836 4100 faciendum

2275 4137 2352 4191 sic
2377 4141 2688 4208 provocat:
2737 4158 2764 4187 «
2823 4139 2982 4208 Veni,
3037 4143 3096 4193 et
3133 4155 3410 4211 cognosce
3448 4155 3576 4194 vera
3623 4152 3726 4192 esse
3749 4147 3837 4204 qua:

2275 4225 2520 4281 diximus
2569 4226 2757 4295 (Idem,
2805 4226 2903 4281 lib.
2943 4228 3238 4283 deIdolar.
3287 4231 3477 4285 Vanit.
3528 4243 3655 4298 pag.
3709 4222 3835 4292 14).»

2274 4315 2466 4386 Neque
2495 4315 2552 4369 id
2593 4317 2775 4370 semel
2823 4315 2980 4384 dixit,
3019 4317 3117 4371 sed
3175 4317 3398 4372 duabus
3425 4317 3550 4373 aliis
3592 4313 3766 4387 repetit
3797 4310 3836 4362 in

2274 4407 2432 4462 libris
2460 4408 2573 4475 (lib.
2597 4408 2672 4462 ad
2721 4411 2920 4464 Donat.
2953 4426 3087 4481 pag.
3149 4411 3222 4480 4).
3243 4413 3372 4466 Jam
3423 4427 3558 4466 vero
3582 4403 3834 4464 observavi-

548 4504 699 4558 clare
743 4517 914 4574 quam
952 4501 1201 4556 breviter
1247 4501 1620 4555 demonstrat.
1679 4499 1932 4554 Primum
1981 4502 2401 4575 autemDmus
2430 4501 2734 4574 (Dissertat.
2760 4519 2880 4573 sup.
2910 4519 3032 4574 cap.
3094 4507 3178 4571 10,
3227 4509 3334 4559 art.
3369 4507 3399 4559 6
3438 4508 3496 4559 et
3534 4503 3618 4574 79)
3663 4498 3834 4556 eosdem

547 4596 688 4651 illud
721 4597 823 4663 est,
857 4611 968 4667 quo
1019 4595 1078 4649 in
1131 4593 1379 4649 ethicum
1426 4593 1718 4647 hominem
1776 4593 1851 4646 sic
1892 4597 2107 4663 pugnat
2156 4609 2168 4646 :

552 4711 580 4739 «
614 4692 852 4744 Rectum
883 4694 936 4744 te
963 4689 1106 4741 Deus
1131 4687 1330 4742 fecit...
1362 4686 1463 4742 tibi
1492 4685 1752 4740 sublimis
1787 4689 1983 4754 status,
2007 4691 2062 4741 et
2102 4688 2172 4744 ad

554 4803 582 4832 «
615 4782 781 4837 caelos
822 4786 994 4853 atque
1041 4780 1109 4834 ad
1160 4781 1333 4834 Deum
1380 4795 1599 4834 sursum
1629 4779 1911 4850 (meliores
1954 4779 2175 4834 codices

550 4892 709 4933 suum
740 4876 924 4929 vultus
975 4879 1194 4929 erectus
1226 4879 1328 4940 est,
1371 4873 1504 4928 illuc
1543 4873 1788 4941 intuere,
1823 4873 1955 4928 illuc
1983 4875 2175 4929 oculos

549 4986 678 5025 suos
705 4968 880 5041 erige,
912 4985 972 5022 es
1001 4967 1058 5022 id
1081 4967 1341 5038 supernis
1367 4969 1542 5022 Deum
1563 4983 1820 5038 quaere...
1843 4983 1975 5021 cum
2023 4971 2173 5022 statu

554 5063 666 5118 aris
693 5069 747 5118 et
787 5062 1038 5134 corporis
1078 5061 1334 5116 animum
1375 5066 1538 5117 tuum
1588 5064 1786 5116 statue.
1834 5061 1905 5115 Ut
1943 5077 2174 5133 cognos-

555 5173 680 5212 cere
709 5159 883 5212 Deum
907 5156 1101 5228 passis,
1144 5161 1198 5210 te
1242 5161 1374 5211 ante
1426 5171 1728 5226 cognosce.
1765 5155 2052 5226 (Cyprian.
2100 5157 2175 5210 ad

550 5251 778 5304 Demetr.
835 5266 970 5320 pag.
1032 5249 1173 5321 192).
1218 5270 1247 5299 »
1281 5247 1471 5320 993
1531 5249 1706 5301 Deum
1747 5247 1936 5318 itaque
1981 5264 2176 5303 revera

556 5342 844 5410 exsistere,
875 5359 940 5397 ac
977 5358 1096 5397 esse
1134 5343 1384 5409 unicum,
1416 5341 1548 5395 inde
1589 5341 1908 5395 luculenter
1931 5340 2172 5412 conﬁcit,

551 5435 706 5508 quod
737 5435 906 5490 homo
933 5435 978 5489 si
1016 5452 1074 5491 se
1107 5436 1315 5507 ipsum,
1347 5439 1406 5489 et
1429 5433 1687 5488 animum
1730 5451 1897 5490 suum
1959 5451 2172 5507 cogno-

555 5535 694 5596 scat,
719 5529 764 5582 si
797 5529 866 5582 ad
893 5531 1105 5582 statum
1135 5546 1300 5583 suum
1326 5527 1631 5583 sublimem
1653 5527 1933 5596 attendat,
1978 5529 2025 5582 si
2060 5529 2176 5584 vul-

551 5627 673 5678 tum
717 5622 788 5676 ad
813 5621 981 5677 caelos
1009 5627 1261 5679 erectum
1303 5621 1451 5677 serio
1492 5620 1834 5689 consideret,
1863 5627 1985 5676 tum
2003 5639 2172 5694 coge-

545 5721 640 5774 tur
665 5716 835 5772 fateri
863 5731 923 5769 se
968 5733 1001 5771 a
1031 5715 1145 5770 Deo
1181 5715 1497 5786 conditum,
1546 5731 1611 5769 ac
1659 5717 1829 5771 caelos
1874 5721 1931 5770 et
1984 5717 2175 5772 omnia

541 5815 734 5871 creata
770 5811 839 5866 ab
867 5808 960 5864 illa
991 5808 1185 5869 fuisse.
1215 5811 1320 5867 Nos
1341 5827 1472 5869 vero
1517 5809 1666 5867 hanc
1716 5810 2168 5881 argumentatio-

2276 4595 2515 4666 gentiles
2542 4612 2654 4650 non
2684 4595 2873 4650 minus
2923 4596 3193 4652 audacter
3237 4614 3269 4651 a
3315 4598 3657 4655 Tertulliana
3692 4606 3835 4665 provo-

2274 4689 2409 4756 cari,
2460 4705 2563 4744 nec
2616 4688 2756 4743 illud
2786 4689 2855 4744 ab
2904 4690 3016 4744 ulla
3065 4706 3319 4762 unquam
3366 4691 3616 4758 homine,
3669 4688 3708 4742 si
3747 4680 3835 4739 sani

2275 4781 2472 4853 capitis
2497 4781 2589 4850 sit,
2618 4781 2876 4837 revocari
2904 4799 3067 4854 posse
3085 4782 3145 4838 in
3173 4783 3433 4839 dubium.

2346 4878 2512 4932 Certa
2541 4875 2721 4947 igitur
2765 4876 2974 4932 certius
3004 4881 3089 4931 est
3115 4879 3240 4931 tum
3269 4877 3605 4933 dmmonesa
3628 4871 3834 4930 Christia-

2273 4969 2363 5023 nis
2406 4970 2670 5040 expulsos
2716 4969 2893 5024 fuisse
2929 4987 2998 5024 ex
3039 4969 3403 5026 obsessorum
3447 4969 3761 5042 corporibus.
3791 4966 3838 5017 At

2274 5062 2321 5117 si
2376 5062 2437 5117 id
2477 5062 2689 5117 mirum
2739 5063 2830 5131 sit,
2874 5063 3189 5118 mirabilius
3240 5064 3494 5135 profecta
3532 5079 3639 5135 qua
3673 5059 3837 5114 ratione

2273 5155 2636 5228 fugabantur.
2670 5158 2794 5211 Non
2843 5173 2965 5212 voce
2998 5157 3252 5229 quidem,
3281 5159 3522 5213 humana
3571 5156 3661 5211 sed
3700 5153 3838 5208 dum

2271 5254 2536 5322 potestate
2577 5249 2932 5321 cogebantur
2961 5267 3027 5305 ex
3079 5251 3433 5323 corporibus,
3478 5247 3710 5322 quolibet
3738 5248 3840 5297 tem-

2273 5359 2410 5415 pore
2445 5342 2708 5411 obsessis,
2747 5343 2922 5413 exire,
2973 5345 3262 5414 ejulantes,
3304 5344 3384 5400 ait
3434 5349 3627 5399 auctor
3673 5343 3838 5396 noster:

2275 5443 2324 5492 ει
2349 5442 2630 5505 gementes,
2661 5452 2727 5491 ac
2760 5434 2952 5508 994
2993 5437 3466 5504 Christianorum,
3493 5453 3586 5492 eos
3627 5433 3840 5502 adiuran-

2274 5529 2439 5599 tium,
2467 5530 2651 5585 verbis
2705 5547 2824 5586 non
2866 5546 3023 5585 secus
3064 5534 3236 5602 atque
3285 5529 3616 5602 spiritalibus
3670 5521 3837 5595 flagris,

2272 5623 2626 5692 verberibus,
2655 5640 2720 5679 ac
2753 5623 3062 5679 tormentis
3082 5623 3216 5679 caesi
3245 5629 3302 5681 et
3331 5619 3704 5680 excarnificati.
3730 5615 3838 5679 011³⁸

2273 5723 2509 5790 propter
2526 5717 2620 5774 ille
2664 5717 2735 5772 ad
2770 5719 3052 5773 Donatum
3075 5717 3374 5781 scribebat
3410 5717 3596 5772 datam
3619 5706 3829 5770 Christia-

2274 5811 2363 5872 nis
2394 5811 2744 5881 facultatem,
2774 5827 2887 5884 qua
2937 5815 3203 5883 poterant
3236 5813 3337 5868 hos
3372 5807 3686 5867 immundos
3713 5806 3758 5858 et
3774 5813 3834 5854 er-
