4082 6194
256 183 380 241 1081

250 404 398 459 tibus
439 418 666 473 cogere,
700 406 760 457 ut
794 402 1061 457 recedant
1094 400 1250 456 duris
1276 399 1603 455 verberibus
1635 416 1871 470 urgere;

228 497 655 566 Aconﬂictantes,
679 497 727 568 ej
738 497 980 565 ulantes,
1002 498 1301 567 gementes
1321 494 1673 549 incremento
1692 510 1874 564 poenas

248 590 624 662 propagantis
650 590 980 657 extendere,
1003 588 1199 660 ﬂagris
1219 587 1461 655 ctedere,
1481 587 1615 658 igne
1638 590 1871 642 torrere.

247 687 355 741 Res
385 685 505 739 illic
532 684 742 756 agitur,
768 700 873 738 nec
902 684 1146 749 videtur,
1171 682 1385 737 occulta
1412 681 1596 753 plaga,
1626 684 1682 736 et
1707 697 1875 753 pmna

248 779 549 834 manifesta
590 779 775 851 (Cypr.
809 777 908 832 lib.
949 778 1025 832 ad
1064 780 1260 832 Donat.
1306 792 1441 849 pag.
1479 776 1557 846 4).
1600 796 1627 827 ››
1661 776 1874 829 Rursus

247 877 444 929 autem
473 873 583 928 alio
619 871 678 926 in
720 871 862 926 libro
894 888 906 926 ε
938 892 967 922 (ι
1006 870 1207 925 Videas
1248 871 1372 925 illos
1414 875 1605 925 nostra
1640 885 1773 923 voce
1818 872 1876 923 et

247 966 579 1037 operatione
630 965 941 1035 majestatis
992 966 1221 1020 occultas
1268 963 1459 1036 flagris
1508 963 1683 1031 caedi,
1737 963 1873 1033 igne

244 1058 479 1127 torreri,
538 1059 893 1113 incremento
960 1075 1143 1130 preme
1196 1058 1561 1129 propagantis
1616 1056 1871 1123 extendi,

245 1153 483 1225 ejulare,
516 1169 767 1224 gemere,
799 1159 856 1208 et
883 1152 1177 1224 deprecari
1205 1152 1401 1222 (Idem,
1438 1152 1539 1207 lib.
1572 1152 1638 1207 de
1669 1152 1868 1207 Idolor.

250 1253 437 1307 Vanit.
470 1267 604 1322 pag.
637 1251 747 1319 14).
774 1271 803 1301 ››
838 1250 1115 1314 Quocirca
1144 1250 1375 1305 cuilibet
1401 1248 1597 1321 gentili
1632 1249 1875 1304 ﬁdenter

248 1343 468 1398 dicebat
502 1360 516 1398 :
550 1364 577 1394 (ι
609 1342 835 1398 Videbis
865 1359 965 1397 nos
993 1342 1184 1414 rogari
1213 1342 1284 1397 ab
1315 1343 1396 1398 eis
1420 1359 1561 1414 quos
1585 1347 1648 1397 tu
1673 1358 1869 1413 rogas;

246 1438 436 1492 timeri
475 1437 545 1491 ab
589 1436 653 1491 iis
682 1452 822 1508 quos
860 1440 920 1491 tu
960 1436 1144 1501 times,
1178 1452 1322 1508 quos
1357 1439 1417 1490 tu
1458 1436 1679 1491 adoras.
1708 1435 1870 1490 Vide-

244 1530 336 1586 bis
386 1531 491 1586 sub
540 1546 715 1586 manu
766 1534 965 1586 nostra
1014 1536 1160 1586 stare
1210 1530 1456 1598 vinctos,
1515 1533 1573 1584 et
1620 1532 1872 1583 tremere

245 1624 497 1695 captivos
531 1641 676 1695 quos
710 1629 774 1679 tu
814 1624 1070 1697 suspicis,
1100 1630 1155 1679 et
1183 1622 1475 1678 veneraris
1514 1627 1579 1677 ut
1612 1622 1873 1677 dominos

249 1703 461 1789 (Idem,
494 1718 569 1773 ad
591 1720 822 1773 Demetr.
856 1734 985 1789 pag.
1018 1719 1157 1788 191).
1188 1739 1217 1767 ››

317 1818 459 1871 Tum
510 1817 703 1888 itaque
751 1816 1038 1871 daemones
1082 1831 1195 1870 non
1242 1816 1421 1870 solum
1468 1831 1500 1868 a
1542 1813 1875 1870 Christianis

250 1909 666 1981 torquebantur
695 1916 752 1965 et
781 1909 1176 1980 ejiciebantur,
1204 1909 1303 1964 sed
1331 1925 1399 1964 ex
1430 1906 1669 1963 obsessis
1698 1907 1872 1962 etiam

245 2004 551 2059 hominum
581 2002 907 2075 corporibus
938 2002 1355 2075 quantumlibet
1380 2001 1541 2056 inviti
1580 2004 1871 2068 exeuntes,

243 2096 625 2168 adigebantur
689 2098 879 2168 palam
943 2097 1229 2151 declarare
1296 2095 1501 2167 quibus
1570 2094 1875 2166 praestigiis

244 2190 512 2245 homines
544 2191 825 2258 fallerent,
863 2206 923 2245 se
948 2206 1082 2245 vero
1126 2206 1238 2244 non
1270 2205 1391 2243 esse
1424 2189 1573 2257 deos,
1607 2188 1705 2242 sed
1744 2188 1872 2242 uni-

244 2299 381 2337 cum
414 2284 711 2339 dumtaxat
751 2300 871 2339 esse
904 2283 1352 2340 Christianorum
1395 2284 1594 2337 Deum.
1624 2285 1694 2335 At
1732 2281 1875 2335 nihil

246 2382 404 2431 certe
446 2394 508 2432 ac
554 2377 776 2448 publica
819 2377 1043 2431 illorum
1089 2376 1447 2431 confessione
1494 2381 1614 2430 erat
1658 2375 1870 2443 verius,

245 2470 457 2525 certius
496 2476 551 2525 et
588 2470 958 2524 manifestius.
1001 2470 1353 2525 Meritissimo
1389 2468 1564 2539 igitur
1594 2468 1727 2538 jure
1775 2470 1875 2538 Cy-

245 2565 482 2635 prianus
503 2564 651 2618 hanc
677 2564 942 2618 adversus
971 2563 1229 2617 ethnicos
1254 2562 1404 2617 elicit
1422 2562 1870 2616 conclusionem:

245 2679 276 2706 ‹‹
323 2658 485 2712 Certe
514 2658 602 2711 vel
643 2657 721 2711 sic
755 2656 1020 2711 confundi
1053 2656 1113 2709 in
1150 2656 1273 2709 istis
1314 2655 1594 2710 erroribus
1633 2655 1743 2708 tuis
1773 2671 1870 2725 po-

244 2750 408 2819 teris,
450 2750 677 2821 quando
719 2750 1079 2821 conspexeris
1120 2750 1252 2803 deos
1294 2752 1421 2803 tuos
1462 2748 1599 2820 quid
1642 2748 1754 2801 sint
1793 2748 1876 2802 in-

240 2844 632 2914 terrogatione
668 2846 863 2898 nostra
904 2843 1093 2897 statim
1126 2843 1387 2913 prodere,
1418 2847 1475 2896 et
1504 2841 1875 2912 praesentibus

239 2938 380 2992 licet
423 2938 600 3005 vobis,
651 2936 966 3008 praestigias
1020 2937 1141 2991 illas
1192 2939 1249 2991 et
1295 2936 1542 2990 fallacias
1574 2934 1713 2989 ‘suas
1758 2951 1872 2989 non

238 3048 410 3102 posse
454 3030 634 3085 celare
664 3030 869 3101 (Ibid)
904 3051 932 3079 υ
968 3032 1078 3084 Aut
1106 3029 1250 3083 sicut
1286 3029 1343 3081 in
1375 3028 1485 3082 alio
1527 3028 1671 3083 libro
1712 3028 1869 3082 dixe-
1894 3066 1948 3140 Ο

238 3127 334 3179 rat
379 3145 389 3178 :
438 3147 466 3173 «
515 3125 674 3179 Unde
720 3123 955 3177 veniant
998 3128 1054 3178 et
1097 3123 1329 3195 quando
1379 3122 1692 3189 discedant,
1738 3121 1873 3193 ipsis

240 3218 437 3284 etiam,
482 3217 578 3288 qui
622 3234 679 3272 se
724 3218 935 3284 colunt,
972 3217 1329 3272 audientibus
1370 3216 1626 3270 confiteri
1666 3216 1868 3286 (Idem,

237 3311 347 3365 lib.
386 3311 451 3365 de
476 3312 677 3365 Idolor.
713 3314 853 3367 Van.
896 3326 1027 3381 pag.
1079 3312 1182 3379 14).
1225 3330 1253 3359 ›>
1287 3311 1346 3363 In
1389 3309 1512 3363 aliis
1550 3325 1717 3379 porro
1757 3308 1871 3363 dis-

241 3404 653 3459 sertationibus
684 3403 890 3458 nostris
922 3406 1097 3457 totam
1130 3403 1275 3457 hanc
1316 3402 1871 3473 argumentationem

240 3498 687 3564 enucleavimus,
743 3498 1096 3567 planumque
1150 3495 1381 3551 cuilibet
1442 3495 1674 3550 fecimus
1730 3494 1871 3549 tanti

238 3591 405 3645 illam
437 3607 556 3644 esse
587 3590 831 3657 roboris,
866 3593 927 3644 ut
954 3590 1085 3643 inde
1127 3588 1490 3643 invictissime
1522 3589 1872 3642 demonstre-

237 3688 341 3737 tur
379 3689 493 3737 tam
523 3684 691 3737 falsos
728 3700 849 3738 esse
893 3682 1191 3754 gentilium
1232 3682 1389 3751 deos,
1423 3698 1598 3753 quam
1638 3682 1872 3735 unicum

238 3794 368 3833 esse
405 3778 607 3845 Deum,
636 3782 805 3849 atque
842 3776 1051 3831 idcirco
1092 3782 1208 3831 tam
1246 3776 1448 3830 falsam
1479 3791 1599 3829 esse
1643 3790 1871 3828 eorum-

238 3872 377 3925 dem
410 3870 711 3939 gentilium
746 3887 917 3942 quam
944 3886 1135 3925 veram
1163 3869 1615 3924 Christianorum
1655 3868 1874 3939 religio-

240 3981 383 4018 nem
435 3964 735 4034 (Dissertat.
784 3966 841 4018 in
892 3966 1088 4019 Minui.
1140 3979 1264 4034 cap.
1316 3962 1404 4031 20,
1456 3967 1561 4015 art.
1611 3966 1664 4028 3,
1713 3964 1770 4015 et
1816 3964 1874 4015 in

237 4060 501 4113 Lactant.
533 4075 653 4128 cap.
696 4060 778 4125 lO,
810 4062 915 4112 art.
945 4062 998 4124 2,
1030 4062 1084 4112 et
1112 4059 1170 4111 in
1219 4057 1446 4112 Tertull.
1485 4071 1609 4125 cap.
1644 4058 1729 4121 10,
1762 4058 1869 4108 art.

237 4156 273 4206 6
318 4157 378 4205 et
412 4152 489 4220 7).

314 4244 597 4299 Morellius
622 4262 789 4316 porro
831 4244 889 4299 in
929 4244 1047 4299 suis
1088 4244 1157 4299 ad
1186 4244 1338 4298 hunc
1364 4242 1582 4296 librum
1613 4240 1873 4295 observa-

236 4338 495 4394 tionibus
557 4337 957 4392 animadvertit
1009 4338 1354 4409 Cyprianum
1416 4336 1495 4390 ibi
1555 4350 1876 4389 sermonem

1262 176 1329 234 D.
1372 176 1637 235 NICOLAI
1675 174 1758 234 LE
1794 173 2073 233 NOURRY
2113 172 2569 233 DISSERTATIO.

249 308 452 365 raticos
488 305 740 380 spiritus,
772 326 800 360 α
829 304 901 363 ad
936 305 1349 363 confessionem
1388 305 1555 361 minis
1584 305 1877 376 increpan-
1897 326 1956 401 Α

3472 175 3607 234 1082

2591 318 2885 360 AR'I'ICULUS
2924 318 3003 359 IlI.

1976 400 2316 457 Credendum
2342 400 2568 468 Christo,
2597 404 2691 471 qui
2713 404 2997 471 sanguinis
3026 403 3114 457 sui
3131 404 3307 472 pretio
3336 403 3599 458 hominem

2047 480 2235 553 995
2258 498 2408 536 sacro
2431 482 2752 550 baptismate
2770 487 3071 549 regenerat;
3097 484 3162 538 de
3183 484 3395 551 duplici
3414 485 3601 537 mortis

2044 562 2194 615 illius
2234 564 2428 628 signo;
2470 562 2535 615 de
2567 563 2907 630 pamitentia,
2946 577 3008 615 ac
3042 578 3144 631 quo
3183 576 3338 616 sensu
3376 564 3601 624 nemini,

2045 642 2182 696 hanc
2211 643 2381 696 vitam
2412 647 2619 710 agenti,
2651 655 2772 695 sera
2812 655 2920 695 esse
2952 642 3186 696 dicatur.

2046 765 2189 821 Satis
2225 765 2448 819 homini
2492 782 2610 821 non
2646 769 2729 821 est
2764 767 2941 821 Deum
2982 783 3346 837 cognoscere,
3390 766 3489 822 sed
3526 766 3606 821 illi

1978 863 2155 917 etiam
2191 862 2361 917 debet
2389 864 2643 931 credere,
2676 881 2739 919 ac
2769 863 3011 930 Christo,
3043 864 3141 935 qui
3180 864 3250 919 ab
3288 864 3407 935 ipso
3445 866 3605 923 Patre

1975 974 2076 1012 suo
2103 962 2316 1012 aeterno
2339 957 2564 1025 missus,
2597 979 2623 1007 «
2646 957 2892 1013 redemit
2917 956 3249 1013 credentem
3277 958 3458 1029 pretio
3485 975 3605 1012 san-

1974 1050 2164 1123 guinis
2189 1051 2296 1119 sui,
2336 1051 2756 1106 reconciliando
2788 1051 3089 1107 hominem
3122 1052 3236 1107 Deo
3267 1052 3437 1120 Patri,
3466 1051 3603 1106 vivi-

1972 1144 2199 1200 ﬁcando
2244 1144 2541 1201 mortalem
2577 1146 3014 1217 regeneratione
3056 1145 3267 1201 caelesti
3312 1144 3601 1218 (Cyprian.

1972 1240 2048 1293 ad
2090 1238 2367 1309 Demetr.).
2410 1260 2437 1288 »
2482 1242 2551 1294 At
2595 1256 2861 1310 quasnam
2905 1242 2989 1295 est
3028 1240 3122 1294 illa
3163 1240 3405 1295 caelestis
3450 1254 3607 1311 rege-

1974 1332 2221 1401 neratio,
2257 1333 2365 1387 nisi
2405 1332 2552 1387 sacri
2592 1332 2947 1404 baptismatis
2988 1336 3431 1400 sacramentum,
3467 1350 3603 1404 quo,

1974 1431 2038 1480 ut
2064 1426 2145 1481 ait
2175 1428 2491 1497 Apostolus,
2525 1448 2553 1477 ‹‹
2575 1427 2889 1498 consepulti
2917 1444 3115 1481 sumus
3135 1444 3267 1482 cum
3294 1426 3517 1482 Christo
3548 1426 3604 1480 in

1975 1522 2243 1589 mortem,
2290 1524 2355 1574 ut
2394 1521 2682 1591 quomodo
2718 1521 2961 1575 surrexit
2996 1537 3029 1575 a
3073 1520 3309 1575 mortuis
3348 1536 3449 1590 per
3479 1520 3602 1591 glo-

1973 1614 2117 1668 riam
2148 1613 2350 1683 Patris,
2380 1614 2462 1668 ita
2493 1619 2550 1668 et
2579 1631 2681 1669 nos
2709 1613 2767 1668 in
2801 1614 3053 1669 novitate
3078 1614 3209 1669 vitae
3244 1613 3603 1669 ambulemus

1896 1703 2051 1777 B(S.
2101 1708 2256 1763 Paul.
2309 1710 2483 1777 Epist.
2534 1709 2607 1762 ad
2658 1712 2830 1771 Rom,
2879 1724 2953 1775 v1,
3006 1709 3081 1777 4).
3132 1729 3161 1758 ››
3213 1707 3601 1772 Quamobrem

1973 1800 2288 1872 Cyprianus
2326 1800 2498 1872 paulo
2534 1807 2697 1855 antea
2728 1800 3027 1872 scripserat
3071 1818 3085 1855 :
3132 1820 3159 1853 α
3204 1801 3309 1865 Qui
3350 1801 3603 1871 exposita

1974 1894 2267 1950 nativitate
2318 1897 2563 1961 terrena,
2610 1894 2813 1965 spiritu
2862 1894 3119 1960 recreati,
3178 1911 3241 1949 ac
3290 1894 3472 1949 renati
3516 1910 3605 1948 su-

1974 2004 2122 2056 mus,
2153 2004 2265 2042 non
2288 1988 2410 2060 jam
2442 1988 2683 2056 mundo,
2713 1988 2811 2043 sed
2837 1990 2948 2043 Deo
2978 1988 3220 2043 vivimus
3251 1988 3435 2059 (Cypr.
3463 1988 3600 2042 ibid.

1975 2099 2107 2154 pag.
2134 2083 2277 2152 193).
2304 2101 2331 2133 xi
2363 2081 2512 2136 Dixit
2541 2087 2736 2136 autem
2766 2084 3031 2153 exposita,
3060 2081 3119 2136 id
3149 2087 3232 2136 est
3262 2080 3519 2152 deposita
3549 2084 3607 2135 et

1973 2175 2193 2245 abjecta
2239 2174 2527 2229 nativitate
2569 2178 2824 2242 terrena;
2872 2191 2985 2246 quo
3022 2192 3191 2229 sensu
3228 2174 3604 2230 Tertullianus

1974 2274 2029 2323 et
2072 2267 2409 2335 Lactantius,
2441 2268 2921 2339 quemadmodum
2958 2268 3016 2322 in
3056 2268 3445 2340 superioribus
3493 2268 3603 2321 dis-

1976 2361 2372 2415 sertationibus
2420 2360 2878 2430 observavimus,
2942 2362 3051 2416 hoc
3105 2361 3275 2416 verbo
3339 2364 3599 2415 utuntur.

1974 2455 2088 2508 Nec
2118 2454 2294 2507 semel
2325 2453 2558 2525 quidem
2589 2453 2729 2507 illud
2770 2458 2967 2508 auctor
2997 2460 3194 2508 noster
3221 2454 3472 2519 adhibet,
3504 2454 3602 2509 sed

1975 2546 2109 2600 alibi
2142 2563 2389 2617 quoque,
2425 2549 2482 2600 et
2508 2547 2567 2600 in
2597 2563 2698 2600 suo
2730 2546 3015 2617 imprimis
3049 2547 3118 2600 ad
3146 2548 3423 2601 Donatum
3454 2550 3601 2601 trac-

1975 2644 2128 2706 tatu,
2180 2640 2279 2693 ubi
2318 2639 2681 2693 admirabiles
2729 2639 2996 2710 baptismi
3037 2639 3270 2694 effectus
3318 2640 3451 2695 totis
3493 2640 3605 2694 elo-

1976 2732 2225 2804 quentiae
2266 2749 2381 2786 suae
2416 2732 2627 2787 viribus
2666 2732 2949 2803 describit,
2988 2750 3050 2788 ac
3086 2733 3362 2805 praedicat
3397 2733 3601 2806 (Idem,

1974 2828 2049 2880 ad
2077 2829 2280 2881 Donat.
2316 2842 2450 2897 pag.
2485 2828 2557 2897 3).

2045 2922 2116 2973 At
2171 2919 2313 2973 sicut
2362 2925 2513 2974 recte
2563 2919 2731 2974 docet
2786 2919 3139 2991 baptismatis
3190 2920 3432 2992 gratiam
3484 2936 3603 2976 esse

1978 3013 2271 3084 sanguinis
2315 3012 2518 3067 Christi
2568 3013 2834 3084 pretium,
2878 3014 2954 3068 ita
3000 3014 3168 3068 etiam
3212 3017 3496 3069 asseverat
3530 3014 3604 3069 ad

1974 3106 2245 3161 eumdem
2278 3106 2400 3177 ejus
2422 3106 2780 3176 sanguinem,
2811 3112 2867 3161 et
2892 3107 3071 3161 crucis
3100 3111 3452 3163 tormentum
3478 3125 3605 3179 per-

1973 3200 2151 3254 tinere
2182 3200 2432 3270 signum,
2464 3217 2577 3271 quo
2624 3200 2880 3272 quisquis
2918 3202 3243 3255 invenietur
3277 3201 3601 3273 insignitus,

1974 3295 2155 3347 salvus
2200 3298 2254 3348 et
2296 3293 2601 3348 incolumis
2646 3294 3032 3349 reservabitur
3072 3295 3235 3366 (Ibid.
3283 3311 3413 3366 pag.
3461 3296 3601 3365 194).

1974 3387 2135 3451 Quod
2176 3387 2410 3458 quidem
2451 3388 2656 3459 prohat
2694 3404 2866 3459 supra
2895 3389 3063 3443 citato
3105 3388 3406 3443 Ezechielis
3445 3388 3603 3443 testi-

1972 3480 2186 3547 monio,
2222 3486 2275 3535 et
2304 3481 2394 3535 his
2430 3481 2665 3552 insuper
2699 3481 2897 3551 Moysis
2936 3481 2996 3536 in
3044 3482 3229 3537 Exodo
3266 3480 3451 3536 verbis
3481 3497 3494 3536 :
3535 3484 3602 3536 Et

1973 3577 2075 3628 erit
2113 3577 2339 3644 sanguis
2379 3578 2435 3628 in
2470 3578 2622 3644 signo
2665 3576 2811 3630 vobis
2858 3590 3022 3645 super
3064 3575 3263 3637 'tomos,
3305 3578 3365 3629 in
3406 3576 3604 3645 quibus

1971 3683 2061 3721 vos
2099 3671 2271 3734 eritis;
2311 3675 2362 3723 et
2397 3669 2585 3723 videbo
2624 3671 2962 3736 sanguinem,
3004 3673 3055 3722 et
3080 3675 3361 3738 protegam
3404 3683 3517 3733 vos,
3553 3674 3604 3722 et

1972 3776 2081 3815 non
2130 3765 2233 3816 erit
2270 3764 2438 3831 plaga
2486 3763 2863 3815 diminutionis
2906 3777 3023 3815 cum
3060 3763 3364 3829 percutiam
3405 3766 3606 3815 terram

1972 3858 2197 3924 Egypti
2235 3856 2453 3925 (Exod,
2495 3870 2589 3921 xu,
2634 3854 2742 3921 I3).
2777 3853 3080 3916 Quodnam
3120 3856 3312 3907 autem
3356 3852 3427 3906 sit
3466 3852 3603 3905 illud

1974 3949 2221 4019 signum,
2255 3947 2373 4017 ipse
2412 3946 2573 4000 nobis
2614 3946 2827 4001 indicat
2863 3946 2921 4000 in
2950 3946 3214 4001 vicesimo
3242 3944 3488 4000 secundo
3517 3961 3602 3999 se-

1975 4040 2147 4095 cundi
2190 4040 2459 4093 adversus
2491 4040 2713 4094 Judaaos
2757 4039 2886 4094 libri
2927 4040 3129 4111 capite,
3159 4039 3252 4095 ubi
3299 4045 3606 4111 utrumque

1974 4133 2114 4187 illud
2137 4132 2434 4188 Ezechielis
2463 4135 2519 4186 et
2544 4133 2746 4204 Moysis
2773 4132 3170 4189 testimonium
3194 4134 3391 4189 retulit
3414 4135 3600 4204 (Cypr.

1974 4226 2072 4282 lib.
2118 4244 2155 4280 ιι
2196 4227 2321 4281 adv.
2359 4227 2489 4281 Iud.
2532 4242 2654 4298 cap.
2704 4230 2791 4294 22,
2831 4243 2961 4298 pag.
3010 4228 3120 4297 46).
3172 4228 3350 4298 Hujus
3395 4226 3605 4298 quippe

1978 4319 2177 4391 capitis
2227 4320 2425 4374 titulus
2470 4324 2553 4374 est
2597 4337 2608 4374 :
2661 4342 2689 4371 «
2738 4320 2898 4384 Quod
2945 4321 3002 4374 in
3057 4320 3167 4375 hoc
3212 4321 3376 4391 signo
3425 4318 3606 4373 crucis

236 4432 443 4488 fecisse
488 4431 557 4485 de
604 4432 889 4485 exorcistis
935 4431 1286 4497 Christianis,
1339 4429 1433 4501 qui
1478 4428 1760 4483 daemonia
1809 4431 1957 4507 exD
1980 4414 2127 4468 38103
2156 4414 2229 4467 Sit
2261 4413 2549 4483 omnibus:
2579 4414 2678 4485 qni
2715 4414 2774 4468 in
2808 4413 3091 4468 frontibus
3120 4417 3405 4468 Ποῖθηῖυτ·
3438 4434 3465 4462 ”
3496 4414 3605 4466 N05

236 4527 610 4581 obsessorum
651 4525 983 4595 corporibus
1028 4525 1351 4596 ejiciebant.
1392 4527 1461 4578 At
1499 4526 1652 4577 certe
1694 4522 1740 4576 si
1770 4524 1873 4593 Cy-

233 4618 511 4691 prianum
558 4618 626 4673 de
671 4618 739 4672 iis
784 4622 1035 4687 tantum,
1081 4618 1177 4689 qui
1226 4618 1628 4672 exorcistarum
1671 4614 1875 4670 ordine

234 4711 458 4767 initiati
486 4717 665 4781 erant,
688 4713 939 4765 locutum
962 4728 1085 4766 esse
1109 4711 1417 4775 existimat,
1448 4712 1614 4781 plane
1638 4709 1871 4763 fallitur.

226 4808 382 4861 Nam
409 4805 719 4876 Cyprianus
750 4805 807 4858 in
838 4805 960 4875 jam
989 4806 1157 4859 citato
1195 4804 1338 4858 libro
1369 4805 1439 4858 ad
1468 4806 1752 4859 Donatum
1785 4802 1871 4857 di-

232 4902 396 4956 serte
446 4897 647 4952 asserit
709 4898 881 4952 cuivis
942 4898 1257 4952 Christiano
1312 4914 1636 4953 concessam
1702 4896 1873 4951 fuisse

231 4992 532 5049 daemonia
578 4991 843 5063 ejiciendi
880 4996 1239 5063 potestatem.
1281 4993 1388 5048 Nos
1418 5010 1643 5064 quoque
1678 4992 1737 5046 in
1777 5007 1868 5045 su-

230 5084 457 5158 periori
488 5087 685 5139 nostra
712 5084 1105 5141 dissertatione
1146 5086 1496 5141 ostendimus
1526 5089 1645 5138 tum
1675 5101 1707 5137 a
1741 5084 1869 5153 qui-

229 5177 494 5235 buslibet
539 5178 868 5249 Christanis,
914 5178 1400 5251 quemadmodum
1442 5178 1511 5231 ab
1554 5174 1867 5243 exorcistis,

231 5274 453 5343 ejectos
492 5272 832 5345 fugatosque
871 5272 1158 5327 daemones
1199 5273 1502 5341 (Dissertat.
1546 5272 1604 5324 in
1640 5270 1865 5324 Tertull.

224 5367 347 5421 loc.
380 5364 520 5437 cit.).

1977 4523 2110 4562 vero
2171 4506 2305 4561 alibi
2364 4512 2493 4577 post
2552 4508 2935 4578 Augustinum
3000 4507 3393 4561 adnotavimus
3457 4506 3608 4559 hanc

1975 4600 2225 4672 aliasque
2289 4600 2541 4672 capitum
2605 4600 3003 4669 inscriptiones
3066 4598 3135 4653 ab
3200 4600 3446 4671 ipsomet
3499 4601 3603 4669 Cy-

1975 4695 2179 4764 priano
2227 4710 2346 4748 esse
2397 4692 2700 4763 profectas.
2752 4692 2961 4746 Eodem
3010 4709 3181 4764 porro
3224 4692 3395 4746 modo
3439 4692 3608 4746 citata

1975 4788 2148 4843 Exodi
2190 4787 2381 4853 verba,
2430 4786 2487 4839 in
2531 4787 2636 4840 hoc
2687 4785 2832 4840 libro
2877 4786 3087 4856 scripta
3132 4790 3286 4854 sunt,
3336 4788 3506 4857 atque
3546 4786 3607 4839 in

1975 4881 2185 4937 nostris
2217 4882 2484 4934 tractatus
2528 4879 2598 4934 ad
2636 4878 3067 4935 Demetrianum
3107 4878 3417 4935 codicibus.
3448 4880 3519 4934 At
3547 4878 3608 4932 in

1972 4976 2124 5031 illius
2161 4974 2511 5030 editionibus
2542 4990 2645 5045 pro
2683 4976 2744 5027 in
2783 4974 2976 5043 quibus
3012 4975 3185 5041 eritis,
3218 4971 3504 5045 legimus:
3546 4974 3607 5027 in

1972 5072 2171 5141 quibus
2203 5084 2294 5123 vos
2320 5070 2488 5123 eritis.

2042 5167 2218 5222 Addit
2267 5166 2359 5219 ille
2403 5180 2617 5236 agnum
2667 5163 2997 5219 Paschalem
3041 5163 3211 5219 fuisse
3255 5164 3425 5237 hujus
3457 5164 3608 5237 signi

1972 5262 2240 5315 umbram
2268 5264 2325 5314 et
2352 5258 2693 5330 imaginem,
2722 5258 2882 5328 cujus
2908 5258 3110 5313 veritas
3138 5259 3197 5313 in
3226 5259 3453 5315 Christo
3483 5276 3608 5314 mo-

1968 5354 2151 5409 riente
2208 5352 2443 5423 impleta
2509 5358 2614 5407 est.
2667 5350 2971 5407 Rationem
3034 5368 3171 5407 vero
3224 5353 3371 5410 hanc
3421 5355 3612 5409 statim

1966 5445 2162 5502 reddit
2200 5463 2212 5501 :
2246 5465 2274 5495 «
2301 5446 2371 5499 Et
2398 5444 2513 5499 illic
2541 5461 2813 5517 percussa
2837 5447 3100 5519 Egypto,
3130 5445 3393 5503 Judaicus
3428 5464 3610 5519 p0pu-

1964 5541 2053 5595 Ius
2088 5539 2334 5594 evadere
2367 5555 2484 5594 non
2514 5538 2624 5594 nisi
2653 5539 2817 5612 signo
2846 5544 2904 5595 et
2927 5540 3202 5612 sanguine
3231 5541 3366 5614 agni
3398 5539 3611 5611 potuit;

1964 5634 2047 5689 ita
2100 5638 2157 5688 et
2204 5650 2334 5688 cum
2381 5634 2593 5688 vastari
2655 5634 2888 5706 coeperit
2949 5634 3201 5690 mundus
3261 5638 3321 5689 et
3367 5633 3617 5702 percuti,

1964 5725 2219 5799 quisquis
2252 5726 2311 5783 in
2339 5726 2619 5800 sanguine
2650 5732 2709 5784 et
2739 5728 2907 5801 signo
2941 5727 3147 5786 Christi
3181 5726 3460 5789 inventus
3498 5720 3631 5780 tue-
