4082 6194
508 263 643 325 1083

1312 266 1403 324 DE
1442 263 1662 324 LIBBIS
1694 267 1786 323 AD
1828 265 2245 325 DEMETRIAN.
2284 266 2372 324 ET
2409 267 2498 323 DE
2540 267 2719 327 IDOL.
2760 270 2981 329 YANlT.
3686 284 3801 341 1084

505 390 602 457 rit,
652 390 804 447 solus
847 389 1043 447 evadet
1076 390 1278 463 (Idem,
1325 391 1400 448 ad
1442 393 1679 448 Demetr.
1724 408 1857 464 pag.
1903 389 2051 463 194).
2101 412 2129 443 ››
2154 395 2356 476 Αὴεεο
2395 395 2727 453 Oxoniensis
2764 398 3015 469 episcOpi
3057 396 3462 454 animadversio
3493 416 3505 455 :
3534 422 3561 451 ‹‹
3588 402 3660 458 De
3688 421 3803 476 pur-

508 485 622 539 Bac
652 488 843 539 autem
873 486 1296 555 comparatione
1328 490 1386 540 et
1412 487 1910 557 argumentatione
1938 504 2132 541 rursus

510 577 712 648 probat
741 577 1035 633 neminem
1064 579 1124 633 in
1156 580 1268 634 ﬁne
1295 579 1498 634 mundi
1524 580 1877 649 salvandum,
1898 580 2003 634 nisi
2023 580 2134 650 sig-

508 685 649 724 num
685 671 865 725 crucis
904 672 1109 727 Christi
1156 672 1484 743 praetulerit,
1531 671 1721 745 996
1758 673 2129 745 quemadmo-

509 762 647 817 dum
686 764 878 820 nullus
916 781 984 820 ex
1013 767 1255 837 :Egypto
1293 766 1481 821 salvus
1514 772 1571 821 et
1601 767 1905 822 incolumis
1936 768 2132 836 evasit,

511 855 622 910 nisi
647 858 785 929 agni
813 858 979 929 signo
1006 862 1064 913 et
1084 859 1367 931 sanguine
1393 863 1640 914 notatus.

582 946 762 1001 Nemo
790 950 983 1002 tamen
1005 947 1066 1002 in
1088 947 1349 1003 animum
1369 950 1607 1004 inducat
1624 950 1973 1021 Cyprianum
1995 949 2136 1005 exis-

510 1037 796 1095 timavisse
841 1041 1152 1111 quemlibet
1205 1059 1274 1097 eo
1329 1043 1447 1097 solo
1496 1043 1676 1097 crucis
1727 1044 1912 1114 signo,
1958 1043 2135 1099 fronti

511 1148 631 1186 suae
661 1133 910 1201 praeﬁxo,
936 1134 1153 1190 salvum
1190 1136 1334 1190 ﬁeri.
1378 1136 1458 1192 Ad
1493 1140 1767 1191 aeternam
1806 1136 1965 1191 enim
2008 1136 2135 1192 feli-

513 1225 744 1281 citatem
772 1229 1216 1299 comparandam
1253 1228 1406 1283 bona
1446 1229 1683 1300 insuper
1727 1246 1902 1300 opera
1942 1230 2135 1302 requi-

511 1324 739 1375 runtur.
780 1321 973 1393 Neque
1012 1321 1125 1376 alio
1156 1338 1323 1377 sensu
1354 1322 1498 1376 dixit
1527 1339 1541 1376 :
1577 1344 1604 1372 ‹‹
1643 1323 1867 1379 Credite
1908 1323 2005 1389 illi,
2038 1324 2138 1394 qui

513 1413 873 1468 credentibus
893 1414 1196 1485 praemium
1224 1415 1353 1470 vitm
1380 1421 1613 1470 aeternae
1641 1416 1796 1470 dabit
1815 1417 1976 1485 (Ibid.
2000 1434 2135 1488 pag.

518 1506 660 1577 £95).
707 1529 735 1558 n
771 1507 916 1562 Nam
959 1508 1054 1563 ille
1098 1508 1159 1562 in
1204 1508 1318 1563 suis
1364 1509 1595 1580 passim,
1638 1526 1703 1564 ac
1744 1509 1926 1580 plenis
1966 1510 2139 1565 etiam

514 1598 752 1669 scriptis,
804 1599 888 1654 uti
937 1599 997 1654 in
1042 1600 1189 1656 libro
1241 1602 1305 1656 de
1354 1602 1521 1672 Opere
1574 1607 1625 1656 et
1662 1603 2043 1671 Eleemosynis,
2084 1607 2143 1658 et

512 1691 658 1747 libro
690 1693 860 1748 tertio
892 1694 1147 1750 adversus
1184 1696 1398 1750 Judmos
1440 1696 1612 1766 plane
1643 1696 1892 1750 ostendit
1934 1701 2143 1766 praeter

512 1784 687 1840 ﬁdem
748 1791 804 1840 et
865 1788 1044 1842 crucis
1097 1788 1301 1845 Christi
1353 1789 1584 1859 signum
1643 1788 1963 1843 necessaria
2024 1806 2141 1844 esse

513 1878 665 1934 bona
696 1896 895 1950 opera,
921 1896 1163 1951 quorum
1193 1882 1400 1937 merito
1428 1882 1705 1953 possimus
1731 1882 2143 1952 sempiternam

514 1972 930 2028 beatitudinem
957 1976 1253 2046 consequi.

586 2065 752 2120 Plura
786 2070 979 2121 autem
1020 2072 1281 2123 recenset
1305 2072 1362 2123 et
1392 2069 1661 2139 praedicat
1693 2069 1843 2124 bona
1871 2068 2140 2125 Christia-

516 2174 723 2213 norum
751 2175 940 2230 opera,
971 2160 1041 2215 de
1068 2160 1272 2232 quibus
1303 2167 1500 2232 postea
1526 2162 1837 2233 agendum.
1871 2164 1943 2216 At
1973 2179 2145 2217 nemo

518 2267 655 2305 sane
693 2253 924 2322 negabit
962 2270 1145 2308 unum
1188 2271 1255 2308 ex
1300 2255 1370 2308 iis
1406 2271 1545 2322 esse,
1577 2272 1690 2326 quo
1733 2256 2050 2324 hominem,
2089 2261 2147 2312 et

517 2344 683 2415 impii
711 2345 985 2401 falsorum
1017 2347 1261 2402 deorum
1301 2349 1507 2418 cultus,
1540 2354 1595 2402 et
1638 2348 2015 2420 pristinorum
2052 2350 2147 2404 de-

516 2436 782 2492 lictorum
837 2439 1092 2509 poenitet.
1146 2441 1369 2497 Etenim
1418 2442 1466 2495 si
1517 2458 1650 2496 vera
1699 2446 1756 2496 et
1808 2442 2032 2497 sincera
2075 2442 2149 2498 sit

518 2531 859 2601 pmnitentia
888 2550 901 2587 :
933 2552 962 2581 ‹‹
1008 2533 1197 2601 Venia,
1242 2534 1461 2605 inquit,
1509 2535 1799 2590 conﬁtenti
1851 2537 2040 2604 datur,
2088 2539 2146 2589 et

519 2623 772 2679 credenti
796 2624 1153 2697 indulgentia
1180 2628 1443 2681 salutaris
1472 2628 1542 2682 de
1569 2628 1759 2682 divina
1786 2629 1998 2698 pietate
2020 2645 2147 2683 con-

521 2717 740 2772 ceditur
769 2720 928 2785 (Ibid.
959 2735 1092 2791 pag.
1125 2721 1267 2791 196).
1299 2742 1326 2769 »
1356 2722 1550 2793 Neque
1576 2721 1727 2775 ullus
1754 2722 2148 2777 difﬁcultatem

520 2809 670 2865 illius
712 2811 1034 2868 obtinendae
1078 2830 1344 2868 excusare
1388 2815 1500 2869 ullo
1550 2815 1724 2869 modo
1772 2820 1975 2885 potest.
2007 2816 2148 2869 Nam

521 2906 694 2973 patet,
719 2904 796 2958 ait
821 2904 934 2971 ille,
957 2927 985 2955 ‹‹
1013 2907 1085 2960 ad
1106 2907 1528 2978 indulgentiam
1557 2908 1652 2961 Dei
1680 2907 1890 2975 aditus,
1915 2911 1972 2961 et
1991 2925 2147 2979 quae-

521 2996 801 3065 rentibus,
841 3001 1011 3070 atque
1056 3000 1513 3072 intelligentibus
1558 3002 1854 3056 veritatem
1900 3001 2080 3055 facilis
2116 3022 2142 3050 ››

2236 489 2469 559 gatoriis
2512 491 2762 561 ignibus,
2808 492 2890 546 ait
2933 492 3047 559 ille,
3096 509 3210 547 non
3254 497 3337 548 est
3380 496 3521 566 quod
3562 497 3676 569 quis
3718 499 3807 554 sibi

2234 582 2578 652 blandiatur,
2612 589 2670 639 et
2709 583 2895 657 997
2930 587 3060 641 vita:
3097 587 3506 657 postliminium
3545 597 3713 661 speret
3750 594 3808 647 ab

2235 676 2434 731 inferis
2453 677 2481 732 ‘?
2510 698 2539 727 ››
2567 673 2832 749 Nunquid
2865 680 3020 734 enim
3047 681 3361 751 Cyprianus
3386 681 3464 736 ibi
3489 685 3810 754 purgatorios

2235 771 2467 841 negavit
2490 772 2671 843 ignes,
2696 789 2937 844 quorum
2970 774 3180 827 nullam
3204 774 3280 827 ibi
3310 775 3440 828 fecit
3467 778 3811 835 mentionem?

2234 864 2503 935 Nunquid
2530 865 2655 919 illos
2681 865 2759 920 ibi
2788 872 2985 922 notare
3010 867 3324 922 necessario
3352 868 3543 922 debuit
3564 870 3589 922 Ὺ
3615 871 3811 927 Minime

2235 959 2519 1029 gentium.
2552 963 2695 1015 Nam
2730 961 2944 1016 fatente
2987 961 3195 1015 eodem
3234 962 3534 1016 Oxoniensi
3568 963 3810 1034 episcOpo,

2237 1055 2316 1109 ibi
2357 1054 2451 1110 ille
2492 1060 2688 1109 contra
2733 1054 2971 1125 gentiles
3002 1054 3269 1124 disputat,
3306 1054 3404 1126 qui
3445 1054 3663 1125 quidem
3701 1056 3738 1109 si
3766 1056 3813 1111 in

2237 1148 2417 1219 impio
2461 1148 2736 1203 falsorum
2776 1149 3014 1213 deorum
3061 1149 3217 1201 cultu
3259 1149 3330 1202 ad
3385 1153 3619 1202 mortem
3665 1165 3817 1220 usque

2238 1241 2735 1312 perseveraverint,
2781 1242 3013 1297 aeternis
3058 1242 3461 1296 cruciabuntur
3495 1242 3687 1295 inferni
3720 1258 3815 1313 pte-

2238 1335 2326 1389 nis
2362 1349 2419 1390 et
2456 1335 2686 1407 ignibus
2715 1355 2727 1389 :
2758 1336 2803 1390 si
2831 1351 2963 1390 vero
2993 1342 3177 1390 morte
3213 1335 3570 1402 imminente,
3600 1336 3816 1405 credant,

2239 1432 2663 1497 convertantur,
2709 1448 2737 1481 ‹‹
2787 1434 2843 1484 et
2892 1428 3332 1499 regeneratione
3379 1429 3613 1496 caelesti,
3655 1448 3679 1479 »
3726 1430 3818 1484 sive

2237 1522 2520 1593 baptismo
2565 1523 2911 1593 regenerati,
2957 1540 3022 1577 ex
3067 1523 3173 1577 hac
3218 1523 3327 1576 vita
3378 1521 3673 1590 discedant,
3710 1522 3816 1577 bea-

2241 1618 2360 1669 tam
2392 1616 2884 1672 immortalitatem
2913 1618 3103 1671 statim
3131 1620 3553 1687 consequentur
3576 1633 3588 1669 :
3611 1616 3721 1686 quis
3742 1632 3820 1669 au-

2243 1714 2365 1763 tem
2394 1726 2509 1765 non
2542 1711 2696 1765 videt
2730 1712 2870 1765 nihil
2907 1711 3041 1764 inde
3078 1714 3273 1764 contra
3306 1709 3655 1780 purgatorios
3688 1710 3821 1780 ignes

2243 1821 2407 1873 posse
2448 1804 2750 1876 concludi?

2314 1903 2615 1971 Postquam
2654 1907 2845 1957 autem
2886 1906 3084 1957 auctor
3109 1906 3302 1957 noster
3327 1902 3499 1972 plane
3526 1901 3821 1971 pronuntia-

2244 1994 2321 2049 vit
2372 1995 2498 2049 fore
2551 2000 2611 2050 ut
2660 1996 2979 2051 inﬁdelium
3025 2000 3082 2050 et
3128 1994 3523 2066 improborum
3566 1993 3823 2048 hominum

2245 2088 2453 2142 animm
2491 2104 2623 2143 cum
2666 2089 2997 2160 corporibus
3037 2093 3417 2160 torqueantur
3445 2087 3660 2142 aeternis
3695 2086 3822 2139 dolo-

2244 2181 2421 2248 ribus,
2454 2197 2525 2237 ac
2559 2182 2868 2253 suppliciis,
2911 2182 3266 2236 continenter
3295 2180 3505 2251 adjecit
3535 2202 3546 2234 :
3580 2201 3607 2228 ι(
3631 2180 3822 2249 Specta-

2244 2274 2403 2328 bitur
2438 2274 2553 2328 illic
2592 2291 2627 2329 a
2653 2275 2819 2329 nobis
2849 2291 3092 2345 semper,
3121 2275 3220 2345 qui
3248 2274 3343 2328 hic
3374 2290 3481 2328 nos
3507 2272 3753 2344 spectavit
3773 2271 3827 2324 ad

2245 2372 2504 2439 tempus,
2568 2372 2626 2423 et
2685 2370 2743 2423 in
2806 2368 3297 2438 persecutionibus
3361 2368 3520 2421 factis
3576 2365 3825 2419 oculorum

2246 2460 2564 2515 crudelium
2592 2461 2782 2515 brevis
2823 2462 3042 2515 fructus
3086 2466 3365 2531 perpetua
3404 2459 3610 2513 visione
3649 2473 3825 2529 pensa-

2244 2555 2400 2609 bitur
2437 2556 2597 2623 (Ibid.
2631 2573 2689 2625 p.
2730 2555 2873 2624 195).
2906 2576 2933 2605 »
2972 2557 3040 2609 At
3083 2569 3309 2607 rursum
3353 2553 3611 2607 observat
3652 2551 3828 2621 episco-

2247 2664 2351 2718 pus
2399 2648 2734 2702 Oxoniensis
2781 2648 2870 2701 his
2922 2647 3108 2701 verbis
3166 2646 3454 2717 exagitari
3513 2643 3737 2698 evanida
3784 2646 3828 2695 et

2248 2758 2395 2795 saeva
2418 2741 2774 2795 theatrorum
2799 2741 3029 2812 gaudia,
3054 2756 3180 2811 quas
3203 2740 3506 2810 gentilium
3528 2745 3583 2791 et
3608 2735 3830 2792 Christia-

2246 2850 2336 2888 nae
2381 2825 2671 2903 religionis
2712 2837 3140 2903 persecutorum
3182 2833 3494 2903 pascebant
3523 2829 3717 2883 oculos.
3743 2825 3826 2882 Sed

2250 2926 2398 2980 docti
2443 2927 2545 2980 viri
2581 2926 2747 2980 venia
2787 2926 2947 2980 nobis
2986 2926 3173 2980 dicere
3203 2924 3375 2978 liceat
3412 2923 3740 2993 Cyprianum
3771 2918 3827 2971 ibi

2250 3036 2366 3073 non
2392 3020 2567 3090 loqui,
2601 3020 2782 3073 immo
2823 3036 2925 3073 nec
2956 3019 3233 3089 cogitasse
3266 3017 3505 3087 quidem
3538 3015 3604 3070 de
3630 3011 3831 3085 publicis

522 3105 778 3145 accessus
819 3097 903 3146 est
942 3094 1146 3162 (Ibid).
1192 3094 1336 3158 Quin
1383 3095 1559 3149 etiam
1605 3095 1830 3149 nullum
1881 3094 2001 3148 vult
2052 3098 2148 3150 aut

2251 3114 2605 3168 theatrorum
2631 3113 2874 3183 gaudiis,
2907 3112 3004 3166 sed
3036 3112 3109 3165 de
3136 3110 3530 3165 crudelissimo
3557 3106 3828 3178 spectaculo

523 3181 767 3253 inﬁrma,
800 3188 899 3239 aut
942 3186 1283 3257 provectiori
1310 3191 1476 3242 {etate
1511 3188 1808 3255 retardari,
1846 3188 2151 3258 quominus

524 3282 651 3331 acta
680 3278 1013 3348 paenitentia
1042 3281 1281 3335 salutem
1311 3282 1681 3352 adipiscatur;
1714 3281 1847 3351 quia
1881 3302 1908 3330 «
1946 3282 2001 3334 in
2040 3281 2150 3335 isto

524 3369 708 3424 adhuc
736 3370 977 3441 mundo,
1009 3372 1212 3444 inquit,
1253 3375 1407 3428 nulla
1437 3391 1561 3428 sera
1592 3380 1675 3428 est
1705 3374 1915 3445 (Ibid).
1948 3396 1975 3423 ››
2004 3376 2148 3428 Tan-

526 3464 647 3515 tum
702 3463 982 3533 siquidem
1032 3469 1120 3519 est
1164 3466 1462 3537 sanguinis
1510 3465 1715 3522 Christi
1766 3467 2038 3536 pretium,
2094 3472 2154 3522 ut

527 3574 557 3604 «
589 3555 694 3609 sub
733 3555 876 3626 ipso,
907 3558 987 3611 ait
1014 3559 1199 3614 adhuc
1235 3559 1347 3627 ille,
1378 3560 1513 3615 licet
1548 3560 1722 3628 exitu,
1755 3562 1813 3613 et
1842 3559 1974 3613 vitae
2006 3564 2150 3613 tem-

524 3651 733 3724 poralis
776 3667 996 3720 occasu,
1028 3652 1191 3707 venia
1230 3653 1523 3708 conﬁtenti
1568 3652 1758 3721 detur,
1801 3655 1859 3706 et
1895 3652 2152 3707 credenti

526 3745 888 3817 indulgentia
924 3746 1292 3816 concedatur;
1325 3767 1353 3799 »
1386 3752 1441 3802 et
1468 3747 1565 3815 ita,
1596 3768 1622 3795 ‹‹
1653 3746 1725 3800 ad
1763 3746 2154 3800 immortalita-

526 3843 644 3894 tem
690 3840 794 3894 sub
840 3840 964 3912 ipsa
1001 3846 1187 3895 morte
1228 3842 1516 3895 transitur.
1543 3862 1570 3891 »
1586 3842 1791 3895 Verum
1832 3840 1909 3893 ibi
1956 3839 2153 3894 doctus

525 3932 875 4002 Oxoniensis,
916 3934 1143 3989 tametsi
1182 3936 1435 3989 ecclesias
1465 3934 1790 4005 Anglicanee
1834 3934 2151 4003 episcopus,

528 4027 663 4081 scite
690 4027 951 4081 observat
986 4027 1109 4082 haec
1144 4028 1217 4081 ad
1252 4028 1543 4082 ethnicum
1574 4027 1889 4093 hominem,
1919 4042 2024 4080 nec
2061 4043 2152 4079 sa-

527 4118 966 4191 cris'baptismi
1032 4120 1197 4175 undis
1250 4121 1436 4175 adhuc
1498 4125 1781 4187 renatum,
1836 4119 1984 4174 facta
2034 4135 2154 4175 esse

528 4211 742 4282 verba;
776 4213 1235 4285 quandoquidem
1267 4213 1547 4285 improbis
1571 4218 1627 4268 et
1661 4229 1786 4267 sero
1824 4212 2156 4284 resipiscen-

529 4304 679 4359 tibus
708 4306 1041 4361 Christianis
1084 4322 1202 4360 non
1241 4310 1427 4377 potest
1457 4312 1577 4361 tam
1618 4306 1793 4361 facilis
1820 4306 1987 4361 venia
2019 4322 2151 4376 pro-

529 4397 700 4453 mitti.
730 4399 799 4453 Et
823 4402 975 4454 certe
1002 4400 1060 4454 id
1089 4400 1291 4471 saepius
1320 4400 1524 4471 probat
1549 4400 1878 4470 Cyprianus,
1919 4416 1984 4454 ac
2010 4416 2154 4470 prte-

530 4492 698 4563 cipue
745 4495 867 4547 toto
916 4509 1016 4547 suo
1071 4494 1138 4548 de
1189 4495 1377 4564 Lapsis
1428 4495 1685 4560 tractatu,
1742 4510 1812 4546 ex
1867 4509 1979 4564 quo
2031 4484 2233 4556 haecD

528 4586 946 4659 transcripsisse
970 4604 1120 4642 nunc
1142 4587 1415 4641 sufﬁciat:
1437 4608 1465 4637 «
1488 4587 1666 4650 Quam
1688 4603 1902 4657 magna
1922 4586 2155 4657 deliqui-

530 4695 677 4746 mus,
707 4684 823 4734 tam
853 4681 1145 4753 granditer
1165 4681 1491 4736 deﬂeamus.
1517 4680 1643 4735 Alto
1671 4679 1891 4734 vulneri
1916 4679 2155 4751 diligens

532 4778 587 4828 et
615 4774 784 4845 longa
825 4774 1107 4829 medicina
1150 4791 1262 4828 non
1303 4774 1498 4828 desit:
1535 4774 1873 4845 poenitentia
1916 4771 2155 4827 crimine

531 4866 723 4921 minor
746 4882 864 4922 non
894 4868 965 4923 sit
989 4868 1106 4939 (lib.
1138 4869 1203 4923 de
1231 4869 1441 4939 Lapsts,
1472 4884 1604 4939 pag.
1641 4867 1779 4937 137).
1812 4888 1838 4917 »

1143 4982 1439 5022 ARTICULUS
1478 4983 1553 5021 IV.

536 5066 723 5120 Utrum
765 5067 1069 5135 Cyprianus
1096 5068 1247 5135 ignes
1278 5067 1623 5136 purgatorios
1661 5065 1955 5132 negaverit,
1994 5078 2160 5131 quam

605 5146 799 5200 diserte
841 5152 1048 5201 asserat
1091 5152 1321 5201 aeternas
1366 5150 1485 5213 fore
1521 5160 1707 5215 pomus
1750 5146 2156 5204 damnatorum,

604 5239 832 5292 quorum
876 5226 1050 5280 brevis
1089 5227 1364 5282 oculorum
1401 5228 1615 5293 fructus
1652 5228 1914 5294 perpetua
1958 5224 2161 5277 visione

598 5304 941 5371 pensabitur,
970 5321 1033 5360 ac
1058 5322 1223 5376 quam
1250 5308 1418 5360 variis
1447 5311 1498 5359 et
1533 5305 1815 5358 horrendis
1840 5302 2160 5356 cruciatibus

607 5380 906 5437 Christiani
934 5385 999 5439 ab
1029 5385 1113 5439 his
1141 5385 1512 5453 excarniﬁcati
1538 5385 1764 5449 fuermt.

604 5481 737 5534 Post
777 5480 927 5535 hanc
969 5481 1146 5536 vitam
1182 5482 1390 5548 nullus,
1428 5479 1615 5551 inquit
1657 5479 1996 5550 Cyprianus,
2045 5494 2161 5548 pce-

535 5568 792 5625 nitentize
837 5572 895 5623 et
930 5570 1325 5627 satisfactionis
1367 5569 1522 5624 locus
1566 5575 1669 5635 est,
1718 5567 1815 5621 sed
1854 5588 1884 5618 ‹‹
1922 5567 2014 5621 hic
2052 5566 2164 5620 vita

531 5666 630 5715 aut
660 5657 947 5713 amittitur
969 5664 1068 5714 aut
1093 5661 1324 5714 tenetur
1355 5657 1636 5730 (Cyprian.
1666 5658 1740 5712 ad
1764 5659 1994 5711 Demetr.
2027 5671 2162 5726 pag.

532 5752 679 5823 197).
708 5769 739 5800 ››
766 5751 840 5804 At
874 5764 989 5819 quo
1024 5748 1211 5820 magis
1238 5747 1411 5816 clara,
1440 5750 1498 5803 et
1522 5751 1673 5801 certa
1710 5750 1842 5800 sunt
1867 5744 1992 5799 haec
2028 5760 2164 5815 pos-

522 5843 738 5898 teriora
782 5837 975 5909 verba,
1021 5854 1095 5894 eo
1138 5840 1326 5896 minus
1370 5835 1682 5912 probabilis
1726 5834 1888 5891 nobis
1940 5834 2168 5891 videtur

2253 3208 2574 3277 gentilium,
2636 3206 2735 3277 qui
2789 3205 3135 3261 Christianos
3191 3203 3491 3257 ditissimis
3535 3198 3830 3255 cruciatibus

2252 3299 2634 3353 excarniﬁcari
2708 3306 2764 3354 et
2836 3298 3028 3353 necari
3113 3296 3439 3351 avidissime
3524 3293 3825 3365 spectabant.

2253 3395 2463 3447 Sensus
2505 3394 2692 3464 itaque
2735 3392 2888 3446 illius
2931 3395 3017 3445 est
3058 3390 3378 3445 crudelium
3417 3388 3714 3453 oculorum,
3738 3383 3813 3454 qui

2251 3488 2360 3542 bus
2388 3486 2732 3541 Christianos
2761 3487 2820 3540 in
2856 3483 3343 3557 persecutionibus
3373 3481 3605 3537 immani
3646 3479 3827 3533 feritate

2253 3580 2526 3635 cruciatos
2564 3584 2619 3633 et
2667 3578 2878 3632 occisos
2916 3578 3125 3632 ethnici
3162 3592 3280 3631 non
3327 3592 3539 3645 magno
3576 3572 3686 3626 sine
3725 3584 3830 3639 gau-

2254 3674 2344 3727 dio
2379 3675 2796 3742 spectaverunt,
2827 3672 3013 3725 brevis
3042 3671 3259 3724 fructus
3291 3692 3318 3717 α
3361 3671 3634 3739 perpetua
3654 3663 3828 3717 visione

2254 3766 2606 3838 pensabitur,
2646 3786 2673 3815 ››
2716 3766 2831 3819 sive
2873 3763 3329 3819 considerabitur
3364 3768 3421 3816 et
3460 3757 3826 3815 a‘stimabitur:

2259 3883 2286 3909 ‹‹
2315 3860 2624 3914 secundum
2666 3858 2969 3929 Scriptura:
3005 3863 3235 3924 sanctae,
3270 3879 3296 3906 ››
3326 3856 3497 3910 sicuti
3537 3854 3625 3908 ille
3658 3849 3827 3905 ibidem

2254 3950 2352 4016 ait,
2394 3970 2422 3999 ι(
2468 3950 2638 4003 ﬁdem
2683 3948 2918 4003 dicentis
2956 3947 3219 4003 :Vermis
3262 3963 3462 4001 eorum
3507 3960 3620 3999 non
3663 3938 3827 3996 morie-

2256 4049 2369 4109 tur,
2401 4048 2458 4097 et
2494 4042 2643 4113 ignis
2679 4058 2881 4096 eorum
2921 4058 3034 4095 non
3074 4040 3487 4110 exstinguetur,
3520 4042 3575 4092 et
3608 4028 3827 4091 erantad

2253 4137 2525 4191 visionem
2559 4134 2835 4190 universae
2864 4135 3020 4189 carni
3046 4136 3201 4204 (Isa.,
3232 4149 3373 4200 LXVI,
3402 4132 3517 4199 24).
3545 4151 3572 4180 ››

2323 4234 2594 4297 Quamvis
2648 4238 2842 4287 autem
2894 4231 3105 4286 dixerit
3163 4230 3394 4284 brevem
3452 4245 3571 4283 esse
3625 4226 3826 4279 fructum

2256 4330 2580 4401 gentilium,
2625 4330 2723 4400 qui
2761 4328 3014 4384 crudeles
3056 4328 3247 4383 oculos
3286 4325 3576 4382 horrendo
3606 4317 3824 4379 Christia-

2255 4441 2462 4479 norum
2518 4423 2936 4477 trucidatorum
2984 4421 3311 4492 spectaculo
3367 4418 3738 4490 objectabant;
3783 4408 3825 4463 hi

2256 4521 2447 4571 tamen
2477 4517 2706 4587 ipsimet
2733 4515 3037 4571 Christiani
3060 4519 3181 4570 tam
3208 4515 3416 4584 longis,
3444 4528 3611 4584 quam
3636 4510 3827 4562 horreu-

2256 4611 2341 4665 dis
2392 4610 2731 4665 cruciatibus
2791 4608 3101 4680 saepissime
3150 4607 3653 4663 interﬁciebantur.
3696 4597 3825 4653 Varia

2256 4707 2444 4759 autem
2476 4704 2704 4758 illorum
2736 4719 2945 4775 genera
2972 4702 3284 4773 Cyprianus
3311 4702 3389 4755 sic
3416 4696 3691 4768 depinxit:
3719 4712 3741 4739 κ
3764 4691 3826 4743 Ιο-

2255 4798 2458 4852 noxios
2505 4797 2678 4852 domo
2726 4797 2947 4868 privas,
2991 4793 3336 4866 patrimonio
3385 4792 3605 4863 spolias,
3655 4781 3824 4840 catenis

2256 4890 2491 4963 premis,
2539 4907 2759 4945 carcere
2812 4889 3074 4955 includis,
3121 4887 3333 4953 bestiis,
3387 4884 3595 4957 gladio,
3637 4877 3823 4950 ignibus

2258 4984 2444 5056 punis.
2478 4985 2589 5039 Nec
2618 4985 2814 5039 saltem
2843 4986 3144 5038 contentus
3169 4998 3228 5035 es
3252 4980 3517 5035 dolorum
3546 4977 3823 5030 nostrorum

2258 5078 2619 5149 compendio,
2663 5084 2721 5132 et
2763 5076 3023 5147 simplici,
3065 5092 3131 5130 ac
3173 5073 3350 5129 veloci
3387 5071 3650 5127 brevitate
3678 5075 3824 5136 posue-

2258 5188 2419 5239 rum,
2473 5172 2740 5226 admoves
2803 5169 3086 5227 laniandis
3146 5166 3474 5238 corporibus
3531 5165 3690 5231 longa
3742 5163 3824 5208 ιοῐ·

2260 5269 2473 5333 menta,
2518 5265 2860 5335 multiplicas
2890 5261 3202 5318 lacerandis
3237 5259 3536 5315 visceribus
3572 5259 3824 5309 numerosa

2262 5359 2558 5431 supplicia,
2591 5375 2695 5413 nec
2730 5358 2926 5413 feritas
2960 5362 3129 5427 atque
3172 5353 3495 5409 immanitas
3528 5356 3619 5405 tua
3651 5337 3824 5398 usitatis

2263 5458 2452 5528 potest
2501 5458 2769 5508 contenta
2821 5467 2941 5505 esse
2996 5448 3321 5516 tormentis,
3360 5442 3629 5512 excogitat
3684 5444 3823 5488 novas

2262 5565 2459 5620 poenas
2484 5547 2778 5619 ingeniosa
2802 5543 3107 5599 crudelitas
3134 5541 3410 5612 (Cyprian.
3438 5536 3566 5591 ibid.
3594 5550 3645 5603 p.
3668 5529 3819 5621 190M

2263 5618 2455 5699 l’alam
2483 5642 2675 5712 itaque
2700 5637 2835 5692 facit
2860 5634 3292 5707 suppliciorum,
3321 5630 3516 5703 quibus
3538 5618 3821 5680 sanctissimi

2264 5739 2547 5805 martyres
2573 5731 2752 5787 nostri
2783 5729 3211 5801 torquebantur,
3246 5726 3445 5797 duplex
3471 5720 3629 5777 fuisse
3657 5724 3817 5805 geuus-

2266 5831 2384 5890 Alia
2422 5804 2717 5884 enimvero
2762 5831 2929 5880 erant
2970 5822 3273 5892 ordinaria,
3319 5815 3568 5874 videlicet
3605 5804 3815 5865 exsilium
