4082 6194
252 255 271 310 1
281 255 385 311 O85

1262 253 1329 310 D.
1368 253 1639 310 NICOLAI
1678 254 1763 309 LE
1796 254 2075 311 NOURRY
2118 252 2570 311 DlSSERTATlO.

3468 250 3601 308 1086

244 383 507 458 spoliatio
532 382 858 454 bonorum;
888 386 1124 450 catenae,
1167 383 1370 455 quibus
1408 384 1627 457 premi;
1655 401 1869 456 carcer,
1894 385 2284 470 A(Disscrtat.
2332 383 2390 436 in
2420 383 2626 436 Minue.
2670 396 2791 451 cap.
2836 380 2891 450 8,
2938 383 3044 435 art.
3076 381 3130 449 2,
3182 382 3241 435 in
3283 382 3602 438 Tertullian.

244 497 358 552 quo
402 478 656 548 includi;
706 477 925 545 bestias,
974 494 1006 531 a
1048 477 1254 549 quibus
1299 477 1590 548 devorari;
1631 480 1871 549 gladius,

244 590 355 646 quo
405 573 575 645 plecti
621 572 845 642 capite;
896 571 1077 641 ignes,
1125 571 1332 643 quibus
1384 572 1548 627 exuri
1595 573 1871 629 solebant.

240 668 366 722 Alia
404 683 539 721 vero
577 665 1057 733 extraordinaria,
1089 665 1365 721 nimirum
1404 666 1687 737 longiora,
1730 667 1873 722 mul-

244 760 515 831 tiplicata,
547 764 604 814 et
648 775 712 814 ea
743 758 956 826 omnia,
987 775 1117 830 quae
1143 759 1444 831 ingeniosa
1470 760 1788 830 crudelitas,
1818 763 1875 816 et

242 852 433 927 998
461 852 950 925 quemadmodum
988 852 1084 908 ille
1120 854 1304 909 adhuc
1343 854 1443 922 ait,
1474 875 1503 903 «
1535 853 1872 910 Insatiabilis

241 947 584 1003 carniﬁcinae
621 946 829 1016 rabies,
870 952 927 1002 et
969 946 1388 1017 inexplicabilis
1425 947 1605 1004 libido
1641 948 1872 1004 saevitiae

240 1041 443 1113 (Ῑὸίἀ.),
476 1061 506 1091 ››
536 1041 862 1113 excogitare
904 1057 1161 1113 unquam
1199 1041 1407 1113 potuit.
1440 1041 1549 1098 Sed
1592 1041 1662 1097 de
1703 1042 1773 1096 iis
1810 1042 1868 1096 in

238 1132 629 1207 superioribus
655 1133 861 1189 nostris
891 1134 1383 1190 dissertationibus
1420 1138 1612 1190 actum
1641 1135 1869 1191 abunde

239 1246 272 1284 a
291 1227 456 1285 nobis
484 1228 611 1297 fuit,
649 1233 704 1284 et
729 1227 790 1283 in
818 1228 1077 1301 sequenti
1107 1229 1293 1285 adhuc
1330 1231 1539 1301 agetur
1564 1230 1864 1300 (Dissertat.

237 1325 296 1378 in
325 1324 581 1380 Lactant.
615 1338 741 1394 cap.
781 1324 865 1390 10,
895 1327 1006 1378 art.
1046 1325 1100 1392 2,
1144 1328 1200 1378 et
1238 1325 1297 1377 in
1336 1323 1567 1380 Tertull.
1610 1339 1736 1396 cap.
1779 1325 1865 1396 16,

237 1419 344 1472 art.
372 1418 406 1474 1
432 1422 487 1473 et
510 1420 573 1472 in
597 1420 725 1474 Luc.
760 1416 960 1485 Caecil.,
988 1432 1113 1489 cap.
1141 1420 1196 1486 8,
1228 1416 1339 1487 12).

854 1557 1153 1599 ARTICULUS
1190 1559 1245 1598 ν.

235 1652 458 1719 Quanta
504 1651 798 1720 iniquitate
843 1649 1044 1705 ethnici
1084 1649 1559 1705 condemnaverint
1601 1649 1864 1705 Christia-

301 1746 418 1791 nos,
475 1746 569 1785 nec
621 1731 891 1797 defensos,
946 1744 1041 1784 nec
1094 1729 1340 1795 auditos;
1390 1746 1555 1799 quam
1595 1730 1866 1785 mirabilis

300 1812 478 1878 fuerit
504 1825 706 1877 eorum,
749 1824 979 1880 quorum
1006 1823 1261 1863 numerus
1295 1824 1503 1879 semper
1537 1810 1862 1878 augebatur,

295 1893 593 1960 patientia,
648 1895 697 1944 et
746 1905 877 1960 quos
930 1892 1071 1943 Deus
1116 1891 1264 1944 ultus
1308 1893 1385 1943 est
1433 1891 1614 1943 ruinis
1656 1904 1864 1958 regum,

288 1971 526 2039 jacturis
568 1986 747 2039 opum,
791 1969 1073 2039 dispendio
1108 1970 1362 2036 militum,
1404 1985 1465 2023 ac
1508 1969 1867 2023 diminutione

300 2053 622 2104 castrorum.

302 2156 525 2221 Quanto
567 2156 756 2226 major
798 2155 1155 2210 ethnicorum
1199 2154 1258 2210 in
1300 2154 1767 2210 excarniﬁcandis
1808 2160 1868 2212 et

230 2249 637 2305 interimendis
687 2249 1020 2305 Christianis
1073 2248 1394 2316 crudelitas,
1448 2253 1611 2304 tanto
1680 2250 1868 2320 major

230 2346 355 2397 erat
408 2342 465 2397 in
512 2343 582 2396 iis
632 2341 1076 2397 condemnandis
1122 2341 1416 2411 injustitia.
1475 2343 1611 2395 Nam
1668 2346 1866 2396 contra

229 2437 589 2509 praescriptas
615 2436 914 2503 naturalis,
948 2435 1122 2489 divini
1163 2440 1218 2489 et
1256 2434 1494 2488 humani
1522 2435 1670 2505 juris
1707 2435 1863 2505 leges

229 2547 328 2583 eos
355 2547 462 2583 nec
497 2529 779 2596 defensos,
826 2546 931 2583 nec
974 2528 1201 2583 auditos
1245 2528 1607 2599 torquebant,
1640 2545 1703 2583 ac
1743 2528 1864 2599 qui-

228 2623 473 2677 buslibet
534 2622 817 2677 necabant
880 2622 1153 2676 hactenus
1226 2621 1500 2675 inauditis
1560 2638 1862 2692 poenarum

228 2716 561 2788 generibus.
627 2715 1015 2781 Quamobrem
1082 2715 1404 2786 Cyprianus
1469 2714 1860 2785 iniquissimos

223 2809 352 2863 illos
379 2810 639 2864 homines
665 2809 772 2864 hoc
810 2815 1153 2880 argumento
1182 2808 1448 2880 proﬂigat
1476 2814 1530 2862 et
1574 2808 1815 2867 revincit
1841 2826 1855 2862 :

227 2922 255 2949 «
294 2902 679 2957 Christianum
734 2919 855 2957 esse
903 2905 1001 2955 aut
1050 2907 1133 2957 est
1174 2902 1412 2967 crimen,
1464 2905 1563 2954 aut
1610 2917 1726 2955 non
1775 2906 1860 2956 est

222 2995 516 3066 (Cyprian.
564 2997 637 3051 ad
667 2998 902 3050 Demetr.
948 3012 1081 3066 pag.
1128 2996 1273 3065 191).
1313 3016 1341 3044 ››
1389 2993 1443 3049 Si
1482 2994 1701 3049 crimen
1740 3010 1858 3049 non

225 3092 331 3156 est,
349 3088 626 3143 innocens
644 3092 794 3143 certe
820 3088 1033 3142 absolvi
1054 3087 1268 3143 debuit.
1290 3088 1492 3142 Sivero
1514 3089 1731 3143 crimen
1752 3091 1855 3157 est,

227 3183 326 3253 qui
356 3199 413 3236 se
442 3182 819 3238 Christianam
858 3199 978 3235 esse
1020 3181 1401 3246 iuticiabatur,
1432 3181 1477 3235 is
1514 3186 1854 3236 cmterorum

225 3292 460 3330 reorum
511 3291 669 3329 more
714 3275 1019 3344 qumstione
1070 3274 1319 3345 torqueri
1370 3274 1632 3342 debebat,
1675 3275 1855 3329 donec

222 3369 443 3424 crimen
472 3384 635 3422 suum
667 3368 962 3423 fateretur.
986 3369 1127 3422 Nam
1153 3367 1282 3422 ideo
1308 3367 1528 3439 legibus
1550 3367 1856 3422 constituta

221 3469 308 3518 est
334 3464 403 3518 de
434 3463 548 3518 reis
576 3464 836 3534 quaestio,
867 3465 933 3516 ut
962 3462 1214 3533 corporis
1243 3462 1440 3516 dolore
1478 3462 1852 3532 exprimatur,

218 3572 291 3610 an
349 3572 548 3610 verum
603 3556 676 3610 sit
741 3555 988 3610 accusati
1048 3555 1289 3610 crimen.
1345 3558 1551 3611 Verum
1604 3555 1853 3617 ethnici,

215 3650 423 3720 spretis
470 3648 627 3703 hisce
680 3648 1015 3720 aequissimis
1071 3649 1309 3718 legibus,
1357 3649 1742 3703 Christianum
1794 3666 1852 3702 se

215 3760 340 3797 esse
368 3746 569 3813 sponte
595 3745 652 3797 et
689 3742 898 3813 saepius
943 3742 1336 3809 confitentem,
1368 3743 1425 3796 in
1454 3742 1576 3813 ipso
1619 3743 1763 3809 foro,
1799 3745 1857 3796 et

216 3835 587 3891 audientibus
633 3835 1062 3907 magistratibus
1112 3853 1175 3890 ac
1218 3835 1554 3906 praesidibus
1600 3838 1849 3890 claman-

213 3935 360 3996 tem,
416 3946 479 3983 ac
534 3929 699 3984 falsos
756 3929 1055 3999 gentilium
1110 3929 1246 3983 deos
1290 3935 1661 3997 evertentem,
1706 3946 1853 4000 quae-

211 4024 403 4077 stione
433 4022 832 4077 crudelissima
862 4038 1067 4093 cogere
1099 4022 1451 4091 nitebantur,
1486 4027 1550 4076 ut
1576 4040 1634 4077 se
1661 4023 1849 4077 Chris-

210 4116 461 4182 tianum,
514 4115 572 4169 id
623 4118 726 4183 est,
781 4115 934 4186 quod
985 4115 1281 4186 putabant,
1326 4115 1542 4170 crimen
1588 4119 1848 4187 negaret.

214 4210 542 4281 Cyprianus
587 4209 777 4279 itaque
826 4207 1083 4263 ethnicos
1125 4208 1212 4263 his
1260 4208 1569 4263 insectatur
1606 4209 1790 4263 verbis
1833 4226 1846 4263 :

207 4326 237 4354 ‹‹
277 4306 422 4360 Cum
460 4310 657 4374 sponte
699 4303 984 4370 conﬁtear,
1020 4308 1074 4356 et
1120 4303 1387 4368 clamem,
1425 4304 1483 4356 et
1526 4303 1742 4357 crebris
1787 4319 1852 4357 ac

206 4398 474 4470 repetitis
520 4396 833 4451 identidem
888 4396 1114 4450 vocibus
1155 4395 1539 4450 Christianum
1585 4412 1677 4450 me
1731 4413 1850 4452 esse

1976 494 2097 549 cap.
2131 478 2220 544 17,
2249 482 2353 531 art.
2382 480 2457 543 2).

2045 571 2153 626 Sed
2182 573 2354 641 urget
2383 569 2569 625 adhuc
2596 569 2714 635 ille,
2745 584 2811 623 ac
2837 573 2989 622 recte
3031 567 3197 623 docet
3222 567 3605 622 Christianum

1972 664 2046 719 ad
2073 664 2445 735 rejiciendam
2468 668 2565 718 aut
2593 662 2916 733 negandam
2944 661 3284 732 religionem
3311 677 3471 715 suam
3502 678 3605 716 nec

1972 759 2048 823 vi,
2075 774 2182 813 nec
2209 757 2507 812 tormentis
2538 756 2880 828 cogendum,
2921 756 3020 811 sed
3046 754 3393 810 vincendum
3430 755 3602 809 ratio-

1971 866 2069 919 ne,
2105 868 2169 906 ac
2195 851 2398 906 validis
2427 850 2788 922 argumentis
2814 849 2991 904 ﬁdem
3028 848 3150 920 ejus
3176 848 3598 903 destruendam.

1973 944 2339 1017 Quapropter
2391 944 2684 999 ethnicum
2737 943 3036 998 hominem
3089 942 3169 997 sic
3227 941 3538 1014 compellat
3585 958 3599 997 :

1975 1060 2004 1089 «
2043 1039 2189 1095 Cum
2238 1036 2429 1111 999
2478 1038 2659 1092 animi
2692 1037 2890 1109 vigore
2920 1035 3291 1107 congredere,
3337 1035 3603 1091 virtutem

1970 1132 2178 1188 mentis
2225 1132 2495 1203 infringe,
2542 1130 2718 1187 fidem
2767 1131 3016 1198 destrue,
3065 1128 3503 1201 disceptatione,
3555 1128 3598 1183 si

1968 1230 2169 1299 potes,
2223 1225 2425 1295 vince,
2481 1224 2641 1280 vince
2705 1223 2927 1280 ratione
2984 1223 3267 1296 (Cyprian.
3323 1222 3508 1296 ibid.).
3569 1244 3598 1274 »

1969 1320 2204 1390 Eadem,
2236 1319 2399 1375 sicuti
2443 1318 2817 1386 ostendimus,
2858 1322 2945 1373 est
2983 1316 3313 1373 Tertulliani
3357 1333 3422 1373 ac
3459 1317 3598 1373 Lac«

1966 1412 2131 1469 tantii
2175 1412 2620 1485 argumentatio,
2667 1427 2840 1483 quam
2887 1411 2992 1466 iste
3039 1412 3193 1466 hunc
3235 1410 3501 1481 exprimit
3537 1411 3599 1465 in

1965 1506 2205 1562 modum
2250 1522 2264 1561 :
2302 1528 2329 1556 ‹‹
2359 1506 2579 1577 Religio
2608 1505 2737 1577 cogi
2780 1520 2896 1559 non
2943 1507 3150 1576 potest.
3183 1503 3379 1557 Verbis
3410 1503 3600 1574 potius

1966 1616 2144 1671 quam
2192 1599 2525 1655 verberibus
2562 1615 2654 1654 res
2700 1597 2929 1670 agenda
2972 1602 3076 1665 est,
3122 1601 3184 1651 ut
3224 1596 3298 1651 sit
3339 1596 3600 1651 voluntas

1970 1693 2167 1766 (Lact.,
2212 1696 2331 1750 Div.
2367 1694 2635 1756 Institut.,
2668 1708 2792 1763 cap.
2850 1694 2930 1761 19,
2976 1707 3114 1762 pag.
3156 1689 3300 1761 518).
3342 1710 3371 1739 ››
3407 1690 3480 1745 De
3510 1688 3599 1745 his

1884 1765 2157 1843 Bautem
2197 1787 2379 1857 plura,
2420 1803 2485 1841 ac
2530 1786 2638 1840 nisi
2681 1785 2955 1853 fallimur,
2986 1784 3120 1839 satis
3157 1783 3512 1838 abundanter
3539 1782 3599 1837 in

1970 1880 2356 1951 superioribus
2404 1879 2893 1934 dissertationibus
2931 1879 3137 1933 nostris
3183 1876 3598 1947 disputavimus

1968 1975 2275 2045 (Dissertat.
2308 1976 2367 2028 in
2397 1974 2643 2028 Lactant.
2674 1989 2795 2043 cap.
2841 1974 2925 2040 10,
2959 1976 3066 2026 art.
3097 1974 3149 2041 3,
3180 1973 3239 2025 et
3274 1973 3334 2025 in
3367 1969 3596 2026 Tertull.

1964 2084 2089 2139 cap.
2131 2071 2215 2135 19,
2247 2070 2353 2123 art.
2385 2068 2455 2137 1).

2036 2160 2306 2224 Quamvis
2338 2163 2530 2215 autem
2572 2159 2878 2216 Christiani
2919 2162 3229 2214 cernerent
3267 2174 3328 2213 se
3373 2172 3599 2212 summa

1966 2254 2222 2309 omnium
2265 2253 2571 2325 iniquitate
2613 2270 2676 2308 ac
2702 2256 2939 2325 propter
2974 2269 3143 2307 suum
3172 2252 3357 2308 solum
3388 2267 3597 2306 nomen

1964 2347 2035 2402 ab
2093 2347 2332 2402 ethnicis
2395 2347 2768 2402 condemnari
2820 2352 2877 2401 et
2931 2345 3237 2413 trucidari,
3295 2344 3599 2400 horribiles

1964 2444 2160 2495 tamen
2210 2441 2525 2507 cruciatus,
2582 2440 2704 2493 sine
2755 2439 2874 2493 ulla
2924 2439 2982 2493 in
3031 2442 3426 2510 persecutores
3470 2454 3600 2491 suos

1962 2534 2386 2601 malevolentia,
2429 2534 2525 2587 sed
2563 2537 2722 2587 tanta
2764 2532 3016 2604 profecto
3056 2532 3349 2602 patientia,
3390 2536 3599 2603 quanta

1959 2626 2136 2680 animi
2190 2626 2521 2681 fortitudine
2574 2626 2952 2697 perferebant.
3009 2625 3129 2681 Sibi
3192 2624 3348 2679 enim
3395 2640 3429 2677 a
3479 2625 3597 2678 Deo

1963 2725 2311 2791 praeceptum
2354 2736 2473 2775 esse
2504 2722 2799 2786 noverant,
2833 2735 2903 2774 ne
2941 2717 3074 2773 odio
3103 2717 3386 2773 haberent
3411 2716 3596 2770 ullum

1966 2829 2222 2883 unquam
2275 2813 2589 2880 hominem,
2627 2829 2690 2866 ac
2736 2812 2887 2882 ipsos
2934 2811 3106 2866 etiam
3156 2809 3422 2864 inimicos
3464 2824 3597 2863 suos

1962 2906 2269 2977 diligerent
2296 2906 2585 2977 (Cyprian.
2616 2907 2689 2960 ad
2714 2908 2944 2960 Demetr.
2973 2921 3102 2975 pag.
3137 2902 3280 2973 197).
3309 2904 3596 2974 Quaprop-

1960 3001 2050 3052 ter
2087 2999 2304 3053 nullam
2354 2997 2665 3053 reddebant
2714 3013 2818 3068 pro
2861 2996 3072 3067 injuria
3113 2995 3318 3059 vicem,
3347 2995 3448 3050 sed
3488 3010 3593 3065 pro

1960 3091 2103 3146 odiis
2145 3090 2624 3154 benevolentiam,
2675 3106 2739 3144 ac
2779 3106 2882 3161 pro
2910 3088 3140 3144 inﬂictis
3170 3088 3277 3143 sibi
3303 3087 3594 3159 suppliciis

1959 3185 2356 3239 monstrabant
2405 3183 2601 3238 salutis
2649 3184 2758 3238 iter
2806 3183 2972 3255 (Ibid.
3032 3199 3167 3254 pag.
3221 3182 3362 3253 172).
3415 3180 3593 3235 Nemo

1956 3277 2148 3349 itaque
2182 3296 2214 3332 a
2243 3277 2501 3349 tyrannis
2534 3276 2932 3349 apprehensus
2970 3275 3378 3343 reluctabatur,
3412 3274 3592 3329 immo

1955 3372 2416 3439 excarniﬁcatus,
2459 3370 2833 3441 gloriabatur,
2864 3374 2922 3425 et
2951 3370 3163 3441 gratias
3193 3368 3417 3440 agebat.
3453 3368 3591 3432 Quae

1957 3466 2190 3536 quidem
2218 3466 2279 3520 in
2325 3465 2606 3536 superiori
2633 3468 2827 3520 nostra
2870 3464 3269 3520 dissertatione
3315 3462 3593 3534 explicata

1956 3564 2087 3613 sunt
2114 3559 2422 3629 (Dissertat.
2455 3561 2516 3613 in
2547 3560 2774 3614 Tertull.
2808 3574 2933 3629 cap.
2963 3562 3052 3626 21,
3087 3563 3195 3613 art.
3228 3557 3299 3626 1).

2028 3653 2223 3723 Neque
2275 3658 2467 3707 tamen
2518 3652 2662 3707 illud
2707 3651 3027 3707 infirmitati
3076 3654 3177 3705 aut
3230 3648 3591 3721 impotentiae

1958 3745 2354 3801 ascribendum
2387 3764 2400 3801 :
2444 3769 2471 3795 ‹‹
2500 3746 2721 3800 Nimius
2760 3745 2992 3816 quippe,
3030 3749 3094 3798 ut
3134 3744 3212 3797 ait
3253 3743 3588 3813 Cyprianus,

1956 3844 2014 3894 et
2063 3840 2324 3911 copiosus
2380 3845 2500 3895 erat
2548 3840 2780 3893 illorum
2826 3853 3104 3892 numerus
3149 3836 3434 3906 (Cyprian.
3487 3836 3589 3889 loc.

1953 3936 2089 4003 cit.).
2137 3953 2162 3983 ι)
2211 3936 2277 3987 Et
2329 3935 2483 3987 certe
2532 3932 2779 3985 vidimus
2816 3935 3029 4001 quanta
3074 3932 3220 3983 esset
3260 3926 3593 3982 Tertulliani

1952 4034 2224 4099 tempore
2291 4026 2520 4080 illorum
2587 4024 2918 4090 multitudo,
2981 4023 3079 4095 qui
3141 4038 3271 4076 cum
3335 4021 3590 4094 quotidie

1952 4120 2490 4191 multiplicarentur,
2540 4118 2713 4190 longe
2767 4118 2976 4189 plures,
3026 4116 3166 4172 dum
3218 4120 3415 4172 auctor
3462 4117 3586 4171 haec

1951 4213 2254 4281 scribebat,
2284 4213 2483 4284 procul
2515 4211 2688 4267 dubio
2719 4227 2841 4267 esse
2881 4210 3168 4266 debebant
3196 4209 3501 4282 (Dissertat.
3528 4213 3588 4265 in

1956 4308 2185 4363 Tertull.
2230 4308 2335 4362 loc.
2385 4307 2524 4377 cit.).
2572 4309 2696 4362 Non
2741 4305 2801 4360 id
2831 4304 3026 4377 itaque
3068 4304 3429 4375 probandum
3469 4320 3589 4359 esse

1953 4401 2191 4467 censuit,
2221 4400 2369 4471 quod
2394 4399 2660 4455 omnibus
2699 4399 3059 4454 notissimum
3088 4403 3229 4466 erat,
3261 4403 3319 4453 et
3345 4398 3589 4468 gentiles

208 4493 532 4556 contester,
589 4490 728 4562 quid
782 4495 1067 4545 tormenta
1116 4489 1386 4543 admoves
1435 4488 2349 4560 conﬁtenti?...Dmolestissime
2423 4492 2702 4548 ferebant.
2784 4492 2898 4547 Sua
2972 4490 3149 4562 igitur
3220 4490 3587 4545 multitudine

209 4586 360 4638 Dum
410 4600 502 4637 me
537 4583 920 4639 Christianum
966 4582 1177 4637 celebri
1206 4584 1354 4649 loco,
1396 4587 1452 4638 et
1495 4585 1710 4655 populo
1743 4584 1847 4639 cir-

208 4682 561 4742 cumstante,
608 4678 939 4748 pronuntio,
971 4682 1027 4730 et
1059 4693 1154 4730 vos
1184 4679 1240 4731 et
1284 4676 1418 4731 deos
1455 4682 1669 4733 vestros
1704 4678 1853 4733 clara

210 4775 273 4826 et
304 4770 538 4841 publica
572 4770 978 4842 praedicatione
1010 4770 1319 4837 confundo,
1352 4770 1487 4842 quid
1514 4777 1571 4826 te
1602 4772 1675 4826 ad
1701 4772 1856 4827 intir-

211 4865 485 4919 mitatem
528 4864 779 4934 corporis
824 4863 1041 4918 vertis?
1083 4864 1230 4928 Quid
1273 4881 1402 4919 cum
1449 4866 1634 4920 carnis
1677 4866 1853 4923 imbe-

209 4959 450 5013 cillitate
480 4956 775 5012 contendis
806 4956 987 5026 (Ibid)
1009 4958 1036 5011 ?
1064 4979 1091 5007 »
1119 4957 1255 5022 Quis
1286 4964 1480 5013 autem
1515 4959 1854 5015 difﬁtebitur

208 5051 364 5105 nihil
394 5049 663 5122 iniquius,
689 5053 747 5104 et
774 5051 933 5105 omni
963 5051 1235 5118 humano,
1266 5051 1416 5107 civili
1437 5055 1495 5107 et
1520 5053 1714 5109 divino
1734 5053 1851 5125 juri

209 5144 402 5215 magis
436 5143 789 5198 contrarium
836 5144 958 5198 fieri
1007 5161 1262 5216 unquam
1309 5163 1495 5217 posse,
1538 5163 1709 5218 quam
1755 5147 1852 5201 ho-

206 5239 434 5293 minem
466 5236 766 5293 dirissimis
792 5238 1094 5293 tormentis
1115 5239 1482 5310 compellere,
1511 5244 1579 5295 ut
1602 5241 1848 5308 crimen,

207 5332 381 5401 cujus
420 5338 740 5400 accusatur,
785 5332 956 5387 etiam
1000 5333 1279 5388 mendacio
1304 5334 1552 5403 fallente,
1584 5335 1848 5405 deneget,

207 5432 268 5480 et
325 5426 403 5480 ita
458 5429 769 5496 negantem
823 5425 1160 5481 absolvere?
1215 5428 1417 5482 Totam
1480 5444 1651 5498 porro
1705 5427 1851 5491 hanc

205 5517 778 5589 argumentationem
822 5520 1183 5590 exposuimus
1217 5525 1274 5574 et
1315 5520 1761 5575 examinavimus
1790 5520 1849 5575 in

210 5611 605 5681 superioribus
669 5611 877 5667 nostris
937 5613 1428 5668 dissertationibus
1487 5615 1557 5669 de
1622 5614 1850 5674 Minucii

209 5704 439 5772 Felicis,
479 5710 537 5759 et
579 5705 911 5762 Tertulliani
953 5706 1133 5775 libris,
1182 5724 1249 5761 ex
1287 5707 1492 5778 quibus
1533 5707 1850 5779 Cyprianus

212 5814 346 5855 eam
407 5798 682 5857 delibasse
744 5800 897 5855 haud
958 5816 1194 5872 prorsus
1260 5800 1553 5857 immerito
1624 5801 1852 5858 videtur

1949 4588 2255 4644 Christiani
2285 4586 2453 4641 facile
2481 4587 2748 4656 poterant
2776 4583 3084 4655 gentilium
3110 4582 3303 4637 ulcisci
3336 4581 3582 4637 crudeli-

1950 4687 2151 4749 tatem,
2187 4679 2674 4751 quemadmodum
2706 4694 2738 4732 a
2767 4676 2930 4731 nobis
2973 4677 3161 4731 adhuc
3206 4676 3264 4730 in
3302 4675 3587 4746 superiori

1953 4774 2348 4830 dissertatione
2412 4772 2868 4828 demonstratum
2933 4774 3018 4825 est
3080 4769 3242 4842 (Ibid.
3299 4785 3422 4841 cap.
3478 4772 3584 4838 22,

1951 4873 2057 4923 art.
2094 4868 2168 4938 1).

2021 4963 2305 5017 Praeterea
2354 4965 2510 5015 certo
2567 4959 2824 5015 sciebant
2876 4957 3227 5015 horrendam
3281 4957 3583 5030 gentilium

1952 5055 2371 5110 immanitatem
2400 5071 2514 5109 non
2546 5052 2893 5125 impunitam
2935 5053 3005 5108 ab
3042 5051 3369 5123 aequissimo
3393 5051 3586 5123 judice

1950 5149 2064 5203 Deo
2120 5148 2329 5204 dimitti
2387 5165 2400 5202 :
2461 5168 2488 5197 ‹‹
2539 5148 2845 5215 Patientes,
2888 5168 2918 5196 »
2972 5146 3181 5201 idcirco
3225 5160 3343 5214 eos,
3395 5142 3588 5218 inquit

1951 5241 2282 5313 Cyprianus,
2317 5263 2345 5293 «
2372 5240 2616 5297 faciebat
2651 5241 2721 5296 de
2764 5243 3026 5295 secutura
3063 5238 3279 5296 ultione
3314 5239 3588 5295 securitas

1953 5335 2139 5406 (Cypr.
2187 5336 2321 5390 ibid.
2368 5352 2499 5407 pag.
2551 5334 2695 5406 192).
2734 5355 2762 5384 ››
2809 5335 2880 5388 At
2917 5332 3086 5401 unde,
3115 5333 3338 5405 inquiet
3362 5332 3584 5404 aliquis,

1952 5428 2230 5483 securitas
2259 5431 2417 5483 tanta
2437 5429 2464 5483 ?
2490 5428 2747 5485 Primum
2777 5426 3036 5500 quidem,
3065 5427 3197 5498 quia
3225 5426 3587 5498 omnipotens

1950 5521 2072 5593 ipse
2104 5521 2249 5576 Deus
2292 5521 2352 5576 id
2393 5522 2651 5577 futurum
2696 5539 2822 5579 esse
2869 5520 3096 5577 disertis
3126 5520 3588 5588 solemnibusque

1948 5614 2138 5670 verbis
2167 5614 2527 5686 promiserat.
2567 5616 2781 5673 Deinde
2822 5631 2952 5671 vero
3001 5615 3171 5671 illum
3211 5630 3410 5672 revera
3453 5628 3586 5680 pro-

1949 5708 2140 5763 missis
2186 5709 2408 5765 stetisse
2452 5709 2592 5766 hinc
2636 5715 2836 5768 auctor
2881 5715 3079 5765 noster
3125 5708 3381 5770 conﬁcit;
3433 5704 3597 5771 quod

1956 5822 1984 5851 ί(
2022 5817 2341 5877 nunquam,
2370 5803 2579 5878 inquit,
2610 5806 2924 5881 impiorum
2969 5804 3189 5860 scelere
3234 5805 3296 5860 in
3335 5796 3614 5853 nostrum
