  <div class='ocr_page' id='page_1' title='image "/cluster/home/n/w/nwhite01/storage/ocr_20150623/4/hvd.32044073549446/547.png"; bbox 0 0 4082 6194; ppageno 0'>
   <div class='ocr_carea' id='block_1_1' title="bbox 545 281 3832 348">
    <p class='ocr_par' dir='ltr' id='par_1_1' title="bbox 545 281 3832 348">
     <span class='ocr_line' id='line_1_1' title="bbox 545 281 3832 348; baseline 0 -2"><span class='ocrx_word' id='word_1_1' title='bbox 545 287 682 347; x_wconf 81' lang='grc'><strong>1087</strong></span> <span class='ocrx_word' id='word_1_2' title='bbox 1465 284 1552 348; x_wconf 84' lang='lat' dir='ltr'><strong>DE</strong></span> <span class='ocrx_word' id='word_1_3' title='bbox 1580 286 1800 348; x_wconf 83' lang='lat' dir='ltr'><strong>LIBRIS</strong></span> <span class='ocrx_word' id='word_1_4' title='bbox 1840 287 1932 345; x_wconf 84' lang='lat' dir='ltr'><strong>AD</strong></span> <span class='ocrx_word' id='word_1_5' title='bbox 1970 285 2383 348; x_wconf 80' lang='lat' dir='ltr'><strong>DEMETRIAN.</strong></span> <span class='ocrx_word' id='word_1_6' title='bbox 2427 285 2510 343; x_wconf 84' lang='lat' dir='ltr'><strong>ET</strong></span> <span class='ocrx_word' id='word_1_7' title='bbox 2547 283 2639 343; x_wconf 88' lang='lat' dir='ltr'><strong>DE</strong></span> <span class='ocrx_word' id='word_1_8' title='bbox 2676 281 2849 344; x_wconf 90' lang='lat' dir='ltr'><strong>IDOL.</strong></span> <span class='ocrx_word' id='word_1_9' title='bbox 2890 282 3114 344; x_wconf 80' lang='lat' dir='ltr'><strong>VANIT.</strong></span> <span class='ocrx_word' id='word_1_10' title='bbox 3718 289 3832 348; x_wconf 84' lang='lat' dir='ltr'><strong>l088</strong></span> 
     </span>
    </p>
   </div>
   <div class='ocr_carea' id='block_1_2' title="bbox 543 405 3824 499">
    <p class='ocr_par' dir='ltr' id='par_1_2' title="bbox 543 405 3824 499">
     <span class='ocr_line' id='line_1_2' title="bbox 543 405 3824 499; baseline -0.001 -30"><span class='ocrx_word' id='word_1_11' title='bbox 543 427 757 470; x_wconf 86' lang='lat' dir='ltr'><strong>nomen</strong></span> <span class='ocrx_word' id='word_1_12' title='bbox 786 411 1130 484; x_wconf 86' lang='lat' dir='ltr'><strong>exsurgitur,</strong></span> <span class='ocrx_word' id='word_1_13' title='bbox 1163 417 1226 469; x_wconf 89' lang='lat' dir='ltr'><strong>ut</strong></span> <span class='ocrx_word' id='word_1_14' title='bbox 1250 428 1368 469; x_wconf 90' lang='lat' dir='ltr'><strong>non</strong></span> <span class='ocrx_word' id='word_1_15' title='bbox 1397 413 1588 469; x_wconf 81' lang='lat' dir='ltr'><strong>statim</strong></span> <span class='ocrx_word' id='word_1_16' title='bbox 1615 413 1881 470; x_wconf 90' lang='lat' dir='ltr'><strong>divinitus</strong></span> <span class='ocrx_word' id='word_1_17' title='bbox 1910 413 2160 470; x_wconf 82' lang='lat' dir='ltr'><strong>vindicta</strong></span> <span class='ocrx_word' id='word_1_18' title='bbox 2185 411 2467 499; x_wconf 68' lang='lat' dir='ltr'><strong>Ahyeme</strong></span> <span class='ocrx_word' id='word_1_19' title='bbox 2519 408 2682 482; x_wconf 92' lang='lat' dir='ltr'><strong>copia</strong></span> <span class='ocrx_word' id='word_1_20' title='bbox 2733 406 3006 464; x_wconf 87' lang='lat' dir='ltr'><strong>imbrium</strong></span> <span class='ocrx_word' id='word_1_21' title='bbox 3059 424 3073 463; x_wconf 92' lang='lat'><strong>:</strong></span> <span class='ocrx_word' id='word_1_22' title='bbox 3128 410 3342 475; x_wconf 73' lang='lat' dir='ltr'><strong>aestate,</strong></span> <span class='ocrx_word' id='word_1_23' title='bbox 3383 405 3504 463; x_wconf 85' lang='lat' dir='ltr'><strong>solis</strong></span> <span class='ocrx_word' id='word_1_24' title='bbox 3548 407 3824 482; x_wconf 83' lang='lat' dir='ltr'><strong>ﬂagrantia;</strong></span> 
     </span>
    </p>
   </div>
   <div class='ocr_carea' id='block_1_3' title="bbox 539 504 3835 579">
    <p class='ocr_par' dir='ltr' id='par_1_3' title="bbox 539 504 3835 579">
     <span class='ocr_line' id='line_1_3' title="bbox 539 504 3835 579; baseline 0.001 -18"><span class='ocrx_word' id='word_1_25' title='bbox 539 506 838 562; x_wconf 85' lang='lat' dir='ltr'><strong>comitetur</strong></span> <span class='ocrx_word' id='word_1_26' title='bbox 867 504 1073 578; x_wconf 85' lang='lat' dir='ltr'><strong>(Ibid.).</strong></span> <span class='ocrx_word' id='word_1_27' title='bbox 1104 527 1132 556; x_wconf 90' lang='grc'>››</span> <span class='ocrx_word' id='word_1_28' title='bbox 1162 508 1273 562; x_wconf 84' lang='lat' dir='ltr'><strong>Nec</strong></span> <span class='ocrx_word' id='word_1_29' title='bbox 1296 507 1353 561; x_wconf 92' lang='lat' dir='ltr'><strong>id</strong></span> <span class='ocrx_word' id='word_1_30' title='bbox 1385 507 1626 578; x_wconf 89' lang='lat' dir='ltr'><strong>probatu</strong></span> <span class='ocrx_word' id='word_1_31' title='bbox 1655 507 1882 562; x_wconf 84' lang='lat' dir='ltr'><strong>difﬁcile</strong></span> <span class='ocrx_word' id='word_1_32' title='bbox 1902 507 2009 562; x_wconf 84' lang='lat' dir='ltr'><strong>sibi</strong></span> <span class='ocrx_word' id='word_1_33' title='bbox 2040 523 2163 562; x_wconf 87' lang='lat' dir='ltr'><strong>esse</strong></span> <span class='ocrx_word' id='word_1_34' title='bbox 2270 525 2445 564; x_wconf 90' lang='lat' dir='ltr'><strong>verno</strong></span> <span class='ocrx_word' id='word_1_35' title='bbox 2475 512 2756 579; x_wconf 89' lang='lat' dir='ltr'><strong>tempore,</strong></span> <span class='ocrx_word' id='word_1_36' title='bbox 2796 506 2919 561; x_wconf 90' lang='lat' dir='ltr'><strong>coeli</strong></span> <span class='ocrx_word' id='word_1_37' title='bbox 2955 505 3294 578; x_wconf 86' lang='lat' dir='ltr'><strong>temperies;</strong></span> <span class='ocrx_word' id='word_1_38' title='bbox 3333 508 3386 561; x_wconf 91' lang='lat' dir='ltr'><strong>et</strong></span> <span class='ocrx_word' id='word_1_39' title='bbox 3412 509 3686 575; x_wconf 86' lang='lat' dir='ltr'><strong>autumno,</strong></span> <span class='ocrx_word' id='word_1_40' title='bbox 3710 509 3835 565; x_wconf 85' lang='lat' dir='ltr'><strong>fruc-</strong></span> 
     </span>
    </p>
   </div>
   <div class='ocr_carea' id='block_1_4' title="bbox 541 599 3840 672">
    <p class='ocr_par' dir='ltr' id='par_1_4' title="bbox 541 599 3840 672">
     <span class='ocr_line' id='line_1_4' title="bbox 541 599 3840 672; baseline 0.001 -17"><span class='ocrx_word' id='word_1_41' title='bbox 541 601 806 668; x_wconf 88' lang='lat' dir='ltr'><strong>asseruit,</strong></span> <span class='ocrx_word' id='word_1_42' title='bbox 855 599 1010 670; x_wconf 91' lang='lat' dir='ltr'><strong>quod</strong></span> <span class='ocrx_word' id='word_1_43' title='bbox 1065 616 1132 654; x_wconf 89' lang='lat' dir='ltr'><strong>ex</strong></span> <span class='ocrx_word' id='word_1_44' title='bbox 1196 616 1394 656; x_wconf 88' lang='lat' dir='ltr'><strong>rerum</strong></span> <span class='ocrx_word' id='word_1_45' title='bbox 1447 601 1867 672; x_wconf 66' lang='lat' dir='ltr'><strong>praeteritarum</strong></span> <span class='ocrx_word' id='word_1_46' title='bbox 1917 601 2169 656; x_wconf 83' lang='lat' dir='ltr'><strong>historiis</strong></span> <span class='ocrx_word' id='word_1_47' title='bbox 2268 608 2432 657; x_wconf 87' lang='lat' dir='ltr'><strong>tuum</strong></span> <span class='ocrx_word' id='word_1_48' title='bbox 2466 601 2823 656; x_wconf 77' lang='lat' dir='ltr'><strong>fmcunditas.</strong></span> <span class='ocrx_word' id='word_1_49' title='bbox 2854 602 3131 656; x_wconf 66' lang='lat' dir='ltr'><strong>Praeterea</strong></span> <span class='ocrx_word' id='word_1_50' title='bbox 3157 615 3383 666; x_wconf 89' lang='lat' dir='ltr'><strong>aurum,</strong></span> <span class='ocrx_word' id='word_1_51' title='bbox 3413 605 3712 669; x_wconf 89' lang='lat' dir='ltr'><strong>argentum,</strong></span> <span class='ocrx_word' id='word_1_52' title='bbox 3734 604 3840 658; x_wconf 89' lang='lat' dir='ltr'><strong>alia-</strong></span> 
     </span>
    </p>
   </div>
   <div class='ocr_carea' id='block_1_5' title="bbox 539 691 3840 768">
    <p class='ocr_par' dir='ltr' id='par_1_5' title="bbox 539 691 3840 768">
     <span class='ocr_line' id='line_1_5' title="bbox 539 691 3840 768; baseline 0.002 -22"><span class='ocrx_word' id='word_1_53' title='bbox 539 692 806 746; x_wconf 91' lang='lat' dir='ltr'><strong>omnibus</strong></span> <span class='ocrx_word' id='word_1_54' title='bbox 853 696 974 747; x_wconf 90' lang='lat' dir='ltr'><strong>erat</strong></span> <span class='ocrx_word' id='word_1_55' title='bbox 1019 700 1400 764; x_wconf 90' lang='lat' dir='ltr'><strong>compertum.</strong></span> <span class='ocrx_word' id='word_1_56' title='bbox 1444 694 1592 749; x_wconf 89' lang='lat' dir='ltr'><strong>Satis</strong></span> <span class='ocrx_word' id='word_1_57' title='bbox 1629 695 1822 766; x_wconf 86' lang='lat' dir='ltr'><strong>itaque</strong></span> <span class='ocrx_word' id='word_1_58' title='bbox 1861 694 1968 749; x_wconf 88' lang='lat' dir='ltr'><strong>sibi</strong></span> <span class='ocrx_word' id='word_1_59' title='bbox 2011 695 2166 749; x_wconf 83' lang='lat' dir='ltr'><strong>sufﬁ-</strong></span> <span class='ocrx_word' id='word_1_60' title='bbox 2269 713 2381 768; x_wconf 89' lang='lat' dir='ltr'><strong>que</strong></span> <span class='ocrx_word' id='word_1_61' title='bbox 2433 695 2661 750; x_wconf 79' lang='lat' dir='ltr'><strong>metalla</strong></span> <span class='ocrx_word' id='word_1_62' title='bbox 2701 694 2760 748; x_wconf 90' lang='lat' dir='ltr'><strong>in</strong></span> <span class='ocrx_word' id='word_1_63' title='bbox 2796 693 3107 748; x_wconf 83' lang='lat' dir='ltr'><strong>visceribus</strong></span> <span class='ocrx_word' id='word_1_64' title='bbox 3159 697 3325 747; x_wconf 62' lang='lat' dir='ltr'><strong>terra:</strong></span> <span class='ocrx_word' id='word_1_65' title='bbox 3371 691 3756 763; x_wconf 86' lang='lat' dir='ltr'><strong>decrescebant,</strong></span> <span class='ocrx_word' id='word_1_66' title='bbox 3794 702 3840 752; x_wconf 90' lang='lat' dir='ltr'><strong>et</strong></span> 
     </span>
    </p>
   </div>
   <div class='ocr_carea' id='block_1_6' title="bbox 539 785 3838 860">
    <p class='ocr_par' dir='ltr' id='par_1_6' title="bbox 539 785 3838 860">
     <span class='ocr_line' id='line_1_6' title="bbox 539 785 3838 860; baseline 0.001 -20"><span class='ocrx_word' id='word_1_67' title='bbox 539 802 668 841; x_wconf 89' lang='lat' dir='ltr'><strong>cere</strong></span> <span class='ocrx_word' id='word_1_68' title='bbox 708 785 1053 841; x_wconf 82' lang='lat' dir='ltr'><strong>existimavit</strong></span> <span class='ocrx_word' id='word_1_69' title='bbox 1076 787 1323 842; x_wconf 81' lang='lat' dir='ltr'><strong>recentis</strong></span> <span class='ocrx_word' id='word_1_70' title='bbox 1360 787 1658 842; x_wconf 72' lang='lat' dir='ltr'><strong>memoria:</strong></span> <span class='ocrx_word' id='word_1_71' title='bbox 1690 788 1944 859; x_wconf 83' lang='lat' dir='ltr'><strong>proferre</strong></span> <span class='ocrx_word' id='word_1_72' title='bbox 1979 804 2168 844; x_wconf 89' lang='lat' dir='ltr'><strong>exem-</strong></span> <span class='ocrx_word' id='word_1_73' title='bbox 2265 789 2482 860; x_wconf 89' lang='lat' dir='ltr'><strong>ubique</strong></span> <span class='ocrx_word' id='word_1_74' title='bbox 2533 787 2872 843; x_wconf 75' lang='lat' dir='ltr'><strong>deficiebant</strong></span> <span class='ocrx_word' id='word_1_75' title='bbox 2919 787 3209 859; x_wconf 72' lang='lat' dir='ltr'><strong>agricolae,</strong></span> <span class='ocrx_word' id='word_1_76' title='bbox 3262 791 3482 840; x_wconf 66' lang='lat' dir='ltr'><strong>naturm</strong></span> <span class='ocrx_word' id='word_1_77' title='bbox 3541 790 3594 840; x_wconf 89' lang='lat' dir='ltr'><strong>et</strong></span> <span class='ocrx_word' id='word_1_78' title='bbox 3645 789 3838 844; x_wconf 83' lang='lat' dir='ltr'><strong>milites.</strong></span> 
     </span>
    </p>
   </div>
   <div class='ocr_carea' id='block_1_7' title="bbox 535 877 3838 952">
    <p class='ocr_par' dir='ltr' id='par_1_7' title="bbox 535 877 3838 952">
     <span class='ocr_line' id='line_1_7' title="bbox 535 877 3838 952; baseline 0.001 -18"><span class='ocrx_word' id='word_1_79' title='bbox 535 881 716 952; x_wconf 90' lang='lat' dir='ltr'><strong>plum,</strong></span> <span class='ocrx_word' id='word_1_80' title='bbox 745 895 860 951; x_wconf 89' lang='lat' dir='ltr'><strong>quo</strong></span> <span class='ocrx_word' id='word_1_81' title='bbox 893 882 1040 936; x_wconf 91' lang='lat' dir='ltr'><strong>Deus</strong></span> <span class='ocrx_word' id='word_1_82' title='bbox 1077 879 1439 952; x_wconf 89' lang='lat' dir='ltr'><strong>gravissimas</strong></span> <span class='ocrx_word' id='word_1_83' title='bbox 1467 881 1537 936; x_wconf 91' lang='lat' dir='ltr'><strong>de</strong></span> <span class='ocrx_word' id='word_1_84' title='bbox 1567 880 2017 938; x_wconf 88' lang='lat' dir='ltr'><strong>Christianorum</strong></span> <span class='ocrx_word' id='word_1_85' title='bbox 2044 899 2169 952; x_wconf 89' lang='lat' dir='ltr'><strong>per-</strong></span> <span class='ocrx_word' id='word_1_86' title='bbox 2269 881 2417 947; x_wconf 91' lang='lat' dir='ltr'><strong>Quin</strong></span> <span class='ocrx_word' id='word_1_87' title='bbox 2460 882 2631 937; x_wconf 89' lang='lat' dir='ltr'><strong>etiam</strong></span> <span class='ocrx_word' id='word_1_88' title='bbox 2680 901 2707 930; x_wconf 89' lang='lat'><strong>«</strong></span> <span class='ocrx_word' id='word_1_89' title='bbox 2753 896 2942 948; x_wconf 90' lang='lat' dir='ltr'><strong>canos,</strong></span> <span class='ocrx_word' id='word_1_90' title='bbox 2989 879 3074 934; x_wconf 86' lang='lat' dir='ltr'><strong>ait</strong></span> <span class='ocrx_word' id='word_1_91' title='bbox 3111 879 3226 942; x_wconf 90' lang='lat' dir='ltr'><strong>ille,</strong></span> <span class='ocrx_word' id='word_1_92' title='bbox 3275 877 3529 933; x_wconf 84' lang='lat' dir='ltr'><strong>videmus</strong></span> <span class='ocrx_word' id='word_1_93' title='bbox 3569 879 3625 933; x_wconf 92' lang='lat' dir='ltr'><strong>in</strong></span> <span class='ocrx_word' id='word_1_94' title='bbox 3665 881 3838 950; x_wconf 87' lang='lat' dir='ltr'><strong>pueris,</strong></span> 
     </span>
    </p>
   </div>
   <div class='ocr_carea' id='block_1_8' title="bbox 537 973 3842 1046">
    <p class='ocr_par' dir='ltr' id='par_1_8' title="bbox 537 973 3842 1046">
     <span class='ocr_line' id='line_1_8' title="bbox 537 973 3842 1046; baseline -0 -16"><span class='ocrx_word' id='word_1_95' title='bbox 537 973 889 1030; x_wconf 82' lang='lat' dir='ltr'><strong>secutoribus</strong></span> <span class='ocrx_word' id='word_1_96' title='bbox 909 974 1174 1046; x_wconf 82' lang='lat' dir='ltr'><strong>repetivit</strong></span> <span class='ocrx_word' id='word_1_97' title='bbox 1198 991 1409 1046; x_wconf 78' lang='lat' dir='ltr'><strong>pcenas,</strong></span> <span class='ocrx_word' id='word_1_98' title='bbox 1436 993 1462 1026; x_wconf 79' lang='grc' dir='ltr'><strong><em>α</em></strong></span> <span class='ocrx_word' id='word_1_99' title='bbox 1487 974 1668 1030; x_wconf 87' lang='lat' dir='ltr'><strong>ruinis</strong></span> <span class='ocrx_word' id='word_1_100' title='bbox 1691 991 1915 1045; x_wconf 92' lang='lat' dir='ltr'><strong>regum,</strong></span> <span class='ocrx_word' id='word_1_101' title='bbox 1928 974 2167 1044; x_wconf 89' lang='lat' dir='ltr'><strong>jacturis</strong></span> <span class='ocrx_word' id='word_1_102' title='bbox 2267 973 2458 1046; x_wconf 89' lang='lat' dir='ltr'><strong>capilli</strong></span> <span class='ocrx_word' id='word_1_103' title='bbox 2500 973 2774 1028; x_wconf 83' lang='lat' dir='ltr'><strong>deﬁciunt</strong></span> <span class='ocrx_word' id='word_1_104' title='bbox 2823 976 3134 1043; x_wconf 88' lang='lat' dir='ltr'><strong>antequam</strong></span> <span class='ocrx_word' id='word_1_105' title='bbox 3177 976 3454 1038; x_wconf 84' lang='lat' dir='ltr'><strong>crescant,</strong></span> <span class='ocrx_word' id='word_1_106' title='bbox 3500 987 3596 1026; x_wconf 90' lang='lat' dir='ltr'><strong>nec</strong></span> <span class='ocrx_word' id='word_1_107' title='bbox 3641 977 3758 1027; x_wconf 70' lang='lat' dir='ltr'><strong>aatas</strong></span> <span class='ocrx_word' id='word_1_108' title='bbox 3795 975 3842 1030; x_wconf 89' lang='lat' dir='ltr'><strong>in</strong></span> 
     </span>
    </p>
   </div>
   <div class='ocr_carea' id='block_1_9' title="bbox 538 1064 3840 1138">
    <p class='ocr_par' dir='ltr' id='par_1_9' title="bbox 538 1064 3840 1138">
     <span class='ocr_line' id='line_1_9' title="bbox 538 1064 3840 1138; baseline -0 -15"><span class='ocrx_word' id='word_1_109' title='bbox 538 1082 738 1137; x_wconf 89' lang='lat' dir='ltr'><strong>opum,</strong></span> <span class='ocrx_word' id='word_1_110' title='bbox 771 1066 1066 1138; x_wconf 90' lang='lat' dir='ltr'><strong>dispendio</strong></span> <span class='ocrx_word' id='word_1_111' title='bbox 1091 1067 1365 1134; x_wconf 91' lang='lat' dir='ltr'><strong>militum,</strong></span> <span class='ocrx_word' id='word_1_112' title='bbox 1389 1067 1769 1123; x_wconf 90' lang='lat' dir='ltr'><strong>diminutione</strong></span> <span class='ocrx_word' id='word_1_113' title='bbox 1790 1073 2165 1123; x_wconf 83' lang='lat' dir='ltr'><strong>castrorum.»</strong></span> <span class='ocrx_word' id='word_1_114' title='bbox 2269 1073 2558 1124; x_wconf 88' lang='lat' dir='ltr'><strong>senectute</strong></span> <span class='ocrx_word' id='word_1_115' title='bbox 2611 1065 2849 1133; x_wconf 89' lang='lat' dir='ltr'><strong>desinit,</strong></span> <span class='ocrx_word' id='word_1_116' title='bbox 2895 1065 2995 1120; x_wconf 91' lang='lat' dir='ltr'><strong>sed</strong></span> <span class='ocrx_word' id='word_1_117' title='bbox 3044 1064 3245 1135; x_wconf 89' lang='lat' dir='ltr'><strong>incipit</strong></span> <span class='ocrx_word' id='word_1_118' title='bbox 3292 1081 3327 1118; x_wconf 90' lang='lat' dir='ltr'><strong>a</strong></span> <span class='ocrx_word' id='word_1_119' title='bbox 3385 1068 3658 1120; x_wconf 88' lang='lat' dir='ltr'><strong>senectute</strong></span> <span class='ocrx_word' id='word_1_120' title='bbox 3709 1066 3840 1134; x_wconf 84' lang='lat' dir='ltr'><strong>(Ibid.</strong></span> 
     </span>
    </p>
   </div>
   <div class='ocr_carea' id='block_1_10' title="bbox 531 1157 3842 1233">
    <p class='ocr_par' dir='ltr' id='par_1_10' title="bbox 531 1157 3842 1233">
     <span class='ocr_line' id='line_1_10' title="bbox 531 1157 3842 1233; baseline -0.001 -17"><span class='ocrx_word' id='word_1_121' title='bbox 531 1161 654 1216; x_wconf 85' lang='lat' dir='ltr'><strong>Jam</strong></span> <span class='ocrx_word' id='word_1_122' title='bbox 680 1175 811 1215; x_wconf 89' lang='lat' dir='ltr'><strong>vero</strong></span> <span class='ocrx_word' id='word_1_123' title='bbox 839 1160 1083 1216; x_wconf 87' lang='lat' dir='ltr'><strong>vidimus</strong></span> <span class='ocrx_word' id='word_1_124' title='bbox 1111 1161 1195 1215; x_wconf 90' lang='lat' dir='ltr'><strong>his</strong></span> <span class='ocrx_word' id='word_1_125' title='bbox 1221 1161 1342 1231; x_wconf 87' lang='lat' dir='ltr'><strong>ejus</strong></span> <span class='ocrx_word' id='word_1_126' title='bbox 1380 1161 1567 1216; x_wconf 85' lang='lat' dir='ltr'><strong>verbis</strong></span> <span class='ocrx_word' id='word_1_127' title='bbox 1595 1161 1858 1217; x_wconf 90' lang='lat' dir='ltr'><strong>denotari</strong></span> <span class='ocrx_word' id='word_1_128' title='bbox 1897 1162 2164 1221; x_wconf 87' lang='lat' dir='ltr'><strong>funestis-</strong></span> <span class='ocrx_word' id='word_1_129' title='bbox 2267 1177 2400 1233; x_wconf 86' lang='lat' dir='ltr'><strong>pag.</strong></span> <span class='ocrx_word' id='word_1_130' title='bbox 2434 1160 2577 1231; x_wconf 91' lang='grc'><strong>187).</strong></span> <span class='ocrx_word' id='word_1_131' title='bbox 2617 1181 2644 1209; x_wconf 86' lang='grc'>››</span> <span class='ocrx_word' id='word_1_132' title='bbox 2684 1159 2933 1231; x_wconf 88' lang='lat' dir='ltr'><strong>Denique</strong></span> <span class='ocrx_word' id='word_1_133' title='bbox 2978 1158 3228 1213; x_wconf 87' lang='lat' dir='ltr'><strong>maxima</strong></span> <span class='ocrx_word' id='word_1_134' title='bbox 3277 1163 3398 1212; x_wconf 86' lang='lat' dir='ltr'><strong>erat</strong></span> <span class='ocrx_word' id='word_1_135' title='bbox 3435 1173 3647 1212; x_wconf 90' lang='lat' dir='ltr'><strong>morum</strong></span> <span class='ocrx_word' id='word_1_136' title='bbox 3684 1157 3842 1230; x_wconf 85' lang='lat' dir='ltr'><strong>depra-</strong></span> 
     </span>
    </p>
   </div>
   <div class='ocr_carea' id='block_1_11' title="bbox 534 1250 3841 1326">
    <p class='ocr_par' dir='ltr' id='par_1_11' title="bbox 534 1250 3841 1326">
     <span class='ocr_line' id='line_1_11' title="bbox 534 1250 3841 1326; baseline -0 -19"><span class='ocrx_word' id='word_1_137' title='bbox 534 1252 740 1308; x_wconf 88' lang='lat' dir='ltr'><strong>simam</strong></span> <span class='ocrx_word' id='word_1_138' title='bbox 792 1254 944 1317; x_wconf 81' lang='lat' dir='ltr'><strong>Decii</strong></span> <span class='ocrx_word' id='word_1_139' title='bbox 1004 1254 1368 1325; x_wconf 84' lang='lat' dir='ltr'><strong>imperatoris</strong></span> <span class='ocrx_word' id='word_1_140' title='bbox 1423 1257 1479 1308; x_wconf 91' lang='lat' dir='ltr'><strong>et</strong></span> <span class='ocrx_word' id='word_1_141' title='bbox 1516 1254 1760 1309; x_wconf 76' lang='lat' dir='ltr'><strong>ﬁliorum</strong></span> <span class='ocrx_word' id='word_1_142' title='bbox 1810 1256 1931 1326; x_wconf 89' lang='lat' dir='ltr'><strong>ejus</strong></span> <span class='ocrx_word' id='word_1_143' title='bbox 1982 1255 2162 1323; x_wconf 91' lang='lat' dir='ltr'><strong>Decii,</strong></span> <span class='ocrx_word' id='word_1_144' title='bbox 2267 1255 2434 1310; x_wconf 88' lang='lat' dir='ltr'><strong>vatio.</strong></span> <span class='ocrx_word' id='word_1_145' title='bbox 2478 1257 2662 1325; x_wconf 84' lang='lat' dir='ltr'><strong>Atque</strong></span> <span class='ocrx_word' id='word_1_146' title='bbox 2713 1269 2779 1306; x_wconf 85' lang='lat' dir='ltr'><strong>ex</strong></span> <span class='ocrx_word' id='word_1_147' title='bbox 2823 1252 2912 1307; x_wconf 87' lang='lat' dir='ltr'><strong>bis</strong></span> <span class='ocrx_word' id='word_1_148' title='bbox 2965 1251 3232 1306; x_wconf 90' lang='lat' dir='ltr'><strong>omnibus</strong></span> <span class='ocrx_word' id='word_1_149' title='bbox 3276 1250 3564 1306; x_wconf 90' lang='lat' dir='ltr'><strong>concludit</strong></span> <span class='ocrx_word' id='word_1_150' title='bbox 3605 1251 3841 1306; x_wconf 89' lang='lat' dir='ltr'><strong>mundum</strong></span> 
     </span>
    </p>
   </div>
   <div class='ocr_carea' id='block_1_12' title="bbox 532 1342 3836 1419">
    <p class='ocr_par' dir='ltr' id='par_1_12' title="bbox 532 1342 3836 1419">
     <span class='ocr_line' id='line_1_12' title="bbox 532 1342 3836 1419; baseline -0.002 -18"><span class='ocrx_word' id='word_1_151' title='bbox 532 1346 764 1416; x_wconf 87' lang='lat' dir='ltr'><strong>Trajani</strong></span> <span class='ocrx_word' id='word_1_152' title='bbox 821 1346 1078 1419; x_wconf 81' lang='grc'>1000</span> <span class='ocrx_word' id='word_1_153' title='bbox 1129 1350 1186 1402; x_wconf 90' lang='lat' dir='ltr'><strong>et</strong></span> <span class='ocrx_word' id='word_1_154' title='bbox 1242 1348 1464 1402; x_wconf 90' lang='lat' dir='ltr'><strong>Etrusci</strong></span> <span class='ocrx_word' id='word_1_155' title='bbox 1517 1348 1736 1403; x_wconf 90' lang='lat' dir='ltr'><strong>cladem</strong></span> <span class='ocrx_word' id='word_1_156' title='bbox 1789 1354 1846 1403; x_wconf 93' lang='lat' dir='ltr'><strong>et</strong></span> <span class='ocrx_word' id='word_1_157' title='bbox 1897 1355 2162 1404; x_wconf 91' lang='lat' dir='ltr'><strong>mortem.</strong></span> <span class='ocrx_word' id='word_1_158' title='bbox 2265 1363 2574 1414; x_wconf 89' lang='lat' dir='ltr'><strong>senescere,</strong></span> <span class='ocrx_word' id='word_1_159' title='bbox 2593 1362 2701 1401; x_wconf 90' lang='lat' dir='ltr'><strong>nec</strong></span> <span class='ocrx_word' id='word_1_160' title='bbox 2728 1344 2937 1400; x_wconf 91' lang='lat' dir='ltr'><strong>mirum</strong></span> <span class='ocrx_word' id='word_1_161' title='bbox 2965 1360 3088 1400; x_wconf 91' lang='lat' dir='ltr'><strong>esse</strong></span> <span class='ocrx_word' id='word_1_162' title='bbox 3116 1343 3163 1398; x_wconf 92' lang='lat' dir='ltr'><strong>si</strong></span> <span class='ocrx_word' id='word_1_163' title='bbox 3189 1343 3250 1398; x_wconf 90' lang='lat' dir='ltr'><strong>iu</strong></span> <span class='ocrx_word' id='word_1_164' title='bbox 3277 1343 3422 1414; x_wconf 89' lang='lat' dir='ltr'><strong>ejus,</strong></span> <span class='ocrx_word' id='word_1_165' title='bbox 3450 1342 3836 1417; x_wconf 68' lang='lat' dir='ltr'><strong>veluti1001</strong></span> 
     </span>
    </p>
   </div>
   <div class='ocr_carea' id='block_1_13' title="bbox 531 1435 3846 1512">
    <p class='ocr_par' dir='ltr' id='par_1_13' title="bbox 531 1435 3846 1512">
     <span class='ocr_line' id='line_1_13' title="bbox 531 1435 3846 1512; baseline -0.001 -18"><span class='ocrx_word' id='word_1_166' title='bbox 531 1440 716 1503; x_wconf 89' lang='lat' dir='ltr'><strong>Quam</strong></span> <span class='ocrx_word' id='word_1_167' title='bbox 741 1440 969 1494; x_wconf 91' lang='lat' dir='ltr'><strong>evidens</strong></span> <span class='ocrx_word' id='word_1_168' title='bbox 997 1444 1191 1496; x_wconf 90' lang='lat' dir='ltr'><strong>autem</strong></span> <span class='ocrx_word' id='word_1_169' title='bbox 1231 1443 1289 1495; x_wconf 92' lang='lat' dir='ltr'><strong>et</strong></span> <span class='ocrx_word' id='word_1_170' title='bbox 1330 1441 1554 1512; x_wconf 85' lang='lat' dir='ltr'><strong>insigne</strong></span> <span class='ocrx_word' id='word_1_171' title='bbox 1587 1442 1764 1496; x_wconf 89' lang='lat' dir='ltr'><strong>fuerit</strong></span> <span class='ocrx_word' id='word_1_172' title='bbox 1788 1441 1929 1497; x_wconf 92' lang='lat' dir='ltr'><strong>illud</strong></span> <span class='ocrx_word' id='word_1_173' title='bbox 1959 1443 2166 1497; x_wconf 79' lang='lat' dir='ltr'><strong>divinae</strong></span> <span class='ocrx_word' id='word_1_174' title='bbox 2267 1441 2326 1495; x_wconf 91' lang='lat' dir='ltr'><strong>in</strong></span> <span class='ocrx_word' id='word_1_175' title='bbox 2359 1441 2602 1495; x_wconf 89' lang='lat' dir='ltr'><strong>aliorum</strong></span> <span class='ocrx_word' id='word_1_176' title='bbox 2628 1438 2962 1505; x_wconf 88' lang='lat' dir='ltr'><strong>viventium,</strong></span> <span class='ocrx_word' id='word_1_177' title='bbox 3000 1440 3289 1493; x_wconf 85' lang='lat' dir='ltr'><strong>senectute</strong></span> <span class='ocrx_word' id='word_1_178' title='bbox 3325 1435 3519 1492; x_wconf 89' lang='lat' dir='ltr'><strong>omnia</strong></span> <span class='ocrx_word' id='word_1_179' title='bbox 3547 1436 3846 1507; x_wconf 79' lang='lat' dir='ltr'><strong>degenerant</strong></span> 
     </span>
    </p>
   </div>
   <div class='ocr_carea' id='block_1_14' title="bbox 532 1531 2635 1605">
    <p class='ocr_par' dir='ltr' id='par_1_14' title="bbox 532 1531 2635 1605">
     <span class='ocr_line' id='line_1_14' title="bbox 532 1531 2635 1605; baseline 0 -19"><span class='ocrx_word' id='word_1_180' title='bbox 532 1531 789 1602; x_wconf 88' lang='lat' dir='ltr'><strong>ultionis,</strong></span> <span class='ocrx_word' id='word_1_181' title='bbox 828 1537 896 1587; x_wconf 88' lang='lat' dir='ltr'><strong>ut</strong></span> <span class='ocrx_word' id='word_1_182' title='bbox 938 1532 1193 1605; x_wconf 88' lang='lat' dir='ltr'><strong>loquitur</strong></span> <span class='ocrx_word' id='word_1_183' title='bbox 1236 1541 1433 1589; x_wconf 87' lang='lat' dir='ltr'><strong>auctor</strong></span> <span class='ocrx_word' id='word_1_184' title='bbox 1469 1539 1684 1605; x_wconf 78' lang='lat' dir='ltr'><strong>noster,</strong></span> <span class='ocrx_word' id='word_1_185' title='bbox 1730 1536 2163 1603; x_wconf 89' lang='lat' dir='ltr'><strong>documentum,</strong></span> <span class='ocrx_word' id='word_1_186' title='bbox 2267 1537 2325 1588; x_wconf 93' lang='lat' dir='ltr'><strong>et</strong></span> <span class='ocrx_word' id='word_1_187' title='bbox 2349 1533 2635 1588; x_wconf 84' lang='lat' dir='ltr'><strong>deficiant.</strong></span> 
     </span>
    </p>
   </div>
   <div class='ocr_carea' id='block_1_15' title="bbox 535 1623 3840 1699">
    <p class='ocr_par' dir='ltr' id='par_1_15' title="bbox 535 1623 3840 1699">
     <span class='ocr_line' id='line_1_15' title="bbox 535 1623 3840 1699; baseline -0.001 -20"><span class='ocrx_word' id='word_1_188' title='bbox 535 1625 902 1680; x_wconf 88' lang='lat' dir='ltr'><strong>ostendemus</strong></span> <span class='ocrx_word' id='word_1_189' title='bbox 931 1627 990 1681; x_wconf 91' lang='lat' dir='ltr'><strong>in</strong></span> <span class='ocrx_word' id='word_1_190' title='bbox 1031 1627 1398 1699; x_wconf 89' lang='lat' dir='ltr'><strong>subsequenti</strong></span> <span class='ocrx_word' id='word_1_191' title='bbox 1442 1628 1837 1684; x_wconf 87' lang='lat' dir='ltr'><strong>dissertatione</strong></span> <span class='ocrx_word' id='word_1_192' title='bbox 1864 1629 1921 1683; x_wconf 92' lang='lat' dir='ltr'><strong>in</strong></span> <span class='ocrx_word' id='word_1_193' title='bbox 1954 1629 2164 1683; x_wconf 90' lang='lat' dir='ltr'><strong>librum</strong></span> <span class='ocrx_word' id='word_1_194' title='bbox 2338 1630 2548 1682; x_wconf 78' lang='lat' dir='ltr'><strong>Verum</strong></span> <span class='ocrx_word' id='word_1_195' title='bbox 2595 1626 2761 1680; x_wconf 89' lang='lat' dir='ltr'><strong>sicuti</strong></span> <span class='ocrx_word' id='word_1_196' title='bbox 2811 1625 3001 1680; x_wconf 89' lang='lat' dir='ltr'><strong>nullus</strong></span> <span class='ocrx_word' id='word_1_197' title='bbox 3051 1623 3353 1680; x_wconf 84' lang='lat' dir='ltr'><strong>dubitandi</strong></span> <span class='ocrx_word' id='word_1_198' title='bbox 3399 1624 3552 1678; x_wconf 90' lang='lat' dir='ltr'><strong>locus</strong></span> <span class='ocrx_word' id='word_1_199' title='bbox 3601 1627 3694 1689; x_wconf 90' lang='lat' dir='ltr'><strong>est,</strong></span> <span class='ocrx_word' id='word_1_200' title='bbox 3731 1625 3840 1694; x_wconf 87' lang='lat' dir='ltr'><strong>quin</strong></span> 
     </span>
    </p>
   </div>
   <div class='ocr_carea' id='block_1_16' title="bbox 532 1716 3841 1794">
    <p class='ocr_par' dir='ltr' id='par_1_16' title="bbox 532 1716 3841 1794">
     <span class='ocr_line' id='line_1_16' title="bbox 532 1716 3841 1794; baseline -0.001 -20"><span class='ocrx_word' id='word_1_201' title='bbox 532 1719 689 1774; x_wconf 89' lang='lat' dir='ltr'><strong>Lucii</strong></span> <span class='ocrx_word' id='word_1_202' title='bbox 735 1719 943 1774; x_wconf 61' lang='lat' dir='ltr'><strong>Cascilii</strong></span> <span class='ocrx_word' id='word_1_203' title='bbox 994 1721 1060 1776; x_wconf 86' lang='lat' dir='ltr'><strong>de</strong></span> <span class='ocrx_word' id='word_1_204' title='bbox 1103 1723 1367 1777; x_wconf 76' lang='lat' dir='ltr'><strong>Mortibus</strong></span> <span class='ocrx_word' id='word_1_205' title='bbox 1404 1725 1841 1788; x_wconf 78' lang='lat' dir='ltr'><strong>Persecutorum;</strong></span> <span class='ocrx_word' id='word_1_206' title='bbox 1886 1739 1998 1794; x_wconf 88' lang='lat' dir='ltr'><strong>quo</strong></span> <span class='ocrx_word' id='word_1_207' title='bbox 2043 1722 2228 1794; x_wconf 86' lang='lat' dir='ltr'><strong>qui-_</strong></span> <span class='ocrx_word' id='word_1_208' title='bbox 2269 1721 2391 1774; x_wconf 75' lang='lat' dir='ltr'><strong>haec</strong></span> <span class='ocrx_word' id='word_1_209' title='bbox 2419 1720 2610 1774; x_wconf 90' lang='lat' dir='ltr'><strong>omnia</strong></span> <span class='ocrx_word' id='word_1_210' title='bbox 2644 1735 2775 1773; x_wconf 89' lang='lat' dir='ltr'><strong>vera</strong></span> <span class='ocrx_word' id='word_1_211' title='bbox 2802 1721 2933 1780; x_wconf 82' lang='lat' dir='ltr'><strong>sint,</strong></span> <span class='ocrx_word' id='word_1_212' title='bbox 2957 1734 3085 1789; x_wconf 61' lang='lat' dir='ltr'><strong>quae</strong></span> <span class='ocrx_word' id='word_1_213' title='bbox 3123 1718 3434 1789; x_wconf 80' lang='lat' dir='ltr'><strong>Cyprianus</strong></span> <span class='ocrx_word' id='word_1_214' title='bbox 3466 1719 3576 1770; x_wconf 86' lang='lat' dir='ltr'><strong>tam</strong></span> <span class='ocrx_word' id='word_1_215' title='bbox 3603 1716 3841 1772; x_wconf 80' lang='lat' dir='ltr'><strong>afﬁrmate</strong></span> 
     </span>
    </p>
   </div>
   <div class='ocr_carea' id='block_1_17' title="bbox 533 1789 3840 1886">
    <p class='ocr_par' dir='ltr' id='par_1_17' title="bbox 533 1789 3840 1886">
     <span class='ocr_line' id='line_1_17' title="bbox 533 1789 3840 1886; baseline -0.001 -20"><span class='ocrx_word' id='word_1_216' title='bbox 533 1811 668 1867; x_wconf 91' lang='lat' dir='ltr'><strong>dem</strong></span> <span class='ocrx_word' id='word_1_217' title='bbox 726 1812 966 1884; x_wconf 88' lang='lat' dir='ltr'><strong>aliisque</strong></span> <span class='ocrx_word' id='word_1_218' title='bbox 1017 1815 1274 1885; x_wconf 89' lang='lat' dir='ltr'><strong>pluribus</strong></span> <span class='ocrx_word' id='word_1_219' title='bbox 1326 1816 1598 1886; x_wconf 84' lang='lat' dir='ltr'><strong>exemplis</strong></span> <span class='ocrx_word' id='word_1_220' title='bbox 1651 1817 1838 1886; x_wconf 86' lang='lat' dir='ltr'><strong>palam</strong></span> <span class='ocrx_word' id='word_1_221' title='bbox 1900 1789 2545 1872; x_wconf 77' lang='lat' dir='ltr'><strong>omnibusBasseverat</strong></span> <span class='ocrx_word' id='word_1_222' title='bbox 2586 1830 2599 1867; x_wconf 90' lang='lat'><strong>:</strong></span> <span class='ocrx_word' id='word_1_223' title='bbox 2645 1813 2722 1868; x_wconf 93' lang='lat' dir='ltr'><strong>ita</strong></span> <span class='ocrx_word' id='word_1_224' title='bbox 2751 1812 3089 1866; x_wconf 88' lang='lat' dir='ltr'><strong>sanctissimi</strong></span> <span class='ocrx_word' id='word_1_225' title='bbox 3115 1811 3369 1882; x_wconf 81' lang='lat' dir='ltr'><strong>Martyris</strong></span> <span class='ocrx_word' id='word_1_226' title='bbox 3400 1826 3552 1881; x_wconf 91' lang='lat' dir='ltr'><strong>pace,</strong></span> <span class='ocrx_word' id='word_1_227' title='bbox 3587 1811 3664 1864; x_wconf 81' lang='lat' dir='ltr'><strong>fas</strong></span> <span class='ocrx_word' id='word_1_228' title='bbox 3691 1810 3840 1864; x_wconf 86' lang='lat' dir='ltr'><strong>dicere</strong></span> 
     </span>
    </p>
   </div>
   <div class='ocr_carea' id='block_1_18' title="bbox 534 1901 3843 1981">
    <p class='ocr_par' dir='ltr' id='par_1_18' title="bbox 534 1901 3843 1981">
     <span class='ocr_line' id='line_1_18' title="bbox 534 1901 3843 1981; baseline -0.001 -22"><span class='ocrx_word' id='word_1_229' title='bbox 534 1904 668 1960; x_wconf 87' lang='lat' dir='ltr'><strong>fecit</strong></span> <span class='ocrx_word' id='word_1_230' title='bbox 716 1907 909 1976; x_wconf 89' lang='lat' dir='ltr'><strong>quales</strong></span> <span class='ocrx_word' id='word_1_231' title='bbox 955 1911 1311 1980; x_wconf 88' lang='lat' dir='ltr'><strong>quantasque</strong></span> <span class='ocrx_word' id='word_1_232' title='bbox 1360 1909 1557 1965; x_wconf 90' lang='lat' dir='ltr'><strong>Decius</strong></span> <span class='ocrx_word' id='word_1_233' title='bbox 1609 1908 1816 1981; x_wconf 85' lang='lat' dir='ltr'><strong>aliique</strong></span> <span class='ocrx_word' id='word_1_234' title='bbox 1868 1909 2163 1965; x_wconf 83' lang='lat' dir='ltr'><strong>immanis-</strong></span> <span class='ocrx_word' id='word_1_235' title='bbox 2263 1907 2424 1962; x_wconf 89' lang='lat' dir='ltr'><strong>nobis</strong></span> <span class='ocrx_word' id='word_1_236' title='bbox 2452 1906 2526 1960; x_wconf 91' lang='lat' dir='ltr'><strong>sit</strong></span> <span class='ocrx_word' id='word_1_237' title='bbox 2568 1906 2690 1962; x_wconf 69' lang='lat' dir='ltr'><strong>hinc</strong></span> <span class='ocrx_word' id='word_1_238' title='bbox 2725 1922 2842 1960; x_wconf 91' lang='lat' dir='ltr'><strong>non</strong></span> <span class='ocrx_word' id='word_1_239' title='bbox 2881 1904 3169 1972; x_wconf 90' lang='lat' dir='ltr'><strong>accidisse,</strong></span> <span class='ocrx_word' id='word_1_240' title='bbox 3196 1904 3331 1976; x_wconf 91' lang='lat' dir='ltr'><strong>quia</strong></span> <span class='ocrx_word' id='word_1_241' title='bbox 3371 1903 3630 1970; x_wconf 90' lang='lat' dir='ltr'><strong>mundus,</strong></span> <span class='ocrx_word' id='word_1_242' title='bbox 3656 1901 3741 1974; x_wconf 90' lang='lat' dir='ltr'><strong>qui</strong></span> <span class='ocrx_word' id='word_1_243' title='bbox 3765 1918 3843 1973; x_wconf 86' lang='lat' dir='ltr'><strong>per</strong></span> 
     </span>
    </p>
   </div>
   <div class='ocr_carea' id='block_1_19' title="bbox 531 1996 3840 2073">
    <p class='ocr_par' dir='ltr' id='par_1_19' title="bbox 531 1996 3840 2073">
     <span class='ocr_line' id='line_1_19' title="bbox 531 1996 3840 2073; baseline -0.002 -21"><span class='ocrx_word' id='word_1_244' title='bbox 531 1998 661 2053; x_wconf 91' lang='lat' dir='ltr'><strong>simi</strong></span> <span class='ocrx_word' id='word_1_245' title='bbox 707 1999 1162 2056; x_wconf 91' lang='lat' dir='ltr'><strong>Christianorum</strong></span> <span class='ocrx_word' id='word_1_246' title='bbox 1212 2002 1442 2072; x_wconf 86' lang='lat' dir='ltr'><strong>tyranni</strong></span> <span class='ocrx_word' id='word_1_247' title='bbox 1477 2019 1670 2073; x_wconf 78' lang='lat' dir='ltr'><strong>poenas</strong></span> <span class='ocrx_word' id='word_1_248' title='bbox 1712 2005 1829 2058; x_wconf 89' lang='lat' dir='ltr'><strong>Deo</strong></span> <span class='ocrx_word' id='word_1_249' title='bbox 1875 2003 2164 2060; x_wconf 86' lang='lat' dir='ltr'><strong>dederint.</strong></span> <span class='ocrx_word' id='word_1_250' title='bbox 2263 2004 2349 2056; x_wconf 85' lang='lat' dir='ltr'><strong>tot</strong></span> <span class='ocrx_word' id='word_1_251' title='bbox 2373 2003 2502 2072; x_wconf 89' lang='lat' dir='ltr'><strong>post</strong></span> <span class='ocrx_word' id='word_1_252' title='bbox 2527 2000 2650 2070; x_wconf 89' lang='lat' dir='ltr'><strong>ejus</strong></span> <span class='ocrx_word' id='word_1_253' title='bbox 2689 2005 2932 2054; x_wconf 89' lang='lat' dir='ltr'><strong>mortem</strong></span> <span class='ocrx_word' id='word_1_254' title='bbox 2975 1999 3179 2053; x_wconf 62' lang='lat' dir='ltr'><strong>saecula</strong></span> <span class='ocrx_word' id='word_1_255' title='bbox 3223 1998 3456 2068; x_wconf 86' lang='lat' dir='ltr'><strong>integer</strong></span> <span class='ocrx_word' id='word_1_256' title='bbox 3495 1996 3840 2068; x_wconf 83' lang='lat' dir='ltr'><strong>perseveravit,</strong></span> 
     </span>
    </p>
   </div>
   <div class='ocr_carea' id='block_1_20' title="bbox 533 2089 3841 2165">
    <p class='ocr_par' dir='ltr' id='par_1_20' title="bbox 533 2089 3841 2165">
     <span class='ocr_line' id='line_1_20' title="bbox 533 2089 3841 2165; baseline -0.002 -18"><span class='ocrx_word' id='word_1_257' title='bbox 533 2093 598 2147; x_wconf 91' lang='lat' dir='ltr'><strong>In</strong></span> <span class='ocrx_word' id='word_1_258' title='bbox 642 2092 769 2147; x_wconf 91' lang='lat' dir='ltr'><strong>aliis</strong></span> <span class='ocrx_word' id='word_1_259' title='bbox 814 2109 1041 2165; x_wconf 91' lang='lat' dir='ltr'><strong>quoque</strong></span> <span class='ocrx_word' id='word_1_260' title='bbox 1089 2095 1577 2151; x_wconf 87' lang='lat' dir='ltr'><strong>dissertationibus</strong></span> <span class='ocrx_word' id='word_1_261' title='bbox 1618 2097 1830 2152; x_wconf 86' lang='lat' dir='ltr'><strong>nostris</strong></span> <span class='ocrx_word' id='word_1_262' title='bbox 1869 2098 2163 2153; x_wconf 87' lang='lat' dir='ltr'><strong>manifeste</strong></span> <span class='ocrx_word' id='word_1_263' title='bbox 2255 2094 2380 2165; x_wconf 82' lang='lat' dir='ltr'><strong>jam</strong></span> <span class='ocrx_word' id='word_1_264' title='bbox 2400 2099 2524 2148; x_wconf 92' lang='lat' dir='ltr'><strong>tum</strong></span> <span class='ocrx_word' id='word_1_265' title='bbox 2551 2096 2838 2160; x_wconf 90' lang='lat' dir='ltr'><strong>senuerat,</strong></span> <span class='ocrx_word' id='word_1_266' title='bbox 2861 2098 2918 2146; x_wconf 91' lang='lat' dir='ltr'><strong>et</strong></span> <span class='ocrx_word' id='word_1_267' title='bbox 2942 2092 3043 2146; x_wconf 79' lang='lat' dir='ltr'><strong>fini</strong></span> <span class='ocrx_word' id='word_1_268' title='bbox 3072 2108 3174 2146; x_wconf 89' lang='lat' dir='ltr'><strong>suo</strong></span> <span class='ocrx_word' id='word_1_269' title='bbox 3201 2095 3322 2146; x_wconf 86' lang='lat' dir='ltr'><strong>erat</strong></span> <span class='ocrx_word' id='word_1_270' title='bbox 3337 2089 3645 2162; x_wconf 89' lang='lat' dir='ltr'><strong>proximus.</strong></span> <span class='ocrx_word' id='word_1_271' title='bbox 3668 2089 3841 2143; x_wconf 88' lang='lat' dir='ltr'><strong>Deinde</strong></span> 
     </span>
    </p>
   </div>
   <div class='ocr_carea' id='block_1_21' title="bbox 534 2182 3840 2258">
    <p class='ocr_par' dir='ltr' id='par_1_21' title="bbox 534 2182 3840 2258">
     <span class='ocr_line' id='line_1_21' title="bbox 534 2182 3840 2258; baseline -0.002 -19"><span class='ocrx_word' id='word_1_272' title='bbox 534 2186 916 2256; x_wconf 81' lang='lat' dir='ltr'><strong>expendimus</strong></span> <span class='ocrx_word' id='word_1_273' title='bbox 959 2203 1135 2258; x_wconf 91' lang='lat' dir='ltr'><strong>quam</strong></span> <span class='ocrx_word' id='word_1_274' title='bbox 1177 2189 1424 2245; x_wconf 91' lang='lat' dir='ltr'><strong>validum</strong></span> <span class='ocrx_word' id='word_1_275' title='bbox 1467 2193 1524 2244; x_wconf 90' lang='lat' dir='ltr'><strong>et</strong></span> <span class='ocrx_word' id='word_1_276' title='bbox 1566 2189 1839 2245; x_wconf 90' lang='lat' dir='ltr'><strong>invictum</strong></span> <span class='ocrx_word' id='word_1_277' title='bbox 1886 2207 1956 2246; x_wconf 90' lang='lat' dir='ltr'><strong>ex</strong></span> <span class='ocrx_word' id='word_1_278' title='bbox 1994 2191 2064 2246; x_wconf 89' lang='lat' dir='ltr'><strong>iis</strong></span> <span class='ocrx_word' id='word_1_279' title='bbox 2091 2191 2163 2245; x_wconf 91' lang='lat' dir='ltr'><strong>ad</strong></span> <span class='ocrx_word' id='word_1_280' title='bbox 2262 2204 2397 2242; x_wconf 91' lang='lat' dir='ltr'><strong>vero</strong></span> <span class='ocrx_word' id='word_1_281' title='bbox 2423 2203 2629 2242; x_wconf 87' lang='lat' dir='ltr'><strong>aurum</strong></span> <span class='ocrx_word' id='word_1_282' title='bbox 2659 2189 2716 2240; x_wconf 90' lang='lat' dir='ltr'><strong>et</strong></span> <span class='ocrx_word' id='word_1_283' title='bbox 2747 2191 3051 2257; x_wconf 88' lang='lat' dir='ltr'><strong>argentum</strong></span> <span class='ocrx_word' id='word_1_284' title='bbox 3084 2183 3493 2240; x_wconf 90' lang='lat' dir='ltr'><strong>decrescebant</strong></span> <span class='ocrx_word' id='word_1_285' title='bbox 3520 2182 3773 2238; x_wconf 84' lang='lat' dir='ltr'><strong>exhaustis</strong></span> <span class='ocrx_word' id='word_1_286' title='bbox 3797 2182 3840 2234; x_wconf 90' lang='lat' dir='ltr'><strong>in</strong></span> 
     </span>
    </p>
   </div>
   <div class='ocr_carea' id='block_1_22' title="bbox 531 2277 3839 2355">
    <p class='ocr_par' dir='ltr' id='par_1_22' title="bbox 531 2277 3839 2355">
     <span class='ocr_line' id='line_1_22' title="bbox 531 2277 3839 2355; baseline -0.001 -23"><span class='ocrx_word' id='word_1_287' title='bbox 531 2277 930 2335; x_wconf 90' lang='lat' dir='ltr'><strong>vindicandam</strong></span> <span class='ocrx_word' id='word_1_288' title='bbox 974 2280 1310 2336; x_wconf 62' lang='lat' dir='ltr'><strong>Christiana:</strong></span> <span class='ocrx_word' id='word_1_289' title='bbox 1348 2281 1644 2353; x_wconf 86' lang='lat' dir='ltr'><strong>religionis</strong></span> <span class='ocrx_word' id='word_1_290' title='bbox 1669 2284 1967 2339; x_wconf 90' lang='lat' dir='ltr'><strong>veritatem</strong></span> <span class='ocrx_word' id='word_1_291' title='bbox 1997 2300 2166 2355; x_wconf 89' lang='lat' dir='ltr'><strong>argu-</strong></span> <span class='ocrx_word' id='word_1_292' title='bbox 2263 2281 2610 2353; x_wconf 85' lang='lat' dir='ltr'><strong>quibusdam</strong></span> <span class='ocrx_word' id='word_1_293' title='bbox 2636 2283 2864 2336; x_wconf 89' lang='lat' dir='ltr'><strong>tantum</strong></span> <span class='ocrx_word' id='word_1_294' title='bbox 2903 2279 3060 2346; x_wconf 90' lang='lat' dir='ltr'><strong>locis,</strong></span> <span class='ocrx_word' id='word_1_295' title='bbox 3093 2295 3209 2333; x_wconf 92' lang='lat' dir='ltr'><strong>non</strong></span> <span class='ocrx_word' id='word_1_296' title='bbox 3246 2283 3444 2333; x_wconf 89' lang='lat' dir='ltr'><strong>autem</strong></span> <span class='ocrx_word' id='word_1_297' title='bbox 3471 2277 3672 2348; x_wconf 87' lang='lat' dir='ltr'><strong>ubique</strong></span> <span class='ocrx_word' id='word_1_298' title='bbox 3700 2278 3839 2331; x_wconf 85' lang='lat' dir='ltr'><strong>terra-</strong></span> 
     </span>
    </p>
   </div>
   <div class='ocr_carea' id='block_1_23' title="bbox 531 2369 3841 2450">
    <p class='ocr_par' dir='ltr' id='par_1_23' title="bbox 531 2369 3841 2450">
     <span class='ocr_line' id='line_1_23' title="bbox 531 2369 3841 2450; baseline -0.001 -24"><span class='ocrx_word' id='word_1_299' title='bbox 531 2374 799 2428; x_wconf 89' lang='lat' dir='ltr'><strong>mentum</strong></span> <span class='ocrx_word' id='word_1_300' title='bbox 849 2373 1088 2429; x_wconf 88' lang='lat' dir='ltr'><strong>ducatur</strong></span> <span class='ocrx_word' id='word_1_301' title='bbox 1125 2376 1369 2446; x_wconf 85' lang='lat' dir='ltr'><strong>(Dissert.</strong></span> <span class='ocrx_word' id='word_1_302' title='bbox 1416 2378 1475 2430; x_wconf 84' lang='lat' dir='ltr'><strong>in</strong></span> <span class='ocrx_word' id='word_1_303' title='bbox 1521 2377 1650 2433; x_wconf 89' lang='lat' dir='ltr'><strong>Luc.</strong></span> <span class='ocrx_word' id='word_1_304' title='bbox 1701 2377 1889 2434; x_wconf 74' lang='lat' dir='ltr'><strong>Caecil.</strong></span> <span class='ocrx_word' id='word_1_305' title='bbox 1934 2392 2056 2450; x_wconf 91' lang='lat' dir='ltr'><strong>cap.</strong></span> <span class='ocrx_word' id='word_1_306' title='bbox 2107 2382 2160 2447; x_wconf 89' lang='lat'><strong>7,</strong></span> <span class='ocrx_word' id='word_1_307' title='bbox 2261 2391 2392 2430; x_wconf 92' lang='lat' dir='ltr'><strong>rum</strong></span> <span class='ocrx_word' id='word_1_308' title='bbox 2432 2374 2662 2429; x_wconf 90' lang='lat' dir='ltr'><strong>illorum</strong></span> <span class='ocrx_word' id='word_1_309' title='bbox 2705 2371 2885 2428; x_wconf 90' lang='lat' dir='ltr'><strong>venis.</strong></span> <span class='ocrx_word' id='word_1_310' title='bbox 2929 2372 3368 2443; x_wconf 86' lang='lat' dir='ltr'><strong>Frequentiores</strong></span> <span class='ocrx_word' id='word_1_311' title='bbox 3412 2387 3544 2426; x_wconf 89' lang='lat' dir='ltr'><strong>vero</strong></span> <span class='ocrx_word' id='word_1_312' title='bbox 3587 2369 3841 2426; x_wconf 86' lang='lat' dir='ltr'><strong>hominum</strong></span> 
     </span>
    </p>
   </div>
   <div class='ocr_carea' id='block_1_24' title="bbox 530 2461 3844 2538">
    <p class='ocr_par' dir='ltr' id='par_1_24' title="bbox 530 2461 3844 2538">
     <span class='ocr_line' id='line_1_24' title="bbox 530 2461 3844 2538; baseline -0.007 -1"><span class='ocrx_word' id='word_1_313' title='bbox 530 2466 640 2520; x_wconf 65' lang='grc' dir='ltr'><strong>δτι·</strong></span> <span class='ocrx_word' id='word_1_314' title='bbox 673 2467 742 2536; x_wconf 75' lang='grc'><strong>¹)·</strong></span> <span class='ocrx_word' id='word_1_315' title='bbox 2262 2471 2476 2524; x_wconf 85' lang='lat' dir='ltr'><strong>mortes</strong></span> <span class='ocrx_word' id='word_1_316' title='bbox 2501 2468 2837 2538; x_wconf 91' lang='lat' dir='ltr'><strong>contingere</strong></span> <span class='ocrx_word' id='word_1_317' title='bbox 2863 2469 3177 2538; x_wconf 91' lang='lat' dir='ltr'><strong>potuerunt</strong></span> <span class='ocrx_word' id='word_1_318' title='bbox 3206 2482 3275 2520; x_wconf 91' lang='lat' dir='ltr'><strong>ex</strong></span> <span class='ocrx_word' id='word_1_319' title='bbox 3299 2465 3451 2520; x_wconf 89' lang='lat' dir='ltr'><strong>aeris</strong></span> <span class='ocrx_word' id='word_1_320' title='bbox 3476 2461 3782 2534; x_wconf 90' lang='lat' dir='ltr'><strong>intemperie</strong></span> <span class='ocrx_word' id='word_1_321' title='bbox 3801 2465 3844 2514; x_wconf 89' lang='lat' dir='ltr'><strong>et</strong></span> 
     </span>
    </p>
   </div>
   <div class='ocr_carea' id='block_1_25' title="bbox 1174 2548 3842 2634">
    <p class='ocr_par' dir='ltr' id='par_1_25' title="bbox 1174 2548 3842 2634">
     <span class='ocr_line' id='line_1_25' title="bbox 1174 2548 3842 2634; baseline -0.003 -19"><span class='ocrx_word' id='word_1_322' title='bbox 1174 2548 1392 2604; x_wconf 72' lang='lat' dir='ltr'><strong>CAPUT</strong></span> <span class='ocrx_word' id='word_1_323' title='bbox 1433 2549 1518 2603; x_wconf 77' lang='grc' dir='ltr'><strong>Ινο</strong></span> <span class='ocrx_word' id='word_1_324' title='bbox 2262 2562 2650 2634; x_wconf 88' lang='lat' dir='ltr'><strong>corruptione,</strong></span> <span class='ocrx_word' id='word_1_325' title='bbox 2700 2560 2857 2615; x_wconf 90' lang='lat' dir='ltr'><strong>unde</strong></span> <span class='ocrx_word' id='word_1_326' title='bbox 2906 2560 3081 2615; x_wconf 91' lang='lat' dir='ltr'><strong>etiam</strong></span> <span class='ocrx_word' id='word_1_327' title='bbox 3123 2563 3250 2615; x_wconf 92' lang='lat' dir='ltr'><strong>orta</strong></span> <span class='ocrx_word' id='word_1_328' title='bbox 3295 2561 3424 2614; x_wconf 89' lang='lat' dir='ltr'><strong>erat</strong></span> <span class='ocrx_word' id='word_1_329' title='bbox 3464 2558 3559 2612; x_wconf 91' lang='lat' dir='ltr'><strong>illa</strong></span> <span class='ocrx_word' id='word_1_330' title='bbox 3601 2555 3842 2610; x_wconf 88' lang='lat' dir='ltr'><strong>horrenda</strong></span> 
     </span>
    </p>
   </div>
   <div class='ocr_carea' id='block_1_26' title="bbox 531 2648 3842 2728">
    <p class='ocr_par' dir='ltr' id='par_1_26' title="bbox 531 2648 3842 2728">
     <span class='ocr_line' id='line_1_26' title="bbox 531 2648 3842 2728; baseline -0.001 -22"><span class='ocrx_word' id='word_1_331' title='bbox 531 2651 934 2721; x_wconf 74' lang='lat' dir='ltr'><strong>Empenduntur</strong></span> <span class='ocrx_word' id='word_1_332' title='bbox 987 2655 1255 2724; x_wconf 79' lang='lat' dir='ltr'><strong>Cypriani</strong></span> <span class='ocrx_word' id='word_1_333' title='bbox 1307 2661 1665 2724; x_wconf 84' lang='lat' dir='ltr'><strong>argumenta,</strong></span> <span class='ocrx_word' id='word_1_334' title='bbox 1719 2658 1915 2726; x_wconf 82' lang='lat' dir='ltr'><strong>quibus</strong></span> <span class='ocrx_word' id='word_1_335' title='bbox 1972 2659 2159 2714; x_wconf 89' lang='lat' dir='ltr'><strong>Deme-</strong></span> <span class='ocrx_word' id='word_1_336' title='bbox 2261 2657 2454 2728; x_wconf 87' lang='lat' dir='ltr'><strong>pestis,</strong></span> <span class='ocrx_word' id='word_1_337' title='bbox 2484 2671 2611 2726; x_wconf 76' lang='lat' dir='ltr'><strong>quae</strong></span> <span class='ocrx_word' id='word_1_338' title='bbox 2657 2654 2852 2709; x_wconf 88' lang='lat' dir='ltr'><strong>omnia</strong></span> <span class='ocrx_word' id='word_1_339' title='bbox 2894 2651 3371 2724; x_wconf 90' lang='lat' dir='ltr'><strong>depopulabatur.</strong></span> <span class='ocrx_word' id='word_1_340' title='bbox 3402 2648 3842 2706; x_wconf 85' lang='lat' dir='ltr'><strong>Pestilentissimus</strong></span> 
     </span>
    </p>
   </div>
   <div class='ocr_carea' id='block_1_27' title="bbox 603 2734 3842 2821">
    <p class='ocr_par' dir='ltr' id='par_1_27' title="bbox 603 2734 3842 2821">
     <span class='ocr_line' id='line_1_27' title="bbox 603 2734 3842 2821; baseline -0.002 -19"><span class='ocrx_word' id='word_1_341' title='bbox 603 2734 848 2821; x_wconf 61' lang='grc' dir='ltr'><strong>ίνίειζξαπι</strong></span> <span class='ocrx_word' id='word_1_342' title='bbox 891 2735 1404 2821; x_wconf 19' lang='grc' dir='ltr'><strong>αιίρεςζξιεέρενξιίιεξ</strong></span> <span class='ocrx_word' id='word_1_343' title='bbox 1440 2737 1662 2821; x_wconf 60' lang='grc' dir='ltr'><strong>νεΐεζιέι,</strong></span> <span class='ocrx_word' id='word_1_344' title='bbox 1691 2739 1788 2821; x_wconf 75' lang='lat' dir='ltr'><strong>qui</strong></span> <span class='ocrx_word' id='word_1_345' title='bbox 1825 2737 2162 2794; x_wconf 63' lang='lat' dir='ltr'><strong>Christianos</strong></span> <span class='ocrx_word' id='word_1_346' title='bbox 2261 2765 2486 2821; x_wconf 93' lang='lat' dir='ltr'><strong>quoque</strong></span> <span class='ocrx_word' id='word_1_347' title='bbox 2545 2734 2921 2803; x_wconf 39' lang='lat' dir='ltr'><strong>aer&#39;efﬁcere</strong></span> <span class='ocrx_word' id='word_1_348' title='bbox 2975 2746 3189 2818; x_wconf 89' lang='lat' dir='ltr'><strong>potuit,</strong></span> <span class='ocrx_word' id='word_1_349' title='bbox 3245 2748 3310 2799; x_wconf 87' lang='lat' dir='ltr'><strong>ut</strong></span> <span class='ocrx_word' id='word_1_350' title='bbox 3361 2745 3529 2816; x_wconf 85' lang='lat' dir='ltr'><strong>plane</strong></span> <span class='ocrx_word' id='word_1_351' title='bbox 3581 2743 3842 2798; x_wconf 88' lang='lat' dir='ltr'><strong>immatura</strong></span> 
     </span>
    </p>
   </div>
   <div class='ocr_carea' id='block_1_28' title="bbox 591 2812 2203 2914">
    <p class='ocr_par' dir='ltr' id='par_1_28' title="bbox 591 2812 2160 2914">
     <span class='ocr_line' id='line_1_28' title="bbox 591 2812 2160 2914; baseline 0.005 -49"><span class='ocrx_word' id='word_1_352' title='bbox 591 2812 939 2880; x_wconf 86' lang='lat' dir='ltr'><strong>publicarum</strong></span> <span class='ocrx_word' id='word_1_353' title='bbox 953 2814 1106 2908; x_wconf 44' lang='lat' dir='ltr'><strong>.belli,</strong></span> <span class='ocrx_word' id='word_1_354' title='bbox 1120 2817 1302 2914; x_wconf 50' lang='lat' dir='ltr'><strong>.famis</strong></span> <span class='ocrx_word' id='word_1_355' title='bbox 1343 2820 1394 2870; x_wconf 88' lang='lat' dir='ltr'><strong>et</strong></span> <span class='ocrx_word' id='word_1_356' title='bbox 1430 2819 1598 2885; x_wconf 86' lang='lat' dir='ltr'><strong>pestis</strong></span> <span class='ocrx_word' id='word_1_357' title='bbox 1625 2818 2004 2873; x_wconf 76' lang='lat' dir='ltr'><strong>calamitatum</strong></span> <span class='ocrx_word' id='word_1_358' title='bbox 2030 2834 2160 2873; x_wconf 86' lang='lat' dir='ltr'><strong>cau-</strong></span> 
     </span>
    </p>
   </div>
   <div class='ocr_carea' id='block_1_29' title="bbox 2230 2812 3842 2914">
    <p class='ocr_par' dir='ltr' id='par_1_29' title="bbox 2264 2834 3842 2914">
     <span class='ocr_line' id='line_1_29' title="bbox 2264 2834 3842 2914; baseline -0.008 -16"><span class='ocrx_word' id='word_1_359' title='bbox 2264 2847 2415 2898; x_wconf 89' lang='lat' dir='ltr'><strong>esset</strong></span> <span class='ocrx_word' id='word_1_360' title='bbox 2455 2842 2514 2896; x_wconf 93' lang='lat' dir='ltr'><strong>in</strong></span> <span class='ocrx_word' id='word_1_361' title='bbox 2543 2841 2737 2914; x_wconf 91' lang='lat' dir='ltr'><strong>pueris</strong></span> <span class='ocrx_word' id='word_1_362' title='bbox 2771 2839 3028 2906; x_wconf 86' lang='lat' dir='ltr'><strong>canities,</strong></span> <span class='ocrx_word' id='word_1_363' title='bbox 3058 2845 3114 2894; x_wconf 89' lang='lat' dir='ltr'><strong>et</strong></span> <span class='ocrx_word' id='word_1_364' title='bbox 3139 2838 3306 2905; x_wconf 89' lang='lat' dir='ltr'><strong>vires,</strong></span> <span class='ocrx_word' id='word_1_365' title='bbox 3339 2853 3472 2909; x_wconf 68' lang='lat' dir='ltr'><strong>quae</strong></span> <span class='ocrx_word' id='word_1_366' title='bbox 3504 2837 3560 2892; x_wconf 92' lang='lat' dir='ltr'><strong>in</strong></span> <span class='ocrx_word' id='word_1_367' title='bbox 3586 2836 3660 2890; x_wconf 90' lang='lat' dir='ltr'><strong>eis</strong></span> <span class='ocrx_word' id='word_1_368' title='bbox 3683 2834 3842 2905; x_wconf 88' lang='lat' dir='ltr'><strong>augeri</strong></span> 
     </span>
    </p>
   </div>
   <div class='ocr_carea' id='block_1_30' title="bbox 597 2895 3839 3006">
    <p class='ocr_par' dir='ltr' id='par_1_30' title="bbox 597 2895 3839 3006">
     <span class='ocr_line' id='line_1_30' title="bbox 953 2895 3776 2914; baseline -0 -8"><span class='ocrx_word' id='word_1_369' title='bbox 953 2895 964 2908; x_wconf 95' lang='lat'><strong>.</strong></span> <span class='ocrx_word' id='word_1_370' title='bbox 1029 2896 1040 2908; x_wconf 93' lang='lat'><strong>.</strong></span> <span class='ocrx_word' id='word_1_371' title='bbox 2272 2895 2289 2898; x_wconf 75' lang='lat'><strong>-</strong></span> <span class='ocrx_word' id='word_1_372' title='bbox 2310 2895 2344 2897; x_wconf 38' lang='grc' dir='ltr'><em>π</em></span> <span class='ocrx_word' id='word_1_373' title='bbox 2370 2895 2377 2896; x_wconf 37' lang='grc' dir='ltr'><em>γ</em></span> <span class='ocrx_word' id='word_1_374' title='bbox 2402 2895 2409 2896; x_wconf 37' lang='grc' dir='ltr'><em>γ</em></span> <span class='ocrx_word' id='word_1_375' title='bbox 2482 2895 2509 2896; x_wconf 56' lang='grc' dir='ltr'><em>η</em></span> <span class='ocrx_word' id='word_1_376' title='bbox 2544 2895 2564 2914; x_wconf 66' lang='grc' dir='ltr'>ι</span> <span class='ocrx_word' id='word_1_377' title='bbox 2636 2895 2648 2897; x_wconf 68' lang='lat'><strong>-</strong></span> <span class='ocrx_word' id='word_1_378' title='bbox 3015 2895 3027 2906; x_wconf 86' lang='lat'><strong>.</strong></span> <span class='ocrx_word' id='word_1_379' title='bbox 3294 2895 3305 2905; x_wconf 91' lang='lat'><strong>.</strong></span> <span class='ocrx_word' id='word_1_380' title='bbox 3358 2895 3378 2909; x_wconf 88' lang='lat'><strong>.</strong></span> <span class='ocrx_word' id='word_1_381' title='bbox 3750 2895 3776 2905; x_wconf 70' lang='grc' dir='ltr'>ν</span> 
     </span>
     <span class='ocr_line' id='line_1_31' title="bbox 597 2895 3839 3006; baseline -0.003 -15"><span class='ocrx_word' id='word_1_382' title='bbox 597 2905 715 2946; x_wconf 68' lang='lat' dir='ltr'><strong>sam</strong></span> <span class='ocrx_word' id='word_1_383' title='bbox 745 2907 854 2949; x_wconf 68' lang='lat' dir='ltr'><strong>esse</strong></span> <span class='ocrx_word' id='word_1_384' title='bbox 882 2895 1335 2950; x_wconf 63' lang='lat' dir='ltr'><strong>cnmmabantur&#39;</strong></span> <span class='ocrx_word' id='word_1_385' title='bbox 2261 2936 2565 3004; x_wconf 86' lang='lat' dir='ltr'><strong>debebant,</strong></span> <span class='ocrx_word' id='word_1_386' title='bbox 2591 2939 2867 3006; x_wconf 88' lang='lat' dir='ltr'><strong>tanquam</strong></span> <span class='ocrx_word' id='word_1_387' title='bbox 2893 2933 2952 2987; x_wconf 88' lang='lat' dir='ltr'><strong>in</strong></span> <span class='ocrx_word' id='word_1_388' title='bbox 2975 2933 3210 2987; x_wconf 91' lang='lat' dir='ltr'><strong>senibus</strong></span> <span class='ocrx_word' id='word_1_389' title='bbox 3239 2932 3653 2986; x_wconf 87' lang='lat' dir='ltr'><strong>minuerentur.</strong></span> <span class='ocrx_word' id='word_1_390' title='bbox 3677 2931 3839 2982; x_wconf 84' lang='lat' dir='ltr'><strong>Verum</strong></span> 
     </span>
    </p>
   </div>
   <div class='ocr_carea' id='block_1_31' title="bbox 1073 3023 3840 3086">
    <p class='ocr_par' dir='ltr' id='par_1_31' title="bbox 1073 3023 3840 3086">
     <span class='ocr_line' id='line_1_32' title="bbox 1073 3023 3840 3086; baseline -0.001 -10"><span class='ocrx_word' id='word_1_391' title='bbox 1073 3035 1364 3077; x_wconf 73' lang='lat' dir='ltr'><strong>ARTICULUS</strong></span> <span class='ocrx_word' id='word_1_392' title='bbox 1403 3037 1628 3078; x_wconf 78' lang='lat' dir='ltr'><strong>ramus.</strong></span> <span class='ocrx_word' id='word_1_393' title='bbox 2261 3028 2489 3086; x_wconf 89' lang='lat' dir='ltr'><strong>tametsi</strong></span> <span class='ocrx_word' id='word_1_394' title='bbox 2515 3028 2638 3083; x_wconf 74' lang='lat' dir='ltr'><strong>haec</strong></span> <span class='ocrx_word' id='word_1_395' title='bbox 2665 3027 2862 3082; x_wconf 90' lang='lat' dir='ltr'><strong>omnia</strong></span> <span class='ocrx_word' id='word_1_396' title='bbox 2899 3043 2967 3081; x_wconf 90' lang='lat' dir='ltr'><strong>ex</strong></span> <span class='ocrx_word' id='word_1_397' title='bbox 2998 3025 3358 3080; x_wconf 88' lang='lat' dir='ltr'><strong>naturalibus</strong></span> <span class='ocrx_word' id='word_1_398' title='bbox 3407 3023 3585 3079; x_wconf 89' lang='lat' dir='ltr'><strong>causis</strong></span> <span class='ocrx_word' id='word_1_399' title='bbox 3610 3025 3722 3078; x_wconf 87' lang='lat' dir='ltr'><strong>orta</strong></span> <span class='ocrx_word' id='word_1_400' title='bbox 3746 3036 3840 3075; x_wconf 87' lang='lat' dir='ltr'><strong>esse</strong></span> 
     </span>
    </p>
   </div>
   <div class='ocr_carea' id='block_1_32' title="bbox 583 3119 3839 3227">
    <p class='ocr_par' dir='ltr' id='par_1_32' title="bbox 583 3119 3839 3227">
     <span class='ocr_line' id='line_1_33' title="bbox 583 3119 3839 3227; baseline -0.002 -54"><span class='ocrx_word' id='word_1_401' title='bbox 583 3119 825 3174; x_wconf 87' lang='lat' dir='ltr'><strong>Primum</strong></span> <span class='ocrx_word' id='word_1_402' title='bbox 875 3120 1143 3189; x_wconf 81' lang='lat' dir='ltr'><strong>Cypriani</strong></span> <span class='ocrx_word' id='word_1_403' title='bbox 1194 3126 1567 3188; x_wconf 80' lang='lat' dir='ltr'><strong>argumentum</strong></span> <span class='ocrx_word' id='word_1_404' title='bbox 1616 3137 1683 3176; x_wconf 82' lang='lat' dir='ltr'><strong>ea:</strong></span> <span class='ocrx_word' id='word_1_405' title='bbox 1727 3123 1918 3178; x_wconf 85' lang='lat' dir='ltr'><strong>mundi</strong></span> <span class='ocrx_word' id='word_1_406' title='bbox 1960 3125 2104 3178; x_wconf 88' lang='lat' dir='ltr'><strong>senio</strong></span> <span class='ocrx_word' id='word_1_407' title='bbox 2181 3152 2236 3227; x_wconf 68' lang='grc' dir='ltr'>Ο</span> <span class='ocrx_word' id='word_1_408' title='bbox 2262 3122 2686 3178; x_wconf 80' lang='lat' dir='ltr'><strong>evidentissima</strong></span> <span class='ocrx_word' id='word_1_409' title='bbox 2713 3119 3070 3192; x_wconf 87' lang='lat' dir='ltr'><strong>probaretur,</strong></span> <span class='ocrx_word' id='word_1_410' title='bbox 3088 3135 3206 3174; x_wconf 91' lang='lat' dir='ltr'><strong>non</strong></span> <span class='ocrx_word' id='word_1_411' title='bbox 3231 3119 3425 3174; x_wconf 89' lang='lat' dir='ltr'><strong>minus</strong></span> <span class='ocrx_word' id='word_1_412' title='bbox 3448 3122 3635 3172; x_wconf 90' lang='lat' dir='ltr'><strong>tamen</strong></span> <span class='ocrx_word' id='word_1_413' title='bbox 3664 3119 3839 3170; x_wconf 88' lang='lat' dir='ltr'><strong>certum</strong></span> 
     </span>
     <span class='ocr_line' id='line_1_34' title="bbox 974 3200 3821 3227; baseline 0 0"><span class='ocrx_word' id='word_1_414' title='bbox 974 3200 1309 3227; x_wconf 57' lang='grc' dir='ltr'><strong>Ᾰηωιηκι...κ</strong></span> <span class='ocrx_word' id='word_1_415' title='bbox 1353 3205 1694 3227; x_wconf 65' lang='grc' dir='ltr'><strong>Αλ....ν..·..,.4....</strong></span> <span class='ocrx_word' id='word_1_416' title='bbox 2327 3222 2337 3227; x_wconf 81' lang='grc'><strong>-</strong></span> <span class='ocrx_word' id='word_1_417' title='bbox 2377 3222 2386 3227; x_wconf 85' lang='grc'>.</span> <span class='ocrx_word' id='word_1_418' title='bbox 2477 3222 2485 3227; x_wconf 89' lang='grc'>.</span> <span class='ocrx_word' id='word_1_419' title='bbox 2626 3216 2638 3227; x_wconf 74' lang='grc' dir='ltr'>ι</span> <span class='ocrx_word' id='word_1_420' title='bbox 2700 3215 2714 3227; x_wconf 71' lang='grc' dir='ltr'><strong>ι.</strong></span> <span class='ocrx_word' id='word_1_421' title='bbox 2829 3215 2839 3226; x_wconf 85' lang='grc'><strong>.</strong></span> <span class='ocrx_word' id='word_1_422' title='bbox 2933 3214 2943 3224; x_wconf 81' lang='grc'><strong>.</strong></span> <span class='ocrx_word' id='word_1_423' title='bbox 3120 3212 3136 3227; x_wconf 64' lang='grc' dir='ltr'><strong>τ</strong></span> <span class='ocrx_word' id='word_1_424' title='bbox 3434 3212 3472 3227; x_wconf 73' lang='grc' dir='ltr'><strong>ιο</strong></span> <span class='ocrx_word' id='word_1_425' title='bbox 3591 3226 3596 3227; x_wconf 62' lang='lat'><strong><em>,</em></strong></span> <span class='ocrx_word' id='word_1_426' title='bbox 3676 3206 3821 3227; x_wconf 66' lang='lat' dir='ltr'><strong>_,_’J_12</strong></span> 
     </span>
    </p>
   </div>
   <div class='ocr_carea' id='block_1_33' title="bbox 971 3200 3840 3284">
    <p class='ocr_par' dir='ltr' id='par_1_33' title="bbox 971 3200 3840 3284">
     <span class='ocr_line' id='line_1_35' title="bbox 971 3200 3840 3284; baseline -0.003 -14"><span class='ocrx_word' id='word_1_427' title='bbox 971 3200 1313 3270; x_wconf 63' lang='grc' dir='ltr'><strong>άεευηῖΡίιιηῑ</strong></span> <span class='ocrx_word' id='word_1_428' title='bbox 1349 3205 1711 3256; x_wconf 47' lang='lat' dir='ltr'><strong>examinata“</strong></span> <span class='ocrx_word' id='word_1_429' title='bbox 2183 3200 2236 3227; x_wconf 66' lang='grc' dir='ltr'>υ</span> <span class='ocrx_word' id='word_1_430' title='bbox 2260 3222 2346 3272; x_wconf 91' lang='lat' dir='ltr'><strong>est</strong></span> <span class='ocrx_word' id='word_1_431' title='bbox 2375 3222 2557 3270; x_wconf 91' lang='lat' dir='ltr'><strong>tantas</strong></span> <span class='ocrx_word' id='word_1_432' title='bbox 2594 3215 2780 3270; x_wconf 90' lang='lat' dir='ltr'><strong>clades</strong></span> <span class='ocrx_word' id='word_1_433' title='bbox 2825 3215 2885 3268; x_wconf 92' lang='lat' dir='ltr'><strong>in</strong></span> <span class='ocrx_word' id='word_1_434' title='bbox 2930 3212 3356 3284; x_wconf 89' lang='lat' dir='ltr'><strong>improborum,</strong></span> <span class='ocrx_word' id='word_1_435' title='bbox 3391 3212 3476 3266; x_wconf 92' lang='lat' dir='ltr'><strong>uti</strong></span> <span class='ocrx_word' id='word_1_436' title='bbox 3517 3226 3642 3266; x_wconf 92' lang='lat' dir='ltr'><strong>mox</strong></span> <span class='ocrx_word' id='word_1_437' title='bbox 3675 3206 3840 3263; x_wconf 82' lang='lat' dir='ltr'><strong>videbi-</strong></span> 
     </span>
    </p>
   </div>
   <div class='ocr_carea' id='block_1_34' title="bbox 598 3303 3409 3378">
    <p class='ocr_par' dir='ltr' id='par_1_34' title="bbox 598 3303 3409 3378">
     <span class='ocr_line' id='line_1_36' title="bbox 598 3303 3409 3378; baseline 0.001 -22"><span class='ocrx_word' id='word_1_438' title='bbox 598 3303 856 3360; x_wconf 85' lang='lat' dir='ltr'><strong>Vidimus</strong></span> <span class='ocrx_word' id='word_1_439' title='bbox 884 3305 944 3360; x_wconf 92' lang='lat' dir='ltr'><strong>in</strong></span> <span class='ocrx_word' id='word_1_440' title='bbox 991 3307 1380 3378; x_wconf 83' lang='lat' dir='ltr'><strong>superioribus</strong></span> <span class='ocrx_word' id='word_1_441' title='bbox 1423 3307 1628 3362; x_wconf 89' lang='lat' dir='ltr'><strong>nostris</strong></span> <span class='ocrx_word' id='word_1_442' title='bbox 1667 3308 2158 3365; x_wconf 90' lang='lat' dir='ltr'><strong>dissertationibus</strong></span> <span class='ocrx_word' id='word_1_443' title='bbox 2259 3326 2409 3377; x_wconf 90' lang='lat' dir='ltr'><strong>mus,</strong></span> <span class='ocrx_word' id='word_1_444' title='bbox 2441 3309 2750 3364; x_wconf 88' lang='lat' dir='ltr'><strong>hominum</strong></span> <span class='ocrx_word' id='word_1_445' title='bbox 2781 3307 3047 3362; x_wconf 91' lang='lat' dir='ltr'><strong>accidisse</strong></span> <span class='ocrx_word' id='word_1_446' title='bbox 3077 3305 3409 3361; x_wconf 88' lang='lat' dir='ltr'><strong>vindictam.</strong></span> 
     </span>
    </p>
   </div>
   <div class='ocr_carea' id='block_1_35' title="bbox 529 3393 3837 3473">
    <p class='ocr_par' dir='ltr' id='par_1_35' title="bbox 529 3393 3837 3473">
     <span class='ocr_line' id='line_1_37' title="bbox 529 3393 3837 3473; baseline -0.001 -22"><span class='ocrx_word' id='word_1_447' title='bbox 529 3413 704 3467; x_wconf 88' lang='lat' dir='ltr'><strong>quam</strong></span> <span class='ocrx_word' id='word_1_448' title='bbox 731 3415 884 3470; x_wconf 75' lang='lat' dir='ltr'><strong>saepe</strong></span> <span class='ocrx_word' id='word_1_449' title='bbox 913 3401 971 3453; x_wconf 89' lang='lat' dir='ltr'><strong>et</strong></span> <span class='ocrx_word' id='word_1_450' title='bbox 997 3399 1368 3470; x_wconf 85' lang='lat' dir='ltr'><strong>impudenter</strong></span> <span class='ocrx_word' id='word_1_451' title='bbox 1392 3401 1603 3456; x_wconf 87' lang='lat' dir='ltr'><strong>ethnici</strong></span> <span class='ocrx_word' id='word_1_452' title='bbox 1637 3402 1950 3472; x_wconf 87' lang='lat' dir='ltr'><strong>objecerint</strong></span> <span class='ocrx_word' id='word_1_453' title='bbox 1977 3404 2159 3458; x_wconf 86' lang='lat' dir='ltr'><strong>Chris-</strong></span> <span class='ocrx_word' id='word_1_454' title='bbox 2330 3403 2450 3456; x_wconf 90' lang='lat' dir='ltr'><strong>Non</strong></span> <span class='ocrx_word' id='word_1_455' title='bbox 2481 3401 2787 3473; x_wconf 86' lang='lat' dir='ltr'><strong>singularis</strong></span> <span class='ocrx_word' id='word_1_456' title='bbox 2828 3416 2997 3472; x_wconf 89' lang='lat' dir='ltr'><strong>porro</strong></span> <span class='ocrx_word' id='word_1_457' title='bbox 3040 3399 3150 3455; x_wconf 88' lang='lat' dir='ltr'><strong>fuit</strong></span> <span class='ocrx_word' id='word_1_458' title='bbox 3189 3398 3468 3472; x_wconf 81' lang='lat' dir='ltr'><strong>Cypriani</strong></span> <span class='ocrx_word' id='word_1_459' title='bbox 3514 3397 3582 3452; x_wconf 92' lang='lat' dir='ltr'><strong>de</strong></span> <span class='ocrx_word' id='word_1_460' title='bbox 3625 3393 3837 3468; x_wconf 87' lang='lat' dir='ltr'><strong>proximo</strong></span> 
     </span>
    </p>
   </div>
   <div class='ocr_carea' id='block_1_36' title="bbox 528 3490 3839 3569">
    <p class='ocr_par' dir='ltr' id='par_1_36' title="bbox 528 3490 3839 3569">
     <span class='ocr_line' id='line_1_38' title="bbox 528 3490 3839 3569; baseline -0.001 -25"><span class='ocrx_word' id='word_1_461' title='bbox 528 3490 712 3545; x_wconf 89' lang='lat' dir='ltr'><strong>tianos</strong></span> <span class='ocrx_word' id='word_1_462' title='bbox 766 3491 1126 3562; x_wconf 90' lang='lat' dir='ltr'><strong>publicarum</strong></span> <span class='ocrx_word' id='word_1_463' title='bbox 1173 3493 1433 3548; x_wconf 92' lang='lat' dir='ltr'><strong>omnium</strong></span> <span class='ocrx_word' id='word_1_464' title='bbox 1487 3494 1892 3564; x_wconf 87' lang='lat' dir='ltr'><strong>calamitatum,</strong></span> <span class='ocrx_word' id='word_1_465' title='bbox 1946 3497 2158 3569; x_wconf 89' lang='lat' dir='ltr'><strong>quibus</strong></span> <span class='ocrx_word' id='word_1_466' title='bbox 2257 3495 2462 3552; x_wconf 89' lang='lat' dir='ltr'><strong>mundi</strong></span> <span class='ocrx_word' id='word_1_467' title='bbox 2486 3495 2598 3550; x_wconf 77' lang='lat' dir='ltr'><strong>line</strong></span> <span class='ocrx_word' id='word_1_468' title='bbox 2623 3494 2924 3562; x_wconf 89' lang='lat' dir='ltr'><strong>sententia,</strong></span> <span class='ocrx_word' id='word_1_469' title='bbox 2949 3493 3048 3549; x_wconf 90' lang='lat' dir='ltr'><strong>sed</strong></span> <span class='ocrx_word' id='word_1_470' title='bbox 3067 3493 3175 3564; x_wconf 91' lang='lat' dir='ltr'><strong>ipsi</strong></span> <span class='ocrx_word' id='word_1_471' title='bbox 3196 3509 3326 3548; x_wconf 90' lang='lat' dir='ltr'><strong>cum</strong></span> <span class='ocrx_word' id='word_1_472' title='bbox 3349 3491 3478 3547; x_wconf 89' lang='lat' dir='ltr'><strong>aliis</strong></span> <span class='ocrx_word' id='word_1_473' title='bbox 3503 3491 3839 3547; x_wconf 70' lang='lat' dir='ltr'><strong>diversazaeta-</strong></span> 
     </span>
    </p>
   </div>
   <div class='ocr_carea' id='block_1_37' title="bbox 524 3583 3842 3662">
    <p class='ocr_par' dir='ltr' id='par_1_37' title="bbox 524 3583 3842 3662">
     <span class='ocr_line' id='line_1_39' title="bbox 524 3583 3842 3662; baseline -0.001 -25"><span class='ocrx_word' id='word_1_474' title='bbox 524 3583 778 3639; x_wconf 89' lang='lat' dir='ltr'><strong>mundus</strong></span> <span class='ocrx_word' id='word_1_475' title='bbox 822 3585 1150 3653; x_wconf 87' lang='lat' dir='ltr'><strong>vexabatur,</strong></span> <span class='ocrx_word' id='word_1_476' title='bbox 1199 3587 1328 3642; x_wconf 90' lang='lat' dir='ltr'><strong>ideo</strong></span> <span class='ocrx_word' id='word_1_477' title='bbox 1371 3603 1494 3642; x_wconf 90' lang='lat' dir='ltr'><strong>esse</strong></span> <span class='ocrx_word' id='word_1_478' title='bbox 1543 3604 1797 3658; x_wconf 90' lang='lat' dir='ltr'><strong>causam,</strong></span> <span class='ocrx_word' id='word_1_479' title='bbox 1847 3590 1977 3662; x_wconf 89' lang='lat' dir='ltr'><strong>quia</strong></span> <span class='ocrx_word' id='word_1_480' title='bbox 2026 3591 2154 3648; x_wconf 92' lang='lat' dir='ltr'><strong>illo-</strong></span> <span class='ocrx_word' id='word_1_481' title='bbox 2256 3591 2329 3644; x_wconf 92' lang='lat' dir='ltr'><strong>tis</strong></span> <span class='ocrx_word' id='word_1_482' title='bbox 2379 3588 2642 3644; x_wconf 89' lang='lat' dir='ltr'><strong>Patribus</strong></span> <span class='ocrx_word' id='word_1_483' title='bbox 2704 3588 3050 3643; x_wconf 89' lang='lat' dir='ltr'><strong>communis.</strong></span> <span class='ocrx_word' id='word_1_484' title='bbox 3100 3587 3426 3641; x_wconf 85' lang='lat' dir='ltr'><strong>Lactantius</strong></span> <span class='ocrx_word' id='word_1_485' title='bbox 3487 3585 3753 3640; x_wconf 82' lang='lat' dir='ltr'><strong>enimvero</strong></span> <span class='ocrx_word' id='word_1_486' title='bbox 3799 3584 3842 3635; x_wconf 82' lang='lat' dir='ltr'><strong>et</strong></span> 
     </span>
    </p>
   </div>
   <div class='ocr_carea' id='block_1_38' title="bbox 522 3678 3838 3754">
    <p class='ocr_par' dir='ltr' id='par_1_38' title="bbox 522 3678 3838 3754">
     <span class='ocr_line' id='line_1_40' title="bbox 522 3678 3838 3754; baseline -0.001 -22"><span class='ocrx_word' id='word_1_487' title='bbox 522 3693 654 3732; x_wconf 91' lang='lat' dir='ltr'><strong>rum</strong></span> <span class='ocrx_word' id='word_1_488' title='bbox 698 3678 836 3733; x_wconf 91' lang='lat' dir='ltr'><strong>deos</strong></span> <span class='ocrx_word' id='word_1_489' title='bbox 881 3695 996 3733; x_wconf 91' lang='lat' dir='ltr'><strong>non</strong></span> <span class='ocrx_word' id='word_1_490' title='bbox 1045 3680 1464 3736; x_wconf 73' lang='lat' dir='ltr'><strong>venerat-antur</strong></span> <span class='ocrx_word' id='word_1_491' title='bbox 1504 3683 1808 3752; x_wconf 85' lang='lat' dir='ltr'><strong>(Dissertat.</strong></span> <span class='ocrx_word' id='word_1_492' title='bbox 1851 3686 1908 3739; x_wconf 85' lang='lat' dir='ltr'><strong>in</strong></span> <span class='ocrx_word' id='word_1_493' title='bbox 1951 3686 2153 3740; x_wconf 81' lang='lat' dir='ltr'><strong>Arnob.</strong></span> <span class='ocrx_word' id='word_1_494' title='bbox 2259 3683 2357 3738; x_wconf 88' lang='lat' dir='ltr'><strong>alii</strong></span> <span class='ocrx_word' id='word_1_495' title='bbox 2396 3681 2656 3754; x_wconf 90' lang='lat' dir='ltr'><strong>plurimi,</strong></span> <span class='ocrx_word' id='word_1_496' title='bbox 2690 3687 2751 3736; x_wconf 90' lang='lat' dir='ltr'><strong>ut</strong></span> <span class='ocrx_word' id='word_1_497' title='bbox 2779 3697 2881 3736; x_wconf 90' lang='lat' dir='ltr'><strong>suo</strong></span> <span class='ocrx_word' id='word_1_498' title='bbox 2917 3681 3040 3735; x_wconf 93' lang='lat' dir='ltr'><strong>loco</strong></span> <span class='ocrx_word' id='word_1_499' title='bbox 3071 3680 3522 3747; x_wconf 88' lang='lat' dir='ltr'><strong>observavimus,</strong></span> <span class='ocrx_word' id='word_1_500' title='bbox 3552 3690 3838 3749; x_wconf 76' lang='lat' dir='ltr'><strong>persuasum</strong></span> 
     </span>
    </p>
   </div>
   <div class='ocr_carea' id='block_1_39' title="bbox 524 3769 3838 3847">
    <p class='ocr_par' dir='ltr' id='par_1_39' title="bbox 524 3769 3838 3847">
     <span class='ocr_line' id='line_1_41' title="bbox 524 3769 3838 3847; baseline -0.002 -21"><span class='ocrx_word' id='word_1_501' title='bbox 524 3787 647 3842; x_wconf 90' lang='lat' dir='ltr'><strong>cap.</strong></span> <span class='ocrx_word' id='word_1_502' title='bbox 699 3774 751 3840; x_wconf 89' lang='lat'><strong>6,</strong></span> <span class='ocrx_word' id='word_1_503' title='bbox 799 3775 910 3827; x_wconf 89' lang='lat' dir='ltr'><strong>art.</strong></span> <span class='ocrx_word' id='word_1_504' title='bbox 965 3776 986 3828; x_wconf 93' lang='grc'><strong>1</strong></span> <span class='ocrx_word' id='word_1_505' title='bbox 1041 3789 1222 3846; x_wconf 83' lang='lat' dir='ltr'><strong>seqq;</strong></span> <span class='ocrx_word' id='word_1_506' title='bbox 1276 3777 1336 3829; x_wconf 85' lang='lat' dir='ltr'><strong>in</strong></span> <span class='ocrx_word' id='word_1_507' title='bbox 1389 3777 1612 3830; x_wconf 86' lang='lat' dir='ltr'><strong>Tertull.</strong></span> <span class='ocrx_word' id='word_1_508' title='bbox 1661 3793 1784 3847; x_wconf 91' lang='lat' dir='ltr'><strong>cap.</strong></span> <span class='ocrx_word' id='word_1_509' title='bbox 1831 3779 1921 3844; x_wconf 85' lang='lat'><strong>23,</strong></span> <span class='ocrx_word' id='word_1_510' title='bbox 1963 3781 2071 3832; x_wconf 90' lang='lat' dir='ltr'><strong>art.</strong></span> <span class='ocrx_word' id='word_1_511' title='bbox 2126 3781 2148 3832; x_wconf 87' lang='grc'><strong>1</strong></span> <span class='ocrx_word' id='word_1_512' title='bbox 2256 3776 2585 3831; x_wconf 88' lang='lat' dir='ltr'><strong>habuerunt</strong></span> <span class='ocrx_word' id='word_1_513' title='bbox 2628 3775 2748 3830; x_wconf 78' lang='lat' dir='ltr'><strong>fore</strong></span> <span class='ocrx_word' id='word_1_514' title='bbox 2795 3777 2861 3830; x_wconf 92' lang='lat' dir='ltr'><strong>ut</strong></span> <span class='ocrx_word' id='word_1_515' title='bbox 2903 3776 3053 3828; x_wconf 89' lang='lat' dir='ltr'><strong>totus</strong></span> <span class='ocrx_word' id='word_1_516' title='bbox 3093 3773 3344 3828; x_wconf 89' lang='lat' dir='ltr'><strong>mundus</strong></span> <span class='ocrx_word' id='word_1_517' title='bbox 3393 3772 3615 3844; x_wconf 91' lang='lat' dir='ltr'><strong>expleto</strong></span> <span class='ocrx_word' id='word_1_518' title='bbox 3651 3771 3711 3825; x_wconf 90' lang='lat' dir='ltr'><strong>ab</strong></span> <span class='ocrx_word' id='word_1_519' title='bbox 3747 3769 3838 3839; x_wconf 84' lang='lat' dir='ltr'><strong>ejus</strong></span> 
     </span>
    </p>
   </div>
   <div class='ocr_carea' id='block_1_40' title="bbox 526 3864 3836 3936">
    <p class='ocr_par' dir='ltr' id='par_1_40' title="bbox 526 3864 3836 3936">
     <span class='ocr_line' id='line_1_42' title="bbox 526 3864 3836 3936; baseline -0.002 -17"><span class='ocrx_word' id='word_1_520' title='bbox 526 3864 733 3936; x_wconf 84' lang='lat' dir='ltr'><strong>seqq.).</strong></span> <span class='ocrx_word' id='word_1_521' title='bbox 766 3864 1032 3930; x_wconf 86' lang='lat' dir='ltr'><strong>Quamvis</strong></span> <span class='ocrx_word' id='word_1_522' title='bbox 1067 3872 1260 3922; x_wconf 90' lang='lat' dir='ltr'><strong>autem</strong></span> <span class='ocrx_word' id='word_1_523' title='bbox 1308 3867 1472 3922; x_wconf 91' lang='lat' dir='ltr'><strong>toties</strong></span> <span class='ocrx_word' id='word_1_524' title='bbox 1514 3868 1723 3924; x_wconf 89' lang='lat' dir='ltr'><strong>insulsa</strong></span> <span class='ocrx_word' id='word_1_525' title='bbox 1763 3869 1857 3923; x_wconf 89' lang='lat' dir='ltr'><strong>illa</strong></span> <span class='ocrx_word' id='word_1_526' title='bbox 1891 3869 2157 3926; x_wconf 90' lang='lat' dir='ltr'><strong>crimina-</strong></span> <span class='ocrx_word' id='word_1_527' title='bbox 2257 3875 2388 3925; x_wconf 90' lang='lat' dir='ltr'><strong>ortu</strong></span> <span class='ocrx_word' id='word_1_528' title='bbox 2431 3885 2524 3925; x_wconf 90' lang='lat' dir='ltr'><strong>sex</strong></span> <span class='ocrx_word' id='word_1_529' title='bbox 2573 3869 2822 3924; x_wconf 90' lang='lat' dir='ltr'><strong>millium</strong></span> <span class='ocrx_word' id='word_1_530' title='bbox 2864 3883 3148 3922; x_wconf 90' lang='lat' dir='ltr'><strong>annorum</strong></span> <span class='ocrx_word' id='word_1_531' title='bbox 3187 3883 3435 3922; x_wconf 87' lang='lat' dir='ltr'><strong>numero</strong></span> <span class='ocrx_word' id='word_1_532' title='bbox 3479 3866 3836 3922; x_wconf 87' lang='lat' dir='ltr'><strong>destrueretur.</strong></span> 
     </span>
    </p>
   </div>
   <div class='ocr_carea' id='block_1_41' title="bbox 524 3955 3837 4031">
    <p class='ocr_par' dir='ltr' id='par_1_41' title="bbox 524 3955 3837 4031">
     <span class='ocr_line' id='line_1_43' title="bbox 524 3955 3837 4031; baseline -0.001 -19"><span class='ocrx_word' id='word_1_533' title='bbox 524 3958 636 4027; x_wconf 91' lang='lat' dir='ltr'><strong>tio,</strong></span> <span class='ocrx_word' id='word_1_534' title='bbox 687 3957 757 4014; x_wconf 92' lang='lat' dir='ltr'><strong>ab</strong></span> <span class='ocrx_word' id='word_1_535' title='bbox 817 3959 1110 4030; x_wconf 90' lang='lat' dir='ltr'><strong>religionis</strong></span> <span class='ocrx_word' id='word_1_536' title='bbox 1175 3967 1380 4015; x_wconf 64' lang='lat' dir='ltr'><strong>nostra:</strong></span> <span class='ocrx_word' id='word_1_537' title='bbox 1441 3961 1833 4018; x_wconf 83' lang='lat' dir='ltr'><strong>defensoribus</strong></span> <span class='ocrx_word' id='word_1_538' title='bbox 1899 3963 2156 4019; x_wconf 84' lang='lat' dir='ltr'><strong>funditus</strong></span> <span class='ocrx_word' id='word_1_539' title='bbox 2255 3962 2364 4018; x_wconf 84' lang='lat' dir='ltr'><strong>Alii</strong></span> <span class='ocrx_word' id='word_1_540' title='bbox 2394 3970 2607 4030; x_wconf 90' lang='lat' dir='ltr'><strong>autem,</strong></span> <span class='ocrx_word' id='word_1_541' title='bbox 2644 3961 2808 4016; x_wconf 88' lang='lat' dir='ltr'><strong>sicuti</strong></span> <span class='ocrx_word' id='word_1_542' title='bbox 2850 3961 3252 4029; x_wconf 89' lang='lat' dir='ltr'><strong>Tertullianus,</strong></span> <span class='ocrx_word' id='word_1_543' title='bbox 3297 3959 3584 4031; x_wconf 90' lang='lat' dir='ltr'><strong>putabant</strong></span> <span class='ocrx_word' id='word_1_544' title='bbox 3619 3955 3837 4012; x_wconf 86' lang='lat' dir='ltr'><strong>eamdem</strong></span> 
     </span>
    </p>
   </div>
   <div class='ocr_carea' id='block_1_42' title="bbox 524 4050 3834 4128">
    <p class='ocr_par' dir='ltr' id='par_1_42' title="bbox 524 4050 3834 4128">
     <span class='ocr_line' id='line_1_44' title="bbox 524 4050 3834 4128; baseline -0.001 -22"><span class='ocrx_word' id='word_1_545' title='bbox 524 4067 718 4111; x_wconf 88' lang='lat' dir='ltr'><strong>eversa</strong></span> <span class='ocrx_word' id='word_1_546' title='bbox 746 4051 938 4119; x_wconf 89' lang='lat' dir='ltr'><strong>fuerit,</strong></span> <span class='ocrx_word' id='word_1_547' title='bbox 975 4053 1194 4124; x_wconf 88' lang='lat' dir='ltr'><strong>quoties</strong></span> <span class='ocrx_word' id='word_1_548' title='bbox 1233 4054 1303 4109; x_wconf 89' lang='lat' dir='ltr'><strong>ab</strong></span> <span class='ocrx_word' id='word_1_549' title='bbox 1345 4054 1554 4109; x_wconf 90' lang='lat' dir='ltr'><strong>iisdem</strong></span> <span class='ocrx_word' id='word_1_550' title='bbox 1594 4055 1837 4110; x_wconf 86' lang='lat' dir='ltr'><strong>ethnicis</strong></span> <span class='ocrx_word' id='word_1_551' title='bbox 1875 4058 2152 4128; x_wconf 87' lang='lat' dir='ltr'><strong>repetita;</strong></span> <span class='ocrx_word' id='word_1_552' title='bbox 2255 4056 2540 4112; x_wconf 86' lang='lat' dir='ltr'><strong>foreillius</strong></span> <span class='ocrx_word' id='word_1_553' title='bbox 2557 4059 2727 4127; x_wconf 87' lang='lat' dir='ltr'><strong>atque</strong></span> <span class='ocrx_word' id='word_1_554' title='bbox 2747 4053 3613 4125; x_wconf 84' lang='lat' dir='ltr'><strong>Romaniimperiiruinam.Alii</strong></span> <span class='ocrx_word' id='word_1_555' title='bbox 3628 4050 3834 4112; x_wconf 87' lang='lat' dir='ltr'><strong>tandem,</strong></span> 
     </span>
    </p>
   </div>
   <div class='ocr_carea' id='block_1_43' title="bbox 522 4143 3836 4220">
    <p class='ocr_par' dir='ltr' id='par_1_43' title="bbox 522 4143 3836 4220">
     <span class='ocr_line' id='line_1_45' title="bbox 522 4143 3836 4220; baseline -0.002 -20"><span class='ocrx_word' id='word_1_556' title='bbox 522 4144 955 4200; x_wconf 88' lang='lat' dir='ltr'><strong>Demetrianum</strong></span> <span class='ocrx_word' id='word_1_557' title='bbox 1000 4149 1191 4201; x_wconf 91' lang='lat' dir='ltr'><strong>tamen</strong></span> <span class='ocrx_word' id='word_1_558' title='bbox 1225 4147 1479 4218; x_wconf 89' lang='lat' dir='ltr'><strong>aliosque</strong></span> <span class='ocrx_word' id='word_1_559' title='bbox 1518 4165 1634 4204; x_wconf 93' lang='lat' dir='ltr'><strong>non</strong></span> <span class='ocrx_word' id='word_1_560' title='bbox 1663 4148 1868 4220; x_wconf 91' lang='lat' dir='ltr'><strong>puduit</strong></span> <span class='ocrx_word' id='word_1_561' title='bbox 1905 4166 2033 4205; x_wconf 91' lang='lat' dir='ltr'><strong>eam</strong></span> <span class='ocrx_word' id='word_1_562' title='bbox 2063 4167 2152 4205; x_wconf 84' lang='lat' dir='ltr'><strong>re-</strong></span> <span class='ocrx_word' id='word_1_563' title='bbox 2253 4153 2318 4205; x_wconf 91' lang='lat' dir='ltr'><strong>ut</strong></span> <span class='ocrx_word' id='word_1_564' title='bbox 2347 4147 2676 4204; x_wconf 87' lang='lat' dir='ltr'><strong>Ambrosius</strong></span> <span class='ocrx_word' id='word_1_565' title='bbox 2702 4153 2758 4203; x_wconf 88' lang='lat' dir='ltr'><strong>et</strong></span> <span class='ocrx_word' id='word_1_566' title='bbox 2783 4147 3090 4219; x_wconf 90' lang='lat' dir='ltr'><strong>Gregorius</strong></span> <span class='ocrx_word' id='word_1_567' title='bbox 3120 4149 3377 4219; x_wconf 87' lang='lat' dir='ltr'><strong>Magnus,</strong></span> <span class='ocrx_word' id='word_1_568' title='bbox 3402 4143 3836 4218; x_wconf 90' lang='lat' dir='ltr'><strong>quemadmodum</strong></span> 
     </span>
    </p>
   </div>
   <div class='ocr_carea' id='block_1_44' title="bbox 523 4237 3836 4315">
    <p class='ocr_par' dir='ltr' id='par_1_44' title="bbox 523 4237 3836 4315">
     <span class='ocr_line' id='line_1_46' title="bbox 523 4237 3836 4315; baseline -0.002 -23"><span class='ocrx_word' id='word_1_569' title='bbox 523 4237 875 4309; x_wconf 90' lang='lat' dir='ltr'><strong>dintegrare,</strong></span> <span class='ocrx_word' id='word_1_570' title='bbox 905 4255 1036 4294; x_wconf 90' lang='lat' dir='ltr'><strong>cum</strong></span> <span class='ocrx_word' id='word_1_571' title='bbox 1078 4240 1344 4311; x_wconf 85' lang='lat' dir='ltr'><strong>Cypriani</strong></span> <span class='ocrx_word' id='word_1_572' title='bbox 1389 4243 1566 4297; x_wconf 90' lang='lat' dir='ltr'><strong>nostri</strong></span> <span class='ocrx_word' id='word_1_573' title='bbox 1596 4246 1855 4312; x_wconf 88' lang='lat' dir='ltr'><strong>tempore</strong></span> <span class='ocrx_word' id='word_1_574' title='bbox 1900 4245 2152 4299; x_wconf 88' lang='lat' dir='ltr'><strong>mundus</strong></span> <span class='ocrx_word' id='word_1_575' title='bbox 2253 4243 2567 4315; x_wconf 89' lang='lat' dir='ltr'><strong>Cyprianus</strong></span> <span class='ocrx_word' id='word_1_576' title='bbox 2597 4244 2812 4311; x_wconf 87' lang='lat' dir='ltr'><strong>noster,</strong></span> <span class='ocrx_word' id='word_1_577' title='bbox 2841 4241 3226 4313; x_wconf 63' lang='lat' dir='ltr'><strong>praedicabant</strong></span> <span class='ocrx_word' id='word_1_578' title='bbox 3266 4241 3442 4296; x_wconf 89' lang='lat' dir='ltr'><strong>toties</strong></span> <span class='ocrx_word' id='word_1_579' title='bbox 3481 4238 3674 4294; x_wconf 90' lang='lat' dir='ltr'><strong>mundi</strong></span> <span class='ocrx_word' id='word_1_580' title='bbox 3700 4237 3836 4290; x_wconf 79' lang='lat' dir='ltr'><strong>linem</strong></span> 
     </span>
    </p>
   </div>
   <div class='ocr_carea' id='block_1_45' title="bbox 522 4326 3836 4408">
    <p class='ocr_par' dir='ltr' id='par_1_45' title="bbox 522 4326 3836 4408">
     <span class='ocr_line' id='line_1_47' title="bbox 522 4326 3836 4408; baseline -0.001 -23"><span class='ocrx_word' id='word_1_581' title='bbox 522 4330 753 4401; x_wconf 90' lang='lat' dir='ltr'><strong>triplici,</strong></span> <span class='ocrx_word' id='word_1_582' title='bbox 783 4331 921 4386; x_wconf 90' lang='lat' dir='ltr'><strong>belli</strong></span> <span class='ocrx_word' id='word_1_583' title='bbox 959 4331 1146 4399; x_wconf 88' lang='lat' dir='ltr'><strong>famis,</strong></span> <span class='ocrx_word' id='word_1_584' title='bbox 1179 4338 1236 4387; x_wconf 90' lang='lat' dir='ltr'><strong>et</strong></span> <span class='ocrx_word' id='word_1_585' title='bbox 1278 4334 1582 4389; x_wconf 87' lang='lat' dir='ltr'><strong>horrendae</strong></span> <span class='ocrx_word' id='word_1_586' title='bbox 1623 4337 1797 4406; x_wconf 90' lang='lat' dir='ltr'><strong>pestis</strong></span> <span class='ocrx_word' id='word_1_587' title='bbox 1837 4337 2000 4392; x_wconf 90' lang='lat' dir='ltr'><strong>clade</strong></span> <span class='ocrx_word' id='word_1_588' title='bbox 2033 4354 2154 4408; x_wconf 90' lang='lat' dir='ltr'><strong>pre-</strong></span> <span class='ocrx_word' id='word_1_589' title='bbox 2253 4337 2578 4406; x_wconf 88' lang='lat' dir='ltr'><strong>imminere,</strong></span> <span class='ocrx_word' id='word_1_590' title='bbox 2632 4335 2855 4407; x_wconf 89' lang='lat' dir='ltr'><strong>quoties</strong></span> <span class='ocrx_word' id='word_1_591' title='bbox 2902 4334 3144 4406; x_wconf 91' lang='lat' dir='ltr'><strong>publicis</strong></span> <span class='ocrx_word' id='word_1_592' title='bbox 3188 4335 3376 4402; x_wconf 88' lang='lat' dir='ltr'><strong>famis,</strong></span> <span class='ocrx_word' id='word_1_593' title='bbox 3421 4333 3614 4406; x_wconf 87' lang='lat' dir='ltr'><strong>pestis,</strong></span> <span class='ocrx_word' id='word_1_594' title='bbox 3658 4334 3710 4386; x_wconf 89' lang='lat' dir='ltr'><strong>et</strong></span> <span class='ocrx_word' id='word_1_595' title='bbox 3744 4326 3836 4382; x_wconf 85' lang='lat' dir='ltr'><strong>aliis</strong></span> 
     </span>
    </p>
   </div>
   <div class='ocr_carea' id='block_1_46' title="bbox 521 4423 3834 4499">
    <p class='ocr_par' dir='ltr' id='par_1_46' title="bbox 521 4423 3834 4499">
     <span class='ocr_line' id='line_1_48' title="bbox 521 4423 3834 4499; baseline 0 -21"><span class='ocrx_word' id='word_1_596' title='bbox 521 4423 810 4480; x_wconf 90' lang='lat' dir='ltr'><strong>mebatur.</strong></span> <span class='ocrx_word' id='word_1_597' title='bbox 841 4425 1157 4496; x_wconf 89' lang='lat' dir='ltr'><strong>Cyprianus</strong></span> <span class='ocrx_word' id='word_1_598' title='bbox 1197 4426 1388 4499; x_wconf 89' lang='lat' dir='ltr'><strong>itaque</strong></span> <span class='ocrx_word' id='word_1_599' title='bbox 1432 4428 1502 4483; x_wconf 88' lang='lat' dir='ltr'><strong>ad</strong></span> <span class='ocrx_word' id='word_1_600' title='bbox 1543 4445 1638 4484; x_wconf 88' lang='lat' dir='ltr'><strong>eos</strong></span> <span class='ocrx_word' id='word_1_601' title='bbox 1669 4446 1862 4484; x_wconf 91' lang='lat' dir='ltr'><strong>rursus</strong></span> <span class='ocrx_word' id='word_1_602' title='bbox 1888 4431 2153 4486; x_wconf 81' lang='lat' dir='ltr'><strong>refellen-</strong></span> <span class='ocrx_word' id='word_1_603' title='bbox 2252 4428 2716 4486; x_wconf 84' lang='lat' dir='ltr'><strong>extraordinariis</strong></span> <span class='ocrx_word' id='word_1_604' title='bbox 2777 4428 3194 4484; x_wconf 88' lang='lat' dir='ltr'><strong>calamitatibus</strong></span> <span class='ocrx_word' id='word_1_605' title='bbox 3257 4429 3572 4482; x_wconf 79' lang='lat' dir='ltr'><strong>vexabatur</strong></span> <span class='ocrx_word' id='word_1_606' title='bbox 3636 4425 3834 4497; x_wconf 70' lang='lat' dir='ltr'><strong>(Dissert-</strong></span> 
     </span>
    </p>
   </div>
   <div class='ocr_carea' id='block_1_47' title="bbox 521 4515 3832 4594">
    <p class='ocr_par' dir='ltr' id='par_1_47' title="bbox 521 4515 3832 4594">
     <span class='ocr_line' id='line_1_49' title="bbox 521 4515 3832 4594; baseline -0 -23"><span class='ocrx_word' id='word_1_607' title='bbox 521 4517 623 4572; x_wconf 92' lang='lat' dir='ltr'><strong>dos</strong></span> <span class='ocrx_word' id='word_1_608' title='bbox 668 4518 842 4586; x_wconf 92' lang='lat' dir='ltr'><strong>hunc,</strong></span> <span class='ocrx_word' id='word_1_609' title='bbox 899 4519 982 4573; x_wconf 90' lang='lat' dir='ltr'><strong>uti</strong></span> <span class='ocrx_word' id='word_1_610' title='bbox 1038 4520 1462 4590; x_wconf 86' lang='lat' dir='ltr'><strong>adnotavimus,</strong></span> <span class='ocrx_word' id='word_1_611' title='bbox 1514 4523 1874 4578; x_wconf 88' lang='lat' dir='ltr'><strong>conscribere</strong></span> <span class='ocrx_word' id='word_1_612' title='bbox 1940 4515 2311 4588; x_wconf 88' lang='lat' dir='ltr'><strong>librumDin</strong></span> <span class='ocrx_word' id='word_1_613' title='bbox 2355 4526 2605 4579; x_wconf 84' lang='lat' dir='ltr'><strong>Lactant.</strong></span> <span class='ocrx_word' id='word_1_614' title='bbox 2651 4539 2778 4594; x_wconf 79' lang='lat' dir='ltr'><strong>cap.</strong></span> <span class='ocrx_word' id='word_1_615' title='bbox 2815 4525 2906 4590; x_wconf 85' lang='lat'><strong>29,</strong></span> <span class='ocrx_word' id='word_1_616' title='bbox 2944 4527 3051 4576; x_wconf 90' lang='lat' dir='ltr'><strong>art.</strong></span> <span class='ocrx_word' id='word_1_617' title='bbox 3079 4523 3142 4591; x_wconf 78' lang='lat'><strong>1;</strong></span> <span class='ocrx_word' id='word_1_618' title='bbox 3184 4527 3240 4576; x_wconf 92' lang='lat' dir='ltr'><strong>et</strong></span> <span class='ocrx_word' id='word_1_619' title='bbox 3267 4523 3326 4575; x_wconf 83' lang='lat' dir='ltr'><strong>in</strong></span> <span class='ocrx_word' id='word_1_620' title='bbox 3375 4521 3598 4576; x_wconf 85' lang='lat' dir='ltr'><strong>Tertull.</strong></span> <span class='ocrx_word' id='word_1_621' title='bbox 3637 4534 3744 4588; x_wconf 89' lang='lat' dir='ltr'><strong>cap.</strong></span> <span class='ocrx_word' id='word_1_622' title='bbox 3769 4515 3832 4578; x_wconf 85' lang='grc'><strong>15,</strong></span> 
     </span>
    </p>
   </div>
   <div class='ocr_carea' id='block_1_48' title="bbox 519 4613 3833 4688">
    <p class='ocr_par' dir='ltr' id='par_1_48' title="bbox 519 4613 3833 4688">
     <span class='ocr_line' id='line_1_50' title="bbox 519 4613 3833 4688; baseline 0.001 -23"><span class='ocrx_word' id='word_1_623' title='bbox 519 4615 741 4678; x_wconf 75' lang='lat' dir='ltr'><strong>coactus</strong></span> <span class='ocrx_word' id='word_1_624' title='bbox 777 4616 881 4667; x_wconf 89' lang='lat' dir='ltr'><strong>est.</strong></span> <span class='ocrx_word' id='word_1_625' title='bbox 928 4613 1069 4676; x_wconf 87' lang='lat' dir='ltr'><strong>Quia</strong></span> <span class='ocrx_word' id='word_1_626' title='bbox 1109 4630 1243 4668; x_wconf 91' lang='lat' dir='ltr'><strong>vero</strong></span> <span class='ocrx_word' id='word_1_627' title='bbox 1282 4631 1484 4670; x_wconf 91' lang='lat' dir='ltr'><strong>eorum</strong></span> <span class='ocrx_word' id='word_1_628' title='bbox 1529 4616 1975 4687; x_wconf 90' lang='lat' dir='ltr'><strong>impudentiam,</strong></span> <span class='ocrx_word' id='word_1_629' title='bbox 2013 4619 2149 4673; x_wconf 88' lang='lat' dir='ltr'><strong>satis</strong></span> <span class='ocrx_word' id='word_1_630' title='bbox 2250 4622 2357 4674; x_wconf 91' lang='lat' dir='ltr'><strong>art.</strong></span> <span class='ocrx_word' id='word_1_631' title='bbox 2415 4620 2446 4674; x_wconf 84' lang='lat'><strong>1</strong></span> <span class='ocrx_word' id='word_1_632' title='bbox 2503 4622 2560 4672; x_wconf 87' lang='lat' dir='ltr'><strong>et</strong></span> <span class='ocrx_word' id='word_1_633' title='bbox 2614 4633 2738 4688; x_wconf 86' lang='lat' dir='ltr'><strong>cap.</strong></span> <span class='ocrx_word' id='word_1_634' title='bbox 2785 4619 2874 4683; x_wconf 87' lang='grc'><strong>21,</strong></span> <span class='ocrx_word' id='word_1_635' title='bbox 2925 4620 3033 4671; x_wconf 89' lang='lat' dir='ltr'><strong>art.</strong></span> <span class='ocrx_word' id='word_1_636' title='bbox 3085 4618 3140 4682; x_wconf 88' lang='grc'><strong>1;</strong></span> <span class='ocrx_word' id='word_1_637' title='bbox 3189 4615 3450 4671; x_wconf 82' lang='lat' dir='ltr'><strong>Ambros.</strong></span> <span class='ocrx_word' id='word_1_638' title='bbox 3495 4614 3588 4668; x_wconf 90' lang='lat' dir='ltr'><strong>lib.</strong></span> <span class='ocrx_word' id='word_1_639' title='bbox 3629 4629 3658 4667; x_wconf 91' lang='lat' dir='ltr'><strong>x</strong></span> <span class='ocrx_word' id='word_1_640' title='bbox 3693 4615 3833 4678; x_wconf 67' lang='lat' dir='ltr'><strong>Empo-</strong></span> 
     </span>
    </p>
   </div>
   <div class='ocr_carea' id='block_1_49' title="bbox 518 4702 3831 4782">
    <p class='ocr_par' dir='ltr' id='par_1_49' title="bbox 518 4702 3831 4782">
     <span class='ocr_line' id='line_1_51' title="bbox 518 4702 3831 4782; baseline -0.002 -24"><span class='ocrx_word' id='word_1_641' title='bbox 518 4721 803 4776; x_wconf 89' lang='lat' dir='ltr'><strong>superque</strong></span> <span class='ocrx_word' id='word_1_642' title='bbox 842 4705 911 4759; x_wconf 91' lang='lat' dir='ltr'><strong>ab</strong></span> <span class='ocrx_word' id='word_1_643' title='bbox 953 4707 1075 4762; x_wconf 90' lang='lat' dir='ltr'><strong>aliis</strong></span> <span class='ocrx_word' id='word_1_644' title='bbox 1116 4709 1426 4779; x_wconf 88' lang='lat' dir='ltr'><strong>repulsam,</strong></span> <span class='ocrx_word' id='word_1_645' title='bbox 1471 4709 1632 4764; x_wconf 90' lang='lat' dir='ltr'><strong>novis</strong></span> <span class='ocrx_word' id='word_1_646' title='bbox 1671 4709 2014 4781; x_wconf 89' lang='lat' dir='ltr'><strong>quibusdam</strong></span> <span class='ocrx_word' id='word_1_647' title='bbox 2058 4729 2147 4766; x_wconf 88' lang='lat' dir='ltr'><strong>ra-</strong></span> <span class='ocrx_word' id='word_1_648' title='bbox 2248 4716 2340 4768; x_wconf 87' lang='lat' dir='ltr'><strong>sit.</strong></span> <span class='ocrx_word' id='word_1_649' title='bbox 2381 4715 2442 4766; x_wconf 87' lang='lat' dir='ltr'><strong>in</strong></span> <span class='ocrx_word' id='word_1_650' title='bbox 2485 4713 2640 4780; x_wconf 89' lang='lat' dir='ltr'><strong>Luc.,</strong></span> <span class='ocrx_word' id='word_1_651' title='bbox 2683 4711 2715 4782; x_wconf 87' lang='lat'>§</span> <span class='ocrx_word' id='word_1_652' title='bbox 2755 4711 2839 4778; x_wconf 89' lang='grc'><strong>10,</strong></span> <span class='ocrx_word' id='word_1_653' title='bbox 2886 4725 3018 4780; x_wconf 89' lang='lat' dir='ltr'><strong>pag.</strong></span> <span class='ocrx_word' id='word_1_654' title='bbox 3063 4711 3236 4776; x_wconf 71' lang='lat'><strong>1506;</strong></span> <span class='ocrx_word' id='word_1_655' title='bbox 3284 4709 3523 4779; x_wconf 83' lang='lat' dir='ltr'><strong>Gregor.</strong></span> <span class='ocrx_word' id='word_1_656' title='bbox 3575 4703 3754 4760; x_wconf 84' lang='lat' dir='ltr'><strong>Homil.</strong></span> <span class='ocrx_word' id='word_1_657' title='bbox 3784 4702 3831 4753; x_wconf 79' lang='lat'><strong>35</strong></span> 
     </span>
    </p>
   </div>
   <div class='ocr_carea' id='block_1_50' title="bbox 521 4797 3830 4876">
    <p class='ocr_par' dir='ltr' id='par_1_50' title="bbox 521 4797 3830 4876">
     <span class='ocr_line' id='line_1_52' title="bbox 521 4797 3830 4876; baseline 0.002 -24"><span class='ocrx_word' id='word_1_658' title='bbox 521 4797 744 4852; x_wconf 91' lang='lat' dir='ltr'><strong>tionum</strong></span> <span class='ocrx_word' id='word_1_659' title='bbox 786 4801 1093 4854; x_wconf 89' lang='lat' dir='ltr'><strong>momentis</strong></span> <span class='ocrx_word' id='word_1_660' title='bbox 1134 4802 1484 4873; x_wconf 90' lang='lat' dir='ltr'><strong>comprimit,</strong></span> <span class='ocrx_word' id='word_1_661' title='bbox 1523 4819 1588 4857; x_wconf 91' lang='lat' dir='ltr'><strong>ea</strong></span> <span class='ocrx_word' id='word_1_662' title='bbox 1613 4820 1764 4858; x_wconf 90' lang='lat' dir='ltr'><strong>nunc</strong></span> <span class='ocrx_word' id='word_1_663' title='bbox 1792 4804 1956 4860; x_wconf 90' lang='lat' dir='ltr'><strong>solito</strong></span> <span class='ocrx_word' id='word_1_664' title='bbox 1992 4821 2150 4862; x_wconf 88' lang='lat' dir='ltr'><strong>more</strong></span> <span class='ocrx_word' id='word_1_665' title='bbox 2249 4809 2310 4861; x_wconf 85' lang='lat' dir='ltr'><strong>in</strong></span> <span class='ocrx_word' id='word_1_666' title='bbox 2336 4806 2598 4874; x_wconf 85' lang='lat' dir='ltr'><strong>Evangel.</strong></span> <span class='ocrx_word' id='word_1_667' title='bbox 2629 4820 2760 4876; x_wconf 89' lang='lat' dir='ltr'><strong>pag.</strong></span> <span class='ocrx_word' id='word_1_668' title='bbox 2809 4803 2988 4873; x_wconf 88' lang='grc'><strong>1612).</strong></span> <span class='ocrx_word' id='word_1_669' title='bbox 3018 4804 3088 4857; x_wconf 86' lang='lat' dir='ltr'><strong>At</strong></span> <span class='ocrx_word' id='word_1_670' title='bbox 3127 4818 3200 4856; x_wconf 92' lang='lat' dir='ltr'><strong>ne</strong></span> <span class='ocrx_word' id='word_1_671' title='bbox 3248 4801 3308 4856; x_wconf 90' lang='lat' dir='ltr'><strong>in</strong></span> <span class='ocrx_word' id='word_1_672' title='bbox 3347 4801 3624 4866; x_wconf 90' lang='lat' dir='ltr'><strong>animum,</strong></span> <span class='ocrx_word' id='word_1_673' title='bbox 3659 4809 3830 4868; x_wconf 56' lang='lat' dir='ltr'><strong>qnam,</strong></span> 
     </span>
    </p>
   </div>
   <div class='ocr_carea' id='block_1_51' title="bbox 517 4894 3831 4968">
    <p class='ocr_par' dir='ltr' id='par_1_51' title="bbox 517 4894 3831 4968">
     <span class='ocr_line' id='line_1_53' title="bbox 517 4894 3831 4968; baseline -0.001 -22"><span class='ocrx_word' id='word_1_674' title='bbox 517 4897 711 4948; x_wconf 90' lang='lat' dir='ltr'><strong>nostro</strong></span> <span class='ocrx_word' id='word_1_675' title='bbox 759 4894 1138 4949; x_wconf 86' lang='lat' dir='ltr'><strong>examinanda</strong></span> <span class='ocrx_word' id='word_1_676' title='bbox 1179 4901 1332 4949; x_wconf 89' lang='lat' dir='ltr'><strong>sunt.</strong></span> <span class='ocrx_word' id='word_1_677' title='bbox 1377 4897 1630 4951; x_wconf 82' lang='lat' dir='ltr'><strong>Primum</strong></span> <span class='ocrx_word' id='word_1_678' title='bbox 1667 4896 1844 4968; x_wconf 90' lang='lat' dir='ltr'><strong>igitur</strong></span> <span class='ocrx_word' id='word_1_679' title='bbox 1901 4897 2145 4954; x_wconf 90' lang='lat' dir='ltr'><strong>demon-</strong></span> <span class='ocrx_word' id='word_1_680' title='bbox 2249 4905 2414 4955; x_wconf 91' lang='lat' dir='ltr'><strong>tuum</strong></span> <span class='ocrx_word' id='word_1_681' title='bbox 2444 4899 2608 4954; x_wconf 83' lang='lat' dir='ltr'><strong>facile</strong></span> <span class='ocrx_word' id='word_1_682' title='bbox 2645 4897 2882 4952; x_wconf 88' lang='lat' dir='ltr'><strong>inducas</strong></span> <span class='ocrx_word' id='word_1_683' title='bbox 2921 4895 2980 4950; x_wconf 90' lang='lat' dir='ltr'><strong>id</strong></span> <span class='ocrx_word' id='word_1_684' title='bbox 3025 4895 3096 4950; x_wconf 89' lang='lat' dir='ltr'><strong>ab</strong></span> <span class='ocrx_word' id='word_1_685' title='bbox 3136 4894 3244 4949; x_wconf 91' lang='lat' dir='ltr'><strong>illis</strong></span> <span class='ocrx_word' id='word_1_686' title='bbox 3285 4894 3571 4961; x_wconf 91' lang='lat' dir='ltr'><strong>omnibus,</strong></span> <span class='ocrx_word' id='word_1_687' title='bbox 3607 4899 3831 4961; x_wconf 81' lang='lat' dir='ltr'><strong>tanquam</strong></span> 
     </span>
    </p>
   </div>
   <div class='ocr_carea' id='block_1_52' title="bbox 517 4978 3829 5062">
    <p class='ocr_par' dir='ltr' id='par_1_52' title="bbox 517 4978 3829 5062">
     <span class='ocr_line' id='line_1_54' title="bbox 517 4978 3829 5062; baseline -0 -22"><span class='ocrx_word' id='word_1_688' title='bbox 517 4991 660 5042; x_wconf 90' lang='lat' dir='ltr'><strong>strat</strong></span> <span class='ocrx_word' id='word_1_689' title='bbox 701 4987 822 5054; x_wconf 90' lang='lat' dir='ltr'><strong>has,</strong></span> <span class='ocrx_word' id='word_1_690' title='bbox 852 4987 1106 5058; x_wconf 89' lang='lat' dir='ltr'><strong>aliasque</strong></span> <span class='ocrx_word' id='word_1_691' title='bbox 1154 4987 1404 5059; x_wconf 89' lang='lat' dir='ltr'><strong>publicas</strong></span> <span class='ocrx_word' id='word_1_692' title='bbox 1443 4989 1646 5056; x_wconf 90' lang='lat' dir='ltr'><strong>clades,</strong></span> <span class='ocrx_word' id='word_1_693' title='bbox 1679 4996 1777 5046; x_wconf 86' lang='lat' dir='ltr'><strong>aut</strong></span> <span class='ocrx_word' id='word_1_694' title='bbox 1810 4991 2147 5062; x_wconf 79' lang='lat' dir='ltr'><strong>generatim,</strong></span> <span class='ocrx_word' id='word_1_695' title='bbox 2250 4999 2494 5062; x_wconf 89' lang='lat' dir='ltr'><strong>certum,</strong></span> <span class='ocrx_word' id='word_1_696' title='bbox 2557 5009 2622 5047; x_wconf 89' lang='lat' dir='ltr'><strong>ac</strong></span> <span class='ocrx_word' id='word_1_697' title='bbox 2683 4990 2926 5046; x_wconf 91' lang='lat' dir='ltr'><strong>minime</strong></span> <span class='ocrx_word' id='word_1_698' title='bbox 2989 4989 3231 5044; x_wconf 90' lang='lat' dir='ltr'><strong>dubium</strong></span> <span class='ocrx_word' id='word_1_699' title='bbox 3288 4985 3665 5059; x_wconf 91' lang='lat' dir='ltr'><strong>pronuntiari,</strong></span> <span class='ocrx_word' id='word_1_700' title='bbox 3715 4978 3829 5052; x_wconf 85' lang='lat' dir='ltr'><strong>quod</strong></span> 
     </span>
    </p>
   </div>
   <div class='ocr_carea' id='block_1_53' title="bbox 515 5071 3828 5157">
    <p class='ocr_par' dir='ltr' id='par_1_53' title="bbox 515 5071 3828 5157">
     <span class='ocr_line' id='line_1_55' title="bbox 515 5071 3828 5157; baseline -0.001 -23"><span class='ocrx_word' id='word_1_701' title='bbox 515 5085 614 5134; x_wconf 90' lang='lat' dir='ltr'><strong>aut</strong></span> <span class='ocrx_word' id='word_1_702' title='bbox 639 5079 934 5152; x_wconf 89' lang='lat' dir='ltr'><strong>sigillatim</strong></span> <span class='ocrx_word' id='word_1_703' title='bbox 965 5083 1269 5152; x_wconf 90' lang='lat' dir='ltr'><strong>spectatas,</strong></span> <span class='ocrx_word' id='word_1_704' title='bbox 1297 5080 1537 5136; x_wconf 89' lang='lat' dir='ltr'><strong>minime</strong></span> <span class='ocrx_word' id='word_1_705' title='bbox 1564 5082 1698 5154; x_wconf 89' lang='lat' dir='ltr'><strong>quid</strong></span> <span class='ocrx_word' id='word_1_706' title='bbox 1717 5099 1859 5139; x_wconf 90' lang='lat' dir='ltr'><strong>ema</strong></span> <span class='ocrx_word' id='word_1_707' title='bbox 1885 5085 2151 5140; x_wconf 90' lang='lat' dir='ltr'><strong>Christia-</strong></span> <span class='ocrx_word' id='word_1_708' title='bbox 2250 5086 2355 5142; x_wconf 92' lang='lat' dir='ltr'><strong>soli</strong></span> <span class='ocrx_word' id='word_1_709' title='bbox 2393 5088 2506 5141; x_wconf 90' lang='lat' dir='ltr'><strong>Deo</strong></span> <span class='ocrx_word' id='word_1_710' title='bbox 2551 5085 2850 5157; x_wconf 88' lang='lat' dir='ltr'><strong>cognitum</strong></span> <span class='ocrx_word' id='word_1_711' title='bbox 2893 5099 3018 5139; x_wconf 88' lang='lat' dir='ltr'><strong>esse</strong></span> <span class='ocrx_word' id='word_1_712' title='bbox 3061 5082 3399 5138; x_wconf 88' lang='lat' dir='ltr'><strong>certioribus</strong></span> <span class='ocrx_word' id='word_1_713' title='bbox 3446 5078 3645 5135; x_wconf 87' lang='lat' dir='ltr'><strong>Christi</strong></span> <span class='ocrx_word' id='word_1_714' title='bbox 3687 5071 3828 5127; x_wconf 68' lang='lat' dir='ltr'><strong>verbis</strong></span> 
     </span>
    </p>
   </div>
   <div class='ocr_carea' id='block_1_54' title="bbox 516 5167 3828 5250">
    <p class='ocr_par' dir='ltr' id='par_1_54' title="bbox 516 5167 3828 5250">
     <span class='ocr_line' id='line_1_56' title="bbox 516 5167 3828 5250; baseline -0.002 -25"><span class='ocrx_word' id='word_1_715' title='bbox 516 5171 626 5238; x_wconf 91' lang='lat' dir='ltr'><strong>nis,</strong></span> <span class='ocrx_word' id='word_1_716' title='bbox 656 5174 749 5228; x_wconf 89' lang='lat' dir='ltr'><strong>sed</strong></span> <span class='ocrx_word' id='word_1_717' title='bbox 781 5190 1202 5246; x_wconf 88' lang='lat' dir='ltr'><strong>nonnunquam</strong></span> <span class='ocrx_word' id='word_1_718' title='bbox 1252 5176 1431 5230; x_wconf 91' lang='lat' dir='ltr'><strong>causis</strong></span> <span class='ocrx_word' id='word_1_719' title='bbox 1480 5177 1858 5246; x_wconf 89' lang='lat' dir='ltr'><strong>naturalibus,</strong></span> <span class='ocrx_word' id='word_1_720' title='bbox 1898 5182 1955 5234; x_wconf 88' lang='lat' dir='ltr'><strong>et</strong></span> <span class='ocrx_word' id='word_1_721' title='bbox 1983 5179 2150 5250; x_wconf 91' lang='lat' dir='ltr'><strong>longe</strong></span> <span class='ocrx_word' id='word_1_722' title='bbox 2250 5179 2586 5236; x_wconf 90' lang='lat' dir='ltr'><strong>didicerant.</strong></span> <span class='ocrx_word' id='word_1_723' title='bbox 2641 5183 2712 5233; x_wconf 77' lang='lat' dir='ltr'><strong>At</strong></span> <span class='ocrx_word' id='word_1_724' title='bbox 2760 5178 2897 5249; x_wconf 91' lang='lat' dir='ltr'><strong>quia</strong></span> <span class='ocrx_word' id='word_1_725' title='bbox 2944 5176 3218 5232; x_wconf 86' lang='lat' dir='ltr'><strong>videbant</strong></span> <span class='ocrx_word' id='word_1_726' title='bbox 3280 5173 3550 5248; x_wconf 63' lang='lat' dir='ltr'><strong>quaedam</strong></span> <span class='ocrx_word' id='word_1_727' title='bbox 3608 5167 3828 5225; x_wconf 84' lang='lat' dir='ltr'><strong>accidisse</strong></span> 
     </span>
    </p>
   </div>
   <div class='ocr_carea' id='block_1_55' title="bbox 515 5256 3829 5346">
    <p class='ocr_par' dir='ltr' id='par_1_55' title="bbox 515 5256 3829 5346">
     <span class='ocr_line' id='line_1_57' title="bbox 515 5256 3829 5346; baseline -0.003 -27"><span class='ocrx_word' id='word_1_728' title='bbox 515 5265 723 5335; x_wconf 80' lang='lat' dir='ltr'><strong>saepius</strong></span> <span class='ocrx_word' id='word_1_729' title='bbox 748 5267 1009 5322; x_wconf 88' lang='lat' dir='ltr'><strong>maximis</strong></span> <span class='ocrx_word' id='word_1_730' title='bbox 1030 5270 1726 5341; x_wconf 87' lang='lat' dir='ltr'><strong>ipsorummetgentilium</strong></span> <span class='ocrx_word' id='word_1_731' title='bbox 1747 5272 2150 5340; x_wconf 90' lang='lat' dir='ltr'><strong>sceleribus,ac</strong></span> <span class='ocrx_word' id='word_1_732' title='bbox 2250 5273 2642 5346; x_wconf 82' lang='lat' dir='ltr'><strong>praenuntiata</strong></span> <span class='ocrx_word' id='word_1_733' title='bbox 2711 5271 2780 5326; x_wconf 88' lang='lat' dir='ltr'><strong>ab</strong></span> <span class='ocrx_word' id='word_1_734' title='bbox 2835 5271 3039 5326; x_wconf 91' lang='lat' dir='ltr'><strong>eodem</strong></span> <span class='ocrx_word' id='word_1_735' title='bbox 3099 5269 3323 5326; x_wconf 85' lang='lat' dir='ltr'><strong>Christo</strong></span> <span class='ocrx_word' id='word_1_736' title='bbox 3374 5265 3574 5322; x_wconf 88' lang='lat' dir='ltr'><strong>mundi</strong></span> <span class='ocrx_word' id='word_1_737' title='bbox 3633 5256 3829 5317; x_wconf 88' lang='lat' dir='ltr'><strong>labentis</strong></span> 
     </span>
    </p>
   </div>
   <div class='ocr_carea' id='block_1_56' title="bbox 517 5349 3831 5437">
    <p class='ocr_par' dir='ltr' id='par_1_56' title="bbox 517 5349 3831 5437">
     <span class='ocr_line' id='line_1_58' title="bbox 517 5349 3831 5437; baseline -0.002 -25"><span class='ocrx_word' id='word_1_738' title='bbox 517 5374 748 5429; x_wconf 90' lang='lat' dir='ltr'><strong>semper</strong></span> <span class='ocrx_word' id='word_1_739' title='bbox 770 5360 828 5415; x_wconf 92' lang='lat' dir='ltr'><strong>in</strong></span> <span class='ocrx_word' id='word_1_740' title='bbox 856 5361 1266 5417; x_wconf 89' lang='lat' dir='ltr'><strong>sceleratorum</strong></span> <span class='ocrx_word' id='word_1_741' title='bbox 1291 5362 1590 5417; x_wconf 92' lang='lat' dir='ltr'><strong>hominum</strong></span> <span class='ocrx_word' id='word_1_742' title='bbox 1620 5380 1850 5434; x_wconf 83' lang='lat' dir='ltr'><strong>pcenam</strong></span> <span class='ocrx_word' id='word_1_743' title='bbox 1895 5365 2146 5421; x_wconf 82' lang='lat' dir='ltr'><strong>excitari.</strong></span> <span class='ocrx_word' id='word_1_744' title='bbox 2251 5367 2438 5437; x_wconf 87' lang='lat' dir='ltr'><strong>signa,</strong></span> <span class='ocrx_word' id='word_1_745' title='bbox 2493 5365 2562 5420; x_wconf 93' lang='lat' dir='ltr'><strong>de</strong></span> <span class='ocrx_word' id='word_1_746' title='bbox 2618 5365 2705 5420; x_wconf 88' lang='lat' dir='ltr'><strong>his</strong></span> <span class='ocrx_word' id='word_1_747' title='bbox 2761 5365 3080 5420; x_wconf 91' lang='lat' dir='ltr'><strong>monendos</strong></span> <span class='ocrx_word' id='word_1_748' title='bbox 3130 5379 3250 5418; x_wconf 91' lang='lat' dir='ltr'><strong>esse</strong></span> <span class='ocrx_word' id='word_1_749' title='bbox 3302 5360 3639 5417; x_wconf 87' lang='lat' dir='ltr'><strong>Christianos</strong></span> <span class='ocrx_word' id='word_1_750' title='bbox 3685 5349 3831 5408; x_wconf 85' lang='lat' dir='ltr'><strong>existi-</strong></span> 
     </span>
    </p>
   </div>
   <div class='ocr_carea' id='block_1_57' title="bbox 515 5449 3826 5529">
    <p class='ocr_par' dir='ltr' id='par_1_57' title="bbox 515 5449 3826 5529">
     <span class='ocr_line' id='line_1_59' title="bbox 515 5449 3826 5529; baseline -0.003 -23"><span class='ocrx_word' id='word_1_751' title='bbox 515 5452 873 5509; x_wconf 83' lang='lat' dir='ltr'><strong>Naturalibus</strong></span> <span class='ocrx_word' id='word_1_752' title='bbox 902 5460 1092 5510; x_wconf 89' lang='lat' dir='ltr'><strong>autem</strong></span> <span class='ocrx_word' id='word_1_753' title='bbox 1113 5457 1296 5511; x_wconf 87' lang='lat' dir='ltr'><strong>causis</strong></span> <span class='ocrx_word' id='word_1_754' title='bbox 1325 5473 1419 5511; x_wconf 90' lang='lat' dir='ltr'><strong>eas</strong></span> <span class='ocrx_word' id='word_1_755' title='bbox 1440 5457 1790 5528; x_wconf 89' lang='lat' dir='ltr'><strong>generaliter</strong></span> <span class='ocrx_word' id='word_1_756' title='bbox 1821 5459 2150 5515; x_wconf 90' lang='lat' dir='ltr'><strong>tribuendas</strong></span> <span class='ocrx_word' id='word_1_757' title='bbox 2250 5464 2572 5529; x_wconf 88' lang='lat' dir='ltr'><strong>maverunt,</strong></span> <span class='ocrx_word' id='word_1_758' title='bbox 2607 5461 2671 5514; x_wconf 91' lang='lat' dir='ltr'><strong>ut</strong></span> <span class='ocrx_word' id='word_1_759' title='bbox 2716 5458 2787 5515; x_wconf 93' lang='lat' dir='ltr'><strong>de</strong></span> <span class='ocrx_word' id='word_1_760' title='bbox 2832 5456 3214 5514; x_wconf 85' lang='lat' dir='ltr'><strong>subsecuturis</strong></span> <span class='ocrx_word' id='word_1_761' title='bbox 3260 5456 3422 5528; x_wconf 89' lang='lat' dir='ltr'><strong>plane</strong></span> <span class='ocrx_word' id='word_1_762' title='bbox 3461 5449 3666 5515; x_wconf 91' lang='lat' dir='ltr'><strong>incerti,</strong></span> <span class='ocrx_word' id='word_1_763' title='bbox 3703 5459 3826 5500; x_wconf 86' lang='lat' dir='ltr'><strong>sanc-</strong></span> 
     </span>
    </p>
   </div>
   <div class='ocr_carea' id='block_1_58' title="bbox 514 5537 3827 5625">
    <p class='ocr_par' dir='ltr' id='par_1_58' title="bbox 514 5537 3827 5625">
     <span class='ocr_line' id='line_1_60' title="bbox 514 5537 3827 5625; baseline -0.002 -25"><span class='ocrx_word' id='word_1_764' title='bbox 514 5561 636 5602; x_wconf 87' lang='lat' dir='ltr'><strong>esse</strong></span> <span class='ocrx_word' id='word_1_765' title='bbox 663 5545 860 5619; x_wconf 91' lang='lat' dir='ltr'><strong>colligi</strong></span> <span class='ocrx_word' id='word_1_766' title='bbox 895 5564 1058 5618; x_wconf 89' lang='lat' dir='ltr'><strong>posse</strong></span> <span class='ocrx_word' id='word_1_767' title='bbox 1101 5552 1264 5620; x_wconf 89' lang='lat' dir='ltr'><strong>putat</strong></span> <span class='ocrx_word' id='word_1_768' title='bbox 1303 5565 1373 5604; x_wconf 88' lang='lat' dir='ltr'><strong>ex</strong></span> <span class='ocrx_word' id='word_1_769' title='bbox 1414 5549 1573 5604; x_wconf 90' lang='lat' dir='ltr'><strong>senio</strong></span> <span class='ocrx_word' id='word_1_770' title='bbox 1604 5552 1826 5622; x_wconf 90' lang='lat' dir='ltr'><strong>mundi,</strong></span> <span class='ocrx_word' id='word_1_771' title='bbox 1875 5569 2049 5625; x_wconf 89' lang='lat' dir='ltr'><strong>quem</strong></span> <span class='ocrx_word' id='word_1_772' title='bbox 2078 5554 2149 5610; x_wconf 91' lang='lat' dir='ltr'><strong>ad</strong></span> <span class='ocrx_word' id='word_1_773' title='bbox 2249 5554 2456 5610; x_wconf 86' lang='lat' dir='ltr'><strong>tiorem</strong></span> <span class='ocrx_word' id='word_1_774' title='bbox 2522 5553 2698 5608; x_wconf 90' lang='lat' dir='ltr'><strong>vitam</strong></span> <span class='ocrx_word' id='word_1_775' title='bbox 2756 5551 3067 5620; x_wconf 89' lang='lat' dir='ltr'><strong>ducerent,</strong></span> <span class='ocrx_word' id='word_1_776' title='bbox 3135 5567 3242 5606; x_wconf 92' lang='lat' dir='ltr'><strong>nec</strong></span> <span class='ocrx_word' id='word_1_777' title='bbox 3311 5547 3419 5603; x_wconf 89' lang='lat' dir='ltr'><strong>sibi</strong></span> <span class='ocrx_word' id='word_1_778' title='bbox 3478 5537 3827 5617; x_wconf 73' lang='lat' dir='ltr'><strong>promitterent</strong></span> 
     </span>
    </p>
   </div>
   <div class='ocr_carea' id='block_1_59' title="bbox 511 5637 3821 5721">
    <p class='ocr_par' dir='ltr' id='par_1_59' title="bbox 511 5637 3821 5721">
     <span class='ocr_line' id='line_1_61' title="bbox 511 5637 3821 5721; baseline -0.001 -27"><span class='ocrx_word' id='word_1_779' title='bbox 511 5655 773 5696; x_wconf 87' lang='lat' dir='ltr'><strong>occasum</strong></span> <span class='ocrx_word' id='word_1_780' title='bbox 795 5643 853 5696; x_wconf 92' lang='lat' dir='ltr'><strong>et</strong></span> <span class='ocrx_word' id='word_1_781' title='bbox 875 5640 1179 5698; x_wconf 90' lang='lat' dir='ltr'><strong>interitum</strong></span> <span class='ocrx_word' id='word_1_782' title='bbox 1200 5659 1435 5716; x_wconf 90' lang='lat' dir='ltr'><strong>vergere</strong></span> <span class='ocrx_word' id='word_1_783' title='bbox 1462 5643 1846 5702; x_wconf 88' lang='lat' dir='ltr'><strong>arbitrabatur</strong></span> <span class='ocrx_word' id='word_1_784' title='bbox 1865 5647 2148 5720; x_wconf 88' lang='lat' dir='ltr'><strong>(Cyprian.</strong></span> <span class='ocrx_word' id='word_1_785' title='bbox 2249 5647 2589 5721; x_wconf 88' lang='lat' dir='ltr'><strong>longiorem.</strong></span> <span class='ocrx_word' id='word_1_786' title='bbox 2620 5649 2699 5704; x_wconf 87' lang='lat' dir='ltr'><strong>Ex</strong></span> <span class='ocrx_word' id='word_1_787' title='bbox 2728 5645 2971 5719; x_wconf 92' lang='lat' dir='ltr'><strong>publicis</strong></span> <span class='ocrx_word' id='word_1_788' title='bbox 3001 5660 3172 5718; x_wconf 91' lang='lat' dir='ltr'><strong>porro</strong></span> <span class='ocrx_word' id='word_1_789' title='bbox 3200 5637 3624 5704; x_wconf 88' lang='lat' dir='ltr'><strong>calamitatibus,</strong></span> <span class='ocrx_word' id='word_1_790' title='bbox 3657 5644 3821 5706; x_wconf 84' lang='lat' dir='ltr'><strong>quem-</strong></span> 
     </span>
    </p>
   </div>
   <div class='ocr_carea' id='block_1_60' title="bbox 510 5733 3823 5813">
    <p class='ocr_par' dir='ltr' id='par_1_60' title="bbox 510 5733 3823 5813">
     <span class='ocr_line' id='line_1_62' title="bbox 510 5733 3823 5813; baseline -0.003 -22"><span class='ocrx_word' id='word_1_791' title='bbox 510 5735 584 5791; x_wconf 84' lang='lat' dir='ltr'><strong>ad</strong></span> <span class='ocrx_word' id='word_1_792' title='bbox 616 5738 852 5793; x_wconf 86' lang='lat' dir='ltr'><strong>Demetr.</strong></span> <span class='ocrx_word' id='word_1_793' title='bbox 894 5753 954 5808; x_wconf 91' lang='lat' dir='ltr'><strong>p.</strong></span> <span class='ocrx_word' id='word_1_794' title='bbox 999 5736 1143 5806; x_wconf 85' lang='grc'><strong>186).</strong></span> <span class='ocrx_word' id='word_1_795' title='bbox 1190 5738 1446 5804; x_wconf 87' lang='lat' dir='ltr'><strong>Quatuor</strong></span> <span class='ocrx_word' id='word_1_796' title='bbox 1489 5738 1662 5808; x_wconf 90' lang='lat' dir='ltr'><strong>enim,</strong></span> <span class='ocrx_word' id='word_1_797' title='bbox 1703 5740 2020 5813; x_wconf 89' lang='lat' dir='ltr'><strong>inquiebat,</strong></span> <span class='ocrx_word' id='word_1_798' title='bbox 2066 5741 2153 5797; x_wconf 89' lang='lat' dir='ltr'><strong>in-</strong></span> <span class='ocrx_word' id='word_1_799' title='bbox 2250 5742 2562 5798; x_wconf 90' lang='lat' dir='ltr'><strong>admodum</strong></span> <span class='ocrx_word' id='word_1_800' title='bbox 2589 5757 2659 5797; x_wconf 93' lang='lat' dir='ltr'><strong>ex</strong></span> <span class='ocrx_word' id='word_1_801' title='bbox 2688 5756 2914 5797; x_wconf 91' lang='lat' dir='ltr'><strong>morum</strong></span> <span class='ocrx_word' id='word_1_802' title='bbox 2943 5737 3313 5812; x_wconf 91' lang='lat' dir='ltr'><strong>corruptione</strong></span> <span class='ocrx_word' id='word_1_803' title='bbox 3349 5733 3533 5791; x_wconf 88' lang='lat' dir='ltr'><strong>nullus</strong></span> <span class='ocrx_word' id='word_1_804' title='bbox 3565 5733 3705 5786; x_wconf 86' lang='lat' dir='ltr'><strong>certo</strong></span> <span class='ocrx_word' id='word_1_805' title='bbox 3724 5738 3823 5779; x_wconf 87' lang='lat' dir='ltr'><strong>con-</strong></span> 
     </span>
    </p>
   </div>
   <div class='ocr_carea' id='block_1_61' title="bbox 505 5813 3818 5909">
    <p class='ocr_par' dir='ltr' id='par_1_61' title="bbox 505 5813 3818 5909">
     <span class='ocr_line' id='line_1_63' title="bbox 505 5813 3818 5909; baseline -0.005 -18"><span class='ocrx_word' id='word_1_806' title='bbox 505 5844 679 5887; x_wconf 65' lang='lat' dir='ltr'><strong>versa:</strong></span> <span class='ocrx_word' id='word_1_807' title='bbox 709 5836 876 5888; x_wconf 79' lang='lat' dir='ltr'><strong>erant</strong></span> <span class='ocrx_word' id='word_1_808' title='bbox 915 5829 1056 5891; x_wconf 88' lang='lat' dir='ltr'><strong>anni</strong></span> <span class='ocrx_word' id='word_1_809' title='bbox 1087 5837 1475 5908; x_wconf 88' lang='lat' dir='ltr'><strong>tempestates.</strong></span> <span class='ocrx_word' id='word_1_810' title='bbox 1506 5833 1687 5890; x_wconf 82' lang='lat' dir='ltr'><strong>Minor</strong></span> <span class='ocrx_word' id='word_1_811' title='bbox 1714 5834 1999 5909; x_wconf 87' lang='lat' dir='ltr'><strong>siquidem</strong></span> <span class='ocrx_word' id='word_1_812' title='bbox 2027 5839 2153 5895; x_wconf 90' lang='lat' dir='ltr'><strong>erat</strong></span> <span class='ocrx_word' id='word_1_813' title='bbox 2251 5836 2420 5893; x_wconf 85' lang='lat' dir='ltr'><strong>ﬁcere</strong></span> <span class='ocrx_word' id='word_1_814' title='bbox 2475 5851 2736 5909; x_wconf 90' lang='lat' dir='ltr'><strong>unquam</strong></span> <span class='ocrx_word' id='word_1_815' title='bbox 2788 5835 2979 5908; x_wconf 89' lang='lat' dir='ltr'><strong>potuit</strong></span> <span class='ocrx_word' id='word_1_816' title='bbox 3029 5833 3355 5908; x_wconf 88' lang='lat' dir='ltr'><strong>proximum</strong></span> <span class='ocrx_word' id='word_1_817' title='bbox 3401 5842 3520 5885; x_wconf 87' lang='lat' dir='ltr'><strong>esse</strong></span> <span class='ocrx_word' id='word_1_818' title='bbox 3559 5819 3734 5881; x_wconf 88' lang='lat' dir='ltr'><strong>mundi</strong></span> <span class='ocrx_word' id='word_1_819' title='bbox 3773 5813 3818 5870; x_wconf 81' lang='lat' dir='ltr'><strong>ﬁ-</strong></span> 
     </span>
    </p>
   </div>
  </div>
