4082 6194
248 190 385 252 1089

1270 188 1334 245 ι).
1375 176 1642 248 NlCOLAl
1678 188 1762 245 LE
1803 184 2079 246 NOURRY
2117 178 2575 245 mssan'rmo.

3460 191 3595 247 1090

234 335 392 373 nem.
428 318 498 372 At
523 332 689 372 nemo
717 332 968 389 quoque,
1002 314 1084 371 uti
1114 318 1403 387 putamus,
1435 331 1649 387 negare
1676 319 1863 386 potest
1884 336 1943 409 Α
1973 407 1983 409 ξ
2034 313 2245 409 Verum
2287 311 2591 409 enimvero.
2618 317 2825 409 praeter
2862 314 3165 409 utramque
3208 311 3368 369 illam
3410 313 3593 370 idolo-

237 412 559 467 rectissime
618 428 651 466 a
706 411 989 482 Cypriano
1046 413 1240 464 nostro
1296 409 1555 465 concludi
1609 405 1943 480 publicas"
1970 406 2165 473 latrize,
2204 422 2267 460 ac
2294 421 2537 458 summie
2578 405 2890 476 injustitiaa,
2918 406 3321 463 atrocitatem:
3352 428 3380 457 ‹‹
3426 410 3592 464 Inno-

236 505 594 560 calamitates
623 510 938 559 commotas
967 504 1136 559 fuisse
1184 503 1531 575 gravissimis
1567 502 1870 574 gentilium

232 599 503 670 ﬂagitiis,
559 598 909 665 sceleribus,
967 597 1468 668 superstitionibus
1526 596 1746 666 impiis,
1805 612 1871 649 ac

234 689 533 745 communi
566 705 794 743 morum
839 688 1184 758 corruptela.
1223 687 1517 750 Quomodo
1553 693 1747 742 autem
1776 703 1865 741 se-

233 783 485 839 cundum
524 782 656 835 hinc
682 781 775 836 ille
803 784 1001 836 erueat
1027 784 1451 851 argumentum,
1480 780 1628 852 jam,
1659 780 1705 835 si
1743 780 1867 851 pla-

233 880 342 943 cet,
380 875 790 948 expendamus.

856 968 1150 1009 ARTICULUS
1188 970 1247 1008 II.

234 1046 411 1111 Quam
440 1044 739 1098 luculenter
763 1042 1071 1113 Cyprianus
1099 1043 1427 1097 demonstret
1450 1042 1701 1111 publicas
1726 1043 1871 1097 cala-

304 1126 519 1179 mitates
547 1139 654 1178 non
698 1123 816 1177 ideo
863 1124 1135 1186 accidisse,
1169 1125 1302 1192 quia
1353 1123 1646 1179 Christiani
1686 1138 1870 1175 verum

305 1208 478 1259 Deum
501 1204 921 1265 venerabantur,
938 1202 1031 1257 sed
1059 1205 1191 1271 quia
1213 1202 1413 1256 ethnici
1429 1202 1599 1268 falsos
1624 1201 1869 1255 colebant

303 1289 465 1351 deos,
497 1293 546 1341 et
573 1287 805 1340 aliorum
832 1287 1276 1354 gravissimorum
1305 1286 1679 1340 criminumrei
1693 1288 1867 1351 erant,

306 1368 408 1421 ubi
432 1368 498 1421 de
528 1381 804 1421 servorum
828 1366 1023 1434 poenis.

305 1467 533 1520 Constat
578 1481 714 1518 sane
753 1464 1035 1518 mundum
1077 1478 1193 1516 non
1244 1478 1276 1516 a
1327 1478 1385 1517 se
1434 1461 1582 1533 ipso,
1632 1468 1693 1517 ut
1734 1460 1868 1516 alibi

230 1558 775 1625 demonstravimus,
827 1554 1092 1628 1002
1122 1554 1321 1625 (fuisse
1373 1562 1645 1624 creatum,
1692 1555 1790 1609 sed
1836 1572 1869 1609 a

228 1670 368 1708 vero
433 1656 491 1709 et
534 1650 919 1723 omnipotenti
964 1652 1096 1717 Deo,
1139 1649 1301 1720 cujus
1345 1654 1487 1703 nutu
1531 1652 1588 1703 et
1628 1648 1863 1703 arbitrio

230 1746 429 1802 omnia
455 1751 758 1818 reguntur,
803 1747 859 1799 et
895 1743 986 1797 cui
1028 1742 1289 1797 homines
1328 1747 1384 1797 et
1424 1744 1697 1797 creaturas
1742 1758 1860 1796 om-

230 1857 337 1894 nes
361 1856 559 1911 parere
606 1855 672 1893 ac
697 1836 909 1892 servire
955 1836 1170 1891 debent
1210 1836 1492 1907 (Cyprian.
1526 1837 1601 1891 ad
1633 1838 1861 1891 Demetr.

230 1950 370 2005 pag.
441 1932 583 2005 187).
638 1932 806 2004 Atqui
858 1931 955 1985 ille
1009 1930 1280 2001 praecepit
1344 1946 1643 2001 nunquam

229 2027 394 2096 deos,
447 2026 546 2082 sed
585 2044 644 2080 se
692 2026 883 2097 ipsum
933 2024 1119 2079 solum
1162 2040 1195 2077 a
1258 2024 1477 2078 cunctis
1534 2023 1863 2078 hominibus

237 2119 350 2175 coli
381 2122 439 2175 et
464 2119 711 2174 adorari.
742 2119 885 2174 Nam
917 2139 945 2167 ‹‹
993 2133 1145 2188 voce,
1178 2138 1206 2166 »
1244 2117 1320 2171 ait
1349 2118 1685 2189 Cyprianus,
1718 2135 1747 2169 ς(
1776 2116 1863 2171 di-

229 2215 369 2267 vina
406 2234 434 2264 »
483 2214 776 2283 jusserat:
827 2214 1113 2268 Dominum
1159 2216 1311 2266 tuum
1357 2211 1635 2274 adorabis,
1680 2215 1730 2265 et
1777 2210 1865 2265 illi

220 2307 329 2364 soli
373 2309 565 2363 servies
624 2307 820 2377 (Deut.,
879 2322 954 2373 γι,
1018 2307 1124 2375 13).
1185 2305 1311 2359 Alio
1362 2309 1551 2359 autem
1601 2305 1660 2358 in
1718 2304 1864 2358 libro

226 2403 354 2457 haec
410 2401 649 2456 totidem
698 2400 873 2454 verba
918 2400 1135 2467 retulit,
1193 2402 1252 2453 et
1304 2399 1362 2452 in
1418 2398 1864 2453 Deuteronomio

227 2497 443 2566 scripta
495 2511 618 2549 esse
678 2497 918 2549 testatur
973 2494 1255 2565 (Cyprian.
1308 2493 1538 2547 Ezrhort.
1601 2494 1861 2562 lliartyr.,

225 2606 367 2661 pag.
418 2589 542 2655 171,
592 2594 647 2642 et
684 2587 781 2641 lib.
856 2603 916 2641 IlI
967 2587 1094 2641 adv.
1138 2586 1293 2650 Jud.,
1324 2586 1356 2657 §
1385 2590 1438 2654 2,
1483 2602 1613 2657 pag.
1647 2589 1753 2656 65).
1802 2588 1864 2640 In

226 2683 423 2738 Graeca
488 2687 684 2736 autem
751 2679 1051 2735 Seniorum
1113 2679 1628 2751 interpretatione,
1686 2678 1866 2743 Κύριον

219 2776 306 2825 τὸν
371 2774 489 2824 Θεὸν
554 2790 643 2822 σου
693 2772 960 2837 φοϐηθησῃ,
1025 2772 1106 2820 καὶ
1170 2772 1299 2836 αὑτῷ
1381 2774 1511 2836 μὺνῳ
1578 2772 1863 2837 Λατρεύσεις.

222 2865 299 2916 At
348 2860 408 2916 in
451 2860 699 2916 Matthaei
740 2863 796 2915 et
843 2863 1007 2915 Lucae
1054 2858 1358 2930 Evangelio
1408 2859 1670 2926 habetur,
1712 2875 1865 2924 προσ-

219 2962 463 3021 κυνήσεις,
550 2954 841 3024 adorabis,
910 2969 1014 3025 pro
1106 2959 1375 3023 φοϐηθήσῃ,
1420 2954 1651 3008 timebis.
1720 2952 1865 3008 Alibi

1971 499 2173 566 centia,
2201 498 2279 554 ait
2323 501 2522 553 auctor
2565 504 2777 567 noster,
2805 499 3096 555 defecerat
3135 501 3195 555 in
3243 501 3394 571 foro,
3430 502 3595 572 justi-

1971 592 2047 647 tia
2085 592 2144 646 in
2186 592 2425 663 judicio,
2455 592 2513 646 in
2561 592 2823 646 amicitiis
2865 594 3190 665 concordia,
3236 595 3295 649 in
3340 596 3593 650 moribus

1971 686 2265 756 disciplina
2312 684 2497 757 (lbid.,
2539 701 2672 756 pag.
2726 686 2867 755 189).
2916 708 2941 735 η
2994 689 3181 758 Longe
3236 705 3369 744 vero
3410 689 3593 744 fusius

1970 780 2090 834 haec
2134 778 2496 850 prosequitur
2522 777 2580 832 in
2609 795 2712 833 suo
2760 780 2834 834 ad
2866 784 3146 850 ,Donatum
3184 781 3350 849 libro,
3389 782 3484 837 ubi
3513 799 3599 837 ra-

1970 872 2152 927 tiones
2188 872 2378 926 reddit
2406 888 2506 926 cur
2550 872 2692 943 ipse,
2723 872 2894 927 misso
2924 874 3187 928 nefandis
3224 875 3593 932 ethnicorum

1970 966 2466 1037 superstitionibus
2530 967 2755 1029 nuntio,
2808 967 3192 1022 Christianam
3249 969 3594 1040 religionem

1968 1060 2329 1130 amplexatus
2356 1060 2529 1113 fuerit
2564 1076 2577 1114 :
2615 1081 2642 1108 «
2687 1060 2903 1129 Incisus,
2947 1061 3152 1133 inquit,
3196 1062 3310 1118 sint
3352 1063 3480 1119 licet
3522 1065 3597 1118 le-

1970 1168 2071 1223 ges
2095 1152 2401 1207 duodecim
2442 1152 2666 1223 tabulis,
2698 1160 2754 1207 et
2798 1154 3023 1224 publice
3055 1172 3168 1210 aere
3200 1155 3429 1227 prieﬁxo
3462 1157 3596 1227 jura

1971 1246 2302 1316 prmscripta
2346 1246 2480 1313 sint,
2515 1246 2666 1300 inter
2712 1247 2868 1317 leges
2909 1247 3060 1319 ipsas
3105 1249 3475 1321 delinquitur,
3507 1249 3594 1304 in-

1968 1345 2059 1393 ter
2090 1340 2224 1411 jura
2251 1343 2541 1410 peccatur.
2570 1340 2905 1395 lnnocentia
2932 1358 3038 1397 nec
3066 1342 3170 1409 illi,
3200 1342 3300 1397 ubi
3329 1343 3592 1398 defendi-

1968 1437 2063 1487 tur
2094 1474 2108 1500 ,
2177 1439 2518 1488 reservatur.
2588 1433 2757 1489 Saevit
2819 1434 3063 1490 invicem
3150 1436 3597 1492 discordantium

1969 1526 2175 1593 rabies,
2224 1532 2281 1581 et
2319 1526 2468 1582 inter
2510 1529 2694 1598 togas,
2743 1544 2883 1598 pace
2929 1532 3116 1599 rupta,
3162 1529 3353 1584 forum
3398 1530 3595 1585 litibus

1968 1620 2154 1691 mugit
2210 1619 2590 1676 insanum.....
2643 1622 2917 1692 Flagrant
2971 1623 3179 1694 ubique
3244 1608 3483 1691 delicta,
3538 1628 3597 1679 et

1885 1703 1940 1777 B
1965 1713 2177 1784 passim
2203 1713 2546 1768 multiformi
2578 1730 2793 1785 gonere
2834 1716 3128 1786 peccandi,
3175 1732 3276 1787 per
3305 1715 3594 1788 improbas

1964 1809 2186 1861 mentes
2236 1823 2445 1862 nocens
2496 1806 2756 1880 1003
2815 1807 2969 1863 virus
3020 1812 3403 1879 operatur.....
3458 1811 3592 1865 Esse

1697 1930 1865 1984 falsos
1957 1900 2075 1971 jam
2132 1900 2284 1956 inter
2334 1906 2602 1956 nocentes
2654 1900 2965 1970 innoxium,
3013 1902 3229 1957 crimen
3279 1906 3381 1957 est.
3427 1903 3593 1957 Malos

1966 1994 2224 2065 quisquis
2275 2011 2392 2049 non
2441 1994 2722 2057 imitatur,
2776 1995 3032 2051 offendit.
3079 1996 3427 2051 Consensere
3462 1997 3595 2067 jura

1962 2087 2227 2158 peccatis,
2266 2090 2325 2142 et
2355 2088 2527 2158 coepit
2552 2088 2774 2143 licitum
2804 2104 2948 2157 esse,
2980 2088 3133 2161 quod
3173 2089 3470 2161 publicum
3510 2094 3593 2145 est

1964 2180 2248 2253 (Cyprian.
2277 2181 2351 2235 ad
2387 2184 2610 2244 Donat.,
2644 2198 2774 2253 pag.
2808 2186 2839 2236 7
2866 2186 2921 2237 et
2949 2186 3127 2254 seqq.)
3159 2203 3186 2233 »
3217 2184 3431 2239 Caetera
3456 2199 3592 2239 vero

1964 2291 2093 2345 quae
2136 2274 2226 2328 hic
2274 2275 2647 2330 transcribere
2692 2276 2917 2348 longius
2961 2277 3131 2346 foret,
3164 2276 3244 2332 ibi
3269 2277 3464 2348 legere
3497 2293 3595 2348 po-

1966 2368 2122 2422 teris.
2154 2370 2333 2431 Quam
2369 2372 2565 2423 autem
2592 2368 2715 2423 haec
2757 2386 2892 2425 vera
2936 2370 3066 2438 sint,
3097 2370 3145 2424 si
3174 2370 3300 2441 quis
3329 2371 3593 2426 dubitare

1966 2461 2162 2532 possit,
2194 2478 2259 2515 ex
2306 2462 2377 2515 iis
2406 2462 2620 2516 certior
2664 2462 2850 2517 adhuc
2894 2463 3009 2532 ﬁet,
3034 2479 3162 2535 quas
3190 2465 3251 2519 in
3293 2456 3592 2536 superiori-

1965 2554 2071 2609 bus
2146 2554 2353 2609 nostris
2440 2555 2935 2621 dissertationibus
3004 2558 3075 2612 de
3155 2557 3592 2629 corruptissimis

1965 2648 2326 2704 ethnicorum
2354 2649 2607 2703 moribus
2634 2651 3173 2722 saepiuspbservata,
3193 2668 3257 2707 ac
3282 2653 3448 2723 paulo
3467 2655 3594 2724 post

1967 2742 2210 2797 dicenda
2231 2748 2383 2797 sunt.

2037 2836 2259 2891 Ethnici
2311 2836 2542 2907 itaque,
2602 2853 2730 2891 cum
2789 2842 2870 2892 tot
2921 2838 3211 2910 tantisque
3260 2838 3592 2896 criminibus

1967 2929 2182 2985 divinas
2228 2933 2286 2984 et
2315 2930 2596 2984 humanas
2632 2931 2790 3001 leges
2844 2931 2991 2986 mira
3036 2932 3208 3002 plane
3251 2933 3493 2989 audacia
3534 2938 3591 2990 et

225 3065 365 3103 vero
396 3050 547 3102 Deus
590 3048 881 3119 prohibuit
910 3064 981 3101 ne
1028 3046 1144 3102 ﬁcti
1187 3047 1257 3102 ab
1300 3047 1628 3103 hominibus
1668 3047 1748 3103 dii
1790 3047 1859 3101 ab
1882 3070 1936 3143 Ο
1964 3026 2286 3143 ῒθωξηξξίθ
2317 3027 2965 3143 θνξπίθτθηίοιίξίξῐξίίυθξί
2991 3040 3124 3143 ξεξξθ
3155 3042 3273 3081 non
3302 3032 3588 3143 ξοίθτωξξι

224 3143 343 3196 ullo
384 3158 638 3213 unquam
677 3142 963 3210 colantur.
1001 3142 1128 3195 Haec
1165 3144 1353 3196 autem
1404 3142 1531 3213 ipsa
1574 3148 1705 3199 sunt
1740 3144 1861 3215 ejus

222 3236 403 3291 citata
434 3252 466 3289 a
492 3235 775 3306 Cypriane
797 3235 973 3291 verba
1006 3251 1019 3289 :
1059 3238 1179 3293 Non
1222 3242 1376 3290 erant
1418 3238 1516 3290 tibi
1561 3238 1643 3293 dii
1692 3240 1864 3293 alieni

222 3331 428 3399 absque
452 3344 533 3384 me
579 3330 797 3399 (Exod,
831 3346 927 3398 xx,
962 3329 1034 3399 3).
1064 3329 1277 3383 Eadem
1322 3329 1383 3384 in
1422 3330 1530 3385 alio
1580 3332 1721 3387 libro
1764 3350 1857 3388 re-

223 3421 375 3494 petit
414 3422 699 3494 (Cyprian.
732 3424 960 3479 Emhort.
990 3424 1188 3487 Mart.,
1224 3422 1409 3493 ibid.),
1440 3440 1567 3494 quae
1594 3424 1859 3481 Seniores

221 3518 418 3572 Graece
448 3516 528 3571 sic
566 3516 977 3571 reddiderunt:
1038 3522 1144 3571 Οὐκ
1184 3524 1374 3572 ἐσονταὶ
1422 3538 1501 3572 σοι
1551 3524 1647 3573 6εοί
1710 3528 1859 3591 ἕτεροι

219 3617 347 3676 πλήν
409 3615 550 3679 ἐμοῦ.
599 3609 794 3663 Latine
838 3625 979 3664 vero
1030 3610 1089 3663 in
1138 3609 1416 3680 Vulgata:
1471 3613 1593 3669 Non
1644 3612 1861 3667 habebis

222 3704 355 3759 deos
386 3704 588 3758 alienos
626 3718 804 3759 coram
834 3719 934 3758 me.
959 3701 1243 3757 Laudatus
1283 3720 1509 3775 quoque
1539 3704 1609 3759 ab
1657 3707 1860 3761 eodem

222 3801 464 3853 auctore
520 3800 711 3851 nostro
757 3796 1036 3852 Jeremias
1079 3795 1288 3852 Iudaeis
1338 3798 1669 3870 caeterisque
1730 3818 1857 3857 om-

222 3892 402 3945 nibus
446 3890 885 3946 annuntiaverat
924 3891 1127 3945 missos
1168 3908 1201 3945 a
1244 3890 1363 3947 Deo
1400 3893 1727 3964 prophetas,
1760 3894 1859 3968 qui

218 3986 363 4041 illos
394 3985 956 4040 commonefacerent
979 3984 1125 4040 iram
1153 3984 1276 4056 ejus
1305 3986 1416 4042 hoc
1442 3986 1621 4059 impio
1649 3988 1859 4045 alieno-

218 4094 362 4135 rum
410 4078 648 4133 deorum
702 4078 861 4134 cultu
916 4079 1237 4151 provocari.
1284 4080 1487 4151 Nolite,
1539 4082 1853 4154 inquiebat,

220 4172 338 4228 diis
385 4171 587 4227 alienis
640 4173 872 4241 servire,
928 4174 1165 4245 illosque
1214 4175 1471 4244 adorare,
1498 4178 1578 4234 Ne
1625 4179 1859 4233 incitatis

220 4282 310 4322 me
340 4267 401 4319 in
430 4267 673 4337 operibus
710 4284 973 4323 manuum
1004 4273 1310 4323 vestrarum
1353 4270 1428 4324 ad
1470 4270 1858 4340 disperdendos

215 4375 317 4416 vos
370 4358 603 4431 (Jerem.,
655 4377 785 4428 xxv,
838 4364 911 4433 6).
959 4361 1219 4418 Totidem
1272 4369 1462 4419 autem
1515 4364 1638 4420 haec
1690 4366 1857 4422 verba

1962 3117 2111 3188 quod
2178 3117 2323 3171 Deus
2389 3117 2540 3188 ipsos
2594 3118 2836 3189 publicis
2899 3117 3152 3173 cladibus
3211 3119 3585 3193 castigaverit.

1959 3210 2073 3267 Sed
2117 3226 2213 3265 eos
2238 3211 2474 3282 insuper
2509 3210 2821 3283 Cyprianus
2852 3211 3018 3266 obvia
3063 3213 3328 3268 omnibus
3368 3214 3589 3271 domini

1960 3307 2018 3360 et
2065 3305 2210 3359 servi
2265 3304 2679 3375 comparatione
2719 3306 2889 3377 plane
2945 3305 3207 3365 revincit.
3262 3307 3320 3364 Si
3363 3308 3465 3363 tibi
3518 3308 3592 3365 sit

1959 3413 2153 3453 servus
2192 3402 2512 3465 contumax,
2544 3402 2862 3469 protervus,
2892 3398 3157 3469 inﬁdelis,
3187 3404 3243 3455 et
3292 3402 3390 3473 qui
3415 3401 3587 3472 jussis

1958 3493 2070 3547 tuis
2120 3508 2235 3546 non
2285 3491 2663 3563 obtemperet,
2706 3508 2902 3547 nonne
2948 3492 3109 3550 illum
3160 3514 3188 3543 «
3230 3495 3503 3567 ﬂagellas,
3557 3517 3585 3548 η

1959 3585 2039 3641 ait
2094 3585 2431 3657 Cyprianus,
2491 3606 2519 3635 «
2570 3586 2851 3655 verberas,
2901 3587 3081 3657 fame,
3133 3588 3246 3658 siti,
3304 3590 3586 3661 nuditate,

1957 3680 2111 3735 ferro
2136 3680 2468 3752 frequenter
2494 3685 2550 3735 et
2580 3696 2806 3735 carcere
2838 3681 3047 3752 afﬂigis
3074 3684 3133 3737 et
3177 3682 3394 3738 crucias
3420 3683 3584 3756 (ibid.

1960 3774 2032 3828 ad
2070 3776 2328 3842 Demetr.,
2378 3790 2509 3845 pag.
2545 3775 2665 3846 188)
2686 3776 2713 3829 ?
2744 3796 2772 3825 »
2802 3776 2876 3829 At
2922 3775 3201 3846 nunquid,
3235 3776 3457 3849 inquiet
3480 3779 3585 3833 ali-

1961 3867 2105 3939 quis,
2137 3868 2219 3922 fas
2246 3867 2498 3923 dominis
2531 3868 2639 3922 fuit
2680 3871 2795 3921 tam
2824 3868 3231 3939 multiplicibus
3255 3869 3437 3941 poenis
3466 3888 3586 3927 ser-

1960 3977 2057 4015 vos
2081 3978 2208 4015 suos
2234 3961 2512 4031 castigare
2535 3960 2562 4014 ?
2603 3960 2807 4031 Etiam,
2839 3960 3152 4033 inquimus,
3199 3964 3256 4018 et
3296 3963 3418 4019 aliis
3453 3965 3585 4037 plu-

1958 4053 2117 4110 ribus
2148 4071 2288 4126 quas
2318 4056 2549 4109 Plautus
2575 4053 2665 4109 his
2694 4054 2947 4110 versibus
2978 4057 3252 4128 expressit
3281 4074 3294 4112 :

1957 4211 2208 4286 Berﬂdim
2241 4210 2455 4286 laudes,
2486 4213 3307 4286 gratiasque.habemusmerito
3336 4230 3585 4286 magnas,

1958 4276 2101 4344 Cum
2130 4278 2334 4344 nostris
2355 4275 2755 4344 sycophantiis,
2775 4276 2944 4344 dolis,
2972 4281 3321 4344 astutiisque,

1960 4337 2326 4403 Scapulamm
2357 4337 2714 4402 conﬁdentia,
2735 4337 2938 4391 virtute
2958 4337 3239 4394 ulmorum
3266 4337 3364 4405 (al.
3383 4342 3581 4397 hume-

1972 4463 1996 4468 Α
2055 4464 2064 4468 _
2144 4462 2159 4468 _
2448 4460 2477 4468 __
2584 4464 2597 4468 _
2716 4464 2730 4468 _
2834 4465 2843 4468 _
3144 4405 3348 4468 [rorum
3377 4406 3522 4468 freti)

223 4452 343 4508 alio
368 4453 426 4507 in
454 4453 595 4508 libro
621 4454 817 4510 retulit
866 4455 1150 4528 (Cyprian.
1196 4457 1321 4513 adv.
1356 4459 1509 4528 Jud,,
1542 4458 1639 4515 lib.
1674 4477 1713 4528 ι,
1742 4462 1774 4533 §
1803 4464 1855 4531 2,
1876 4436 1936 4509 D
1961 4463 2069 4528 Qui
2094 4462 2389 4513 adversum
2414 4460 2687 4526 stimulos,
2716 4464 2952 4516 laminas
2990 4436 3583 4533 crucdsquETc‘dgiie-

154 4613 168 4622 ἢ
217 4561 366 4621 pag.
396 4549 453 4601 2t
482 4564 498 4616 ;
534 4548 713 4617 Idem,
740 4550 816 4604 ad
850 4552 1102 4614 Demetr.,
1131 4567 1262 4623 pag.
1301 4554 1418 4624 189)
1444 4570 1456 4620 ;
1500 4554 1690 4610 Graece
1720 4571 1855 4611 vero

220 4640 604 4713 Septuaginta
656 4661 667 4697 :
731 4648 898 4706 ’Ὁπως
952 4652 1017 4713 μὴ
1066 4651 1379 4717 παροργίζητὲ
1419 4670 1477 4718 με
1526 4655 1573 4704 ἐν
1622 4660 1721 4713 τοῖς
1779 4657 1853 4722 ἑρ-

218 4759 332 4805 γοις
376 4742 469 4790 τῶν
509 4743 680 4807 χειρῶν
726 4744 880 4808 ὑμῶν,
922 4744 1007 4794 τοῦ
1051 4746 1271 4796 κακῶσαι
1317 4749 1455 4811 ὑμᾶς.
1507 4743 1569 4796 ln
1622 4743 1858 4815 Vulgata

216 4833 425 4884 autem
451 4829 697 4901 legimus
730 4848 743 4885 :
774 4833 958 4902 Neque
980 4849 1063 4888 me
1088 4834 1164 4888 ad
1192 4836 1534 4891 iracundiam
1558 4841 1859 4907 provocetis

216 4926 286 4977 in
320 4922 567 4992 operibus
598 4940 855 4980 manuum
880 4932 1205 4991 vestrarum,
1236 4933 1297 4984 ut
1320 4946 1430 4984 non
1461 4932 1708 5001 afﬂigam
1745 4949 1853 4989 vos.

215 5014 338 5072 Sed
380 5031 446 5071 eo
498 5017 726 5089 gravius
773 5022 899 5074 erat
948 5021 1249 5091 gentilium
1294 5024 1497 5092 scelus,
1538 5025 1693 5097 quod
1739 5043 1857 5082 non

216 5109 417 5167 solum
459 5110 636 5167 falsos
680 5113 817 5167 deos
867 5114 1141 5184 colerent,
1172 5133 1235 5171 ac
1284 5134 1483 5173 verum
1534 5124 1591 5175 et
1624 5120 1857 5176 unicum

214 5205 413 5260 Deum
453 5210 921 5277 aspernarentur,
952 5209 1051 5263 sed
1086 5210 1434 5267 Christianos
1472 5214 1644 5270 etiam
1695 5216 1857 5273 illum

215 5297 498 5367 colentes,
552 5303 750 5356 contra
802 5302 997 5358 omnia
1041 5304 1125 5359 uti
1180 5305 1443 5377 vidimus,
1487 5308 1743 5365 humana
1802 5314 1860 5367 et

215 5391 421 5448 divina
462 5394 616 5463 jura,
662 5411 765 5451 nec
822 5397 1045 5453 auditos
1102 5415 1376 5471 unquam,
1426 5419 1530 5458 nec
1589 5404 1857 5462 defensus

216 5483 710 5559 condemnarent,
738 5485 802 5545 ac
834 5492 1186 5564 quibuslibet
1225 5503 1498 5553 necarent
1542 5500 1851 5571 suppliciis.

211 5583 357 5637 Jure
409 5582 586 5652 igitur
633 5585 839 5640 merito
894 5586 1043 5641 Deus
1083 5590 1239 5643 tanta
1274 5589 1505 5647 illorum
1550 5593 1858 5666 iniquitate

219 5680 285 5731 et
334 5674 626 5746 impietate
677 5677 943 5748 offensus,
988 5680 1109 5737 haec
1149 5689 1204 5739 et
1238 5684 1347 5739 alia
1389 5686 1556 5757 plura
1599 5687 1857 5762 ipsorum

218 5768 469 5827 crimina
494 5771 736 5847 publicis
767 5773 1186 5834 calamitatibus
1214 5777 1544 5839 vindicavit.

1958 4589 2184 4654 Nervas,
2215 4591 2459 4649 catenas,
2484 4600 2753 4654 carceres,
2775 4590 3069 4651 numellas,
3096 4530 3525 4654 ρθᾱὶοὲἓῗῗξὲἶὲἆ

1958 4650 2393 4719 indoctoresque
2419 4651 2736 4719 acerrimos,
2764 4650 3077 4719 gnarosque
3096 4650 3277 4719 nostri
3306 4650 3463 4719 tergi,

1958 4713 2068 4777 Qui
2081 4726 2229 4777 swpe
2242 4713 2367 4764 ante
2378 4714 2436 4762 in
2448 4716 2663 4763 nostras
2673 4713 2929 4778 scapulas
2940 4713 3228 4767 cicatrices
3239 4713 3584 4770 indiderunt.

1924 4844 2071 4929 .Sed
2112 4843 2255 4899 alius
2300 4843 2579 4915 quispiam
2628 4862 2661 4899 a
2699 4845 2866 4901 nobis
2904 4846 3210 4917 postulabit
3239 4864 3341 4903 cur
3369 4849 3447 4904 ibi
3471 4853 3584 4923 Cy-

1957 4939 2191 5012 prianus
2241 4938 2529 4994 addiderit
2561 4939 2730 5007 ferro.
2770 4940 3058 5013 Nunquid,
3089 4942 3334 5014 inquiet,
3364 4944 3585 5001 domini

1958 5050 2150 5089 servos
2178 5050 2310 5089 suos
2354 5033 2610 5088 occidere
2644 5033 2879 5106 impune
2920 5038 3225 5107 poterant?
3262 5040 3587 5110 Responde-

1957 5145 2107 5198 mus,
2162 5126 2561 5199 antiquissimo
2609 5127 2741 5199 jure
2798 5129 3049 5184 Romano
3090 5131 3336 5188 dominis
3387 5149 3585 5191 revera

1958 5238 2280 5278 concessam
2325 5220 2499 5277 fuisse
2526 5221 2587 5275 in
2628 5238 2818 5277 servos
2863 5223 2994 5279 vitae
3032 5231 3087 5279 et
3131 5226 3287 5281 necis
3328 5231 3582 5299 potesta-

1958 5321 2100 5373 tem.
2165 5318 2368 5371 Postea
2428 5320 2622 5372 tamen
2684 5317 2968 5373 Adrianus
3027 5319 3375 5391 imperator,
3434 5328 3583 5379 teste

1958 5410 2280 5483 Spartiano,
2323 5427 2441 5467 non
2486 5411 2672 5466 solum
2717 5411 2893 5467 vetuit
2938 5430 3012 5468 ne
3059 5414 3204 5470 servi
3249 5433 3283 5471 a
3333 5417 3585 5473 dominis

1961 5505 2372 5573 occiderentur,
2400 5505 2500 5560 sed
2524 5505 2697 5577 jussit
2723 5506 2897 5562 etiam
2941 5524 2975 5563 a
2997 5508 3285 5580 judicibus
3320 5511 3584 5569 dominos

1959 5599 2350 5667 condemnari,
2403 5599 2502 5671 qui
2563 5600 2621 5656 in
2685 5618 2874 5657 servos
2940 5619 3073 5659 suos
3138 5605 3398 5663 acerbius
3459 5606 3585 5662 ani-

1960 5693 2329 5749 madvertisse
2382 5694 2857 5753 convincerentur
2905 5696 3301 5770 (Spartianus,
3348 5699 3408 5754 in
3457 5700 3593 5757 Vita

1958 5787 2217 5855 Adriani,
2247 5792 2376 5863 post
2403 5789 2556 5849 med.
2590 5791 2723 5854 Cod.
2757 5791 3033 5859 Theodos,
3059 5791 3159 5849 lib.
3189 5812 3281 5869 ιχ,
3310 5792 3399 5847 tit.
3423 5792 3509 5861 11,
3542 5795 3613 5855 de
