4082 6194
567 182 696 240 1091
1390 176 1487 241 ΒΕ
1526 180 1746 243 LIBRIS
1786 183 1874 242 AD
1915 182 2321 242 DEMETRIAN.
2364 182 2448 242 ET
2486 180 2575 240 DE
2614 185 2787 258 lDOL.
2831 181 3054 242 VANIT.
3710 199 3828 256 1092

564 312 787 371 Emend.
819 327 978 380 sem,
1018 310 1129 382 leg.
1162 312 1195 367 1
1230 316 1288 366 et
1322 314 1378 381 2,
1410 328 1542 384 pag.
1587 311 1699 383 79).
1749 314 1814 368 In
1849 312 2012 369 libris
2054 328 2186 369 vero
2208 318 2401 402 Atur,
2450 334 2477 362 ››
2527 311 2752 393 interna
2792 316 2992 367 tamen
3035 314 3093 366 et
3131 309 3429 366 domestica
3463 311 3598 370 bella
3633 320 3835 377 atrocius

566 407 989 463 Institutionum
1043 405 1108 459 tit
1156 404 1373 461 mentio
1434 407 1585 460 datm
1638 405 1709 459 ab
1750 408 2040 462 Antonino
2105 408 2186 463 le-
2291 405 2638 478 gerebantur
2696 426 2724 455 «
2775 403 3076 460 calumniis
3132 409 3190 460 et
3238 403 3473 475 injuriis,
3508 428 3530 456 υ
3579 410 3751 479 quibus
3786 415 3834 469 iu

568 501 675 573 gis,
706 516 818 570 qua
848 517 876 547 «
918 497 1018 571 qui
1050 498 1171 553 sine
1216 515 1385 554 causa
1424 515 1653 553 servum
1692 515 1861 553 suum
1897 499 2187 566 occiderit,
2291 500 2531 554 aliorum
2575 498 2727 554 bona
2751 498 3124 555 invadebant.
3155 498 3352 552 Nonne
3387 500 3526 554 enim
3551 502 3713 558 minus
3743 507 3836 561 rci-

564 610 683 650 non
710 593 900 648 minus
938 592 1132 664 puniri
1181 592 1439 665 jubetur,
1468 608 1641 664 quam
1689 592 1734 646 si
1779 593 2033 648 alienum
2076 610 2191 648 ser—
2287 593 2531 665 publicae
2560 592 2837 647 damnum
2868 591 3029 647 bellis
3059 591 3425 659 inferebatur,
3452 608 3605 663 quam
3630 611 3743 651 cum
3766 618 3788 649 ι
3812 616 3840 655 ι

564 702 700 741 vum
732 685 1025 741 occiderit.
1056 685 1165 742 Sed
1192 691 1247 741 et
1290 686 1477 756 major
1502 685 1782 756 asperitas
1822 686 2188 741 dominorum
2287 691 2546 754 nocente,
2571 706 2599 735 »
2634 686 2713 741 uti
2744 685 2839 739 ille
2876 684 2975 754 ait,
3007 704 3035 737 α
3068 685 3289 739 crimen
3336 684 3646 756 admittitur,
3669 691 3839 745 necin-

563 779 820 851 ejusdem
843 778 1890 851 principisconstitutionecoercetur»
1916 782 2184 851 (Institut.
2290 796 2522 842 nocens,
2571 779 2671 851 qui
2712 778 2961 834 vindicet
3005 777 3315 845 invenitur,
3360 777 3429 832 de
3466 786 3745 837 accusatore
3774 786 3842 839 vel

560 873 659 929 lib.
689 890 725 941 ι,
749 872 838 928 tit.
861 873 995 940 8,de
1021 874 1103 928 his
1128 871 1766 943 quisui,etc.).Demum
1786 873 2189 927 Constantinus
2281 873 2476 943 judice
2527 874 2717 927 metus
2761 871 2994 927 nullus?
3044 871 3450 942 Impunitatem
3489 880 3843 945 consequuntur

560 967 798 1038 Magnus
824 966 933 1021 hoc
965 964 1333 1020 dominorum
1357 965 1451 1037 jus
1479 964 1537 1020 in
1578 982 1769 1020 servos
1807 965 2017 1036 duplici
2061 967 2188 1037 lege
2287 966 2459 1035 mali;
2489 966 2626 1021 dum
2656 965 2896 1020 modesti
2920 969 3128 1035 tacent,
3159 965 3367 1020 timent
3396 965 3611 1034 conscii,
3639 977 3836 1023 veneunt

562 1061 734 1132 plane
760 1059 1106 1132 penitusque
1130 1058 1380 1128 abstulit,
1403 1075 1468 1113 ac
1495 1063 1769 1130 praeterea
1795 1059 2087 1130 prohibuit
2116 1075 2188 1113 ne
2282 1058 2594 1130 judicaturi
2629 1060 2813 1131 (Ibid.,
2865 1074 3004 1131 pag.
3037 1058 3178 1129 l90).
3220 1080 3249 1109 ››
3296 1058 3401 1114 Sed
3443 1058 3510 1113 de
3546 1060 3625 1113 his
3664 1061 3844 1117 uberius

563 1154 742 1209 dirius
783 1170 1038 1225 unquam
1080 1152 1140 1207 in
1196 1170 1292 1207 eos
1335 1153 1615 1207 satvirent.
1661 1154 1719 1206 lu
1772 1155 1940 1207 citato
1989 1156 2186 1207 autem
2287 1154 2363 1207 ad
2418 1157 2686 1208 Donatum
2734 1154 2854 1207 haec
2893 1151 3115 1223 scripsit
3161 1152 3221 1206 in
3274 1151 3447 1206 verba
3491 1168 3505 1206 :
3559 1173 3586 1201 «
3635 1153 3847 1224 Flagraut

564 1248 756 1303 codice
802 1247 1187 1302 Thcodosiano
1216 1246 1393 1300 habes
1420 1250 1727 1316 utramque
1772 1245 1933 1300 illam
1969 1247 2184 1318 legem,
2288 1245 2497 1317 ubique
2546 1247 2865 1303 delicta.....
2926 1245 3022 1300 Hic
3081 1249 3480 1300 testamentum
3531 1246 3741 1317 subiicit,
3778 1249 3846 1302 ille

563 1340 1132 1412 Caeterum'quamvis
1157 1339 1421 1411 Cypriani
1447 1338 1634 1393 adhuc
1664 1342 1927 1410 tempore
1968 1340 2184 1394 domini
2285 1340 2490 1394 falsum
2552 1340 2780 1411 capitali
2847 1339 3046 1394 fraude
3107 1339 3435 1394 conscribit.
3486 1339 3578 1393 Hic
3636 1347 3849 1395 arcentur

560 1436 883 1507 potuissent
935 1450 1128 1489 servos
1180 1450 1308 1487 suos
1361 1433 1722 1500 interﬁcere,
1774 1433 1936 1488 nobis
1994 1440 2184 1489 tamen
2286 1433 2714 1489 haereditatibus
2770 1433 2955 1501 liberi,
3002 1433 3112 1487 illic
3164 1432 3331 1488 bonis
3379 1433 3655 1487 donantur
3695 1433 3845 1487 alieni.

561 1529 713 1583 haud
757 1544 909 1598 aegre
952 1526 1391 1599 persuadebitur
1429 1527 1662 1581 nomine
1691 1528 1841 1595 ferro
1888 1544 2003 1581 non
2041 1527 2187 1582 hanc
2288 1526 2558 1581 Inimicus
2608 1526 2919 1595 insimulat,
2968 1526 3343 1581 calumniator
3394 1525 3693 1597 impugnat,
3731 1528 3851 1581 testis

561 1622 757 1693 utique
799 1623 1140 1693 potestatem
1193 1618 1500 1691 designari,
1532 1620 1628 1674 sed
1683 1620 1871 1691 potius
1916 1620 2181 1691 quaedam
2287 1618 2562 1689 infamat;
2598 1619 2902 1691 utrobique
2934 1623 3221 1690 grassatur
3246 1619 3303 1673 in
3335 1618 3683 1674 mendacium
3709 1621 3851 1673 crimi-

559 1714 939 1769 instrumenta
976 1714 1181 1782 ferrea,
1232 1712 1718 1785 quemadmodum
1764 1717 2106 1768 memoratas
2155 1693 2264 1768 aB
2288 1729 2426 1768 num
2458 1713 2779 1785 prostitutas
2806 1713 2957 1768 vocis
2981 1713 3195 1768 venalis
3230 1713 3485 1780 audacia,
3512 1729 3633 1767 cum
3670 1712 3850 1767 interim

557 1810 756 1863 Plauto
784 1808 1043 1875 laminas,
1072 1824 1171 1863 seu
1199 1808 1506 1863 candentes
1536 1806 1663 1861 aeris
1690 1811 1746 1862 et
1770 1806 1907 1861 ferri
1936 1807 2185 1875 tabellas,
2288 1810 2559 1862 nocentes
2586 1824 2691 1862 nec
2732 1824 2861 1861 cum
2908 1805 3305 1863 innocentibus
3338 1812 3579 1878 pereunt
3620 1806 3783 1877 (Idem,
3799 1807 3852 1859 ad

559 1902 768 1973 quibus
793 1901 942 1955 servi
967 1899 1457 1955 excruciabantur.
2288 1904 2507 1964 Donat,
2539 1917 2672 1971 pag.
2705 1900 2781 1972 7).
2812 1922 2840 1950 ››

627 1997 910 2050 Caeterum
948 1994 1174 2050 tametsi
1211 1993 1482 2048 dominus
1522 1993 1616 2063 jus
1664 1994 1795 2048 vita:
1832 1999 1888 2048 et
1936 1993 2092 2048 necis
2127 1994 2184 2049 in
2358 1996 2498 2059 Quia
2530 2011 2669 2065 ergo
2707 1999 2894 2049 tantus
2924 1998 3043 2049 erat
3073 1994 3270 2065 legum
3315 1997 3687 2064 contemptus,
3715 1996 3852 2046 tauta-

560 2105 789 2143 servum
818 2105 985 2143 suum
1018 2104 1133 2142 non
1173 2087 1399 2155 habeat,
1431 2088 1503 2142 ab
1533 2087 1629 2141 illo
1668 2086 2059 2154 nihilominus,
2088 2088 2184 2158 qui
2286 2105 2398 2159 que
2457 2087 2922 2158 gravissimorum
2968 2087 3140 2141 etiam
3187 2087 3498 2141 criminum
3546 2086 3850 2157 impunitas:

562 2182 824 2254 ejusdem
857 2198 987 2237 cum
1023 2182 1150 2252 ipso
1178 2187 1398 2235 natura;
1426 2186 1532 2249 est,
1574 2181 1824 2236 debitam
1852 2182 2182 2236 servitutem
2288 2203 2315 2231 ‹‹
2344 2181 2559 2249 Nullus,
2591 2182 2671 2235 ait
2697 2181 2810 2249 ille,
2841 2180 3217 2253 delinquendi
3253 2183 3445 2235 metus
3470 2201 3498 2230 ››
3523 2179 3640 2250 (hoc
3664 2179 3852 2233 verbum

557 2277 763 2331 merito
794 2274 1052 2348 1004
1084 2275 1691 2345 exigit.Reluctantem
1711 2275 1904 2346 itaque
1926 2292 2028 2331 nec
2056 2274 2185 2330 obe-
2284 2276 2343 2331 in
2377 2276 2637 2348 pluribus
2670 2275 3070 2346 manuscriptis
3096 2273 3516 2345 exemplaribus
3534 2272 3853 2339 desideratur)

552 2370 807 2425 dientem
839 2369 1068 2441 quando
1107 2368 1365 2439 corripit,
1397 2369 1445 2422 is
1486 2368 1607 2439 ipse
1642 2385 1838 2423 servus
1880 2385 2181 2440 poenarum
2289 2390 2317 2419 «
2348 2371 2433 2424 vel
2464 2370 2654 2441 pudor
2679 2374 2801 2437 est;
2844 2373 2902 2423 et
2948 2370 3026 2425 sic
3072 2374 3359 2441 peccatur,
3391 2368 3549 2440 quasi
3587 2367 3748 2437 magis
3779 2382 3854 2436 per

552 2479 784 2519 suorum
825 2479 995 2518 causa
1038 2466 1141 2517 est.
1192 2463 1412 2527 Quanto
1462 2461 1641 2532 igitur
1690 2462 1876 2532 magis
1922 2463 2179 2517 scelerati
2282 2464 2406 2535 ipsa
2469 2469 2700 2534 peccata
2761 2464 3050 2534 placeatur
3098 2462 3293 2536 (Idem,
3347 2464 3423 2517 ad
3474 2464 3709 2527 Demetr.,
3750 2476 3853 2531 pag.

548 2557 811 2613 homines
852 2556 1208 2627 publicarum
1251 2555 1638 2610 calamitatum
1673 2572 1843 2610 causa
1892 2559 2043 2625 sunt,
2083 2555 2180 2627 qui
2286 2560 2425 2627 189).
2470 2580 2496 2607 ››
2528 2558 2668 2622 Quid
2707 2573 2845 2628 ergo
2892 2558 3103 2611 mirum
3152 2554 3419 2628 1005
3462 2556 3508 2610 si
3548 2559 3627 2609 tot
3668 2557 3854 2623 tamque

548 2651 747 2707 relicto
775 2666 909 2707 vero
939 2651 1077 2717 Deo,
1105 2666 1298 2704 rerum
1326 2649 1585 2704 omnium
1610 2649 1839 2704 domino
1881 2655 1936 2704 et
1983 2650 2180 2704 mode—
2281 2651 2447 2723 impii
2473 2656 2528 2706 et
2567 2651 2835 2723 ﬂagitiosi
2874 2650 3138 2705 homines
3166 2650 3380 2721 ubique
3413 2649 3620 2720 reperti
3642 2644 3855 2702 fuerint?

547 2746 756 2807 ratore,
820 2756 884 2795 ac
940 2739 1147 2811 spretis
1215 2743 1273 2793 et
1320 2738 1676 2794 labefactatis
1743 2739 2009 2793 omnibus
2058 2740 2180 2810 ejus
2281 2745 2427 2810 Quid
2455 2745 2692 2814 mirum,
2722 2745 2766 2799 si
2799 2744 3158 2799 mortiferum
3206 2747 3383 2815 caput
3418 2741 3760 2814 impudenter
3781 2755 3853 2793 ex-

545 2833 789 2905 legibus,
832 2834 1001 2888 falsos
1043 2833 1180 2888 deos
1221 2834 1432 2900 colunt,
1478 2836 1536 2886 et
1586 2832 1644 2885 in
1688 2832 1849 2887 omni
1898 2833 2179 2887 scelerum
2278 2839 2513 2894 tulerint
2553 2861 2581 2889 «
2625 2839 2840 2893 falsarii
2892 2842 2950 2893 et
2997 2837 3286 2892 veneﬁci?
3316 2858 3348 2887 ››
3401 2835 3548 2900 Quid
3595 2834 3800 2901 mirum,
3824 2831 3857 2886 si

548 2943 761 2999 genere
807 2926 1167 2983 volutantur!
1214 2930 1284 2983 At
1321 2926 1383 2980 hi
1433 2942 1547 2981 non
1579 2926 1807 2997 quidem
1849 2926 2175 2995 Christiani,
2276 2933 2381 2987 visi
2410 2938 2559 3001 sunt,
2587 2954 2613 2982 «
2641 2933 2701 2987 in
2725 2932 2916 2988 media
2941 2931 3163 2986 civitate
3191 2931 3404 2999 sicarii,
3434 2935 3551 2985 tam
3576 2930 3642 2983 ad
3667 2942 3855 2998 peccau-

548 3020 647 3077 sed
702 3021 942 3092 gentiles
993 3025 1192 3087 erant,
1246 3036 1496 3091 quorum
1549 3020 1761 3074 idcirco
1818 3020 2178 3091 iniquissima
2199 3070 2250 3099 η
2278 3028 2414 3082 dum
2444 3026 2787 3099 praecipites,
2819 3042 2988 3097 quam
3018 3026 3256 3096 impune
3283 3011 3633 3096 peccantes?
3660 3043 3685 3072 »
3714 3019 3853 3087 (Ibid,

548 3070 647 3077 ""
702 3070 937 3092 D'"""'
999 3070 1192 3087 "“""
1253 3070 1496 3091 1“""—
1549 3070 1753 3074 ‘“""'
1818 3070 2178 3091 ““-Ἰ““““-“-
2278 3070 2414 3082 υιηιι
2444 3070 2787 3099 ιηνυν-Γ-*ννι
2820 3070 2988 3097 Ὶ“““”⁵⁵⁶
3018 3070 3255 3096 ’ψει-μυί
3283 3070 3587 3096 ι’ννπ-ην-
3613 3070 3625 3077 ·
3661 3070 3679 3072 ⁷⁷
3718 3070 3852 3087 ι-ηνίι

544 3122 669 3171 erat
714 3116 785 3171 de
824 3114 1063 3186 PUbliCiS
1112 3112 1367 3168 Cladibus
1416 3113 1768 3184 conquestio.
1816 3114 2176 3185 Quapropter
2197 3070 2251 3145 Ο
2276 3138 2411 3193 pag.
2443 3120 2587 3191 190).
2621 3125 2689 3177 At
2715 3121 2784 3175 de
2812 3120 2901 3174 his
2927 3118 3428 3175 facinorosissimis
3471 3115 3779 3172 hominibus
3811 3112 3852 3165 in

544 3212 698 3265 recte
748 3209 1068 3280 Cyprianus
1120 3208 1248 3262 illos
1299 3208 1377 3261 sic
1428 3209 1598 3278 urget
1653 3223 1667 3261 :
1737 3228 1764 3257 ‹‹
1816 3208 1926 3261 Nec
1978 3208 2173 3263 dicatis
2272 3214 2553 3286 superiori
2619 3213 3015 3269 dissertatione
3075 3218 3265 3268 actum
3315 3217 3408 3267 est
3480 3213 3766 3283 (Disseruit.
3814 3207 3856 3260 in

543 3302 700 3357 mala
728 3301 1010 3369 accidere,
1042 3300 1175 3371 quia
1206 3300 1284 3355 dii
1322 3301 1493 3355 vestri
1541 3317 1573 3354 a
1616 3300 1780 3355 nobis
1818 3317 1931 3355 non
1973 3302 2168 3357 colun-
2276 3310 2524 3377 Tertull.,
2558 3325 2678 3379 cap.
2708 3309 2799 3375 24,
2838 3312 2946 3362 art.
2987 3308 3060 3377 4).
3095 3306 3232 3370 Quis
3272 3308 3471 3360 autem
3518 3304 3725 3359 dubitat
3762 3301 3853 3353 haec

541 3400 638 3450 tur
670 3414 681 3449 :
718 3395 814 3450 sed
845 3394 1034 3449 sciatis
1060 3395 1159 3466 (ita
1200 3394 1258 3448 in
1296 3393 1693 3464 antiquissimo
1721 3394 1914 3449 codice
1940 3395 2165 3449 Colber-
2271 3402 2538 3457 intestina
2568 3402 2713 3456 bella
2743 3402 2917 3473 longe
2960 3401 3158 3471 pejora
3182 3399 3361 3454 fuisse
3390 3400 3657 3466 externis,
3685 3411 3792 3468 qua
3812 3392 3855 3447 iu

542 3489 685 3560 tino)
714 3490 863 3544 hanc
887 3488 987 3542 ira:
1015 3487 1114 3543 Dei
1143 3503 1262 3543 esse
1290 3503 1611 3554 censuram,
1643 3491 1705 3542 ut
1730 3487 1829 3559 qui
1873 3488 2166 3543 beneﬁciis
2269 3496 2540 3551 extremis
2564 3495 2795 3567 imperii
2825 3494 3067 3550 Romani
3109 3492 3317 3549 ﬁnibus
3367 3490 3741 3565 gerebantur?
3772 3486 3854 3543 Sed

541 3599 656 3638 non
686 3582 1046 3653 intelligitur,
1076 3583 1161 3635 vel
1187 3581 1371 3652 plagis
1390 3580 1751 3651 intelligatur
1778 3581 2071 3653 (Cyprian.
2095 3584 2170 3638 ad
2274 3589 2428 3659 vide,
2462 3606 2675 3661 quaeso,
2710 3593 2904 3643 utrum
2935 3588 3024 3642 his
3068 3588 3273 3655 verbis,
3306 3592 3552 3642 externa
3590 3585 3658 3640 de
3700 3580 3857 3638 Barba-

539 3681 798 3739 Demetr.,
828 3691 958 3748 pag.
992 3674 1134 3747 194).
1166 3696 1194 3725 ››
1226 3674 1337 3731 Sed
1363 3675 1484 3729 haec
1516 3674 1696 3746 magis
1721 3674 1907 3729 adhuc
1933 3676 2085 3730 clara
2112 3680 2169 3731 et
2266 3683 2347 3737 ris
2397 3699 2576 3751 arma,
2606 3682 2678 3736 ad
2722 3698 2789 3737 ea
2835 3680 3193 3754 potissimum
3243 3679 3653 3746 collineaverit,
3696 3675 3857 3747 quibus

537 3773 838 3846 perspicua
866 3772 1006 3827 ﬁent
1035 3788 1104 3827 ex
1134 3770 1223 3839 iis,
1259 3770 1504 3842 quasilla
1535 3770 1606 3825 de
1644 3770 1884 3843 singulis
1913 3772 2166 3828 cladibus
2267 3775 2465 3833 Decius
2494 3776 2707 3848 aliique
2731 3775 3130 3847 imperatores,
3163 3773 3283 3845 qui,
3313 3777 3383 3829 ut
3422 3789 3596 3846 supra
3631 3770 3853 3833 vidimus,

537 3867 699 3937 dixit,
730 3871 787 3923 et
811 3882 968 3923 nunc
994 3864 1356 3938 explananda
1382 3867 1535 3921 sunt.
2265 3887 2397 3926 cum
2425 3870 2483 3925 in
2521 3869 2869 3928 Christianos
2912 3869 3096 3924 acrius
3139 3869 3427 3936 servirent,
3457 3868 3531 3922 ad
3572 3862 3854 3921 internecio-

1142 3984 1435 4026 armcuws
1473 3985 1555 4023 Ill.
2264 3982 2401 4020 nem
2454 3964 2604 4037 cmsi,
2658 3968 2841 4020 morte
2890 3979 2993 4019 sua
3044 3962 3330 4018 dederunt
3386 3959 3723 4018 crudelitatis
3766 3970 3853 4011 sua:

536 4064 806 4131 Quomodo
836 4066 1141 4134 Cyprianus
1178 4064 1487 4133 probaverit
1528 4064 1848 4133 neutiquam
1891 4062 2161 4119 Christia-
2262 4076 2484 4131 paanas.

730 4160 846 4208 nos,
876 4146 969 4199 sed
995 4145 1220 4214 gentiles
1250 4144 1508 4198 bellorum
1528 4144 1697 4210 fuisse
1724 4159 1968 4199 causam.
2335 4193 2342 4207 ι

2335 4155 2407 4207 At
2432 4154 2552 4208 haec
2580 4152 2749 4221 bella,
2781 4151 2970 4225 inquit
2995 4151 3330 4231 Cyprianus,
3359 4166 3471 4207 nec
3519 4147 3739 4205 fortuito
3775 4143 3850 4200 ali-

605 4244 806 4315 Magna
836 4241 1071 4314 quidem
1104 4243 1227 4295 erat
1266 4240 1631 4296 ethnicorum
1658 4241 1728 4296 de
1765 4240 1930 4296 bellis
1960 4256 2158 4313 expos-
2264 4264 2378 4320 quo
2430 4264 2585 4316 casu,
2642 4262 2747 4302 nec
2798 4246 2857 4301 in
2909 4245 3393 4315 Christianorum,
3450 4244 3550 4300 sed
3602 4240 3853 4316 gentilium

535 4337 760 4405 tulatio,
784 4336 898 4391 sive
938 4340 1000 4390 ut
1043 4334 1313 4406 Cypriani
1354 4334 1540 4389 verbis
1572 4337 1839 4389 utamur:
1877 4357 1905 4386 ‹‹
1933 4337 2161 4392 Hostem
2261 4342 2358 4416 qui
2400 4345 2581 4409 Deum
2629 4341 3007 4408 irritaverant,
3035 4340 3312 4395 ultionem
3345 4342 3529 4412 {gesta
3574 4341 3716 4395 sunt.
3746 4338 3853 4393 Nam

535 4430 789 4505 quereris
806 4445 1110 4501 exsurgere
1132 4427 1515 4500 (Cyprian.ad
1536 4431 1935 4500 Demetr.,pag.
1972 4430 2297 4523 189),»Da
2341 4438 2557 4492 clarum
2604 4440 2708 4507 est,
2759 4435 2839 4491 ait
2892 4435 3005 4503 ille,
3059 4438 3115 4489 et
3159 4434 3562 4503 manifestum,
3605 4434 3724 4507 quia
3766 4445 3851 4523 non

534 4525 967 4598 quiRomanum
996 4522 1580 4596 imperiumvastabat
1603 4527 1660 4578 et
1687 4523 2158 4595 depopulabatur.
2184 4521 2223 4523 Ἰ
2264 4547 2372 4602 per
2407 4546 2534 4599 nos,
2568 4529 2667 4586 sed
2697 4546 2799 4601 pro
2826 4527 2988 4583 nobis
3021 4528 3120 4599 (ita
3153 4528 3514 4600 antiquiores
3557 4532 3614 4584 et
3646 4521 3851 4582 melioris

534 4624 606 4675 At
628 4622 783 4674 certe
808 4618 869 4673 id
900 4617 1136 4673 minime
1165 4616 1401 4689 quidem
1427 4617 1797 4673 tribuendum
1828 4624 1952 4673 erat
1977 4618 2162 4673 Chris-
2259 4628 2413 4681 nota;
2454 4624 2699 4696 codices)
2735 4645 2763 4674 ‹‹
2804 4622 3066 4679 accidunt
3107 4625 3310 4677 cuncta
3352 4623 3490 4690 ista,
3518 4638 3644 4694 quas
3679 4620 3740 4676 de
3778 4615 3850 4672 Dei

535 4713 726 4782 tianis,
747 4714 846 4769 sed
875 4713 962 4768 his
988 4712 1248 4784 ipsismet
1290 4711 1602 4783 gentilibus
1627 4729 1640 4767 :
1675 4733 1704 4762 «
1750 4712 1969 4777 Quibus
1995 4712 2161 4784 quasi
2257 4718 2654 4790 indignatione
2680 4716 3039 4773 descendunt
3070 4716 3359 4789 (Cyprian.
3389 4717 3468 4772 ad
3488 4721 3729 4781 Demean,
3749 4725 3847 4784 pag.

533 4808 640 4864 etsi
701 4808 878 4863 hostis
940 4805 1019 4861 ait
1078 4805 1264 4862 adhuc
1325 4809 1525 4862 auctor
1571 4812 1795 4876 noster,
1845 4807 1990 4862 desit
2040 4824 2159 4863 esse
2262 4812 2405 4885 192).
2435 4834 2462 4864 ››
2493 4814 2590 4869 Has
2632 4812 2809 4885 igitur
2846 4811 3128 4867 bellorum
3157 4810 3345 4866 clades
3374 4828 3501 4867 non
3532 4807 3850 4879 contigerunt

529 4917 643 4976 pax
669 4902 818 4957 inter
845 4901 998 4974 ipsas
1034 4903 1195 4972 togas
1238 4900 1417 4972 possit
1440 4900 1648 4973 (Ibid)
1677 4923 1705 4950 »
1737 4902 2024 4973 Togarum
2052 4918 2155 4956 au-
2260 4932 2287 4961 α
2329 4924 2434 4979 per
2481 4923 2607 4977 nos,
2650 4928 2677 4957 ››
2726 4907 2785 4960 id
2827 4910 2932 4974 est,
2980 4905 3164 4961 nostri
3207 4920 3400 4973 causa,
3448 4910 3508 4961 et
3553 4903 3681 4977 quia
3718 4898 3849 4956 falsos

528 5002 646 5054 tem
696 4995 934 5052 nomine
974 5011 1172 5050 omnes
1216 4995 1506 5051 Romanos
1548 4995 1932 5067 magistratus,
1964 4994 2157 5067 praesi-
2258 5002 2396 5059 deos
2435 5019 2551 5057 non
2591 5000 2825 5055 colimus
2854 5016 2867 5054 :
2895 4999 2994 5055 sed
3027 5018 3054 5051 «
3086 5015 3190 5070 pro
3242 4998 3436 5069 nobis,
3474 5019 3502 5050 ››
3533 4990 3846 5069 quandoqui-

529 5090 626 5146 des
652 5098 707 5147 et
728 5092 950 5163 judices
981 5092 1207 5162 togatos
1244 5089 1699 5161 comprehendit.
1727 5092 1850 5146 Jam
1880 5089 2036 5146 enim
2080 5090 2157 5145 vi-
2257 5097 2388 5154 dem
2419 5097 2566 5152 Deus
2593 5096 2681 5151 his
2724 5094 2886 5150 bellis
2937 5092 3317 5149 ulciscebatur
3363 5096 3590 5148 nostras
3633 5085 3847 5167 injurias,

528 5184 715 5240 dimus
744 5188 963 5257 quanta
1005 5183 1157 5239 inter
1201 5200 1298 5238 eos
1344 5187 1536 5239 essent
1574 5183 1802 5239 dissidia
1848 5189 1905 5240 et
1945 5184 2156 5240 dissen-
2255 5208 2321 5247 ac
2349 5192 2750 5263 persecutores
2780 5192 3006 5243 nostros
3050 5185 3369 5259 puniendo,
3403 5191 3660 5258 optatam
3685 5178 3847 5237 redde~

526 5280 734 5348 siones,
763 5281 980 5351 quanta
1018 5278 1267 5333 avaritiae
1313 5281 1370 5333 et
1408 5277 1701 5347 injustitize
1742 5278 2002 5347 crimina,
2033 5278 2155 5351 qui-
2252 5284 2355 5340 hat
2381 5284 2640 5341 Ecclesiis
2666 5282 2877 5339 nostris
2901 5297 3126 5354 pacem.

522 5373 630 5430 bus
685 5373 949 5430 homines
991 5371 1283 5429 crudelius
1334 5388 1503 5445 quam
1542 5371 1692 5427 bello
1745 5389 1895 5446 saepe
1946 5374 2153 5446 smpius
2874 5396 3163 5437 ARTICULUS
3202 5396 3276 5435 Iv.

522 5467 895 5525 vexabantur.
2252 5478 2369 5546 Qua
2394 5478 2606 5534 ratione
2636 5478 2946 5547 Cyprianus
2983 5474 3234 5530 ostendat
3257 5487 3364 5528 non
3406 5471 3751 5533 Christianos,
3773 5459 3849 5519 sed

588 5565 712 5620 Huc
743 5560 978 5630 accedit,
1009 5561 1165 5632 quod
1193 5578 1206 5617 :
1242 5582 1270 5611 ‹‹
1297 5561 1411 5616 Etsi
1444 5562 1701 5617 extrema
1731 5583 1759 5612 »
1799 5561 2153 5636 (antiquissi-
2451 5556 2674 5626 gentiles
2698 5556 3004 5610 sterilitatis
3034 5559 3085 5608 ei
3109 5555 3277 5622 famis
3303 5567 3418 5608 esse
3441 5566 3676 5607 causam-

511 5657 601 5717 mi
645 5654 826 5712 nostri
889 5654 1098 5727 aliique
1148 5654 1546 5726 manuscripti,
1603 5659 1660 5711 et
1711 5655 1850 5711 editi
1905 5655 2149 5727 codices,
2320 5658 2660 5715 Clamabunt
2690 5658 2875 5714 adhuc
2903 5656 3121 5713 ethnici
3146 5673 3205 5713 se
3261 5656 3435 5725 fame,
3474 5666 3733 5729 agrorum
3753 5649 3845 5703 ste-

502 5750 764 5823 cwterna)
799 5770 828 5803 ‹‹
854 5749 922 5808 de
941 5750 1196 5810 Barcaris
1215 5766 1377 5808 arma
1400 5752 1459 5808 et
1482 5748 1739 5825 pericula
1763 5749 2151 5824 compriman-
2250 5750 2483 5824 rilitate,
2514 5755 2574 5810 et
2603 5753 2838 5828 frugum
2866 5752 3069 5828 inopia
3126 5752 3258 5810 ideo
3302 5751 3533 5809 enecari
3563 5748 3691 5824 quia
3710 5741 3845 5803 Chris
