4082 6194
192 189 313 245 1093

1204 181 1266 239 D.
1307 181 1575 241 NICOLAI
1613 181 1698 236 LE
1738 182 2012 239 NOURRY
2050 180 2503 237 DISSERTATIO.

3403 178 3543 236 4394

190 313 318 371 tiani
384 313 616 369 illorum
671 313 805 367 deos
869 327 982 366 non
1038 310 1457 366 venerabantur
1520 309 1808 382 (Cyprian.
1838 308 2071 397 Ahaud
2103 307 2272 362 dubie
2306 306 2520 362 siccitas
2556 310 2616 362 et
2651 307 2937 375 sterilitas,
2972 323 3083 379 qua
3116 323 3269 362 mors
3298 308 3550 363 homini-

191 409 256 463 ad
287 410 519 461 Demetr.
566 422 702 477 pag.
750 406 898 475 189).
933 406 1041 460 Sed
1086 404 1294 459 insulsa
1327 404 1494 475 plane
1530 408 1654 457 erat
1692 403 1816 457 haec

191 500 428 555 secunda
477 501 703 554 illorum
754 498 1143 570 querimonia.
1189 500 1366 552 Verus
1415 497 1633 551 etenim
1681 490 1827 550 Deus

190 593 360 647 voluit
398 593 502 646 hac
536 593 767 664 publica
799 592 1119 646 calamitate
1161 591 1437 644 mundum
1475 590 1679 661 afﬂigi,
1707 606 1824 645 non

193 686 419 757 quidem
458 689 697 755 prepter
744 685 1114 753 Christianos,
1168 684 1266 754 qui
1319 684 1483 737 illum
1534 683 1625 754 pie
1669 684 1822 737 cole-

194 781 340 842 bant,
408 780 647 849 ejusque
713 778 988 848 parebant
1043 777 1362 848 praeceptis,
1423 777 1520 830 scd
1587 780 1826 847 propter

192 874 455 943 ipsosmct
486 872 747 942 gentiles,
775 871 871 941 qui
913 871 1076 924 illum
1115 887 1313 924 verum
1353 872 1535 925 Deum
1569 886 1691 925 esse
1725 884 1823 923 ne-

196 966 419 1036 gabant,
447 982 511 1019 ac
545 964 891 1037 gravissimis
921 980 1150 1034 semper
1180 963 1465 1017 lacdebant
1493 962 1821 1017 sceleribus.

197 1061 366 1113 Tanta
403 1058 688 1130 siquidem
728 1058 900 1129 plaga
939 1057 1040 1111 etsi
1080 1074 1241 1128 asque
1276 1057 1375 1110 Dei
1399 1056 1617 1127 judicio
1664 1072 1826 1109 mun-

199 1153 298 1207 dus
356 1155 768 1223 percuteretnr,
824 1167 937 1204 non
991 1150 1122 1205 inde
1176 1156 1369 1205 tamen
1424 1149 1635 1204 ethnici
1688 1148 1826 1202 facti

200 1251 326 1300 sunt
367 1246 648 1299 meliores.
682 1244 846 1299 Avari
889 1244 1099 1315 quippe
1136 1243 1401 1298 homines
1437 1246 1497 1297 ut
1539 1245 1827 1297 frumenta.

203 1340 379 1394 carius
410 1340 738 1405 venderent,
776 1338 1121 1392 claudebant
1160 1338 1383 1405 horrea,
1424 1351 1821 1406 pauperesque

204 1438 350 1491 fame
385 1435 607 1491 absumi
651 1436 958 1501 malebant,
1000 1450 1172 1505 quam
1213 1450 1412 1488 eorum
1458 1432 1648 1503 inopia
1693 1447 1827 1501 Opes

204 1548 329 1584 suas
368 1547 484 1584 non
529 1530 742 1600 augeri.
785 1530 1055 1598 Majorem
1095 1528 1286 1598 itaque
1320 1530 1376 1580 et
1416 1526 1592 1580 multo
1635 1525 1829 1579 crude-

204 1623 401 1677 liorem
435 1624 643 1677 famem
678 1622 913 1677 faciebat
947 1638 1145 1676 eorum
1173 1618 1456 1691 rapacitas
1485 1622 1542 1673 et
1566 1617 1824 1685 avaritia,

204 1735 373 1790 quam
424 1721 591 1771 terrm
640 1716 926 1770 sterilitas.
985 1715 1200 1787 Ecquid
1253 1730 1524 1785 namque,
1572 1718 1634 1767 ut
1681 1703 1910 1775 recteB

205 1811 393 1881 arguit
453 1810 759 1881 Gregorius
816 1809 1240 1873 Nazianzenus,
1297 1828 1325 1857 ‹‹
1380 1806 1609 1877 gravius
1664 1808 1834 1875 atque

203 1904 480 1971 acerbius,
523 1920 691 1974 quam
734 1903 1055 1970 crudelitas,
1099 1900 1488 1971 cupiditasque
1529 1899 1833 1969 inexplebi-

204 1996 269 2052 lis
298 2013 520 2073 eorum,
548 1995 644 2068 qui
674 1996 1029 2050 frumentum
1062 1994 1318 2048 habent?
1346 1993 1653 2047 observant
1679 1992 1835 2046 enim

204 2096 534 2162 temporum
567 2090 947 2156 difficultates,
981 2094 1036 2143 et
1074 2088 1291 2142 famem
1330 2087 1719 2158 negotiantur,
1748 2091 1832 2140 at-

206 2202 314 2256 que
360 2202 427 2239 ex
477 2184 719 2237 aliorum
774 2182 1189 2237 calamitatibus
1234 2198 1476 2236 messem
1519 2179 1751 2234 faciunt.
1803 2201 1831 2228 ››

207 2277 398 2348 (Greg.
444 2279 571 2331 Naz.
622 2280 765 2330 orat.
817 2280 903 2342 20,
950 2292 1084 2347 pag.
1129 2276 1273 2345 558.)
1319 2262 1699 2338 Quamobrem
1732 2272 1837 2325 im-

205 2370 489 2424 mansucti
518 2372 573 2423 et
598 2370 703 2423 feri
727 2369 1013 2434 homines,
1043 2369 1140 2439 qui
1172 2384 1404 2422 omnem
1434 2370 1718 2421 exuerunt
1737 2365 1839 2419 hu-

206 2465 571 2525 manitatem,
614 2469 670 2517 et
714 2464 825 2516 Deo
876 2465 931 2516 et
972 2462 1189 2516 caeteris
1228 2460 1558 2515 hominibus
1599 2459 1838 2513 detesta-

206 2557 349 2611 biles
382 2561 533 2611 sunt.
562 2557 703 2609 Nam
745 2555 1011 2609 Salomon
1042 2555 1102 2608 in
1135 2554 1318 2608 citatis
1347 2553 1418 2606 ab
1460 2553 1665 2606 eodem
1697 2552 1836 2605 Gre-

208 2649 370 2720 gorio
417 2656 473 2705 et
512 2649 789 2720 Cypriane
835 2654 1025 2701 nostro
1076 2647 1365 2702 Paroemiis
1414 2643 1669 2717 1006
1718 2645 1839 2698 hinc

208 2743 548 2814 pronuntiat
573 2759 584 2797 :
613 2764 638 2791 ‹‹
661 2744 906 2812 Captans
925 2757 1213 2795 annonam
1237 2739 1574 2793 maledictns
1594 2738 1652 2791 in
1676 2738 1840 2807 plebe

208 2840 295 2890 est
333 2837 519 2907 (Greg.
557 2836 691 2890 ibid.
735 2838 900 2905 Cypr.
942 2834 1037 2888 lib.
1084 2851 1162 2901 ιιι,
1203 2834 1330 2888 adv.
1368 2833 1497 2886 Jud.
1530 2832 1562 2902 §
1590 2833 1675 2899 6i,
1706 2847 1836 2901 pag.

210 2932 323 2999 8'2);
358 2951 386 2979 δ)
427 2933 525 2984 aut
562 2929 706 2984 sicut
738 2930 800 2982 in
832 2929 1068 2999 Vulgata
1097 2927 1339 2997 legimus
1372 2943 1384 2979 :
1418 2926 1521 2991 Qui
1564 2925 1841 2979 abscondit

208 3025 549 3090 frumentum
600 3023 945 3077 maledicitur
993 3024 1049 3074 in
1095 3021 1330 3090 populis.
1390 3019 1583 3089 Neque
1637 3016 1842 3071 divinis

210 3120 462 3184 tantum,
498 3116 593 3171 sed
632 3115 897 3169 humanis
928 3113 1147 3183 legibus
1187 3114 1309 3167 haec
1345 3111 1646 3166 crudelitas
1685 3110 1844 3164 dam-

210 3213 409 3264 natur.
459 3211 683 3264 Testem
738 3208 1027 3263 enimvero
1089 3207 1324 3261 Panlum
1373 3204 1847 3275 jnrisconsullum

210 3304 524 3369 habemus,
552 3301 649 3374 qui
677 3302 951 3372 scriptum
978 3300 1208 3371 reliquit
1240 3318 1250 3352 :
1281 3300 1636 3352 «Annonam
1662 3301 1861 3351 attem-

209 3413 422 3468 perare
475 3401 534 3450 et
578 3411 780 3449 vexare
824 3395 910 3448 vel
960 3394 1213 3447 maxime
1271 3390 1603 3446 Dardanarii
1653 3391 1859 3459 solent,

209 3507 463 3562 quorum
509 3488 757 3543 avaritize
803 3488 1030 3542 obviam
1077 3487 1218 3541 itum
1261 3489 1345 3541 est
1386 3492 1505 3539 tam
1546 3485 1853 3554 mandatis,

214 3600 397 3655 quam
437 3582 951 3637 constitutionibus.
980 3603 1007 3631 n
1041 3580 1273 3652 (Digest.
1310 3579 1409 3633 lib.
1453 3595 1539 3646 Lx,
1570 3578 1657 3633 tit.
1696 3581 1753 3634 11
1787 3579 1853 3655 de

208 3678 583 3733 Emtraordin.
618 3676 784 3731 (Irim.
818 3675 931 3746 leg.
966 3675 1040 3746 6.)

288 3849 503 3903 Verum
531 3844 657 3899 duri
685 3846 742 3898 et
775 3842 948 3898 ferrei
974 3841 1057 3896 illi
1100 3841 1341 3912 gentiles
1379 3842 1478 3895 has
1509 3838 1865 3912 aequissimas

212 3942 378 4013 leges
423 3937 953 4011 pessumdederunt,
1002 3953 1064 3990 ac
1104 3935 1265 3991 ﬂocci
1315 3938 1597 4007 praeterea
1640 3933 1863 3988 habue-

212 4039 363 4091 runt
404 4032 667 4088 salutaria
713 4032 810 4086 Dei
854 4030 1093 4097 monita,
1123 4030 1327 4102 quibus
1370 4030 1511 4084 sacri
1556 4028 1678 4099 ejus
1728 4044 1865 4100 pro-

212 4130 420 4203 phetae
446 4128 721 4194 futuram,
748 4128 982 4197 prOpter
1003 4141 1206 4180 eorum
1235 4123 1460 4190 delicta,
1489 4124 1701 4177 famem
1731 4138 1853 4193 prae

212 4336 282 4391 p.
330 4320 447 4387 187)
487 4316 593 4371 hac
628 4314 821 4386 Aggzei
853 4313 1294 4385 praemunitione
1323 4310 1576 4366 clarius?
1613 4314 1689 4368 Eo
1721 4314 1870 4383 quod

1868 3067 1922 3141 C

1924 402 2030 456 bus
2061 400 2427 456 inferebatur.

1995 496 2346 565 Quapropter
2374 494 2521 548 hanc
2553 493 2847 564 subjunxit
2874 495 3170 566 prophetae
3198 496 3371 551 Amos
3402 497 3546 552 vati-

1925 588 2309 643 cinationem:
2344 591 2411 643 Et
2450 588 2662 657 pluam,
2704 587 3080 658 Septuaginta
3109 595 3186 644 »αἱ
3218 598 3384 661 βρεξω,
3414 591 3545 645 Vul-

1928 684 2078 753 gata,
2110 681 2268 735 sicuti
2313 680 2480 751 paulo
2518 685 2644 751 post
2676 697 2689 735 :
2718 683 2790 734 Et
2812 682 2935 750 ptui
2963 696 3124 751 super
3148 697 3319 737 unam
3350 686 3547 739 civita-

1926 780 2028 829 tem
2069 780 2121 829 et
2163 790 2325 844 super
2356 775 2525 829 aliam
2564 789 2671 827 non
2710 774 2922 843 pluam.
2961 816 2971 827 .
3010 814 3022 827 .
3064 815 3076 829 .
3119 814 3132 828 .
3170 781 3222 829 et
3261 790 3548 846 congrega-

1928 874 2126 927 buntur
2160 873 2281 926 dua:
2323 877 2373 927 et
2414 878 2519 927 tres
2560 874 2802 927 civitates
2840 874 2901 924 in
2939 887 3107 926 unam
3147 873 3417 927 ciuitatem
3450 890 3548 943 po-

1928 967 2111 1021 tanda:
2139 982 2296 1035 aqua:
2322 981 2507 1033 causa,
2542 971 2594 1020 et
2632 982 2739 1019 non
2771 965 3140 1020 satiabuntur.
3170 968 3241 1019 Et
3275 981 3383 1019 non
3423 982 3551 1020 con-

1923 1062 2201 1114 vertimini
2226 1060 2300 1113 ad
2322 1075 2423 1126 me,
2448 1060 2581 1114 dicit
2614 1061 2866 1113 Dominus
2895 1058 3186 1129 (Cyprian.
3214 1058 3291 1111 ad
3319 1060 3552 1114 Demetr.

1925 1168 2058 1223 pag.
2109 1154 2227 1218 187;
2276 1154 2458 1214 Amos,
2504 1169 2575 1220 ιν,
2623 1156 2686 1205 17
2733 1157 2790 1206 et
2831 1151 3036 1223 seqq.).
3080 1153 3319 1206 Tantum
3359 1155 3556 1206 autem

1925 1245 2104 1313 abest,
2146 1251 2210 1299 ut
2263 1249 2389 1299 tum
2431 1262 2490 1299 se
2532 1244 2917 1300 converterint
2953 1245 3023 1299 ad
3070 1246 3218 1300 hunc
3261 1261 3459 1300 verum
3503 1250 3561 1299 et

1928 1338 2161 1393 unicum
2206 1339 2422 1407 Deum;
2466 1339 2605 1409 quin
2646 1338 2840 1409 potius
2880 1354 3012 1392 eum
3046 1339 3274 1409 gravius
3313 1338 3561 1393 offende-

1927 1433 2043 1487 rint
2106 1449 2221 1486 non
2274 1438 2500 1487 tantum
2539 1432 2709 1486 famis
2761 1436 2818 1486 et
2864 1430 3197 1499 sterilitatis,
3247 1432 3349 1486 sed
3386 1430 3561 1502 pestis

1928 1542 2155 1597 quoque
2207 1526 2467 1580 acerbius
2513 1524 2793 1580 saevientis
2844 1528 3126 1595 tempore,
3175 1525 3257 1580 uti
3296 1526 3421 1595 jam
3465 1525 3562 1579 de-

1934 1620 2373 1675 monstrandum
2400 1625 2503 1674 est.

2553 1731 2851 1772 ARTICULUS
2892 1731 2947 1770 ν.

1939 1820 2175 1873 Tantum
2217 1818 2395 1873 abesse
2435 1820 2498 1870 ut
2544 1816 2746 1870 ethnici
2788 1816 2977 1877 Deum,
3033 1828 3215 1868 eorum
3252 1811 3566 1867 criminibus

2005 1896 2279 1966 offensum,
2321 1897 2632 1951 curaverint
2666 1896 2836 1964 pestis
2880 1899 3112 1962 tempore
3147 1893 3393 1961 placare,
3432 1893 3566 1960 quin

2001 1982 2182 2049 potius
2208 1979 2368 2032 illum
2393 1975 2738 2048 gravioribus
2767 1974 2993 2042 ﬂagitiis
3018 1974 3384 2028 irritaverint.

2006 2085 2377 2140 Observatum
2424 2101 2459 2139 a
2499 2082 2664 2137 nobis
2698 2081 2820 2151 jam
2863 2079 2968 2134 fuit
3004 2096 3175 2151 quam
3204 2077 3566 2134 horrendum

1938 2188 1995 2238 et
2039 2184 2363 2239 inauditum
2408 2183 2687 2237 hactenus
2722 2181 2781 2234 in
2811 2179 3049 2234 modum
3078 2177 3569 2234 calamitosissima

1938 2284 2133 2354 pestis,
2160 2284 2244 2336 uti
2278 2282 2615 2352 Cyprianus,
2657 2278 2954 2342 Eusebius,
2989 2279 3047 2331 et
3082 2276 3180 2331 alii
3222 2277 3566 2343 memorant,

1940 2375 2137 2427 omnia
2183 2374 2627 2444 depopularetur
2677 2372 2849 2440 (supr.
2901 2385 3022 2439 cap.
3077 2372 3126 2437 1,
3175 2371 3279 2422 art.
3338 2368 3411 2439 5).
3460 2367 3570 2423 Sed

1940 2467 2074 2538 quid
2106 2472 2270 2537 putas
2294 2469 2433 2520 tunc
2463 2467 2655 2518 actum
2687 2464 2757 2516 ab
2786 2462 3051 2529 ethnicis,
3082 2462 3183 2533 qui
3215 2460 3569 2517 Christianos

1938 2562 2109 2631 hujus
2175 2557 2355 2613 tertiae
2418 2556 2589 2612 cladis
2650 2555 3037 2610 accusabant?
3096 2552 3370 2625 Nunquid
3431 2553 3569 2608 inde

1938 2654 2072 2709 facti
2109 2656 2240 2707 sunt
2268 2651 2574 2706 meliores?
2612 2649 2841 2704 Minime
2885 2647 3140 2718 quidem.
3171 2648 3351 2701 Deum
3395 2645 3573 2701 enim-

1940 2764 2095 2815 vero,
2126 2762 2301 2817 quem
2344 2747 2579 2815 propter
2611 2758 2711 2796 sua
2748 2741 2971 2812 ﬂagitia
2998 2741 3068 2795 ad
3111 2757 3207 2795 eos
3239 2740 3345 2794 hac
3382 2737 3570 2795 horri-

1939 2841 2038 2895 bili
2076 2844 2238 2912 peste
2269 2837 2626 2908 castigandos
2654 2834 2907 2907 1007
2942 2838 3239 2905 cogerant,
3270 2833 3430 2888 novis
3466 2847 3571 2888 nec

1942 2936 2074 2991 satis
2140 2948 2392 3004 unquam
2456 2930 2801 2985 detestandis
2864 2928 3166 2983 irritabant
3240 2927 3575 2983 sceleribus.

1948 3031 2088 3084 Nam
2125 3048 2153 3077 ‹‹
2196 3043 2329 3081 cum
2374 3027 2532 3095 peste
2578 3023 2701 3093 ipsa
2741 3028 2800 3077 et
2837 3022 2953 3089 lue,
2994 3021 3072 3075 ait
3112 3021 3448 3092 Cyprianus,
3490 3020 3582 3076 vel

1959 3123 2175 3178 defecta
2219 3123 2372 3187 sunt,
2410 3118 2496 3173 vel
2538 3120 2700 3171 aucta
2742 3115 2984 3170 crimina
3024 3115 3401 3185 singulorum,
3441 3114 3582 3170 dum

1959 3233 2065 3271 nec
2114 3213 2355 3269 infirmis
2398 3210 2695 3266 exhibetur
2743 3208 3149 3277 misericordia,
3201 3212 3257 3263 et
3303 3207 3585 3262 defunctis

1960 3309 2191 3364 avaritia
2227 3307 2412 3361 inhiat
2447 3322 2510 3358 ac
2547 3304 2765 3374 rapina.
2808 3324 2835 3352 »
2876 3301 3190 3373 (Cyprian.,
3232 3301 3307 3355 ad
3351 3305 3586 3357 Demetr.

1962 3420 2095 3476 pag.
2130 3402 2271 3471 189.)
2306 3399 2514 3470 Duplex
2541 3402 2736 3453 autem
2767 3395 2960 3467 arguit
2986 3411 3169 3466 genus
3195 3395 3495 3463 scelerum,
3522 3394 3587 3449 in

1963 3515 2090 3574 quas
2140 3501 2262 3551 tam
2317 3492 2599 3559 crudeles,
2653 3506 2827 3561 quam
2873 3488 3027 3544 avari
3080 3488 3346 3544 homines
3398 3488 3590 3560 palam

1963 3591 2226 3647 ruebant.
2264 3588 2519 3643 Primum
2562 3584 2714 3640 enim
2744 3599 2965 3638 summa
2996 3584 3137 3649 erat,
3172 3586 3230 3636 et
3262 3581 3415 3637 dictu
3447 3582 3588 3636 hor-

1966 3685 2140 3741 ribilis
2167 3684 2395 3738 illorum
2426 3681 2486 3735 in
2513 3683 2775 3750 aegrotos.
2804 3678 2865 3732 in
2893 3675 3204 3731 morientes
3233 3692 3298 3730 ac
3332 3678 3592 3732 mortuos

1964 3778 2371 3835 inhumanitas.
2397 3775 2626 3829 Nullum
2647 3771 2857 3844 quippe
2877 3770 3137 3826 ferebant
3155 3773 3314 3840 peste
3333 3768 3595 3824 laboran-

1967 3874 2117 3929 tibus
2157 3870 2453 3936 auxilium,
2493 3866 2808 3921 morientes
2844 3865 3015 3936 plane
3052 3862 3396 3934 penitusque
3435 3862 3596 3918 dese-

1970 3968 2190 4035 rebant,
2243 3962 2542 4035 fugiebant
2590 3959 2927 4015 morientium
2975 3958 3195 4025 funera,
3248 3959 3306 4011 et
3355 3972 3597 4027 corpora.

1972 4067 2350 4127 mortuorum,
2381 4071 2500 4111 non
2544 4069 2702 4109 secus
2745 4068 2809 4107 ac
2846 4067 3073 4121 canum,
3115 4050 3399 4123 insepulta
3430 4050 3601 4106 relin-

214 4145 420 4203 pheta:
446 4145 721 4194 laturam,
748 4145 982 4197 propter
1003 4145 1206 4180 eorum
1235 4145 1701 4190 ueucm,1amem
1731 4145 1877 4205 μνᾶς-
1974 4156 2245 4229 (luebant.
2283 4150 2392 4207 Sed
2435 4150 2559 4205 hac
2602 4146 2853 4215 Pontius,
2893 4145 3159 4218 Cypriani
3201 4145 3495 4211 diaconus,
3541 4149 3601 4200 et

214 4226 508 4280 dixerant-
540 4220 685 4286 Quid
725 4220 881 4274 enim
925 4219 1097 4275 Citam
1127 4236 1160 4273 ἃ
1191 4218 1469 4290 Cypriano
1508 4218 1603 4289 (αά
1636 4218 1875 4289 Deme".
1978 4249 2229 4290 ηριιιςιίιις
2267 4244 2446 4290 testis-
2495 4249 2611 4290 tam
2654 4239 2878 4290 nativis.
2913 4255 3085 4290 uuam
3130 4238 3361 4290 tragicis
3400 4237 3601 4290 colori-

1978 4249 2229 4305 oculatus
2267 4244 2447 4314 testis,
2495 4249 2613 4297 tam
2654 4239 2878 4308 nativis,
2913 4255 3085 4312 quam
3130 4238 3361 4309 tragicis
3400 4237 3602 4293 colori~

1976 4345 2083 4400 bus
2113 4339 2375 4413 depingit
2401 4355 2416 4394 :
2450 4357 2479 4391 a
2508 4338 2772 4403 Horrere,
2801 4333 3007 4405 inquit,
3037 4349 3236 4389 omnes
3259 4332 3483 4404 fugere,
3512 4332 3594 4386 vi-

217 4419 424 4469 domus
450 4426 568 4466 mea
602 4411 810 4465 deserta
840 4415 937 4476 es"
972 4427 1062 4466 vos
1100 4417 1280 4466 autem
1320 4406 1619 4473 seetamini’
1665 4405 1860 4455 διώκετε
1880 4430 1940 4504 D
1964 4441 2083 4493 tare
2122 4405 2474 4505 contagium,
2507 4445 2794 4502 exponere
2824 4444 2953 4482 suos
2996 4426 3297 4498 impie.....
3328 4425 3604 4481 Iacebant

222 4504 512 4576 (Vulgata,
561 4504 854 4575 festinatis)
906 4508 1272 4575 unusquisque
1312 4506 1373 4558 in
1424 4503 1639 4557 domum
1685 4513 1858 4555 suum.

209 4604 523 4672 propterea
553 4598 838 4652 abstinebit
874 4600 1063 4653 caelum
1092 4616 1126 4652 α
1154 4614 1294 4659 rore,
1324 4602 1373 4652 et
1403 4603 1547 4651 terra
1581 4592 1864 4665 protrahet

212 4693 626 4763 procreationes
651 4706 797 4754 suas,
829 4696 879 4746 et
903 4692 1158 4746 inducam
1186 4692 1434 4761 gladium
1457 4705 1620 4759 super
1641 4693 1862 4753 terram,

216 4795 336 4845 Καὶ
379 4793 532 4849 ἐπαξω
577 4793 808 4858 pauth
859 4794 935 4841 ὲπὶ
982 4794 1064 4851 τὴν
1103 4794 1208 4856 γῆν.
1251 4784 1487 4856 Vulgata
1525 4800 1538 4837 :
1573 4786 1641 4838 Et
1683 4781 1867 4836 vocavi

220 4882 536 4937 siccitatem
553 4896 716 4951 super
744 4886 964 4944 terram,
992 4886 1041 4936 et
1066 4896 1227 4951 super
1248 4882 1603 4949 frumentum,
1635 4882 1684 4932 et
1708 4889 1870 4945 super

216 4979 448 5036 vinum,
494 4979 543 5029 et
577 4991 736 5045 super
773 4976 977 5038 oleum,
1014 4981 1065 5030 et
1101 4990 1260 5045 super
1302 4975 1537 5028 homines
1562 5013 1579 5035 ,
1625 4975 1675 5026 et
1709 4984 1871 5039 super

202 5070 503 5141 jumenta,
530 5074 582 5123 et
609 5084 768 5138 super
787 5084 961 5124 omnes
991 5070 1197 5123 labores
1222 5084 1481 5123 manuum
1502 5081 1682 5121 eorum
1704 5064 1865 5136 (Agg.

218 5183 268 5234 1,
309 5162 482 5235 9-11).
516 5163 861 5217 Praedixerat
898 5162 1075 5233 igitur
1116 5164 1365 5216 futuram
1406 5167 1570 5216 terra:
1610 5157 1870 5212 sterilita-

217 5266 383 5326 tem,
404 5263 711 5329 propterea
727 5258 877 5329 quod
899 5257 1165 5312 homines
1187 5255 1436 5311 relicturi
1456 5257 1616 5308 erant
1636 5252 1872 5307 domum

222 5352 365 5419 Dei,
404 5351 463 5406 id
507 5355 609 5419 est,
652 5353 773 5423 ejus
810 5353 1046 5419 cultum,
1079 5368 1181 5406 seu
1220 5352 1473 5416 domum,
1514 5348 1572 5401 in
1615 5364 1729 5419 qua
1766 5343 1873 5399 coli

220 5446 483 5513 solebat,
518 5451 578 5500 ut
608 5446 832 5501 abirent
875 5446 1264 5517 unusquisque
1310 5444 1368 5499 in
1408 5443 1645 5497 domum
1689 5456 1872 5507 suam,

219 5544 299 5599 in
334 5557 448 5613 qua
476 5540 626 5595 idola
667 5540 945 5612 falsosque
988 5540 1120 5595 deos
1150 5540 1577 5594 venerarentur.
1610 5532 1875 5598 Quamvis

220 5642 441 5692 autem
496 5633 833 5706 Cyprianus,
889 5633 1260 5705 Septuaginta
1321 5629 1571 5686 seniores
1632 5631 1873 5693 secutus,

224 5729 455 5791 dixerit
481 5730 749 5802 gladium,
778 5746 847 5785 eo
871 5726 1247 5784 nihilominus
1270 5722 1505 5782 nomine
1528 5720 1879 5796 signiﬁcatur

1967 4530 2199 4587 interim
2244 4530 2362 4583 tota
2406 4525 2633 4581 civitate
2680 4539 2793 4578 non
2829 4521 2951 4592 jam
2994 4536 3252 4591 corpora,
3302 4518 3402 4573 sed
3444 4518 3605 4573 cada~

1962 4642 2097 4681 vera
2146 4622 2546 4695 plurimorum;
2597 4620 2656 4673 et
2704 4613 3153 4671 misericordiam
3203 4612 3263 4666 in
3313 4628 3373 4665 se
3424 4616 3604 4666 trans-

1967 4719 2232 4775 euntium
2306 4711 2790 4783 contemplatione
2859 4707 3023 4763 sortis
3098 4711 3313 4762 mutnaa
3387 4704 3606 4776 ﬂagitas

1965 4813 2122 4868 bant.
2157 4811 2335 4866 Nemo
2367 4806 2621 4878 respexit
2661 4803 2817 4859 aliud
2857 4806 3244 4873 praeterquam
3283 4800 3444 4855 lucra
3473 4814 3605 4853 cru-

1968 4906 2135 4962 delia.
2201 4906 2376 4959 Nemo
2431 4899 2635 4955 similis
2686 4901 2926 4953 eventus
2990 4894 3385 4951 recordatione
3425 4889 3623 4965 trepi~

1969 5000 2141 5056 davit.
2193 4999 2369 5053 Nemo
2422 4994 2559 5051 fecit
2610 4992 2797 5059 alteri,
2857 4990 3011 5062 quod
3075 4988 3182 5043 sibi
3244 4986 3369 5042 ﬁeri
3429 4982 3612 5042 voluit

1972 5096 2153 5191 (Pent.
2194 5092 2252 5146 in
2286 5094 2417 5148 Vita
2455 5089 2621 5159 Cypr.
2661 5101 2798 5157 pag.
2833 5085 2909 5154 5).
2946 5105 2975 5134 ››
3007 5082 3222 5137 Eadem
3263 5095 3493 5185 quoque
3536 5077 3610 5135 de

1970 5173 2175 5246 iisdem
2208 5183 2518 5258 gentilibus
2558 5179 2784 5251 scripsit
2814 5177 3119 5249 Dionysius
3146 5173 3563 5233 Alexandrinus
3593 5194 3607 5229 :

1971 5282 2147 5329 Νοσεῖν
2228 5274 2523 5341 ἀρχομένους
2605 5266 2916 5327 ἀπωθοῦντο,
2988 5266 3069 5314 καὶ
3159 5263 3426 5328 ἀπέφευγον
3508 5262 3619 5320 τοὺς

1974 5362 2243 5430 φιλτάτοτίς,
2326 5360 2413 5408 κὰν
2489 5360 2592 5412 ταῖς
2665 5356 2794 5410 ὁδοῖς
2864 5350 3117 5418 ἡρῤίπτουν
3183 5349 3459 5414 ἡμιθνῆτας,
3535 5346 3619 5396 καὶ

1973 5450 2167 5515 νεκροὺς
2236 5442 2443 5509 ἀτάφους
2519 5439 2952 5495 ἀπεσκυϐοιλίζοντο
3007 5454 3020 5465 ⁵
3076 5436 3160 5494 τὴν
3242 5433 3327 5484 τοῦ
3414 5432 3615 5482 θανάτου

1975 5536 2192 5585 ὃιάδασιν
2212 5570 2225 5592 ,
2276 5532 2358 5580 καὶ
2406 5530 2656 5579 κοινωνίαν
2714 5523 3067 5591 ἑκτρεπόμενοτ,
3124 5521 3181 5579 ἢν
3226 5521 3318 5570 δῦκ
3365 5518 3422 5581 ἦν
3468 5516 3626 5565 πολλὰ

1977 5626 2339 5694 μηχανωμένοις
2406 5624 2620 5673 ἐκκλῖνια
2690 5620 2849 5688 petam:
2912 5627 2926 5665 ε
2991 5612 3101 5666 EOS
3167 5609 3272 5679 qui
3345 5605 3626 5694 aegrotare

1976 5691 2315 5789 inceperunt
2400 5709 2828 5784 exturbabant,
2898 5700 3282 5764 charissimos
3376 5691 3638 5762 refugie-
