4082 6194
537 250 676 305 1095
1408 249 1494 304 DE
1533 241 1757 307 LIBRIS
1798 247 1884 306 AD
1924 241 2149 307 DEMET

2227 252 2340 309 AN.
2385 239 2464 309 ET
2502 251 2589 310 DE
2628 243 2803 311 lDOL.
2845 247 3060 313 VANIT.
3728 259 3839 323 1096

531 379 674 436 bant
697 420 712 446 ,
791 390 1001 446 eosque
1065 373 1124 429 in
1190 373 1292 429 viis
1359 375 1677 431 semineces
1753 375 2172 445 destituebant,
2196 379 2740 455 Amisericordiam,
2769 397 2957 437 nonne
2986 381 3076 437 his
3103 381 3289 438 verbis
3315 384 3658 455 quotidianas
3683 396 3845 462 potius

533 475 632 528 aut
705 473 958 526 mortuos
1008 467 1319 539 insepultos
1381 468 1760 540 projiciebant
1848 473 2172 525 aversantes
2277 472 2578 528 denotavit
2602 473 2830 529 illorum
2855 490 3074 546 preces,
3104 475 3309 548 quibus
3337 482 3392 533 et
3417 477 3662 550 privatim
3688 491 3738 539 et
3763 505 3846 558 pu-

539 564 742 622 mortis
781 560 1280 634 participationem
1328 578 1392 617 ac
1435 563 1800 629 societatem;
1863 580 2036 634 quam
2093 568 2175 619 ta-
2273 565 2420 620 blice
2473 565 2531 622 in
2585 568 2722 635 suis,
2775 567 2855 623 uti
2905 569 3091 624 adhuc
3137 570 3546 643 adnotavimus,
3589 581 3846 648 synaxibus

536 674 690 726 men,
730 657 863 710 licet
916 655 1222 726 multiplici
1251 655 1513 711 adhibita
1543 656 1805 711 cautione
1837 673 1902 711 ac
1933 657 2168 728 diligen-
2273 660 2457 714 Deum
2500 677 2605 732 pro
2645 662 3110 733 imperatoribﬂs,
3158 667 3216 718 et
3254 665 3442 720 seculi
3471 670 3607 722 statu
3642 672 3845 730 orabant

533 751 630 818 tia,
661 749 869 805 evitare
904 765 1022 803 non
1053 753 1324 820 poterant
1349 749 1688 821 (Euseb.1ib.
1722 766 1795 806 vn
1820 753 1959 806 Hist.
1991 751 2168 806 eccles.
2273 757 2575 826 (Dissertat.
2620 761 2679 814 in
2725 761 2949 815 Tertull.
2991 777 3113 832 cap.
3169 765 3255 831 19,
3301 767 3406 818 art.
3453 767 3485 818 2
3531 767 3584 820 et
3617 783 3726 840 cap.
3771 774 3843 839 23,

531 859 656 916 cap.
684 845 774 910 22,
803 858 935 914 pag.
966 842 1113 912 269).
1145 863 1173 892 »
2269 861 2376 912 art.
2411 858 2479 926 4;
2514 858 2656 913 Ibid.
2687 874 2809 930 cap.
2843 861 2927 928 15,
2957 865 3064 915 art.
3098 861 3190 931 t)?

605 941 934 998 secundum
963 956 1097 995 νθνο
1127 941 1401 996 horumce
1428 941 1748 1009 hominum.
1779 940 1937 995 οῐηιιί
1963 941 2171 996 Ῐιιιηὶει-
2339 956 2558 1018 Quanta
2597 960 2788 1011 autem
2827 961 2949 1012 erat
2987 958 3348 1014 ethnicorum
3392 959 3450 1016 in
3491 963 3691 1019 sodales
3717 982 3840 1035 suos,

530 1035 723 1092 uitatis
776 1052 942 1090 sensu
995 1035 1166 1105 plane
1225 1035 1653 1105 destitutorum,
1708 1034 1912 1106 ﬂagitii
1967 1051 2142 1106 genus

2269 1053 2423 1117 peste
2464 1049 2812 1119 laborantes,
2855 1054 2955 1106 aut
2997 1053 3318 1123 morientes,
3362 1060 3460 1110 aut
3489 1062 3739 1128 mortuos,
3780 1034 3843 1115 uti

530 1145 639 1186 nec
684 1128 874 1200 priore
917 1128 1129 1195 minus»
1178 1128 1319 1182 mild
1367 1128 1490 1196 ῖυίίι
1535 1144 1646 1199 quo
1690 1128 2000 1183 morientes
2042 1128 2168 1183 ideo
2270 1157 2404 1196 mox
2442 1142 2790 1213 dicebamus,
2831 1145 3242 1216 inhumanitas,
3281 1152 3338 1203 et
3372 1165 3660 1206 avarorum
3697 1153 3846 1208 homi-

535 1222 904 1294 dereliquisse
943 1221 1302 1291 videbantur,
1335 1243 1362 1270 «
1399 1237 1473 1276 ne
1509 1224 1757 1291 possent,
1791 1221 1929 1276 dum
1965 1238 2147 1276 curant

2268 1251 2407 1290 num
2437 1237 2741 1293 crudelitas
2775 1239 3132 1309 insatiabilis,
3165 1246 3325 1297 tanta
3352 1249 3472 1298 erat
3501 1245 3557 1298 in
3586 1261 3674 1300 eos
3697 1247 3843 1301 Chris-

530 1319 628 1371 tur
666 1315 904 1371 evadere
937 1315 1224 1385 (Cypriun.
1259 1315 1332 1368 ad
1368 1317 1597 1370 Demetr.
1636 1331 1766 1386 pag.
1807 1319 1952 1386 189).
1988 1337 2014 1366 »
2047 1317 2142 1370 N01

2267 1329 2555 1385 tianorum
2605 1332 2806 1402 pietas,
2850 1333 3114 1401 Charitas,
3161 1338 3219 1389 et
3268 1335 3694 1393 commiseratio.
3734 1341 3841 1395 Vita:

531 1409 688 1466 enim
717 1425 916 1463 eorum
945 1407 1220 1479 Optabam
1247 1407 1573 1477 sanitatem:
1599 1409 1696 1464 sed
1720 1413 1964 1463 mortem
1993 1409 2166 1464 09181“
2266 1423 2419 1478 enim
2448 1441 2564 1479 suae
2592 1425 2841 1496 periculo
2867 1443 3037 1482 omne
3067 1429 3235 1500 aegris
3267 1435 3323 1484 et
3349 1431 3583 1486 mortuis
3609 1433 3840 1488 auxilium

532 1503 760 1572 rimam,
794 1508 854 1556 ut
882 1501 940 1556 in
971 1517 1169 1556 eorum
1199 1501 1351 1557 bona
1385 1505 1442 1557 et
1468 1502 1764 1558 facultates
1789 1502 1952 1557 citius
1991 1503 2164 1558 irrue-
2264 1518 2535 1574 ιιιιριιυηι,
2580 1520 2893 1590 Cyprianus
2931 1521 3223 1577 enimvero
3266 1529 3664 1596 congregata",
3703 1529 3843 1598 ρτοιί-

529 1600 672 1651 rent.
717 1596 899 1650 Nemo
942 1595 1174 1667 quippe,
1215 1600 1275 1650 ut
1318 1611 1450 1650 mox
1489 1596 1693 1651 citatus
1732 1613 1765 1651 a
1806 1596 1969 1651 nobis
2019 1598 2138 1652 Pon

2262 1627 2389 1680 nus,
2440 1612 2522 1666 uti
2567 1613 2796 1668 Pontius
2844 1620 3062 1684 narrat,
3114 1616 3343 1686 plebem
3384 1617 3489 1672 sibi
3529 1621 3841 1674 commissam

527 1689 639 1744 tius
687 1688 930 1756 dicebat,
977 1688 1128 1744 aliud
1174 1689 1442 1760 respexit,
1485 1706 1654 1760 quam
1694 1691 1850 1745 lucra
1888 1690 2158 1745 crudelia.
2261 1708 2417 1759 tanta
2466 1706 2807 1776 eloquentia;
2859 1707 2916 1761 vi
2969 1708 3040 1762 ad
3098 1709 3425 1766 exhibenda
3479 1713 3840 1782 aegrotantibus

528 1783 720 1854 Neque
789 1783 844 1837 id
908 1787 1061 1837 certe
1131 1781 1582 1838 dissimulabant.
1640 1783 1866 1838 Etenim
1935 1806 1962 1833 «
2018 1800 2137 1854 prae

2227 1798 2449 1857 {omnia
2479 1800 2885 1856 misericordiae
2924 1818 3094 1873 opera
3136 1803 3478 1860 adhortatus
3514 1809 3612 1871 est,
3649 1812 3706 1860 ut
3741 1824 3839 1878 quia

527 1881 724 1948 dandi,
759 1903 786 1930 ν
819 1881 898 1934 ait
921 1879 1104 1935 adhuc
1134 1879 1469 1952 Cyprianus:
1504 1901 1531 1929 “
1569 1879 1939 1934 diSSimlﬂai-io
1981 1880 2156 1951 "una,
2204 1908 2207 1911 '
2257 1910 2286 1947 a
2320 1893 2651 1948 Christianis
2698 1896 2989 1966 persoluta
3033 1896 3283 1965 fuerunt,
3322 1897 3412 1952 vix
3458 1899 3662 1969 possint
3700 1901 3839 1971 expli-

528 1978 684 2032 nulla
722 1977 1031 2044 cunctatio,
1071 1977 1230 2031 nulla
1274 1977 1522 2032 formido
1563 1978 1722 2048 (Ibid.
1768 1993 1898 2049 pag.
1951 1977 2094 2046 190).
2129 2000 2156 2027 ››
2258 1987 2373 2041 cari
2421 1988 2605 2058 (Pont.
2661 1987 2718 2042 in
2772 1990 2884 2046 Vit.
2931 1989 3095 2059 Cypr.
3147 2006 3277 2062 pag.
3335 1995 3367 2045 5
3415 1995 3473 2046 et
3520 1993 3598 2061 6).
3635 1993 3842 2064 Singulis

530 2075 639 2131 Sed
681 2092 780 2130 eos
822 2074 1013 2130 videre
1053 2077 1179 2130 erat
1217 2075 1424 2146 passim
1472 2075 1876 2142 discurrentes,
1922 2076 2155 2130 defunc-
2257 2080 2547 2136 enimvero
2587 2097 2688 2152 pro
2731 2097 2834 2136 sua
2871 2082 3145 2154 qualitate
3186 2083 3493 2140 distributa
3521 2090 3647 2142 sunt
3679 2086 3836 2140 minis-

531 2173 722 2224 torum
747 2168 903 2223 bona
932 2168 1236 2239 rapientes,
1269 2172 1325 2224 et
1357 2173 1717 2240 occupantes.
1751 2170 1831 2224 Ne
1863 2170 1990 2240 quis
2022 2186 2156 2224 vero
2256 2174 2418 2242 teria,
2449 2174 2654 2245 quibus
2685 2191 2855 2246 opem
2885 2192 3044 2230 suam
3075 2182 3235 2242 peste
3277 2176 3501 2232 infectis
3541 2179 3836 2234 conferrent.

529 2262 694 2329 alius,
727 2262 848 2333 pari
888 2261 1129 2316 avaritia
1155 2262 1349 2317 hiante
1389 2262 1619 2317 illorum
1655 2262 1882 2334 rapinas
1916 2279 2157 2334 prmver-
2256 2267 2418 2322 Nulla
2451 2284 2583 2323 vero
2622 2268 2951 2339 interposita
2986 2286 3166 2338 mora,
3199 2270 3403 2326 divites
3435 2289 3501 2326 ea
3539 2272 3714 2327 omnia
3737 2289 3839 2345 qua:

527 2359 696 2424 teret,
743 2361 946 2427 praesto
988 2361 1151 2410 erant
1182 2356 1409 2424 falsarii,
1449 2357 1545 2427 qui
1578 2356 1942 2412 morientium
1986 2361 2153 2412 testa-
2258 2361 2558 2432 egentibus
2587 2364 2899 2417 necessaria
2930 2367 3110 2431 erant,
3140 2364 3285 2418 mira
3316 2365 3643 2422 liberalitate
3671 2367 3839 2438 largie-

527 2454 721 2504 menta
759 2449 902 2504 falsa
945 2449 1369 2520 supponebant,
1415 2466 1592 2520 eaque
1631 2449 1918 2520 judicum,
1969 2451 2154 2522 pretio
2254 2455 2479 2510 bantur.
2509 2456 2871 2526 Pauperiores
2907 2461 3098 2512 autem
3141 2459 3494 2528 mercedem,
3525 2460 3718 2515 divitiis
3745 2476 3838 2514 om-

526 2544 949 2613 corruptorum,
991 2542 1323 2598 auctoritate
1369 2548 1641 2614 tanquam
1684 2560 1819 2599 vera
1857 2544 2155 2599 confestim
2255 2549 2420 2604 nibus
2457 2549 2793 2618 chariorem,
2829 2551 3024 2606 labore
3067 2568 3167 2606 suo
3205 2552 3713 2608 subministrabant.
3747 2553 3836 2608 Sed

523 2635 1002 2708 approbabantur.
2254 2645 2310 2697 in
2348 2643 2456 2698 hoc
2494 2643 2995 2716 incomparabilem
3025 2645 3230 2714 Tobiae,
3263 2647 3425 2716 cujus
3461 2647 3617 2702 venia
3644 2646 3835 2703 Pontius

593 2730 833 2785 Tantum
882 2729 1064 2800 igitur
1105 2729 1266 2784 abest
1309 2733 1375 2785 ut
1415 2729 1822 2802 improbissimi
1867 2731 2151 2799 homines,
2252 2737 2392 2791 illud
2442 2737 2654 2792 dictum
2699 2739 2896 2806 voluit,
2948 2737 3005 2792 in
3051 2738 3156 2793 hoc
3201 2740 3553 2812 superabant
3581 2740 3834 2812 pietatem,

522 2827 606 2878 tot
657 2823 946 2894 tantisque
996 2822 1246 2877 cladibus
1295 2823 1498 2891 vexati,
1547 2824 1962 2894 resipiscerent,
2014 2825 2152 2896 quin
2255 2831 2409 2902 quod
2457 2831 2610 2887 hisce
2660 2831 3067 2887 misericordiae
3109 2832 3305 2888 officiis
3357 2834 3704 2889 conabantur
3745 2849 3835 2888 non

522 2917 668 2972 iram
703 2916 804 2972 Dei
851 2932 966 2971 non
1007 2915 1295 2984 timentes,
1330 2916 1684 2988 gravioribus
1727 2917 1957 2989 ﬂagitiis
1996 2919 2152 2972 illam
2254 2928 2478 2979 tantum
2554 2925 2893 2981 domesticos
2974 2925 3107 2980 ﬁdei
3184 2927 3518 2998 sublevare,
3593 2928 3684 2983 sed
3752 2927 3834 2982 sibi

518 3011 580 3066 in
621 3027 679 3066 se
724 3026 954 3082 semper
997 3010 1180 3064 acrius
1220 3010 1580 3066 concitabant
1623 3011 1783 3082 (Ibid.
1827 3027 1958 3083 pag.
2007 3014 2148 3079 188).
2251 3019 2420 3074 etiam
2489 3019 2908 3073 infensissimos
2972 3020 3215 3091 gentiles
3280 3038 3423 3093 quos
3490 3022 3657 3077 etiam
3716 3037 3832 3076 mor-

517 3104 712 3160 Merito
761 3104 956 3175 itaque
1008 3103 1161 3158 citati
1211 3104 1283 3158 ab
1335 3110 1564 3160 auctore
1615 3109 1807 3160 nostro
1854 3105 2152 3177 prophetae
2172 3157 2222 3186 ρ
2255 3116 2375 3168 tuos
2423 3129 2539 3168 non
2586 3129 2746 3168 secus
2796 3130 2861 3168 ac
2905 3113 3251 3171 Christianos
3295 3115 3646 3171 mandabant
3685 3114 3833 3186 sepul-

521 3196 780 3271 1008
812 3157 1110 3268 cdnquesti
1142 3203 1274 3253 sunt
1299 3214 1393 3253 eos
1433 3198 1643 3252 frustra
1670 3199 1759 3253 his
1794 3157 1980 3270 plagis
2007 3199 2149 3254 caedi
2171 3157 2226 3232 Ο
2253 3157 2413 3262 imis.

517 3300 575 3352 et
604 3295 909 3362 verberari,
950 3296 1048 3366 qui
1090 3312 1194 3350 nec
1233 3297 1557 3363 doluerunt,
1594 3313 1698 3350 nec
1738 3297 2036 3350 voluerunt
2065 3313 2150 3350 re-
2321 3298 2578 3372 1009
2621 3303 2688 3356 At
2731 3301 3029 3372 Dionysius
3066 3302 3483 3358 Alexandrinus
3531 3304 3649 3359 hinc
3687 3301 3828 3358 fusius

515 3397 704 3468 oipere
740 3397 1096 3468 disciplinam
1143 3399 1375 3466 (Jerem.,
1408 3415 1467 3466 ιι,
1513 3400 1618 3468 30).
1649 3398 1796 3462 Quid
1841 3398 2038 3469 igitur,
2071 3399 2150 3452 ait
2247 3394 2508 3465 explicat.
2549 3393 2805 3464 Plurimi,
2837 3395 3040 3466 inquit,
3071 3396 3208 3450 dum
3244 3397 3417 3468 aegris
3456 3397 3670 3452 assidue
3697 3394 3829 3450 mini-

510 3490 848 3562 Cyprianus,
900 3489 970 3544 ab
1021 3490 1090 3544 iis
1139 3496 1327 3545 actum
1383 3507 1499 3546 non
1553 3497 1720 3561 esset,
1785 3492 1830 3546 si
1892 3490 2145 3562 percussi
2245 3491 2482 3542 strantes
2515 3487 2892 3542 restituerunt
2931 3505 3127 3544 eorum
3160 3489 3574 3561 valetudinem,
3615 3490 3712 3562 ipsi
3735 3494 3826 3544 tam

515 3600 634 3639 non
671 3582 948 3638 fuissent?
977 3583 1173 3638 Nonne
1211 3582 1534 3638 facinorum
1568 3583 1903 3656 impunitate
1943 3585 2144 3639 crevis-
2243 3584 2437 3636 sancta
2463 3598 2632 3653 quam
2673 3582 2914 3653 gloriosa
2944 3588 3124 3638 morte
3163 3582 3530 3640 interierunt.
3569 3583 3665 3638 Alii
3701 3585 3822 3654 post-

515 3680 601 3732 set
635 3675 907 3747 peccandi
950 3675 1226 3731 audacia?
1261 3678 1328 3731 Et
1369 3677 1494 3732 hinc
1534 3677 1768 3748 quidem
1806 3681 1939 3733 sunt
1975 3695 2142 3750 argu-
2241 3692 2480 3748 eaquam
2543 3680 2900 3731 mortuorum
2962 3677 3155 3732 oculos
3217 3680 3274 3732 et
3330 3695 3432 3732 ora
3496 3677 3817 3742 clausissent,

511 3776 724 3838 menta,
757 3769 963 3842 quibus
993 3775 1190 3825 auctor
1215 3775 1406 3826 noster
1431 3771 1596 3842 plane
1625 3770 1979 3827 demonstrat
2003 3789 2141 3844 gen-
2240 3773 2540 3843 postquam
2579 3770 2812 3826 illorum
2863 3787 3104 3843 corpora
3151 3771 3266 3826 suis
3315 3772 3573 3828 humeris
3619 3771 3818 3843 bajulas-

509 3867 638 3922 tiles
668 3864 1025 3938 publicarum
1062 3864 1448 3920 calamitatum
1473 3881 1593 3920 esse
1625 3882 1870 3934 causam,
1897 3867 2139 3923 minime
2241 3869 2382 3931 sent,
2414 3863 2698 3932 lavissent,
2746 3864 3214 3936 composuissent,
3264 3881 3330 3920 ac
3372 3866 3540 3922 solito
3581 3881 3724 3921 more
3760 3879 3822 3917 or-

511 3975 644 4016 vero
671 3958 1034 4026 Christianos,
1062 3957 1145 4013 uti
1171 3957 1354 4013 adhuc
1379 3957 1739 4030 probandum
1766 3963 1870 4015 est.
2239 3957 2528 4012 navissent
2568 3957 2944 4029 vestimentis,
2977 3959 3084 4030 ipsi
3129 3960 3299 4030 paulo
3345 3966 3475 4032 post
3514 3959 3726 4028 mortui,
3757 3971 3822 4011 ea-

1120 4073 1420 4114 ARTICUI.US
1458 4074 1532 4115 γι.
2238 4051 2366 4107 dem
2415 4052 2601 4107 ofﬁcia
2649 4052 2718 4106 ab
2770 4051 2893 4106 aliis
2939 4058 3308 4125 exceperunt.
3367 4058 3550 4125 Atque
3601 4054 3726 4118 hoc,
3775 4055 3820 4103 ut

508 4158 728 4224 Quanta
778 4157 1157 4212 misericordia:
1211 4173 1374 4228 opera
1435 4157 1736 4213 Christiani
1794 4158 2136 4215 emhibuerint
2235 4151 2385 4202 Γθθίθ
2413 4146 2641 4219 Ψιίάθω
2671 4146 2972 4218 Βίοιιγείυε
3007 4147 3106 4218 ait:
3149 4146 3353 4202 mortis
3381 4164 3561 4220 εθηιιε
3589 4147 3654 4202 0b
3678 4144 3816 4217 Pieta'

579 4239 910 4310 quibuslibet
924 4245 1072 4309 peste
1094 4240 1308 4306 infectis
1334 4239 1704 4306 morientibus,
1728 4254 1790 4294 ac
1810 4243 2058 4294 mortuis.
2233 4245 2349 4296 tem
2400 4244 2459 4296 et
2505 4240 2634 4296 fidei
2695 4240 3069 4297 constantiam
3129 4257 3248 4297 non
3300 4241 3541 4298 inferius
3590 4238 3814 4311 martyrio

579 4336 834 4392 Publicus
895 4335 1275 4404 calamitates,
1326 4337 1532 4409 quibus
1594 4337 1842 4392 mundus
1903 4343 2135 4411 propter
2233 4337 2493 4391 censetur
2551 4334 2774 4406 (Euseb.
2826 4335 2925 4390 lib.
2981 4351 3052 4390 vn
3105 4338 3312 4392 Hister.
3365 4338 3548 4393 eccles.
3588 4353 3702 4406 cap.
3747 4334 3812 4396 2‘2.

505 4435 590 4488 tot
618 4447 682 4485 ac
720 4434 896 4499 tanta,
937 4435 995 4485 ut
1033 4430 1298 4500 diximus,
1327 4431 1684 4486 ethnicorum
1719 4431 1964 4487 crimina
2001 4449 2133 4489 con-
2230 4446 2362 4502 pag.
2412 4431 2554 4501 269).
2595 4430 2731 4494 Quis
2772 4434 2966 4484 autem
3009 4445 3127 4485 non
3174 4430 3365 4486 videat
3416 4447 3590 4504 quam
3636 4429 3813 4486 diversa

506 4524 846 4592 cutiebatur,
897 4524 944 4578 si
991 4523 1288 4580 Christiani
1336 4527 1590 4580 avertere
1638 4543 1750 4580 non
1794 4523 2440 4621 potuerunt,Dfuerint
2477 4539 2545 4579 eo
2599 4522 2922 4579 calamitoso
2973 4524 3148 4595 pestis
3193 4527 3452 4596 tempore
3507 4523 3814 4582 Christiano-

509 4635 604 4674 eas
642 4617 996 4674 conabantur
1029 4618 1138 4690 piis
1176 4619 1439 4690 operibus
1469 4619 1676 4690 levare,
1709 4623 1807 4674 aut
1837 4620 1907 4675 ab
1949 4616 2190 4676 omni-—
2231 4633 2358 4672 rum
2395 4621 2450 4672 et
2487 4616 2784 4688 gentilium
2815 4633 3008 4689 opera,
3053 4619 3110 4672 et
3149 4618 3388 4690 quinam
3427 4635 3494 4674 ex
3527 4619 3634 4674 illis
3670 4617 3810 4670 Deum

504 4715 739 4784 potente
784 4713 899 4766 Deo
948 4713 1206 4768 obtinere
1251 4713 1488 4768 modum
1533 4713 1642 4768 illis
1690 4713 1934 4786 imponi.
1990 4716 2129 4770 Nam
2231 4710 2593 4780 offenderint,
2625 4715 2723 4766 aut
2746 4710 3038 4784 potuerint
3067 4711 3277 4767 iratum
3307 4712 3587 4783 placare?

506 4806 711 4862 diebus
738 4822 802 4861 ac
841 4806 1098 4861 noctibus
1135 4827 1163 4856 ‹‹
1199 4806 1420 4878 jugiter
1449 4812 1617 4878 atque
1655 4807 1948 4876 instanter,
1978 4830 2005 4857 »
2050 4808 2118 4864 ait

1655 4807 1948 4876 instanter,
1978 4830 2005 4857 ››
2050 4808 2130 4864 ait
2824 4835 3120 4876 sanauws
3158 4835 3255 4875 vn.

501 4901 834 4972 Cyprianus,
864 4899 1024 4954 illum
1053 4899 1455 4970 precabantur,
1488 4923 1514 4952 «
1545 4917 1647 4973 pro
1673 4901 1934 4957 arcendis
1960 4901 2113 4957 hosti-

2230 4909 2338 4966 Cur
2367 4908 2687 4972 Christiani,
2714 4910 2880 4980 plane
2916 4913 3245 4973 innocentes,
3288 4910 3479 4966 iisdem
3514 4908 3724 4980 publicis
3743 4915 3806 4958 ca-

501 4995 627 5063 bus,
665 5000 722 5050 et
769 4993 1046 5049 imbribus
1085 4994 1483 5066 impetrandis,
1523 4995 1613 5048 vel
1654 4995 1996 5064 auferendis,
2041 4997 2128 5052 vel
2350 4990 2684 5044 ῑαῖηὶἰαιίὸιιε
2713 5005 2776 5044 ac
2803 4990 3049 5045 scelerati
3076 4992 3299 5058 gentiles
3324 4990 3713 5059 afﬂigebat!!!"-

501 5088 892 5160 temperandis
917 5087 1188 5157 adversis,
1210 5093 1269 5143 et
1293 5105 1396 5160 pro
1422 5105 1560 5160 pace
1585 5105 1650 5143 ac
1675 5089 1852 5144 salute
1876 5091 2125 5158 vestra,»
2296 5087 2558 5143 Mirandis
2601 5089 2766 5160 plane
2818 5087 3084 5144 maximas
3131 5089 3585 5144 Christianorum
3634 5086 3686 5140 in
3719 5096 3806 5136 om-

501 5181 557 5236 id
598 5186 683 5236 est
725 5182 1026 5254 gentilium
1069 5182 1352 5254 (Cyprian.
1399 5183 1476 5238 ad
1517 5185 1747 5238 Demctr.
1795 5201 1926 5256 pag.
1981 5184 2121 5256 195).
2228 5200 2328 5239 nes
2381 5181 2609 5255 pietatis
2665 5182 2928 5255 operibus
2977 5182 3215 5239 minime
3270 5183 3535 5240 commoti
3582 5177 3801 5252 gentiles.

499 5274 586 5331 Ibi
606 5278 798 5330 autem
819 5276 888 5330 ab
913 5275 1769 5348 Oxoniensieditionipraefecto
1790 5277 2127 5333 subnotatur
2225 5277 2408 5332 acrius
2485 5275 2805 5342 instabant,
2868 5277 3169 5349 palamque
3241 5277 3680 5333 vociferabantur
3723 5266 3802 5323 ini-

497 5367 585 5424 bis
632 5368 815 5424 verbis
864 5369 1214 5440 Cyprianum
1265 5371 1577 5442 respexisse
1627 5371 1697 5425 ad
1749 5371 2124 5428 memorabile
2226 5385 2404 5442 quum
2432 5369 2666 5426 omnino
2695 5370 2817 5425 fore
2845 5371 3045 5438 Deum,
3077 5371 3124 5425 si
3159 5370 3396 5442 publicis
3429 5361 3802 5426 calamitatibus

493 5461 946 5519 Christianorum
982 5463 1221 5533 facinus,
1254 5465 1353 5538 qui
1387 5465 1488 5520 sub
1521 5465 1745 5521 Aurelio
1783 5464 2124 5537 imperatore
2225 5463 2512 5537 improbos
2537 5463 2848 5536 puniendo,
2879 5463 2948 5519 iis
2983 5468 3038 5520 et
3067 5468 3355 5520 merentes
3384 5467 3439 5521 et
3479 5460 3800 5519 immerentes

496 5556 760 5626 imbrem,
794 5557 864 5614 de
894 5573 1006 5629 quo
1034 5574 1136 5614 nos
1173 5558 1235 5614 in
1277 5559 1552 5630 superiori
1581 5558 1978 5616 dissertatione
2009 5560 2125 5632 egi—
2225 5559 2439 5630 pariter
2453 5565 2632 5627 vexet,
2655 5565 2824 5631 atque
2847 5558 3051 5615 obruat
3072 5559 3358 5632 (Cyprian.
3376 5559 3448 5614 ad
3471 5560 3800 5624 Demetr.pag.

491 5669 640 5724 mus,
682 5651 956 5708 exercitui
995 5651 1235 5709 omnino
1280 5653 1665 5709 necessarium
1708 5654 1985 5711 divinitus
2016 5653 2124 5710 im-
2229 5653 2373 5724 192).
2410 5654 2516 5710 Sed
2550 5653 2697 5709 hanc
2729 5653 3314 5725 argumentationem,
3356 5652 3556 5725 saepius
3592 5648 3654 5704 ab
3692 5639 3795 5704 illis,

486 5749 879 5820 petraverunt.
901 5745 1113 5804 Verum
1149 5747 1285 5820 quia
1327 5747 1638 5822 Cyprianus
1684 5747 1824 5805 dixit
1857 5747 2124 5806 Christia-
2228 5748 2292 5803 ut
2319 5746 2562 5803 vidimus
2596 5747 2837 5819 (Dissert.
2868 5749 2926 5803 in
2959 5747 3184 5805 Tertull.
3224 5764 3348 5821 cap.
3379 5747 3486 5818 23),
3516 5740 3792 5816 repetitam,

483 5858 588 5902 nos
633 5864 665 5899 ‹‹
697 5840 939 5916 jugiter,
987 5847 1155 5918 atque
1191 5843 1476 5905 instanter
1518 5865 1548 5896 »
1593 5843 1689 5900 Dei
1725 5842 2110 5919 imploravisse
2228 5844 2546 5920 Cyprianus
2585 5849 2776 5904 noster
2811 5845 2980 5904 variis
3018 5844 3307 5904 rationum
3346 5841 3632 5905 momentis
3663 5831 3791 5894 diluit
