4082 6194
273 144 407 202 1097

1294 147 1360 202 D.
1401 143 1665 206 NICOLAI
1706 147 1789 203 LE
1827 144 2108 203 NOURRY
2137 147 2598 205 DISSERI‘ATIO.

3483 154 3617 208 1098

271 270 462 340 (Cypr.
523 269 680 338 ibid.,
747 285 878 340 pag.
945 269 1088 341 192).
1152 270 1406 324 Primum
1467 271 1618 325 enim
1687 270 2206 355 fateturAaliquid
2239 271 2434 326 divites
2467 273 2800 344 largiantur,
2840 289 2905 328 ac
2946 273 3182 340 donent,
3224 274 3345 329 sine
3391 276 3621 333 hazrede

271 364 453 423 Deum
515 379 698 432 posse,
761 364 1229 435 quotiescumque
1287 364 1552 432 libuerit,
1623 381 1687 420 ea
1747 365 1898 419 mala

271 456 601 526 prohibere,
659 457 754 510 sed
810 457 1050 511 noluisse
1103 463 1338 528 propter
1392 458 1769 525 ethnicorum,
1840 461 1901 512 ut

273 549 651 615 ostendimus,
704 549 1126 620 improbitatem
1174 559 1229 606 et
1274 552 1503 618 scelera,
1552 568 1700 622 quae,
1755 553 1902 606 sicut

269 645 351 696 ait
389 644 691 714 propheta,
726 643 987 697 homines
1027 644 1095 698 ab
1136 644 1254 715 ipso
1296 651 1559 716 separant
1597 647 1749 714 (Isa.,
1792 663 1896 714 le,

270 738 348 806 2).
397 736 456 791 Si
497 753 633 807 ergo
685 753 797 791 non
844 735 1230 808 peccavissent
1271 738 1502 807 ethnici,
1547 743 1646 793 aut
1699 739 1742 793 si
1782 740 1896 794 sin-

271 847 458 884 ceram
522 831 773 901 egissent
837 832 1115 885 scelerum
1175 849 1404 885 suorum
1463 833 1896 902 pcenitentiam,

270 931 394 978 tum
433 942 464 977 a
509 926 622 978 Deo
668 942 781 978 non
836 926 1092 995 separati,
1128 926 1340 980 nullam
1386 927 1638 996 profecto
1678 927 1899 981 habuis-

270 1021 402 1071 sent
429 1035 650 1072 causam
690 1017 757 1072 de
786 1019 882 1072 illo
914 1022 971 1071 et
1012 1019 1079 1072 de
1121 1019 1454 1074 Christianis
1484 1021 1894 1090 expostulandi.

270 1111 486 1165 Deinde
519 1128 648 1164 vero
679 1112 933 1182 quamvis
981 1112 1284 1168 Christiani
1319 1113 1471 1184 piam
1512 1114 1750 1168 omnino
1781 1130 1895 1168 cas-

271 1212 506 1275 tamque
556 1205 726 1259 vitam
781 1207 1073 1273 ducerent,
1113 1206 1246 1276 quia
1297 1212 1488 1261 tamen
1540 1208 1793 1278 quandiu
1840 1208 1896 1261 in

271 1299 378 1352 hoc
421 1299 635 1353 mundo
674 1305 824 1365 sunt,
854 1317 956 1370 per
995 1301 1221 1353 illorum
1262 1303 1318 1354 et
1349 1300 1667 1372 gentilium,
1696 1317 1894 1371 quem-

271 1392 582 1446 admodum
616 1392 915 1446 hominum
957 1392 1014 1446 in
1057 1394 1259 1448 eadem
1304 1394 1475 1448 domo
1516 1394 1896 1462 manentium,

271 1485 444 1539 debet
473 1502 594 1540 esse
625 1487 808 1557 quoad
853 1503 1059 1556 corpus
1095 1486 1369 1549 conditio,
1416 1488 1639 1557 utrique
1684 1487 1897 1541 idcirco

269 1579 482 1633 iisdem
511 1580 760 1634 adversis
797 1583 852 1634 et
899 1580 1274 1634 incommodis
1300 1581 1468 1634 rebus
1493 1581 1637 1635 aflici
1666 1581 1893 1635 debent.

1999 365 2260 419 morituri
2303 366 2486 436 (Ibid.,
2529 382 2658 437 pag.
2713 369 2842 434 I93;
2883 368 3051 434 Idem,
3095 367 3190 422 lib.
3246 370 3311 423 de
3354 371 3618 426 Mortalit.

1999 475 2132 529 pag.
2169 458 2311 524 162).
2352 479 2378 507 ››
2424 460 2562 513 Nam
2603 461 2764 514 sicuti
2807 461 3055 515 naucleri
3103 461 3304 532 peritia
3348 463 3624 533 dignosci-

2001 556 2093 605 tur
2148 551 2205 604 in
2259 557 2617 622 tempestate,
2664 554 2827 608 sicuti
2882 553 3077 608 militis
3121 556 3345 610 animus
3396 558 3453 610 in
3501 558 3620 612 acie

1999 645 2290 716 probatur,
2321 645 2484 700 sicuti
2513 646 2750 700 Abrahae
2789 647 2926 702 ﬁdes
2957 648 3234 718 imperato
3267 649 3368 703 ﬁlii
3417 650 3503 704 sui
3532 667 3618 704 sa-

2000 738 2210 794 crificio
2253 743 2466 793 tentata
2497 743 2619 806 est;
2666 740 2742 794 sic
2787 739 2876 794 his
2921 740 3158 811 publicis
3203 743 3456 797 cladibus
3492 760 3619 813 pro-

1998 832 2240 887 babatur
2271 833 2446 888 virtus
2480 841 2536 888 et
2573 834 2845 904 patientia
2883 833 3354 903 Christianorum,
3390 853 3452 890 ac
3491 853 3618 906 pro-

1999 927 2132 981 bata
2159 927 2542 982 coronabatur
2569 927 2774 998 (Ibid)
2802 928 2942 981 Cum
2975 943 3111 998 ergo
3133 929 3159 981 ?
3188 950 3214 976 ‹‹
3251 929 3391 991 Quia
3430 929 3558 995 nisi,
3593 951 3621 980 ››

2001 1020 2079 1075 ait
2106 1019 2220 1088 ille,
2253 1041 2279 1068 «
2317 1019 2665 1091 praecesserit
2715 1037 2929 1091 pugna,
2974 1037 3088 1073 non
3129 1026 3308 1090 potest
3347 1037 3464 1075 esse
3509 1022 3623 1076 vic-

2000 1113 2145 1167 toria
2178 1130 2189 1166 :
2225 1130 2351 1167 cum
2381 1114 2547 1168 fuerit
2581 1114 2639 1168 in
2681 1130 2888 1184 pugna:
2926 1113 3321 1184 congressione
3364 1114 3620 1181 victoria,

2002 1210 2134 1260 tunc
2165 1207 2331 1261 datur
2357 1207 2716 1262 vincentibus
2751 1212 2803 1261 et
2833 1224 3038 1262 corona
3068 1208 3252 1279 (1bid.,
3281 1225 3416 1280 pag.
3448 1211 3624 1277 160).››

1999 1302 2302 1371 Postquam
2350 1306 2543 1356 autem
2590 1301 2648 1354 id
2697 1301 3101 1372 quorumdam,
3154 1318 3215 1356 ac
3261 1302 3624 1372 potissimum

1999 1395 2155 1448 Pauli
2181 1395 2415 1464 apostoli
2443 1394 2733 1463 exemplis,
2765 1400 2936 1464 atque
2974 1394 3140 1464 hujus
3171 1410 3395 1465 quoque
3441 1400 3497 1449 et
3525 1398 3622 1450 Ec-

1999 1488 2288 1542 clesiastes
2317 1487 2497 1542 verbis
2541 1488 2914 1553 conﬁrmavit,
2957 1487 3089 1541 inde
3129 1488 3412 1542 concludit
3457 1489 3627 1559 longe

2000 1581 2282 1651 disparem
2328 1597 2446 1634 esse
2493 1580 2962 1648 Christianorum,
2995 1596 3058 1633 ac
3097 1580 3394 1650 gentilium
3431 1586 3485 1635 et
3528 1583 3622 1635 Ju-

269 1673 478 1727 Verum
512 1675 680 1744 longe
724 1674 978 1744 dispares
1018 1674 1205 1744 quoad
1245 1674 1504 1745 spiritum
1545 1679 1725 1728 erant.
1762 1674 1892 1738 Qui-
1918 1647 1974 1717 B
2000 1647 2256 1728 daeorum
2299 1675 2355 1727 in
2388 1674 2614 1744 publica
2657 1673 2834 1744 pestis
2873 1647 3216 1738 calamitate,
3251 1673 3485 1743 aliisque
3522 1674 3620 1727 ad-

268 1783 405 1820 nam
450 1766 602 1820 enim
650 1784 713 1820 ex
759 1767 869 1820 illis
911 1767 1022 1820 dici
1067 1774 1326 1838 poterant
1372 1767 1608 1838 publicis
1645 1768 1895 1821 cladibus

268 1860 448 1928 afﬂigi
492 1866 548 1914 et
589 1860 952 1914 conturbari?
996 1863 1194 1916 Nonne
1240 1860 1299 1914 hi
1350 1861 1452 1914 soli
1495 1861 1756 1930 gentiles,
1798 1860 1894 1931 qui

267 1953 606 2019 mmrebant,
655 1953 946 2020 dolebant,
992 1959 1049 2008 et
1092 1957 1206 2007 tam
1261 1953 1505 2008 clamosa
1551 1971 1723 2024 quam
1765 1970 1896 2024 que-

269 2047 398 2100 rula
434 2063 564 2100 voce
604 2047 873 2100 miseram
917 2053 1129 2101 sortem
1174 2065 1334 2102 suam
1384 2045 1895 2103 lamentabantur?

266 2140 476 2194 Contra
507 2140 722 2210 quippe
767 2141 1092 2204 Christiani,
1134 2141 1319 2212 inquit
1365 2141 1675 2212 Cyprianus
1717 2161 1744 2188 «
1788 2140 1896 2210 spi-

267 2233 382 2287 ritu
414 2234 592 2302 magis
622 2251 794 2304 quam
838 2251 1006 2288 carne
1049 2235 1322 2300 viventes,
1360 2257 1386 2284 ››
1421 2235 1720 2288 vincebant
1750 2255 1776 2281 ‹‹
1805 2234 1895 2286 ﬁr-

267 2328 468 2381 mitate
496 2327 671 2380 animi
717 2327 1104 2381 inﬁrmitatem
1151 2329 1397 2398 corporis
1431 2350 1456 2378 »
1491 2328 1707 2398 (Cypr.,
1737 2327 1892 2389 ibid,

267 2437 403 2491 pag.
444 2420 587 2492 193).
622 2422 1004 2484 Quamobrem
1044 2421 1216 2474 nullis
1255 2421 1502 2475 adversis
1539 2422 1731 2474 animo
1767 2437 1896 2473 con-

272 2514 506 2567 sternati
553 2517 651 2567 aut
697 2515 856 2567 fracti
908 2531 1202 2586 nunquam
1252 2515 1320 2568 de
1365 2514 1433 2568 iis
1475 2514 1767 2580 dolebant,
1808 2513 1894 2566 vel

268 2607 664 2661 mussitabant.

345 2700 619 2754 Praeterea
651 2701 892 2771 gentiles
921 2702 1176 2756 miserias
1213 2719 1338 2756 suas
1379 2706 1435 2755 et
1480 2715 1766 2755 aerumnas
1805 2700 1895 2753 de-

269 2793 508 2861 ﬂebant,
552 2794 681 2865 quia
722 2795 778 2848 in
821 2795 929 2850 hoc
973 2798 1193 2848 tantum
1228 2796 1434 2849 saeculo
1465 2793 1609 2850 bene
1640 2793 1748 2846 illis
1773 2810 1894 2847 esse

267 2891 512 2959 poterat,
545 2889 805 2959 nihilque
850 2889 958 2942 illis
990 2893 1188 2959 postea
1214 2895 1536 2959 supererat,
1570 2887 1676 2941 nisi
1709 2904 1892 2958 pcena,

269 2983 327 3035 et
358 2981 520 3035 dolor
551 2982 735 3050 (Ibid.,
758 2998 890 3052 pag.
924 2984 1061 3052 l92).
1086 2984 1156 3035 At
1181 2981 1652 3048 Christianorum,
1682 2980 1966 3081 caducaC

268 3074 440 3144 hujus
471 3075 599 3128 vitm
627 3075 778 3129 bona
807 3075 1217 3145 spernentium,
1242 3092 1410 3129 mens
1438 3091 1466 3130 e
1495 3074 1775 3128 contrario
1806 3073 1888 3126 in-

267 3172 360 3223 ter
407 3169 506 3222 has
555 3167 702 3239 ipsas
767 3168 1005 3222 labentis
1054 3169 1244 3223 saaculi
1291 3167 1481 3222 ruinas
1521 3171 1707 3221 erecta
1747 3169 1889 3235 erat,

267 3262 578 3316 immobilis
635 3260 892 3334 1010
949 3261 1144 3328 virtus,
1202 3262 1332 3316 laeta
1392 3260 1686 3332 patientia,
1752 3258 1892 3313 ﬁdes

268 3355 452 3423 ﬁrma,
502 3359 559 3409 et
606 3356 899 3426 promissae
935 3355 1043 3408 sibi
1085 3371 1118 3408 a
1172 3356 1287 3409 Deo
1333 3359 1562 3408 aeterna:
1608 3351 1892 3407 felicitatis

268 3452 421 3504 certa
449 3465 574 3520 spes
606 3454 660 3502 et
681 3449 1043 3519 exspectatio.

340 3543 547 3597 Deinde
585 3559 720 3596 vero
753 3559 869 3596 non
905 3541 1031 3596 ideo
1074 3541 1318 3596 mundus
1357 3543 1442 3595 tot
1478 3539 1726 3594 cladibus
1763 3554 1889 3610 pre-

268 3637 549 3703 mebatur,
583 3636 712 3707 quia
742 3635 1043 3690 Christiani
1067 3635 1235 3688 falsos
1275 3634 1408 3688 deos
1438 3651 1554 3688 non
1586 3632 1842 3687 colebant
1875 3647 1886 3686 2

269 3731 367 3785 sed
409 3731 570 3784 illum
603 3746 764 3784 verus
805 3732 948 3784 Deus
979 3729 1068 3782 his
1097 3727 1290 3783 vexari
1328 3727 1602 3799 permisit,
1639 3730 1703 3781 ut
1735 3746 1760 3773 ‹‹
1796 3725 1892 3796 qui

269 3824 578 3889 beneﬁciis,
623 3843 648 3874 ι)
683 3822 763 3878 ait
799 3823 1130 3894 Cyprianus,
1179 3842 1208 3873 «
1246 3838 1360 3875 non
1404 3820 1765 3890 intelligitur,
1807 3817 1892 3872 vel

266 3919 452 3990 plagis
496 3917 844 3988 intelligatur
892 3917 1073 3986 (Ibid.,
1105 3932 1236 3986 pag.
1289 3915 1430 3985 195).
1473 3935 1500 3962 »
1531 3913 1750 3969 Ethnici
1788 3911 1894 3965 ita-

268 4029 382 4084 que
424 4011 510 4065 his
549 4010 960 4065 calamitatibus
989 4010 1114 4064 ideo
1143 4008 1546 4080 puniebantur,
1578 4009 1639 4061 ut
1667 4023 1762 4060 eos
1789 4006 1891 4058 cri-

266 4106 485 4159 minum
519 4121 748 4159 suorum
778 4105 1100 4175 paeniteret,
1129 4119 1192 4156 ac
1215 4102 1421 4172 rejecto
1448 4101 1675 4154 tandem
1694 4101 1891 4154 insano

267 4200 541 4254 falsorum
570 4198 808 4253 deorum
846 4198 1021 4265 cultu,
1053 4196 1281 4250 unicum
1313 4197 1694 4264 agnoscerent
1721 4199 1777 4248 et
1805 4210 1892 4248 co-

263 4295 450 4348 lerent
492 4294 946 4364 omnipotentem
975 4292 1175 4353 Deum,
1209 4306 1274 4344 ac
1313 4305 1510 4342 veram
1552 4287 1890 4359 religionem

263 4388 742 4457 amplexarentur.
1329 4439 1334 4444 .

345 4481 428 4533 Ad
476 4480 593 4533 hzec
627 4496 754 4534 vero
783 4475 1082 4532 Christiani
1121 4479 1421 4541 noverant,
1452 4480 1508 4530 et
1543 4475 1902 4529 confidebant

276 4591 337 4630 se
368 4573 573 4628 iisdem
595 4575 844 4630 adversis
868 4572 1094 4644 probari
1122 4576 1178 4626 et
1202 4569 1576 4626 corroborari.
1620 4567 1891 4632 Quamob-

265 4687 390 4725 rem
443 4669 552 4724 alio
610 4669 922 4740 Cyprianus
970 4667 1026 4720 in
1067 4665 1210 4720 libro
1271 4681 1284 4718 :
1341 4685 1368 4713 ‹‹
1411 4663 1593 4728 Quam
1651 4678 1902 4716 necessa-

272 4765 447 4830 rium,
481 4786 504 4813 n
537 4762 847 4834 inquiebat,
894 4782 920 4810 ‹‹
959 4760 1110 4832 quod
1153 4758 1326 4830 pestis
1372 4758 1467 4811 illa
1510 4761 1564 4811 et
1602 4757 1740 4824 lues,
1771 4773 1901 4826 qua:

278 4857 564 4911 horribilis
626 4863 681 4912 et
735 4855 926 4909 feralis
997 4855 1252 4919 videtur,
1309 4852 1566 4922 explorat
1621 4850 1898 4920 justitiam

280 4953 706 5023 singulorum...
747 4968 819 5004 an
866 4949 1109 5004 inﬁrmis
1167 4947 1414 5002 serviant
1462 4943 1601 5012 sani,
1655 4962 1727 4997 an
1779 4960 1900 5014 pro-

281 5047 485 5119 pinqui
516 5051 784 5117 cognatos
813 5045 902 5115 pie
940 5043 1201 5112 diligant,
1249 5058 1321 5095 an
1365 5041 1753 5094 misereantur
1790 5053 1902 5090 ser-

289 5157 481 5195 vorum
515 5139 916 5210 languentium
948 5136 1184 5203 domini,
1219 5152 1291 5189 an
1322 5134 1691 5206 deprecantes
1719 5147 1904 5202 (egros

290 5251 408 5289 non
443 5235 706 5288 deserant
743 5232 970 5298 medici,
1011 5249 1080 5284 an
1109 5246 1342 5301 rapaces
1370 5227 1620 5282 avaritias
1662 5223 1904 5279 furentis

289 5327 671 5384 insatiabilem
703 5344 928 5397 semper
967 5326 1226 5380 ardorem
1269 5324 1355 5378 vel
1395 5325 1552 5376 metu
1587 5319 1782 5374 mortis
1812 5335 1905 5372 ex-

278 5424 596 5494 stinguant,
631 5440 700 5476 an
742 5422 1017 5476 cervicem
1061 5419 1290 5474 ﬂectant
1331 5415 1578 5487 superbi,
1625 5430 1698 5468 an
1735 5412 1905 5467 auda-

287 5519 435 5574 ciam
465 5517 678 5572 leniant
708 5515 973 5588 improbi,
1001 5531 1073 5568 an
1109 5511 1474 5586 pereuntibus
1501 5507 1682 5564 charis
1709 5506 1796 5561 vel
1827 5505 1904 5560 sic

616 5760 889 5825 PATROL.
933 5757 1032 5821 IV.

1996 1767 2172 1820 versis
2205 1767 2615 1821 conditionem.
2651 1768 2794 1820 Nam
2837 1766 2924 1819 his
2952 1765 3160 1821 Christi
3196 1766 3455 1820 hostibus
3482 1767 3618 1821 hor-

1995 1860 2196 1926 renda,
2229 1861 2298 1913 de
2346 1876 2457 1930 qua
2485 1859 2618 1913 satis
2659 1859 2902 1929 egimus,
2937 1858 3111 1929 pestis
3142 1865 3262 1913 erat
3291 1859 3622 1913 insanabilis

1997 1959 2050 2007 et
2080 1953 2364 2007 mortifera
2414 1954 2602 2022 plaga,
2646 1969 2756 2023 qua
2797 1952 3108 2006 morientes
3143 1951 3510 2022 rapiebantur
3551 1953 3620 2007 ad

1997 2047 2414 2117 sempiternum
2442 2045 2806 2115 supplicium,
2836 2045 3164 2099 Christianis
3199 2061 3334 2099 vero
3363 2046 3623 2099 salutaris

1997 2155 2275 2207 excessus,
2307 2156 2418 2209 quo
2461 2137 2532 2191 ad
2563 2144 2841 2192 aeternum
2883 2137 3244 2210 refrigerium
3273 2138 3625 2194 vocabantur

2000 2233 2183 2301 (Ibid.,
2220 2249 2348 2302 pag.
2383 2231 2524 2300 161).

2069 2325 2350 2389 Quantum
2383 2342 2518 2395 ergo
2549 2324 2794 2394 gentiles
2821 2327 2876 2378 et
2913 2324 3090 2378 Judaei
3118 2325 3186 2378 de
3227 2330 3408 2395 peste,
3444 2325 3621 2396 fame,

1997 2423 2052 2472 et
2082 2419 2231 2472 bello
2260 2417 2776 2488 conquerebantur,
2801 2422 2856 2470 et
2883 2416 3164 2484 dolebant,
3198 2422 3414 2472 tantum
3437 2420 3627 2474 Chris-
3724 2433 3731 2442 '

1997 2511 2136 2564 tiani
2183 2512 2484 2582 tranquillo
2534 2511 2780 2580 laetoque
2831 2510 3025 2564 animo
3074 2509 3212 2563 illud
3257 2528 3453 2565 verum
3501 2530 3623 2569 esse

1996 2604 2367 2658 ostendebant
2407 2604 2610 2674 (Idem,
2656 2604 2780 2656 adv.
2828 2607 3080 2666 Demetr.,
3130 2619 3259 2674 pag.
3305 2605 3428 2673 193)
3469 2607 3622 2676 quod

1996 2698 2200 2752 citatus
2240 2715 2272 2750 a
2299 2697 2576 2768 Cypriano
2623 2697 2879 2750 Ilabacuc
2919 2696 3200 2766 propheta
3235 2697 3406 2768 longe
3451 2701 3621 2753 antea

1995 2791 2146 2844 hisce
2179 2790 2360 2844 verbis
2395 2789 2738 2860 praedixerat
2773 2807 2785 2843 :
2820 2809 2847 2840 ς(
2877 2789 3037 2843 Ficus
3080 2805 3192 2844 non
3233 2788 3433 2845 afferet
3467 2791 3616 2847 fruc-

1997 2887 2140 2950 tum,
2188 2887 2244 2938 et
2292 2899 2403 2938 non
2448 2885 2618 2937 erunt
2655 2882 2944 2937 nascentia
2989 2882 3045 2936 in
3096 2881 3272 2937 vineis
3323 2900 3336 2936 :

1994 2980 2255 3044 ποφορήσει
2320 2981 2400 3026 καὶ
2467 2981 2557 3026 οὒκ
2637 2980 2768 3027 ἔσται
2831 2978 3096 3040 γεννήματα
3171 2979 3218 3026 ἐν
3275 2983 3378 3035 ταῖς
3461 2980 3620 3042 ἀμπέ-

1991 3081 2105 3134 λοις.
2150 3069 2448 3124 Mentietur
2495 3085 2636 3139 opus
2683 3069 2842 3123 olivae
2889 3071 2948 3123 et
2989 3069 3175 3140 campi
3226 3086 3337 3124 non
3384 3075 3618 3140 prasta-

1990 3166 2133 3219 bunt
2183 3163 2397 3218 cibum.
2452 3162 2729 3216 Deﬁcient
2782 3179 2815 3216 a
2875 3161 3085 3232 pabulo
3139 3178 3268 3216 oves
3321 3180 3334 3216 :
3389 3171 3622 3226 Ἐξέλιπεν

1992 3267 2086 3314 ἀπὸ
2154 3265 2380 3329 βρώσεως
2443 3263 2674 3328 πρόϐατα.
2750 3257 2815 3309 Et
2869 3272 2981 3309 non
3060 3261 3228 3310 erunt
3293 3256 3352 3310 in
3412 3273 3622 3327 prase-

1992 3352 2157 3423 pibus
2220 3351 2408 3405 boves.
2474 3351 2592 3421 Ego
2657 3353 2846 3403 autem
2907 3349 2966 3402 in
3029 3349 3270 3404 Domino
3341 3349 3622 3421 gaudebo,

1992 3449 2049 3500 et
2105 3445 2163 3498 in
2220 3446 2331 3499 Deo
2393 3443 2628 3497 salutari
2691 3458 2821 3496 meo
2881 3458 2894 3495 :
2951 3449 3234 3513 Χαρήσομαι
3285 3450 3363 3497 ἐπὶ
3408 3451 3474 3513 τῷ
3515 3453 3626 3501 Θεω

1992 3547 2169 3611 σωτῆρί
2201 3563 2312 3610 μου.
2355 3560 2383 3588 ››
2417 3538 2671 3607 (Habac.,
2713 3552 2785 3603 1v,
2835 3538 2918 3603 17,
2957 3536 3066 3606 18).
3105 3536 3219 3590 Nec
3255 3536 3447 3590 ﬁctum
3493 3537 3623 3606 qui-

1995 3635 2125 3688 dem
2193 3636 2292 3686 aut
2355 3646 2567 3685 vanum
2638 3633 2758 3683 erat
2819 3628 3048 3682 illorum
3119 3628 3430 3698 gaudium;
3492 3630 3626 3701 quia

3388 2891 3460 2939 Οὐ
3498 2907 3621 2955 καρ-

1996 3725 2242 3800 1011
2286 3724 2529 3778 ﬁrmiter
2577 3721 2977 3793 exspectabant
3017 3721 3265 3775 dandam
3301 3722 3405 3776 sibi
3441 3739 3474 3776 a
3513 3724 3625 3778 Deo

1995 3824 2269 3875 aeternam
2301 3816 2650 3871 felicitatem.

2066 3915 2265 3967 Postea
2291 3927 2426 3965 vero
2453 3908 2766 3978 Cyprianus
2794 3906 2849 3960 id
2889 3906 3191 3960 conﬁrmat
3229 3907 3399 3976 longe
3442 3907 3622 3976 pluri-

1992 4008 2099 4062 bus
2155 4005 2341 4058 verbis
2393 4021 2456 4057 ex
2512 4000 2821 4071 Sapientiaa
2874 3999 3022 4053 libro
3085 3998 3436 4070 desumptis,
3498 4016 3624 4071 quae

1993 4100 2126 4155 alibi
2153 4099 2394 4168 integra,
2430 4113 2491 4149 ac
2519 4100 2867 4166 postremam
2913 4097 3137 4147 tantum
3173 4109 3370 4147 eorum
3402 4096 3624 4164 partem

1993 4193 2126 4248 alibi
2158 4191 2348 4248 retulit
2384 4189 2695 4260 (Cyprian.,
2729 4188 2801 4241 ad
2831 4191 3082 4249 Demetr.,
3117 4202 3251 4258 pag.
3297 4188 3434 4258 l95).
3465 4187 3624 4242 Salo-

1996 4304 2132 4342 mon
2165 4291 2355 4340 autem
2391 4284 2480 4337 cui
2515 4282 2606 4336 hic
2638 4281 2756 4352 ipse
2790 4281 2934 4334 liber
2963 4279 3300 4334 nominatim
3331 4281 3399 4334 ab
3426 4296 3492 4335 eo
3523 4282 3622 4336 tri-

1911 4371 2204 4447 Dbuitur,
2235 4378 2310 4432 ibi
2357 4377 2673 4430 luculenter
2713 4377 2964 4441 enarrat,
3006 4390 3176 4444 quam
3224 4389 3413 4427 amare
3461 4373 3624 4444 impii

2005 4479 2060 4528 et
2103 4472 2279 4543 iniqui
2319 4468 2600 4535 homines,
2633 4466 2858 4521 internis
2899 4466 3106 4519 inferni
3150 4465 3379 4535 ignibus
3422 4482 3622 4520 excru-

2005 4566 2156 4634 ciati,
2186 4565 2300 4618 visa
2329 4561 2780 4620 Christianorum
2820 4557 3195 4624 beatitudine,
3242 4558 3625 4613 miserrimam

2005 4666 2212 4714 sortem
2251 4674 2410 4711 suam
2454 4659 2510 4709 et
2555 4656 2829 4708 (eternam
2868 4651 3288 4704 damnationem
3339 4650 3630 4706 deﬁebunt

2005 4754 2179 4825 (Sap.,
2211 4769 2262 4820 v,
2292 4753 2320 4806 1
2352 4755 2406 4804 et
2433 4764 2615 4819 seqq.;
2650 4745 2939 4817 Cyprian.,
2980 4744 3072 4797 lib.
3118 4760 3174 4799 Ill
3216 4746 3457 4808 Testim.,
3496 4761 3625 4816 pag.

2005 4852 2107 4916 68;
2159 4848 2224 4900 de
2279 4845 2463 4900 Hubz't.
2521 4843 2756 4908 Virgin.,
2808 4853 2938 4909 pag.
2988 4842 3077 4904 97,
3127 4842 3183 4892 et
3225 4838 3290 4892 de
3336 4840 3625 4893 Exhortat.

2003 4944 2258 5010 Martyr.,
2294 4953 2425 5009 pag.
2462 4937 2600 5004 182).

2078 5036 2137 5086 1η
2201 5028 2588 5102 superioribus
2640 5041 2812 5097 porro
2871 5022 3360 5078 dissertationibus
3423 5023 3632 5078 nostris

2004 5127 2251 5181 vidimus
2285 5125 2429 5177 hanc
2480 5119 2781 5192 gentilium
2811 5134 2875 5172 ex
2902 5117 3356 5173 Christianorum
3385 5117 3633 5171 adversis

2007 5223 2064 5275 et
2089 5216 2484 5273 vexationibus
2513 5215 2738 5268 ductam
2779 5211 3336 5282 argumentationem
3373 5227 3487 5265 non
3520 5214 3633 5264 tam

2006 5318 2206 5369 contra
2253 5311 2399 5376 illos,
2434 5325 2606 5379 quam
2649 5309 2843 5361 contra
2887 5304 2984 5359 Dei
3023 5304 3436 5375 providentiam
3487 5320 3634 5374 pug-

2007 5423 2182 5475 nare;
2212 5421 2274 5459 ac
2302 5401 2585 5476 quomodo
2612 5400 2686 5454 ab
2720 5397 3122 5454 eruditissimis
3151 5397 3489 5453 Christiana:
3516 5396 3640 5450 reli-

2015 5501 2202 5573 gionis
2233 5496 2548 5552 vindicibus
2576 5494 2824 5550 diluatur
2855 5496 2911 5547 et
2936 5495 3238 5546 evertatur.

3258 5737 3340 5798 35
