4096 6186
506 203 641 259 1099

1143 323 1363 379 CAPUT
1398 323 1463 377 V.

658 462 727 504 DE
764 460 1013 503 CYPRIANI
1051 459 1206 501 ΠΒΠο
1244 460 1316 500 DE
1351 458 1633 501 IDOLORUM
1670 459 1951 502 VANITATE.

1030 541 1328 583 ARTICULUS
1367 540 1583 582 Ριιηιυε.

977 679 1241 749 Analysis
1279 677 1438 747 hujus
1478 678 1625 733 libri.

554 795 691 853 Tres
715 794 809 851 hic
834 794 978 850 liber
1004 794 1281 850 dividitur
1309 794 1617 864 ingpartes,
1653 808 1897 865 quarum
1937 792 2124 865 prima

489 889 807 963 Cyprianus
854 888 1107 944 ostendit
1146 888 1313 943 falsos
1340 888 1577 942 omnino
1617 903 1737 943 esse
1766 888 2123 943 ethnicorum

492 984 629 1039 deos
665 983 753 1053 (de
779 983 982 1037 Idolor.
1014 983 1229 1043 Vanit.,
1249 997 1382 1051 pag.
1417 981 1524 1051 Η).
1554 981 1753 1036 Mortui
1785 982 1940 1036 enim
1961 997 2124 1051 reges

495 1076 566 1131 ab
594 1076 662 1130 iis
687 1075 789 1129 coli
825 1077 1141 1146 coeperunt,
1173 1090 1236 1128 ac
1263 1074 1471 1128 deinde
1511 1074 1766 1144 expressi
1808 1074 2125 1128 simulacris

502 1170 733 1223 illorum
764 1168 969 1236 vultus,
997 1168 1214 1238 templa
1241 1166 1539 1233 aedificata,
1566 1167 1878 1221 immolatae
1903 1168 2123 1233 hostiae,

489 1266 547 1317 et
571 1261 702 1316 festi
735 1261 857 1315 dies
884 1261 941 1315 in
980 1261 1239 1331 ipsorum
1283 1260 1562 1314 honorem
1597 1260 1883 1315 celebrati.
1917 1262 1995 1316 Eo
2024 1276 2124 1315 au-

497 1360 617 1409 tem
666 1355 834 1409 modo
879 1354 958 1407 dii
991 1353 1122 1408 facti
1166 1359 1300 1407 sunt
1338 1370 1451 1407 non
1492 1353 1663 1409 modo
1716 1354 2027 1410 Melicertes
2073 1358 2130 1409 et

491 1448 842 1514 Leucothea,
889 1448 1084 1501 Castor
1119 1449 1175 1500 et
1214 1446 1443 1515 Pollux,
1483 1447 1855 1519 Esculapius,
1899 1447 2126 1518 Apollo,

501 1542 815 1611 Neptunus,
851 1556 1051 1594 verum
1094 1540 1265 1594 etiam
1294 1539 1532 1611 Jupiter,
1564 1541 1725 1612 cujus
1761 1541 2130 1611 sepulchrum

488 1650 548 1708 in
578 1635 747 1689 Creta
778 1633 1001 1701 visitur,
1041 1637 1098 1687 et
1136 1634 1430 1701 Saturnus,
1463 1634 1559 1705 qui
1602 1634 1739 1689 latio
1780 1650 1991 1689 nomen
2035 1634 2130 1689 de-

1344 198 1431 253 DE
1467 192 1687 252 LIBRIS
1726 195 1812 252 AD
1850 194 2262 253 DEMETRIAN.
2305 195 2390 252 ET
2425 194 2515 251 DE
2553 194 2728 253 lDOL.
2769 194 2994 251 VANIT.

3702 196 3845 250 H00

2138 321 2573 427 Acredebatur.
2590 324 2801 396 aliquid
2844 326 3008 378 extra
3049 321 3283 377 solitum
3328 327 3552 378 natura
3578 321 3852 427 ordinem

2219 417 2363 473 ﬁeri.
2414 416 2637 472 Etenim
2692 434 2895 473 eorum
2948 416 3261 472 falsitatem
3308 416 3565 487 exempla
3618 415 3849 486 Reguli,

2218 510 2483 577 Mancini,
2514 513 2571 566 et
2607 510 2728 566 Caii
2768 511 3001 566 Cir-saris
3045 511 3461 566 demonstrant.
3499 509 3647 574 Quid
3691 524 3855 575 vero,

2220 602 2377 675 quod
2417 604 2539 659 haec
2567 608 2625 659 et
2652 604 2764 659 alia
2790 604 2965 659 etiam
2995 604 3208 674 omnia,
3248 620 3375 676 quae
3402 602 3644 675 gentiles
3676 601 3859 656 mira-

2219 696 2450 765 bantur,
2492 714 2607 752 non
2655 703 2782 753 acta
2839 704 2971 753 sunt
3014 699 3287 754 falsorum
3331 696 3569 752 deorum
3622 711 3859 750 suorum

2220 792 2524 863 potestate,
2570 792 2667 846 sed
2710 791 3005 846 fraudibus
3051 794 3108 846 et
3154 790 3457 863 praestigiis
3499 791 3857 856 daemonum,

2223 884 2318 956 qui
2348 884 2547 955 poetis,
2578 885 2816 947 Socrati,
2846 884 3039 956 Magis,
3085 884 3335 951 Hostani,
3374 889 3432 939 et
3466 883 3693 938 Platoni
3732 898 3864 954 cog.

2225 978 2329 1033 niti
2377 980 2630 1046 fuerunt,
2680 979 2942 1050 quamvis
2990 982 3227 1050 uterque
3273 980 3545 1032 Hostanes
3582 983 3639 1031 et
3678 977 3861 1042 Plato,

2223 1087 2404 1127 unum
2448 1072 2752 1126 dumtaxat
2798 1074 2978 1126 Deum
3021 1088 3139 1127 esse
3188 1072 3485 1126 docuerint
3532 1073 3691 1141 (pag.
3751 1068 3863 1139 14).

2225 1164 2365 1220 Nam
2397 1165 2455 1219 hi
2487 1165 2775 1219 daemones
2805 1168 2938 1220 sunt
2964 1165 3232 1219 insinceri
3271 1168 3328 1219 et
3359 1164 3571 1237 perditi
3602 1162 3862 1234 spiritus,

2227 1259 2344 1330 qui,
2374 1259 2475 1312 sub
2505 1246 2741 1312 deorum
2769 1258 2967 1313 statuis
3001 1259 3057 1312 et
3086 1258 3406 1312 simulacris
3438 1258 3863 1323 delitescentes,

2228 1351 2472 1406 credulis
2501 1354 2558 1405 et
2586 1350 2831 1405 incautis
2858 1351 3184 1405 hominibus
3212 1350 3557 1422 persuadere
3577 1348 3868 1403 conaban-

2229 1448 2323 1499 tur
2352 1445 2471 1499 11th
2498 1444 2567 1499 ab
2597 1445 2812 1499 eisdem
2842 1444 2953 1499 illis
2981 1444 3089 1499 diis
3118 1445 3260 1511 fieri,
3292 1461 3364 1498 ne
3390 1443 3460 1498 ab
3486 1459 3688 1498 eorum
3713 1442 3872 1497 cultu

2229 1539 2299 1593 ad
2324 1554 2521 1592 veram
2559 1538 3000 1593 traducerentur
3042 1538 3407 1610 religionem.
3440 1538 3652 1592 Omnes
3688 1534 3870 1607 siqui-

2232 1632 2361 1687 dem
2422 1632 2653 1686 illorum
2715 1632 2954 1686 fallaciae
3018 1638 3074 1687 et
3130 1632 3354 1687 fraudes
3413 1633 3643 1686 retectse
3695 1632 3871 1695 sunt,

488 1727 604 1795 dit,
649 1727 748 1797 qui
793 1726 1017 1780 litteras
1061 1725 1391 1797 imprimere
1415 1768 1429 1795 ,
1478 1734 1533 1781 et
1588 1729 1815 1798 signare
1869 1713 2209 1785 nummosB
2233 1726 2463 1797 quando
2494 1724 2817 1791 Christiani,
2844 1726 2971 1780 illos
3010 1742 3113 1796 per
3155 1726 3337 1780 Deum
3372 1741 3570 1779 verum
3597 1724 3876 1795 adjuran-

487 1820 708 1891 primus
727 1820 787 1873 in
813 1820 965 1873 Italia
995 1819 1202 1874 docuit.
1234 1821 1398 1874 Illum
1427 1824 1616 1875 autem
1646 1838 1677 1875 a
1701 1822 1833 1875 Jove
1862 1821 2125 1892 fugatum

488 1913 715 1983 excepit
742 1914 912 1966 Janus
955 1912 1195 1979 bifrons,
1235 1930 1267 1966 a
1296 1930 1410 1983 quo
1453 1913 1779 1969 Janiculum
1820 1918 1879 1968 et
1911 1916 2123 1969 Janua-

489 2006 608 2060 rius
638 2004 851 2060 mensis
880 2021 1203 2076 cognomen
1231 2022 1396 2060 suum
1436 2010 1758 2061 traxerunt.
1790 2010 1861 2061 At
1894 2007 2121 2078 planius

486 2102 640 2153 certe
711 2102 767 2152 et
834 2099 1087 2169 apertius
1150 2100 1324 2153 Mauri
1380 2116 1513 2154 suos
1574 2101 1871 2155 coluerunt
1934 2116 2119 2170 reges.

486 2190 718 2245 Eﬁ‘rmni
746 2208 917 2261 porro
960 2196 1017 2245 et
1060 2191 1242 2263 impia
1271 2193 1375 2246 hac
1423 2193 1653 2247 licentia
1692 2192 1895 2263 religio
1937 2194 2120 2263 genti-

499 2285 619 2340 ium
651 2291 970 2355 propagata
1011 2290 1114 2339 est.
1167 2287 1273 2340 Per
1309 2286 1632 2355 provincias
1674 2286 1960 2357 siquidem
2005 2287 2119 2341 sin-

489 2379 613 2449 guli
644 2394 761 2432 non
791 2394 969 2432 unum
1002 2381 1059 2432 et
1085 2394 1305 2448 verum,
1334 2379 1429 2433 sed
1460 2380 1651 2450 plures
1681 2380 1842 2434 tictos
1880 2396 1913 2434 a
1940 2380 2120 2450 majo-

490 2470 649 2524 ribus
676 2469 793 2524 suis
821 2470 959 2525 deos
995 2470 1252 2525 venerati
1282 2474 1434 2526 sunt.
1465 2472 1624 2536 Quod
1665 2472 1897 2543 quidem
1928 2478 2127 2527 auctor

490 2568 684 2618 noster
709 2563 912 2633 probat
956 2564 1260 2619 Alexandri
1303 2565 1492 2636 Magni
1531 2565 1791 2636 epistola,
1825 2566 2125 2637 palamque

497 2656 631 2711 facit
672 2656 815 2711 nihil
858 2656 1013 2711 dictu
1064 2673 1184 2712 esse
1230 2657 1549 2725 absurdius,
1578 2675 1753 2730 quam
1797 2659 2125 2729 hujusmodi

488 2750 596 2805 diis
621 2755 719 2804 aut
746 2749 966 2815 datam,
993 2754 1092 2805 aut
1134 2750 1384 2805 ablatam
1421 2752 1562 2806 alios
1605 2753 1741 2807 deos
1784 2752 2126 2824 procreandi

498 2847 834 2914 potestatem
865 2844 1050 2912 (Ibid.,
1073 2859 1208 2914 pag.
1241 2845 1344 2914 t2).

560 2938 755 3007 Neque
784 2936 921 2990 sinit
946 2937 1053 2991 sibi
1083 2938 1253 3007 objici
1282 2939 1563 2992 Romanos
1597 2955 1699 2994 sua
1736 2938 1795 2993 in
1827 2938 1965 2995 deos
1994 2956 2125 2996 suos

2225 1825 2329 1886 tes,
2380 1823 2697 1889 coegerunt
2745 1835 2863 1873 non
2905 1818 3095 1873 solum
3147 1818 3216 1873 de
3258 1817 3494 1872 obsessis
3534 1817 3874 1889 corporibus

2225 1912 2397 1981 exire,
2430 1912 2524 1967 sed
2553 1912 2745 1983 palam
2772 1928 3004 1983 quoque
3029 1912 3194 1966 fateri
3224 1911 3325 1982 qui
3364 1911 3471 1982 ipsi
3499 1911 3637 1978 sint,
3672 1911 3873 1964 illum-

2225 2021 2335 2077 que
2377 2005 2634 2074 unicum,
2667 2010 2723 2060 et
2770 2021 2970 2060 verum
3016 2022 3137 2061 esse
3176 2005 3382 2075 Deum,
3418 2006 3581 2076 cujus
3626 2003 3871 2059 nomine

2226 2098 2664 2169 adjurabantur.

2296 2192 2378 2246 Ad
2408 2193 2719 2247 secundam
2748 2192 2921 2262 hujus
2962 2192 3463 2248 commentationis
3505 2196 3727 2263 partem
3777 2192 3879 2246 de-

2238 2290 2434 2356 lapsus
2460 2285 2594 2340 inde
2631 2286 2948 2357 Cyprianus
2974 2286 3433 2341 manifestissime
3472 2286 3675 2356 probat
3698 2285 3876 2339 illum

2236 2379 2638 2434 tantummodo
2692 2395 2811 2434 esse
2856 2380 3053 2443 Deum,
3097 2396 3296 2433 rerum
3338 2379 3597 2433 omnium
3640 2381 3876 2433 creato-

2224 2489 2370 2527 rem.
2430 2474 2571 2526 Nam
2624 2488 2854 2526 summa
2909 2472 3217 2527 divinitatis
3265 2474 3591 2539 sublimitas,
3653 2472 3876 2543 inquit,

2227 2582 2331 2621 nec
2360 2565 2552 2632 dividi,
2586 2582 2692 2620 nec
2728 2570 3050 2620 consortem
3092 2566 3208 2637 pati
3249 2570 3455 2636 potest.
3498 2565 3647 2629 Quin
3678 2566 3875 2619 etiam

2225 2659 2439 2713 terreni
2474 2676 2665 2729 reges,
2710 2660 2857 2714 sicut
2899 2679 2926 2709 ‹‹
2968 2659 3374 2714 Thebanorum
3418 2659 3792 2731 germanitas,
3849 2679 3877 2707 ι

2225 2752 2468 2807 Romani
2508 2752 2746 2823 gemini,
2789 2758 2847 2807 et
2891 2752 3091 2807 affines
3120 2753 3426 2824 Pompeius
3458 2758 3513 2807 et
3542 2753 3731 2807 Caesar
3762 2768 3875 2807 ne-

2228 2847 2535 2917 quiverunt
2560 2846 2794 2900 alterius
2825 2846 3124 2917 regnantis
3150 2847 3300 2901 ferre
3338 2846 3686 2900 societatem.
3717 2845 3879 2909 Quid

2226 2954 2384 3007 vero,
2416 2940 2565 3011 quod
2594 2956 2685 2994 res
2716 2940 3004 2993 naturales
3037 2939 3083 2993 si
3122 2942 3465 3009 spectemus,
3496 2954 3692 2994 nonne
3714 2938 3882 2993 vide-

478 3030 702 3101 pietate
731 3030 1008 3084 meruisse
1038 3030 1211 3085 totius
1254 3034 1419 3086 terra:
1460 3032 1613 3086 orbis
1640 3034 1970 3105 imperium.
2002 3036 2121 3089 Non
2146 3071 2200 3147 Ο
2228 3050 2355 3089 mus
2401 3034 2621 3105 apibus,
2661 3032 2934 3104 gregibus
2975 3036 3034 3087 et
3074 3033 3347 3087 armentis
3387 3049 3509 3087 esse
3556 3049 3734 3087 unum
3773 3032 3880 3087 du-

496 3123 644 3147 -..ζ-ι.
694 3122 827 3147 211..)
870 3139 1117 3147 .-.--.--....
1172 3128 1505 3147 ----..--.-..ι
1552 3143 1572 3147 _
1628 3127 1727 3147 ΔΒΕ-
1775 3131 1864 3147 --ξι
1924 3128 2037 3147 JA-!
2084 3146 2087 3147 ,
2240 3142 2351 3147 _A_-
2416 3127 2573 3147 -2___sf
2619 3143 2763 3147 ___.__-
2809 3130 2885 3147 --ι
2935 3126 3133 3147 _.-____12
3163 3132 3350 3147 _-AA-_
3407 3126 3495 3147 ---Β
3526 3143 3625 3147 ---
3661 3126 3853 3147 _-2.‘l-_2

482 3123 648 3178 enim
694 3122 831 3178 illud
870 3139 1123 3195 unquam
1169 3128 1508 3195 acceperunt
1547 3143 1581 3179 a
1621 3127 1730 3181 diis
1770 3131 1870 3182 aut
1913 3122 2200 3184 deabusu
2232 3142 2379 3196 cem,
2412 3127 2575 3181 sicuti
2619 3143 2766 3181 unus
2803 3130 2891 3181 est
2935 3126 3137 3181 mundi
3163 3132 3369 3194 rector,
3401 3126 3497 3197 qui
3526 3143 3629 3181 nec
3661 3126 3875 3196 videri,

493 3216 612 3271 suis
648 3217 913 3288 propriis,
957 3220 1014 3271 et
1053 3218 1394 3285 vernaculis,
1443 3235 1633 3289 neque
1678 3220 1749 3274 ab
1793 3221 1917 3275 aliis
1960 3238 2129 3293 pere-

500 3308 680 3381 grinis
720 3311 778 3363 et
814 3309 1043 3364 aliunde
1088 3311 1333 3365 adscitis.
1376 3312 1499 3365 Non
1546 3329 1579 3366 a
1627 3314 1827 3383 primis
1872 3316 2128 3386 quidem,

498 3402 691 3474 quales
726 3402 927 3473 utique
970 3408 1101 3457 sunt
1142 3405 1443 3473 Romulus,
1476 3405 1655 3473 Picus,
1692 3407 2008 3478 Tiberinus,
2040 3410 2130 3463 Pi-

492 3497 742 3564 lumnus,
770 3496 1001 3564 Consus,
1034 3496 1266 3565 Viduus,
1298 3498 1556 3565 Scansus,
1589 3499 1880 3570 Forculus,
1912 3501 2131 3557 Limen-

497 3591 653 3645 tinus
699 3606 713 3645 :
759 3606 948 3661 neque
995 3590 1169 3645 etiam
1224 3608 1257 3644 a
1306 3592 1529 3647 duabus
1576 3593 1860 3662 Cloacina,
1900 3596 2128 3665 Pavore,

497 3684 734 3753 Pallore,
786 3683 984 3751 Febre,
1016 3684 1103 3737 vel
1145 3687 1306 3750 Acca,
1349 3690 1405 3739 et
1451 3686 1612 3741 Flora
1650 3690 1891 3758 utraque
1940 3705 2130 3744 mere-

499 3778 665 3844 trice,
695 3778 782 3831 vel
808 3777 1020 3833 Cardea
1052 3783 1107 3831 et
1131 3777 1377 3833 Orbona.
1406 3780 1562 3834 Tales
1591 3781 1879 3836 enimvero
1912 3782 2048 3837 deos
2076 3790 2135 3843 et

501 3872 638 3926 deas
664 3870 983 3937 nominare,
1015 3871 1283 3926 refellere
1310 3875 1397 3926 est
1418 3871 1569 3944 (pag.
1604 3875 1709 3944 t3).

570 3964 783 4019 Eadem
823 3964 1101 4034 profecto,
1132 3964 1307 4019 immo
1352 3966 1611 4021 validiori
1655 3966 1862 4035 adhuc,
1908 3970 2132 4026 ratione

506 4055 763 4130 1012
792 4057 1083 4127 peregrini
1115 4060 1502 4114 Romanorum
1535 4060 1635 4128 dii,
1661 4061 1747 4115 uti
1777 4062 1916 4116 Mars
1956 4064 2131 4119 Thra-

499 4151 619 4205 cius
667 4154 724 4203 et
776 4149 1047 4216 Creticus,
1093 4155 1193 4205 aut
1245 4152 1538 4207 adscititias
1585 4153 1729 4221 dcte,
1780 4155 1944 4209 sicuti
1987 4158 2133 4212 Juno

486 4242 730 4313 ‘Argiva,
779 4243 863 4296 vel
910 4242 1119 4310 Samia,
1156 4244 1241 4297 vel
1286 4246 1478 4311 Poena,
1520 4251 1618 4300 aut
1661 4246 1838 4301 Diana
1880 4251 2132 4319 Taurica,

500 4339 600 4390 aut
627 4337 804 4390 Mater
848 4335 1019 4389 deum
1062 4336 1234 4403 Idaea,
1279 4344 1375 4391 aut
1418 4338 1602 4392 Venus
1650 4340 1818 4395 Calva
1865 4343 2137 4398 Romanis

2231 3237 2335 3275 nec
2363 3218 2798 3291 comprehendi,
2833 3235 2935 3273 nec
2979 3219 3115 3273 satis
3160 3235 3412 3290 unquam
3458 3219 3727 3273 testimari
3776 3236 3876 3290 po-

2232 3314 2387 3368 test?
2414 3314 2568 3367 Unus
2595 3318 2792 3367 autem
2826 3328 2957 3366 cum
2985 3312 3080 3367 ille
3108 3312 3199 3381 sit,
3231 3329 3347 3367 non
3381 3312 3637 3383 pluribus
3677 3313 3876 3367 nomi-

2230 3406 2398 3461 nibus
2438 3406 2791 3478 appellatur,
2840 3405 2943 3459 sed
2984 3408 3169 3459 totum
3199 3421 3413 3460 nomen
3443 3406 3564 3476 ejus
3592 3408 3735 3460 Deus
3769 3411 3877 3460 est.

2234 3500 2379 3564 Quia
2422 3515 2552 3553 vero
2601 3498 2813 3570 ubique
2865 3503 2953 3553 est
3002 3498 3264 3566 diffusus,
3308 3515 3423 3553 non
3480 3503 3668 3570 potest
3720 3498 3879 3553 intra

2231 3597 2406 3649 unam
2451 3593 2752 3647 aediculam
2797 3592 3032 3660 includi,
3072 3592 3172 3648 sed
3218 3592 3497 3664 templum
3550 3593 3675 3663 ejus
3720 3594 3881 3647 totus

2234 3691 2319 3742 est
2361 3687 2628 3741 mundus.
2676 3686 2891 3757 Vulgus
2935 3685 3207 3756 denique,
3243 3685 3609 3756 quantumvis
3644 3686 3881 3756 imperi.

2232 3788 2376 3849 tum,
2421 3796 2569 3851 saepe
2623 3777 2831 3850 saepius
2883 3778 3283 3846 exclamaudo,
3328 3779 3665 3834 naturaliter
3714 3778 3880 3834 illum

2232 3876 2479 3936 invocat,
2514 3878 2571 3928 et
2600 3873 2869 3927 exsistere
2900 3873 3229 3928 conﬁtetur.

2303 3967 2490 4023 Tertia
2518 3967 2751 4021 demum
2782 3966 2955 4036 hujus
2988 3967 3180 4037 operis
3223 3971 3383 4039 parte
3428 3963 3748 4038 Cyprianus
3773 3982 3873 4037 pa-

2232 4062 2345 4117 lam
2376 4060 2641 4115 omnibus
2675 4060 2816 4114 facit
2857 4076 2986 4130 qua!
3019 4061 3270 4131 genuina
3311 4062 3383 4115 sit
3418 4060 3873 4115 Christianorum

2237 4154 2305 4210 de
2329 4154 2549 4210 Christo
2581 4153 2856 4208 doctrina.
2892 4154 3130 4208 Tamdiu
3158 4156 3376 4221 autem,
3409 4153 3620 4224 inquit,
3657 4154 3875 4208 Judteo-

2236 4265 2366 4303 rum
2399 4264 2641 4319 regnum
2666 4247 2876 4315 ﬂoruit,
2907 4247 3189 4318 quamdiu
3215 4247 3423 4301 divinis
3450 4246 3751 4318 praeceptis
3783 4246 3874 4301 ob-

2236 4347 2719 4413 temperaverunt.
2754 4341 2802 4413 1
2819 4340 2933 4414 01
2951 4340 3010 4413 3
3038 4343 3107 4394 At
3134 4345 3507 4412 posteaquam
3530 4341 3625 4395 illa
3650 4356 3873 4412 spreve-

502 4429 809 4499 imperium
853 4428 1152 4497 dederunt,
1201 4431 1285 4483 vel
1327 4436 1809 4503 prOpagaverunt.
1838 4435 1944 4498 Qui
1983 4433 2219 4506 enimD
2245 4441 2397 4501 runt,
2437 4434 2630 4488 datam
2677 4434 2783 4488 sibi
2828 4452 2861 4487 a
2902 4436 3013 4488 Deo
3068 4434 3452 4505 perdiderunt
3501 4433 3773 4505 gratiam,
3812 4448 3872 4487 ac

501 4538 722 4590 eorum,
757 4540 790 4577 a
819 4521 1023 4593 quibus
1052 4523 1407 4591 colebantur,
1437 4528 1613 4595 regna
1642 4528 1791 4581 tueri
1821 4529 2137 4599 valuerunt,

504 4616 795 4686 quomodo
826 4619 1094 4687 poterant
1123 4617 1369 4673 aliorum
1413 4618 1657 4674 fundare
1688 4625 1745 4675 et
1779 4638 1991 4693 augere
2029 4624 2136 4678 im-

502 4710 749 4781 perium,
780 4709 991 4781 quibus
1020 4711 1233 4780 cogniti
1263 4727 1562 4782 nunquam
1591 4713 1864 4769 fuerant?
1894 4717 2006 4771 Huc
2046 4734 2137 4772 ac-

500 4802 670 4868 cedit,
706 4805 861 4874 quod
893 4804 1023 4857 victi
1054 4810 1186 4858 sunt
1225 4806 1484 4874 Penates,
1522 4823 1666 4878 quos
1693 4811 1896 4864 [Encas
1926 4810 1985 4865 in
2027 4814 2138 4866 Ita-

500 4897 639 4951 liam
686 4913 880 4951 secum
935 4898 1303 4967 adsportavit.
1350 4900 1632 4955 Praeterea
1678 4906 1809 4957 ante
1853 4906 2142 4960 Romanos

502 4990 823 5045 ﬂoruerunt
847 4990 1227 5061 Assyriorum,
1255 4992 1570 5057 Medorum,
1602 4997 1917 5067 Persarum,
1935 4998 2143 5071 Egyp-

501 5082 742 5151 tiorum,
788 5085 1116 5139 Graecorum
1162 5102 1364 5156 regna.
1412 5088 1497 5142 Dii
1558 5105 1696 5160 ergo
1751 5093 2140 5148 Romanorum

500 5191 610 5229 nec
637 5177 751 5245 illa,
780 5194 886 5232 nec
916 5177 1027 5231 alia
1059 5179 1409 5249 dispensant.

572 5268 677 5322 Sed
708 5285 834 5339 age,
868 5274 924 5325 et
959 5271 1047 5325 dic
1086 5273 1265 5340 nobis,
1296 5291 1512 5345 quaeso,
1540 5293 1713 5347 quam
1757 5279 1813 5332 in
1845 5279 1978 5335 deos
2008 5298 2142 5337 suos

500 5359 571 5414 ob
596 5360 871 5431 pietatem
899 5365 1169 5419 Romanis
1198 5366 1449 5421 delatum
1480 5368 1588 5423 fuit
1623 5368 1959 5443 imperium,
1989 5376 2141 5446 quod

501 5471 533 5507 a
559 5454 888 5525 parricidio,
922 5464 1091 5526 raptu
1122 5459 1428 5530 virginum,
1459 5462 1700 5534 aliisque
1727 5466 1993 5521 nefandis
2026 5485 2145 5523 sce-

500 5544 718 5603 leribus
746 5543 983 5621 incepit.
1014 5551 1209 5622 Neque
1257 5553 1469 5608 dixeris
1513 5555 1655 5610 illud
1692 5562 1919 5614 auctum
1960 5563 2144 5633 auspi-

491 5641 608 5711 ciis,
647 5642 921 5714 auguriis,
998 5647 1053 5697 et
1091 5644 1219 5698 aliis
1268 5645 1601 5715 hujusmodi
1639 5653 2137 5723 superstitionibus

493 5736 702 5809 quibus
745 5742 845 5793 aut
885 5736 1079 5792 futura
1128 5739 1395 5811 quaedam
1436 5745 1995 5815 praenuntiabantur,
2043 5752 2140 5803 aut

2242 4529 2346 4582 soli
2394 4531 2450 4581 et
2490 4528 2611 4582 caeli
2654 4533 2928 4595 extorres,
2957 4544 3065 4600 per
3099 4530 3285 4582 totum
3327 4526 3611 4581 mundum
3639 4524 3871 4598 dispersi

2241 4625 2542 4693 vagantur.
2599 4622 2750 4675 Deus
2800 4621 2991 4693 itaque
3052 4621 3263 4688 alium,
3323 4620 3469 4675 sicut
3513 4622 3868 4691 promiserat,

2242 4716 2558 4771 fideliorem
2584 4716 2862 4785 populum
2895 4715 2999 4769 sibi
3024 4715 3241 4785 allegit,
3270 4714 3368 4786 qui
3400 4714 3671 4769 amissam
3708 4731 3741 4767 a
3772 4715 3867 4768 Ju-

2243 4810 2381 4864 daais
2428 4809 2715 4879 acciperet
2758 4809 2999 4879 gratiam
3054 4813 3113 4863 et
3159 4808 3607 4879 indulgentiam.
3650 4809 3865 4862 Statuto

2242 4904 2432 4974 itaque
2485 4908 2743 4973 tempore
2797 4918 2965 4957 suum
3014 4902 3171 4956 misit
3227 4901 3453 4969 Filium,
3518 4901 3617 4972 qui
3660 4915 3865 4965 sermo,

2243 4996 2440 5065 virtus,
2468 4997 2636 5064 ratio,
2671 4996 2947 5067 sapientia
2983 5001 3037 5051 et
3084 4995 3271 5067 gloria
3302 5001 3405 5049 est.
3435 4996 3487 5049 Is
3514 5010 3648 5049 vero
3679 4994 3737 5048 in
3767 4994 3868 5047 vir-

2246 5091 2464 5163 ginem,
2501 5090 2716 5161 Spiritu
2748 5092 2941 5145 sancto
2988 5093 3356 5162 coeperante,
3400 5089 3654 5161 illapsus,
3696 5088 3867 5142 homo

2245 5186 2425 5240 factus
2466 5191 2549 5239 est
2587 5187 2698 5239 Deo
2732 5185 2960 5239 mixtus.
2994 5184 3453 5239 Christianorum
3496 5183 3684 5253 itaque
3721 5180 3865 5235 arbi-

2243 5284 2333 5334 ter
2368 5279 2482 5343 ille,
2530 5278 2820 5348 magister,
2852 5278 3231 5344 illuminator,
3261 5276 3462 5332 doctor
3495 5280 3554 5331 et
3594 5274 3869 5331 mediator

2244 5378 2344 5439 est,
2377 5372 2473 5443 qui
2503 5388 2605 5426 nos
2628 5372 2698 5426 ad
2740 5373 2969 5426 Patrem
2997 5370 3283 5442 perducit.

2318 5466 2580 5521 Sciebant
2621 5464 2854 5536 quidem
2898 5464 3078 5521 Judaei
3127 5465 3281 5520 hanc
3329 5478 3469 5531 esse,
3516 5477 3686 5535 quem
3726 5456 3867 5516 sacri

2246 5577 2443 5616 eorum
2468 5560 2763 5631 prophetae
2783 5564 2839 5614 et
2863 5563 2997 5614 tunc
3028 5563 3086 5613 et
3112 5559 3170 5613 in
3202 5560 3316 5614 ﬁne
3345 5556 3546 5613 mundi
3568 5561 3864 5612 venturum

2243 5654 2764 5726 prsenuntiaverant
2796 5676 2806 5707 :
2849 5653 2946 5708 sed
2976 5651 3286 5707 sceleribus
3328 5651 3444 5707 suis
3473 5650 3731 5706 obcaecati
3754 5663 3860 5701 ne-

2246 5754 2383 5819 gant
2424 5748 2578 5803 hunc
2622 5747 2873 5820 primum
2916 5748 3039 5819 ejus
3084 5745 3415 5816 adventum,
3450 5750 3509 5801 et
3551 5740 3859 5801 secundum

3600 6048 3649 6065 x-
3668 6024 3867 6065 11....-
