4082 6194
229 146 355 199 1101

227 269 554 337 expectant.
587 263 729 328 Quia
781 279 910 317 vero
958 261 1181 317 inﬁnita
1222 262 1646 334 propemodum
1686 261 1860 316 edidit

226 359 526 424 miracula,
558 358 723 411 illum
783 373 1060 428 magnum
1100 372 1218 411 esse
1265 358 1553 411 dixerunt.
1608 359 1677 411 At
1706 356 1858 410 certe

224 471 356 509 cum
384 455 533 506 inter
552 450 818 506 homines
846 453 966 522 ipse
1000 451 1172 505 homo
1208 451 1369 520 vixit,
1402 467 1467 504 ea
1513 449 1709 504 omnia
1736 464 1861 504 con-

226 548 505 618 tigerunt,
540 562 666 616 quae
696 545 765 599 ab
796 545 999 600 iisdem
1037 545 1334 616 prophetis
1369 546 1438 599 de
1468 544 1563 598 illo
1592 543 1860 614 praedicta

222 642 472 696 fuerant.
522 639 637 694 Sub
683 639 811 694 vitae
859 645 1050 693 autem
1113 640 1234 708 ejus
1289 639 1486 704 ﬁnem,
1536 639 1860 693 Judaeorum

224 735 488 805 magistri
517 737 573 787 et
617 733 898 805 primores
945 732 1136 787 divina
1174 733 1295 802 ejus
1344 732 1602 787 doctrina
1629 731 1855 800 irritati,

223 846 256 882 a
292 828 494 882 Pontio
522 827 726 894 Pilato,
771 844 837 881 ex
888 832 1051 897 parte
1082 827 1338 881 Romana
1387 826 1604 896 Syriam
1652 842 1855 896 procu-

223 925 412 989 rante,
454 926 812 976 extorserunt
838 923 899 974 ut
940 920 1090 974 cruci
1123 921 1476 990 afﬁgeretur.
1511 920 1621 974 Sed
1647 919 1765 990 ipse
1796 919 1854 972 in

231 1033 295 1070 ea
318 1017 589 1082 moriens,
615 1032 714 1068 sua
766 1019 966 1085 sponte
995 1013 1209 1068 dimisit
1262 1014 1549 1084 spiritum,
1584 1030 1648 1066 ac
1686 1013 1856 1067 tertia

232 1110 440 1164 abhinc
493 1109 582 1163 die
627 1109 701 1162 ad
750 1108 932 1164 vitam
966 1124 1242 1174 reversus,
1297 1124 1355 1161 se
1403 1106 1688 1177 discipulis
1740 1107 1854 1160 suis

227 1203 541 1256 videndum
585 1202 851 1273 praebuit.
872 1203 976 1256 Per
1003 1201 1382 1272 quadraginta
1401 1216 1536 1254 vero
1562 1199 1677 1253 dies
1707 1199 1849 1268 illos,

225 1312 356 1351 cum
405 1296 608 1366 quibus
657 1298 915 1349 versatus
978 1301 1080 1362 est,
1137 1311 1200 1349 ea
1253 1295 1472 1363 docuit,
1523 1310 1649 1365 quae
1713 1292 1852 1348 alios

224 1389 594 1460 postmodum
635 1389 922 1443 docerent.
957 1388 1211 1459 Denique
1255 1387 1313 1442 in
1342 1389 1541 1442 coelum
1574 1387 1852 1442 sublatus-

223 1483 351 1548 fuit,
383 1482 535 1537 unde
581 1482 654 1536 ad
685 1499 887 1537 omnes
935 1483 1222 1549 homines,
1279 1483 1562 1536 destructo
1613 1481 1846 1549 mundo,

213 1577 554 1647 judicandos
581 1579 790 1630 veniet.
820 1576 1086 1646 Discipuli
1115 1592 1248 1630 vero
1277 1577 1397 1646 ejus
1430 1576 1639 1646 ubique
1672 1574 1846 1628 disse-

1280 140 1344 193 D.
1385 138 1651 194 NICOLAI
1691 139 1776 194 LE
1811 138 2088 194 NOURRY
2128 137 2578 193 DISSERTATIO.

3453 144 3588 199 1102

1963 281 1991 310 ‹‹
2032 259 2280 331 Epistola
2325 259 2514 315 Cecilii
2546 259 2816 331 Cypriani
2864 259 3082 330 incipit,
3124 261 3277 331 quod
3326 261 3477 317 idola
3509 263 3588 318 dii

1960 376 2074 414 non
2103 360 2233 413 sint.
2265 378 2292 410 n
2321 360 2394 412 At
2423 358 2529 412 tria
2580 359 2774 429 priora
2802 358 2979 413 verba
3034 375 3148 412 non
3176 360 3428 430 primum
3454 362 3581 432 qui-

1960 454 2116 520 dem,
2149 452 2245 506 sed
2272 452 2473 507 eadem
2509 456 2698 507 tamen
2743 469 2921 506 manu
2967 456 3161 523 postea
3187 454 3406 524 adjecta
3426 457 3579 509 sunt.

1958 547 2127 602 Liber
2165 563 2319 617 vero,
2342 563 2440 602 seu
2486 551 2550 601 ut
2606 546 2681 601 ibi
2727 547 2954 616 dicitur,
2985 549 3249 617 Epistola,
3310 549 3388 602 sic
3436 548 3583 604 ordi-

1961 647 2053 696 tur
2088 659 2101 696 :
2135 663 2162 692 «
2190 643 2334 697 Deos
2361 657 2474 695 non
2520 658 2662 709 esse,
2693 657 2835 712 quos
2872 641 3007 695 colit
3049 642 3270 712 vulgus,
3301 643 3436 697 hinc
3476 661 3577 697 no-

1958 741 2079 790 tum
2128 740 2230 791 est.
2281 740 2468 808 Reges
2508 735 2663 804 olim,
2716 739 2823 789 etc.
2883 757 2909 784 »
2961 734 3153 806 Neque
3193 735 3279 789 his
3334 737 3579 791 multum

1957 830 2247 884 dissimilia
2272 831 2332 885 in
2377 831 2570 886 codice
2623 828 2917 884 Tarniensi
2973 828 3053 883 sic
3105 833 3334 884 exarata
3400 836 3573 886 sunt:

1959 948 1986 975 «
2026 928 2282 998 Epistola
2309 928 2499 984 Cecilii
2547 926 2812 999 Cypriani
2863 927 2931 982 de
2991 943 3056 981 eo
3112 928 3266 996 quod
3316 928 3463 982 idola
3501 930 3581 984 dii

1954 1037 2069 1074 non
2097 1021 2230 1076 sint.
2275 1043 2303 1070 ››
2359 1023 2500 1075 Tum
2561 1021 2806 1075 deinde:
2855 1041 2883 1070 «
2923 1021 3064 1074 Deos
3096 1037 3214 1074 non
3267 1037 3409 1089 esse,
3439 1037 3580 1092 quos

1954 1114 2085 1168 colit
2107 1115 2329 1185 vulgus,
2362 1114 2495 1169 hinc
2549 1120 2745 1168 notum
2802 1116 2904 1167 est.
2938 1114 3120 1184 Reges
3175 1114 3330 1182 olim,
3389 1118 3498 1168 etc.
3544 1137 3571 1164 ››

1953 1208 2305 1262 Recentioris
2335 1225 2467 1264 vero
2507 1208 2818 1264 Colbertini
2860 1208 3070 1261 codicis
3111 1207 3246 1262 illud
3302 1211 3386 1262 est
3452 1207 3577 1262 sine

1952 1301 2320 1373 inscriptione
2371 1302 2671 1357 exordium
2721 1318 2732 1355 :
2785 1322 2812 1350 «
2862 1303 3002 1356 Deos
3059 1317 3175 1355 non
3228 1317 3378 1368 esse,
3435 1318 3578 1372 quos

1951 1397 2082 1450 colit
2135 1397 2403 1464 mundus,
2448 1396 2578 1450 hinc
2629 1400 2848 1463 notum,
2911 1417 2938 1444 ››
2994 1397 3102 1449 etc.
3159 1396 3226 1449 Et
3277 1395 3337 1449 in
3384 1396 3496 1451 fine
3559 1413 3573 1450 :

1951 1510 1979 1538 «
2019 1490 2178 1553 Quod
2209 1490 2364 1544 idola
2391 1490 2469 1544 dii
2497 1507 2611 1545 non
2635 1489 2766 1556 sint,
2796 1488 3047 1559 explicit.
3081 1507 3108 1540 »

2021 1584 2130 1638 Nos
2181 1601 2312 1638 vero
2343 1584 2681 1638 clarissimus
2731 1583 2984 1637 Baluzius
3027 1581 3298 1636 certiores
3347 1581 3491 1636 fecit
3517 1581 3578 1637 in

219 1672 578 1725 minaverunt
602 1676 891 1741 acceptam
931 1669 1000 1724 ab
1032 1671 1126 1724 illo
1148 1670 1494 1738 doctrinam,
1523 1686 1695 1740 quam
1728 1678 2212 1752 nonBomnihus
2265 1678 2405 1746 fore,
2457 1694 2599 1748 quos
2652 1693 2824 1746 penes
2870 1694 2928 1731 se
2982 1677 3175 1744 habet,
3239 1679 3295 1730 et
3347 1677 3576 1731 aliunde

218 1770 441 1818 tantum
474 1780 629 1832 voce,
660 1764 757 1818 sed
784 1765 1104 1832 tormentis,
1151 1765 1429 1830 crucibus,
1459 1763 1698 1833 aliisque
1725 1777 1842 1831 pce-

217 1875 424 1913 narum
508 1857 832 1928 generibus,
895 1859 1040 1911 mira
1105 1859 1422 1912 constantia
1476 1857 1543 1910 ad
1603 1860 1845 1909 mortem

217 1969 393 2023 usque
419 1951 721 2023 perpessis,
753 1968 945 2005 veram
982 1968 1099 2005 esse
1120 1952 1671 2006 demonstraverunt.

825 2083 1126 2122 ARTICULUS
1177 2084 1236 2121 ll.

212 2169 291 2221 De
328 2167 489 2235 hujus
523 2169 654 2221 libri
685 2171 918 2231 auctore,
950 2167 1129 2232 titulo,
1165 2167 1346 2227 initio,
1391 2167 1726 2234 integritate,
1756 2180 1844 2217 ar-

283 2253 570 2315 gumento;
603 2253 652 2303 et
683 2264 778 2302 cur
822 2247 1123 2316 aliquando
1151 2247 1384 2316 epistolae
1413 2249 1626 2301 nomine
1645 2247 1840 2299 inscri-

289 2329 469 2382 batur.

283 2420 404 2472 Uno
431 2433 634 2472 omnes
682 2433 801 2484 ore,
826 2432 1156 2488 magnoque
1203 2415 1378 2468 animi
1424 2429 1722 2481 consensu,
1755 2412 1838 2467 fa-

219 2516 436 2578 tentur,
486 2514 542 2565 et
578 2526 808 2580 semper
851 2509 1093 2564 confessi
1147 2512 1278 2562 sunt
1311 2508 1657 2579 Cyprianum
1717 2525 1838 2562 esse

212 2605 389 2675 hujus
421 2604 547 2658 libri
579 2607 894 2658 auctorem.
925 2603 1129 2674 Ecquis
1155 2619 1290 2656 vero
1333 2601 1403 2655 de
1439 2601 1544 2655 hoc
1579 2601 1839 2656 dubitare

207 2703 429 2770 potest,
475 2697 628 2768 quod
667 2697 1017 2767 Augustinus
1067 2697 1154 2750 his
1205 2695 1391 2750 verbis
1438 2712 1552 2750 non
1608 2695 1838 2750 obscure

207 2792 529 2863 signiﬁcat?
570 2812 597 2840 κ
633 2792 867 2861 Regulae
882 2790 1206 2860 apostolicae
1228 2793 1510 2860 spectator
1538 2789 1839 2860 euiscopus

205 2887 527 2958 Cyprianus
554 2885 621 2939 de
646 2901 758 2938 uno
795 2901 929 2938 vero
959 2885 1069 2939 Deo
1088 2883 1349 2937 adversus
1378 2883 1689 2936 multorum
1707 2883 1839 2937 deo-

201 2997 331 3035 rum
354 2980 740 3049 falsorumque
782 2977 1032 3032 cultores
1064 2978 1377 3048 disputans,
1411 2978 1592 3030 multa
1619 2977 1833 3047 profert

1947 1771 2195 1842 collegit,
2231 1771 2400 1841 hujus
2441 1771 2570 1824 libri
2622 1770 2905 1824 codicibus
2955 1768 3363 1839 manuscriptis
3413 1768 3576 1823 illum

1948 1865 2016 1918 ab
2065 1865 2168 1931 his,
2197 1864 2406 1934 absque
2432 1865 2545 1918 ulla
2578 1864 2684 1917 alia
2713 1863 3107 1932 inscriptione,
3144 1863 3396 1932 incipere
3441 1878 3571 1915 ver-

1942 1956 2049 2024 bis,
2073 1973 2202 2027 quze
2228 1958 2286 2010 in
2341 1957 2665 2013 Colbertino
2696 1956 3010 2026 exemplari
3054 1955 3259 2026 scripta
3290 1971 3411 2010 esse
3439 1971 3574 2010 mox

1944 2050 2470 2105 animadvertimus.

2013 2144 2298 2208 Quosdam
2329 2146 2560 2215 insuper
2597 2144 2837 2199 vidimus
2882 2143 3100 2198 codices
3126 2142 3317 2198 media
3349 2147 3406 2198 et
3445 2161 3569 2199 am-

1941 2237 2093 2308 plius
2119 2243 2276 2308 parte
2302 2238 2614 2306 mutilatos,
2642 2254 2889 2308 quorum
2916 2237 3080 2291 initio
3109 2237 3277 2292 index
3308 2238 3572 2292 omnium

1943 2331 2209 2401 Cypriani
2244 2331 2539 2395 librorum,
2569 2331 2668 2401 qui
2700 2331 2757 2384 in
2802 2330 2879 2384 eis
2916 2331 3183 2400 descripti
3211 2333 3394 2398 erant,
3425 2348 3571 2401 prae-

1941 2424 2160 2494 ﬁgitur.
2194 2427 2254 2478 ln
2301 2425 2408 2478 hoc
2445 2427 2632 2478 autem
2663 2423 2848 2477 indice
2875 2423 3227 2494 simplexiste
3269 2424 3570 2478 exhibetur

1941 2518 2179 2586 hujusce
2206 2518 2332 2571 libri
2375 2518 2572 2572 titulus
2607 2533 2618 2570 :
2655 2538 2682 2566 ‹‹
2715 2517 2876 2580 Quod
2913 2517 3065 2570 idola
3091 2517 3168 2571 dii
3196 2534 3313 2572 non
3342 2521 3492 2572 sunt.
3536 2540 3564 2568 ››

1940 2612 2140 2665 Utrum
2170 2613 2362 2665 autem
2404 2611 2616 2664 librarii
2661 2609 2822 2664 illum
2861 2626 2930 2664 ex
2972 2610 3092 2680 jam
3148 2610 3331 2664 citatis
3365 2611 3563 2666 Hiero-

1939 2705 2096 2775 nymi
2151 2704 2367 2771 verbis,
2413 2705 2496 2758 vel
2540 2703 2767 2758 aliunde
2834 2703 3327 2774 transcripserint,
3396 2721 3566 2762 nemo

1938 2797 2097 2852 faicle
2125 2798 2349 2852 dixerit.
2385 2798 2471 2852 Ad
2501 2801 2718 2852 certum
2747 2798 3100 2868 planumque
3134 2802 3216 2851 est
3256 2797 3561 2868 imperfec-

1936 2896 2056 2946 tam
2086 2908 2205 2945 esse
2235 2892 2381 2945 hanc
2418 2890 2884 2961 inscriptionem;
2915 2890 3126 2961 quippe
3151 2907 3279 2961 quae
3313 2892 3563 2961 primam

1936 2985 2213 3038 duntaxat
2261 2985 2495 3055 hujusce
2531 2983 3028 3039 commentationis
3074 2985 3298 3054 partem
3343 3001 3558 3056 reprae-

200 3072 533 3127 testimonia
560 3071 629 3125 de
685 3071 844 3125 libris
872 3087 1090 3139 eorum,
1122 3086 1265 3141 quos
1299 3070 1600 3139 praeclaros
1645 3073 1834 3124 ancto—
1853 3046 1908 3119 Ο
1934 3084 2140 3132 semet.

197 3183 287 3222 res
318 3167 554 3232 habent,
579 3167 686 3220 hoc
723 3168 824 3235 est,
864 3182 930 3220 ex
973 3165 1069 3218 illa
1117 3163 1378 3230 veritate,
1412 3180 1581 3234 quam
1628 3163 1689 3217 in
1717 3163 1827 3217 ini-

197 3261 417 3332 quitate
445 3260 704 3315 detinent
752 3261 1003 3330 (August.
1056 3258 1160 3311 lib.
1212 3263 1403 3312 eontra
1455 3257 1734 3322 Petiliam,
1763 3257 1830 3312 de

193 3358 344 3412 unic.
381 3357 616 3424 Buptis.,
671 3370 792 3424 cap.
847 3354 899 3419 4,
931 3350 959 3422 §
991 3355 1041 3419 6,
1099 3367 1230 3421 pag.
1286 3353 1408 3420 530,
1463 3353 1602 3405 tom.
1646 3351 1752 3420 IX).
1797 3373 1824 3400 »

189 3448 527 3520 Expressius
544 3453 736 3501 tamen
764 3447 1143 3516 Hieronymus
1169 3445 1242 3498 ad
1279 3445 1547 3516 Magnum
1572 3444 1827 3515 scripsit-

194 3563 223 3590 ‹‹
265 3541 587 3613 Cyprianus
618 3541 766 3610 quod
796 3540 943 3594 idola
971 3539 1048 3592 dii
1075 3555 1187 3592 non
1221 3539 1352 3604 sint,
1389 3555 1502 3609 qua
1529 3539 1818 3593 brevitate.

187 3653 306 3709 qua
334 3635 698 3689 historiarum
738 3635 995 3690 omnium
1035 3631 1292 3700 scientia,
1327 3649 1571 3703 quorum
1622 3632 1818 3686 verbo-

199 3747 339 3785 rum
405 3736 460 3783 et
517 3745 786 3784 sensuum
837 3727 1144 3798 splendore
1209 3725 1545 3795 perstrinxit
1594 3725 1818 3795 (Hieron

185 3825 354 3894 epist.
389 3827 476 3892 83,
506 3840 636 3894 pag.
671 3825 789 3891 937)
813 3821 874 3891 )?
905 3845 930 3871 ››
961 3821 1155 3876 Plures
1185 3837 1356 3891 porro
1396 3820 1538 3874 alios
1580 3821 1815 3874 diversm

2002 3173 2192 3242 Neque
2236 3170 2425 3225 minus
2478 3172 2692 3225 variant
2741 3170 3036 3225 editiones.
3096 3171 3240 3225 Nam
3294 3171 3352 3224 in
3405 3172 3554 3241 illis,

1930 3281 2057 3335 quae
2090 3281 2239 3318 anno
2287 3265 2418 3318 1540
2448 3268 2504 3318 et
2556 3264 2818 3334 sequenti
2847 3280 3063 3318 excusa:
3109 3268 3259 3331 sunt,
3289 3264 3553 3320 inscribi-

1927 3360 2021 3412 tur
2050 3374 2060 3412 :
2100 3379 2126 3405 ‹‹
2146 3359 2433 3411 Tractatus
2473 3360 2712 3428 quartus
2735 3399 2749 3419 ,
2778 3358 2842 3411 de
2886 3359 3161 3412 [dolorum
3193 3359 3488 3425 Vanitate;
3523 3380 3550 3409 ››

1924 3452 2133 3506 initum
2162 3469 2296 3505 vero
2348 3450 2514 3505 libri:
2551 3471 2580 3500 «
2617 3451 2776 3515 Quod
2813 3451 2962 3505 idola
3011 3451 3090 3505 dii
3138 3467 3251 3505 non
3297 3451 3429 3519 sint,
3490 3457 3548 3507 et

1925 3547 2075 3615 quod
2104 3561 2250 3598 unus
2300 3547 2445 3600 Deus
2501 3545 2591 3610 sit,
2628 3547 2685 3598 et
2730 3544 2884 3615 quod
2917 3544 3288 3599 credentibus
3340 3546 3540 3600 datum

1923 3638 1993 3692 sit
2022 3639 2155 3692 deos
2198 3655 2314 3692 non
2369 3654 2508 3704 esse,
2556 3653 2699 3708 quos
2739 3637 2875 3691 colit
2901 3639 3122 3708 vulgus,
3166 3638 3297 3692 hinc
3341 3641 3542 3693 notum

1920 3734 2224 3803 est.Reges
2250 3733 2406 3800 olim,
2447 3733 2550 3786 etc.
2584 3752 2610 3779 n
2645 3733 2708 3784 In
2740 3730 2990 3784 editione
3028 3735 3223 3785 autem
3253 3747 3287 3784 a
3337 3733 3538 3786 Morel-

1915 3825 1993 3880 lio
2025 3843 2172 3880 anno
2214 3825 2366 3892 1564,
2420 3824 2692 3878 adornata
2737 3823 2828 3877 hic
2871 3823 3064 3876 titulus
3116 3826 3202 3876 est
3241 3840 3257 3878 :
3306 3845 3334 3873 «
3367 3824 3533 3887 Quod

184 3921 299 3973 aeta
401 3917 722 3986 scriptores,
754 3916 906 3970 idem
948 3915 1200 3985 profecto
1249 3917 1603 3976 attestantes,
1636 3914 1814 3968 citare
1915 3919 2070 3974 idola
2096 3920 2173 3973 dii
2201 3935 2313 3973 non
2349 3919 2462 3972 sint
2494 3934 2506 3985 ;
2537 3940 2564 3967 »
2588 3916 2716 3971 libri
2744 3933 2875 3970 vero
2923 3915 3216 3970 exordium
3266 3934 3278 3970 :
3319 3937 3342 3967 α
3370 3917 3532 3981 Quod

179 4019 304 4068 tam
357 4010 519 4064 facile
576 4009 760 4076 nobis,
819 4025 989 4079 quam
1027 4008 1148 4061 aliis
1198 4007 1399 4062 inutile
1453 4008 1619 4062 foret.
1664 4009 1812 4062 Nihil
1913 4013 2060 4067 idola
2103 4013 2179 4067 dii
2219 4030 2333 4066 non
2374 4012 2504 4080 sint,
2533 4014 2589 4065 et
2634 4011 2786 4080 quod
2824 4026 2973 4064 unus
3008 4011 3150 4064 Deus
3193 4011 3281 4077 sit,
3327 4016 3457 4079 etc.,
3499 4033 3526 4062 ››

178 4108 381 4178 itaque
414 4120 641 4158 necesse
672 4109 757 4157 est
781 4102 922 4156 illud
967 4102 1142 4155 fusius
1180 4101 1436 4172 probari,
1464 4102 1615 4172 quod
1645 4119 1678 4156 a
1708 4118 1808 4156 ne-

179 4201 345 4257 mine
372 4200 431 4252 in
460 4197 900 4252 controversiam
928 4199 1160 4250 vocatur
1180 4195 1207 4249 ?

251 4291 511 4365 1014
568 4290 726 4346 Dictu
780 4295 970 4344 autem
1017 4290 1188 4360 longe
1241 4288 1523 4342 difﬁcilius
1585 4288 1808 4343 videtur

1910 4114 1973 4161 ut
2028 4107 2084 4160 in
2135 4105 2414 4176 superiori
2470 4104 2736 4158 editione.
2801 4103 2959 4158 At-in
3010 4103 3132 4156 aliis
3178 4104 3341 4157 annis
3393 4108 3527 4160 1593

1911 4209 1968 4257 et
1997 4203 2149 4268 1606,
2177 4199 2267 4254 hic
2295 4199 2488 4252 titulus
2537 4201 2622 4251 est
2649 4214 2661 4252 :
2699 4219 2725 4247 α
2758 4197 2920 4261 Quod
2969 4196 3118 4250 idola
3159 4197 3239 4250 dii
3265 4213 3381 4252 non
3413 4198 3530 4254 sint

1909 4298 1966 4349 et
1993 4294 2146 4365 quod
2175 4310 2317 4346 unus
2350 4293 2493 4346 Deus
2523 4292 2630 4360 sit,
2663 4293 2720 4346 et
2747 4290 2900 4361 quod
2935 4289 3186 4346 Christus
3236 4291 3381 4344 salus
3410 4307 3528 4346 cre-

172 4388 444 4460 quisnam
473 4402 638 4439 verus
660 4390 712 4439 et
744 4384 1027 4455 genuinus
1080 4383 1150 4437 sit
1188 4383 1357 4452 hujus
1399 4383 1527 4437 libri
1586 4382 2165 4486 titulus,Ddentibus
2216 4387 2347 4440 data
2399 4386 2488 4452 sit,
2545 4386 2658 4439 sive
2707 4385 2775 4438 de
2825 4383 3108 4437 idolorum
3158 4385 3436 4452 vanitate;
3493 4408 3522 4437 ››

170 4489 230 4538 et
278 4480 572 4552 quodnam
594 4479 766 4550 ,illius
825 4478 1073 4532 initium.
1115 4480 1176 4530 In
1205 4478 1606 4549 ,manuscripto
1649 4478 1869 4533 enim"
1901 4483 2127 4537 initium
2177 4485 2369 4534 autem
2421 4479 2590 4532 libri:
2632 4499 2660 4526 «
2707 4479 2852 4531 Deos
2879 4493 2990 4530 nou
3047 4493 3189 4543 esse,
3224 4494 3368 4547 quos
3395 4478 3527 4531 colit

170 4575 507 4632 Colbertino
534 4573 856 4644 antiquiore
883 4571 1027 4626 libro
1045 4571 1114 4624 ab
1132 4571 1296 4625 annis
1322 4573 1444 4635 800,
1477 4576 1537 4626 ut
1558 4572 1798 4641 opinan-

167 4676 271 4726 tur
298 4669 509 4739 scripto
563 4667 638 4721 sic
678 4666 921 4721 habetur
955 4683 967 4719 :
1018 4686 1045 4715 ‹‹
1085 4665 1287 4736 Incipit
1323 4665 1475 4736 quod
1520 4665 1669 4719 idola
1721 4665 1801 4720 dii

169 4783 297 4821 non
352 4764 481 4818 sint.
528 4784 556 4812 ››
610 4763 753 4815 Tum
807 4761 1075 4815 continuo
1129 4759 1271 4814 liber
1309 4759 1386 4813 sic
1430 4759 1731 4817 inchoatur
1783 4776 1796 4813 :

172 4883 200 4910 α
243 4857 412 4923 Quod
440 4857 588 4912 idola
616 4855 695 4910 dii
750 4872 863 4909 non
892 4855 1026 4922 sint,
1065 4857 1123 4909 et
1170 4854 1322 4924 quod
1347 4870 1495 4907 unus
1543 4856 1684 4908 Deus
1707 4853 1797 4921 sit,

165 4960 224 5010 et
256 4951 412 5024 quod
443 4953 498 5006 in
542 4949 907 5006 credentibus
942 4949 1083 5004 datis
1115 4948 1260 5019 (lege
1314 4947 1522 5014 datum)
1552 4947 1623 5002 sit
1667 4948 1800 5002 deos

161 5066 287 5103 non
361 5063 512 5112 esse,
553 5063 692 5116 quos
767 5045 901 5099 colit
963 5044 1185 5115 vulgus,
1256 5043 1391 5097 hinc
1441 5047 1642 5096 notum
1696 5045 1796 5095 est.

156 5145 355 5212 Reges
392 5141 549 5206 olim,
582 5142 688 5194 etc.
733 5160 760 5187 »
815 5138 1027 5193 Eadem
1076 5139 1242 5210 plane
1297 5135 1354 5190 in
1395 5135 1552 5205 regio
1610 5133 1800 5188 codice

154 5239 330 5309 3974,
360 5244 416 5292 et
447 5237 570 5292 aliis
601 5237 859 5307 pluribus
911 5237 1269 5303 exhibentur,
1303 5233 1409 5287 nisi
1459 5234 1610 5305 quod
1652 5232 1710 5286 in
1739 5231 1803 5285 ti-

147 5341 280 5395 tulo
316 5337 574 5391 additum
627 5338 732 5403 est,
777 5340 960 5389 contra
1008 5337 1276 5402 Paganos,
1332 5349 1461 5404 qua:
1502 5336 1654 5387 certe
1685 5330 1800 5385 duo

153 5426 432 5500 Cypriani
459 5423 635 5480 verba
668 5439 963 5495 nunquam
995 5423 1247 5476 fuerunt.

229 5528 296 5580 In
350 5527 568 5578 vetusto
615 5527 804 5577 autem
855 5520 1158 5592 exemplari
1215 5520 1395 5576 nostri
1443 5519 1801 5593 monasterii,

146 5624 208 5678 et
250 5618 390 5674 olim
431 5617 804 5684 Corbeiensis,
847 5616 1003 5688 quod
1035 5615 1295 5686 ejusdem
1337 5615 1454 5670 fere
1478 5618 1646 5686 atque
1679 5614 1801 5669 Col-

143 5713 451 5773 bertinum
539 5711 724 5766 aetatis
801 5727 920 5764 esse
999 5710 1228 5780 dicitur,
1304 5709 1427 5764 haec
1474 5708 1720 5781 legimus
1786 5723 1800 5761 :

1901 4574 2276 4647 vulgus,hinc
2297 4578 2496 4627 notum
2527 4575 2631 4626 est.
2656 4573 2838 4641 [teges
2869 4571 3025 4636 olim,
3060 4575 3219 4623 etc.»
3259 4568 3307 4640 1
3327 4569 3519 4642 015

1905 4669 2186 4724 Eumdem
2229 4676 2284 4721 et
2313 4667 2564 4734 titulum,
2595 4668 2652 4719 et
2683 4665 2834 4718 idem
2863 4663 2993 4716 libri
3017 4662 3362 4733 principium
3393 4665 3524 4717 reti-

1902 4765 2028 4819 nuit
2071 4765 2130 4817 in
2161 4765 2418 4817 accurata
2448 4777 2480 4813 a
2529 4777 2586 4813 se
2646 4757 2921 4828 Rigaltius
2965 4755 3236 4810 editione.
3281 4759 3522 4812 Demum

1903 4857 2206 4913 Oxoniensi
2249 4854 2585 4926 praepositus
2631 4853 2755 4906 haec
2789 4851 2981 4904 omnia
3001 4850 3217 4919 rejecit,
3253 4851 3520 4922 huncque

1901 4951 2146 5023 praeﬁxit
2184 4949 2412 5003 titulum
2445 4964 2456 5001 :
2492 4966 2517 4998 ((
2569 4947 2644 4999 De
2672 4945 2951 4999 [dolorum
3003 4943 3285 5011 Vanitate,
3316 4966 3344 4993 η
3379 4950 3433 4999 et
3454 4945 3521 4999 li-

1900 5046 2073 5100 brum
2105 5044 2188 5097 liis
2214 5042 2396 5096 verbis
2427 5057 2583 5094 orsus
2633 5041 2718 5092 est
2758 5055 2771 5092 :
2807 5059 2833 5085 υ
2860 5039 3009 5094 Deos
3041 5053 3157 5092 non
3188 5054 3330 5104 esse,
3379 5055 3521 5109 quos

1903 5139 2034 5195 colit
2081 5137 2305 5207 vulgus,
2356 5135 2489 5188 hinc
2530 5136 2734 5188 notum
2777 5134 2880 5187 est.
2933 5133 3120 5201 Reges
3151 5132 3306 5197 olim,
3341 5137 3447 5187 etc.
3489 5153 3518 5183 »

1902 5235 1980 5289 Ea
2020 5236 2212 5287 autem
2254 5235 2475 5284 tantum
2518 5244 2576 5280 se
2628 5226 2925 5280 retinuisse
2982 5226 3332 5291 testificatur,
3395 5241 3523 5297 quae

1901 5327 2008 5398 ipsi
2034 5322 2453 5380 videbanturad
2476 5321 2603 5375 libri
2620 5319 3074 5390 designationem
3093 5319 3273 5389 magis
3301 5335 3522 5374 accom-

1903 5420 2088 5475 moda.
2123 5421 2332 5471 Verum
2361 5416 2489 5487 quis
2512 5413 2746 5484 negabit
2790 5413 2940 5466 hunc
2983 5412 3114 5466 libri
3143 5413 3373 5467 titulum
3405 5429 3524 5466 non

1905 5531 2022 5568 esse
2050 5513 2371 5579 meliorem,
2405 5526 2579 5581 quam
2602 5508 2770 5561 istum
2810 5523 2823 5560 :
2862 5528 2888 5556 ‹‹
2919 5507 3079 5568 Quod
3111 5507 3265 5560 idola
3304 5505 3385 5564 dii
3408 5521 3526 5560 non

1906 5613 2055 5674 sunt,
2106 5630 2131 5657 »
2183 5606 2279 5678 qui
2307 5601 2634 5673 Hieronymi
2666 5601 3000 5656 auctoritate
3059 5597 3403 5659 conﬁrmari
3433 5611 3536 5665 po-

1904 5707 2032 5762 test.
2065 5702 2171 5757 Sed
2223 5703 2423 5774 primae
2474 5694 2830 5765 tantum,uti
2885 5694 3150 5761 diximus,
3180 5693 3376 5772 huius
3419 5685 3555 5740 libri
