4082 6194
591 193 726 253 1103

1443 193 1531 254 DE
1569 196 1787 256 LIBRIS
1821 195 1910 255 AD
1947 189 2364 256 DEMETRIAN.
2402 189 2486 252 ET
2523 188 2610 251 DE
2647 194 2827 251 IDOL.
2869 188 3090 250 VANl’l‘.

3743 200 3854 259 llOl

591 325 788 397 partis,
828 340 944 380 non
1000 326 1192 381 autem
1228 327 1415 380 totum
1456 325 1606 381 illius
1637 331 2043 397 argumentum
2098 325 2212 382 exi-
2232 322 2499 410 Ascribi.
2531 322 2637 379 Sed
2659 321 2717 376 id
2759 320 2978 376 nemmi
3005 320 3218 374 mirum
3250 317 3423 374 videri
3460 319 3613 378 debet
3637 339 3650 378 :
3673 328 3863 396 quando

589 419 708 475 bet.

659 513 824 569 Certo
855 511 1048 582 itaque
1101 511 1389 567 afﬁrmare
1433 529 1543 567 non
1583 528 1886 583 possumus
1926 530 2055 586 qum
2080 530 2213 570 vera

590 606 663 659 sit
698 605 869 675 hujus
904 603 1034 658 libri
1061 603 1372 676 inscriptio,
1404 623 1468 659 ac
1499 607 1650 677 quod
1699 606 1852 661 illius
1888 607 2208 663 exordium.

587 697 856 752 Erasmus
892 712 1029 751 vero
1075 698 1388 768 suspicatus
1435 704 1519 753 est
1561 698 1662 752 illa
1715 700 1947 754 adaucta
1985 700 2213 755 fuissea

588 791 839 862 quodam
869 790 1034 845 docto
1060 790 1312 859 homine,
1349 808 1451 847 nec
1492 791 1641 846 aliud
1672 792 1835 846 nobis
1891 809 2208 864 superesse,

585 883 696 940 nisi
746 884 1133 955 fragmentum
1193 884 1365 954 hujus
1402 885 1828 953 lucubrationis,
1857 903 1985 958 quae
2029 887 2211 957 capite

588 980 853 1032 truncata
917 981 1003 1030 est
1043 977 1308 1047 (Erasm.,
1360 979 1512 1042 Not.,
1563 982 1622 1058 in
1666 980 1806 1034 hunc
1843 979 2012 1048 ἤδη).
2072 981 2211 1034 Nam

588 1069 772 1140 testis,
803 1069 1014 1140 inquit,
1056 1069 1219 1124 nobis
1272 1074 1358 1125 est
1395 1071 1715 1126 Lactantius
1748 1072 1994 1143 plurima
2045 1089 2076 1126 a
2113 1074 2214 1144 Cy-

584 1163 791 1233 priano
840 1163 1162 1233 conscripta
1196 1164 1368 1219 fuisse
1415 1165 1718 1219 volumina.
1769 1171 1837 1221 At
1894 1167 2212 1222 Lactantius

588 1255 822 1326 quidem
848 1255 994 1309 dixit
1039 1257 1216 1310 multa
1269 1257 1339 1311 ab
1377 1257 1474 1312 illo
1514 1254 1664 1313 edita
1705 1259 1897 1327 fuisse,
1923 1260 2022 1315 sed
2049 1259 2210 1332 peni-

587 1351 681 1403 tus
732 1349 905 1403 tacuit
957 1364 1128 1418 quam
1180 1349 1241 1403 in
1295 1366 1420 1403 rem
1473 1351 1682 1421 scripta
1726 1352 1860 1419 sint,
1915 1369 1980 1407 ac
2019 1359 2212 1423 postea

587 1441 758 1496 unius
783 1441 1184 1496 tantummodo
1213 1441 1286 1496 ad
1331 1443 1765 1498 Demetrianum
1801 1446 2074 1500 orationis
2109 1462 2208 1500 no-

589 1534 857 1589 minatim
911 1535 1494 1606 meminit|(l.actant.
1551 1537 1715 1593 lib.v
1761 1541 1916 1608 Inst,
1973 1555 2098 1610 cap.
2160 1543 2209 1606 l,

589 1642 722 1698 pag.
780 1628 907 1694 459,
950 1630 1009 1682 et
1060 1644 1185 1700 cap.
1236 1629 1290 1696 4,
1341 1645 1470 1699 paa.
1537 1629 1684 1699 471).
1733 1632 1955 1686 Poterat
2016 1635 2208 1687 autern

2313 416 2548 488 quidem
2579 417 2846 486 pleraque
2889 413 3157 485 Cypriani
3185 412 3370 483 Opera
3417 413 3482 467 ab
3518 416 3735 486 antiquis
3758 421 3864 474 scri-

2311 509 2567 581 ptoribus
2607 509 2880 578 Epistolas,
2935 509 3219 561 Tractatus
3264 510 3318 559 et
3369 506 3510 560 Libri
3541 507 3866 567 inditlereuter

2309 607 2693 678 appellantur.
2726 607 2920 676 Neque
2947 620 3091 675 opus
3133 609 3220 657 est
3257 601 3396 656 illud
3427 619 3459 656 a
3483 604 3629 658 nobis
3669 606 3865 662 demon-

2313 700 2501 766 strari,
2552 698 2814 770 quod’ab
2857 698 3012 765 aliis,
3042 713 3108 751 ac
3154 696 3467 767 praesertim
3510 697 3574 750 ab
3617 698 3866 755 Oxoniensi

2312 794 2574 864 episcopo
2600 793 2732 847 satis
2784 791 3012 845 abunde
3062 790 3363 860 probatum
3415 795 3512 844 est.
3554 790 3737 846 Verum
3760 797 3867 864 quia

2310 887 2433 942 haec
2457 887 2862 941 commentatio
2889 883 3103 938 nullam
3152 899 3270 954 prae
3296 899 3354 937 se
3380 881 3482 936 fert
3516 883 3736 953 epistolae
3768 903 3867 955 spe-

2311 980 2480 1046 ciem,
2512 978 2776 1033 standum
2810 977 2999 1048 potius
3045 976 3270 1030 videtur
3321 991 3515 1029 eorum
3556 975 3762 1045 judicio,
3791 981 3868 1048 qui

2310 1071 2471 1126 illam
2492 1072 2552 1125 in
2581 1074 2922 1126 tractatuum
2969 1085 3211 1124 numero
3265 1069 3638 1139 reponendam
3676 1085 3863 1124 censue-

2310 1168 2445 1220 runt
2500 1167 2750 1236 (Prcefat.
2817 1165 2990 1220 Oxon.
3043 1165 3103 1217 in
3152 1163 3363 1218 Annal.
3420 1161 3596 1232 Cypr.,
3640 1178 3752 1234 pag.
3809 1166 3868 1233 4).

2910 1281 3203 1322 ARTICULUS
3228 1282 3306 1319 Ill.

2311 1358 2425 1424 Quo
2473 1363 2726 1426 tempore,
2766 1359 2817 1410 et
2867 1369 3032 1424 quam
3083 1356 3416 1422 festinanter
3457 1355 3538 1407 hic
3587 1354 3704 1409 liber
3736 1371 3765 1408 a
3790 1355 3870 1423 Cy-

2788 1437 2988 1504 priane
3012 1437 3246 1504 scriptus
3274 1435 3467 1501 fuerit.

2380 1537 2626 1594 Tametsi
2655 1538 2878 1592 nullum
2909 1537 3204 1608 temporis,
3237 1552 3353 1608 quo
3404 1535 3491 1590 hic
3515 1535 3648 1590 liber
3674 1536 3870 1606 scriptus

2309 1636 2414 1700 est,
2443 1630 2719 1686 iudicium
2749 1630 2807 1685 in
2827 1646 2895 1684 eo
2925 1629 3410 1701 deprehendatur,
3465 1628 3683 1701 quidam
3705 1635 3867 1684 tamen

585 1721 858 1775 Erasmus
932 1721 1313 1791 Augustinum
1394 1723 1572 1777 etiam
1637 1728 1696 1778 et
1774 1724 2082 1780 Hieronum
2107 1764 2122 1782 .
2181 1727 2291 1798 aB
2316 1729 2521 1795 putant
2547 1724 2706 1778 illum
2737 1739 2771 1778 ο,
2814 1723 3095 1794 Cypriano
3133 1722 3191 1777 in
3218 1723 3406 1776 lucem
3447 1723 3698 1777 emissum
3724 1723 3876 1776 statim

588 1813 751 1868 nobis
778 1814 951 1884 paulo
979 1819 1109 1868 ante
1161 1814 1440 1882 laudatos,
1487 1817 1679 1880 citare,
1711 1833 1952 1888 quorum
2002 1819 2220 1889 primus

590 1909 860 1961 testatum
893 1907 1030 1962 fecit
1067 1909 1250 1962 multa
1279 1925 1312 1962 a
1355 1909 1664 1979 Cypriano,
1713 1911 1772 1964 in
1811 1927 1911 1965 suo
1957 1912 2220 1966 adversus

605 2000 864 2054 ethnicos
887 2000 1031 2054 libro
1066 2001 1312 2071 proferri
1350 2002 1582 2056 illorum
1609 2004 1979 2059 testimonia:
2023 2021 2221 2060 secun-

598 2094 707 2150 dus
774 2109 906 2147 vero
986 2093 1285 2149 historiam
1344 2095 1601 2150 omnium
1673 2096 1965 2152 scientiam
2032 2097 2090 2151 in
2150 2114 2219 2152 eo

597 2187 851 2242 exhiberi
879 2187 1165 2259 (August.,
1198 2188 1296 2242 lib.
1339 2194 1508 2244 contr.
1540 2191 1822 2255 Petitt'an.,
1852 2190 1917 2244 de
1946 2193 2095 2245 unic.
2120 2194 2220 2246 Ba-

581 2283 742 2352 ptis,,
787 2296 909 2350 cap.
940 2282 994 2347 4,
1021 2280 1052 2351 §
1075 2284 1127 2349 6,
1159 2296 1294 2351 pag.
1324 2284 1446 2348 530,
1472 2287 1613 2337 tom.
1658 2283 1764 2353 IX).
1797 2283 1907 2337 Sed
1939 2282 2032 2337 hic
2077 2283 2222 2338 dixit

590 2372 650 2426 id
686 2389 907 2426 summa
956 2373 1231 2428 brevitate
1257 2373 1492 2428 factum.
1526 2375 1594 2428 Et
1638 2380 1791 2429 certe
1836 2375 1893 2429 in
1941 2375 2048 2430 hoc
2074 2375 2218 2431 libro

609 2465 817 2520 citatur
858 2466 1150 2533 duntaxat]
1193 2467 1429 2521 nomine
1482 2485 1584 2522 suo
1639 2468 1866 2540 insigne
1911 2469 2218 2524 Alexandri

592 2558 779 2630 Magni
806 2558 879 2613 ad
906 2565 1152 2612 matrem
1179 2576 1342 2614 suam
1383 2561 1678 2615 volumen.
1706 2565 1773 2617 At
1827 2562 1961 2632 quia
1991 2563 2218 2634 Cypria-

592 2667 701 2706 nus
731 2652 980 2722 plurima
1007 2657 1206 2706 contra
1254 2653 1500 2724 gentiles
1538 2653 1608 2708 de
1654 2654 1885 2708 illorum
1939 2655 2044 2709 diis
2093 2671 2219 2709 con-

593 2744 785 2814 gessit,
815 2760 944 2815 quze
983 2761 1014 2798 a
1064 2744 1260 2800 multis
1315 2747 1606 2800 memoriae
1642 2749 1698 2800 et
1748 2747 1968 2818 scriptis
2009 2746 2219 2801 tradita

589 2839 840 2904 fuerant,
885 2837 1018 2892 hinc
1084 2838 1281 2908 procul
1333 2838 1506 2894 dubio
1557 2839 1909 2910 Augustinus
1972 2838 2116 2894 dixit
2162 2845 2219 2896 et

587 2930 710 2984 haec
760 2931 1105 3001 scriptorum
1157 2930 1515 2986 ethnicorum
1557 2933 1892 2987 testimoniis
1948 2950 2205 3004 compro-

588 3022 737 3078 bari.

2319 1821 2489 1890 atque
2536 1818 2709 1872 sacris
2755 1816 3020 1888 baptismi
3071 1816 3238 1870 undis
3267 1821 3632 1887 regeneratus
3683 1817 3790 1882 fuit,
3836 1821 3876 1869 et

2319 1915 2630 1980 antequam
2656 1909 3076 1981 presbyteratus
3103 1909 3304 1964 ordine
3329 1908 3662 1963 initiaretur.
3704 1908 3881 1978 Opinio-

2318 2019 2452 2057 nem
2484 2006 2678 2057 autem
2726 2018 2887 2056 suam
2935 2002 3306 2056 connituntur
3352 2002 3684 2073 quibusdam
3723 2001 3880 2055 conﬁr-

2320 2113 2479 2151 mare
2511 2095 2870 2166 conjecturis.
2904 2096 3154 2151 Primam
3204 2111 3338 2149 vero
3368 2095 3499 2149 inde
3537 2094 3748 2162 ducunt,
3769 2095 3882 2164 quod

2321 2189 2658 2244 eruditiores
2697 2189 2822 2257 viri,
2861 2187 2960 2260 qui
3007 2187 3214 2258 rejects
3253 2188 3398 2242 falsa
3440 2189 3772 2242 ethnicorum
3815 2203 3882 2240 re-

2319 2283 2554 2354 ligione,
2606 2283 2984 2337 Christianam
3017 2281 3520 2352 amplexanbatur,
3551 2281 3779 2335 solebant
3811 2296 3886 2350 pu-

2318 2370 2464 2425 blico
2513 2371 2702 2442 aliquo
2765 2371 2975 2442 scripto
3029 2371 3274 2442 probare
3305 2385 3484 2440 quam
3533 2370 3735 2423 sincera
3778 2373 3886 2421 esset

2319 2480 2518 2518 eorum
2559 2464 2870 2519 conversio.
2929 2466 3133 2520 Verum
3203 2463 3491 2534 numquid
3555 2478 3753 2527 omnes,
3799 2477 3885 2514 non
3970 2535 3979 2550 .

2319 2557 2442 2612 dico
2495 2557 2817 2625 Christiani,
2863 2557 2964 2612 sed
3013 2557 3354 2613 Christianae
3408 2556 3682 2627 religionis
3729 2554 3884 2608 delen-

2319 2666 2474 2704 sores
2518 2651 2707 2705 statim
2731 2668 2763 2705 a
2794 2651 3182 2706 conversionis
3223 2667 3341 2704 sum
3399 2649 3562 2704 initio
3612 2649 3765 2703 libros
3789 2647 3888 2700 scri-

2316 2748 2575 2813 pserunt,
2603 2744 2806 2813 quibus
2831 2744 2964 2798 ﬁdei
3014 2760 3130 2798 suae
3177 2743 3397 2798 certius
3433 2744 3633 2798 darent
3659 2743 3831 2812 pignus
3850 2746 3889 2793 et

2317 2836 2740 2891 monimentum
2764 2837 2791 2890 ‘I
2817 2838 2996 2891 Nemo
3039 2853 3170 2890 sane
3197 2836 3250 2890 id
3306 2835 3541 2890 dixerit.
3572 2833 3770 2890 Deinde
3793 2848 3888 2886 vero

2320 2928 2635 2999 Cyprianus
2688 2934 2997 3000 antequam
3045 2930 3195 2984 hunc
3235 2929 3451 2983 librum
3506 2928 3771 2996 edidisset,
3794 2925 3888 2979 satis

2324 3027 2382 3075 et
2401 3022 2608 3092 scripto
2650 3027 2706 3076 et
2752 3022 2898 3076 facto
2948 3023 3291 3092 probaverat
3339 3022 3616 3076 ﬁdeisua‘.
3656 3019 3889 3091 integrita-

665 3117 845 3171 Aliam
876 3117 1107 3188 insuper
1150 3119 1419 3172 Erasmus
1446 3117 1687 3172 mutilati
1714 3118 1883 3188 hujus
1913 3117 2040 3172 libri
2089 3135 2225 3173 con-
2245 3089 2300 3161 B
2329 3117 2468 3169 tem.
2497 3089 2621 3168 J‘am
2671 3115 2825 3169 enim
2855 3115 2924 3169 ad
2951 3089 3252 3185 Donatum,
3286 3116 3372 3170 uti
3421 3117 3687 3181 fatentur,
3711 3089 3890 3182 scripse-

593 3209 886 3280 jecturam
942 3209 1080 3265 inde
1132 3210 1302 3281 capit,
1341 3211 1497 3282 quod
1549 3227 1614 3264 ex
1671 3210 1915 3282 abrupto
1973 3211 2224 3282 incipiat.

602 3310 799 3380 Neque
832 3321 938 3360 nos
965 3303 1044 3358 illi
1069 3303 1311 3373 aliisque
1337 3303 1803 3374 repugnabimus,
1837 3305 1937 3375 qui
1982 3305 2226 3360 arbitra-

597 3402 837 3467 buntur,
868 3403 924 3454 et
951 3395 1257 3452 ostendent
1283 3395 1342 3450 in
1369 3395 1569 3466 primis
1611 3399 1711 3449 aut
1751 3396 1877 3450 aliis
1915 3398 2081 3468 paulo
2103 3404 2230 3469 post

604 3496 874 3570 Cypriani
957 3493 1226 3549 saeculum
1301 3493 1594 3565 descriptis
1672 3493 1958 3548 codicibus
2015 3497 2229 3551 nullam

601 3594 776 3647 fuisse
828 3588 1280 3660 inscriptionem,
1340 3593 1395 3642 et
1441 3587 1512 3641 ab
1561 3587 1650 3641 his
1690 3588 1957 3659 incipisse
1989 3588 2222 3643 verbis:

605 3707 633 3735 ‹‹
671 3687 858 3755 Reges
882 3682 1045 3749 olim,
1101 3686 1209 3735 etc.
1251 3702 1279 3731 »
1329 3680 1440 3736 Sed
1465 3680 1534 3735 ab
1564 3680 1654 3735 his
1703 3681 1864 3748 illud,
1897 3682 2053 3754 quod
2077 3681 2229 3738 dim-

600 3782 885 3836 cillimum
940 3782 1043 3846 est,
1095 3777 1443 3854 probantum
1475 3778 1586 3832 erit
1619 3778 1711 3833 cui
1777 3779 2108 3834 ascribenda
2158 3781 2230 3836 sit

595 3875 765 3946 hujus
819 3873 970 3927 tituli
1034 3871 1478 3944 praetermissio,
1529 3888 1602 3926 an
1655 3872 1883 3943 ipsimet
1945 3873 2228 3944 Cypriano

597 3985 811 4039 magna
839 3965 1201 4021 festinatione
1257 3965 1546 4033 scribenti,
1581 3966 1665 4020 vel
1707 3966 2071 4038 negligentia;
2097 3967 2228 4022 scri-

597 4057 823 4122 barnm,
856 4055 956 4126 qui
984 4069 1231 4108 vacuum
1259 4053 1413 4108 haud
1444 4054 1673 4108 insolito
1702 4070 1861 4109 more
1879 4055 2230 4126 reliquerant

602 4148 851 4221 spatium
875 4147 934 4201 in
963 4163 1076 4218 quo
1104 4163 1236 4201 eum
1281 4147 1508 4200 titulum
1547 4147 1860 4217 majoribus
1887 4148 2110 4216 litteris,
2165 4165 2229 4203 ac

600 4241 778 4298 nimio
805 4241 977 4296 etiam
1004 4244 1318 4294 exararent.
1375 4239 1522 4295 Satis
1574 4257 1746 4310 porro
1775 4241 2068 4296 adnotasse
2111 4241 2226 4297 suf-

602 4336 756 4391 ﬁciat
793 4335 976 4400 illum,
1005 4332 1103 4404 qui
1137 4333 1195 4386 in
1235 4332 1404 4387 variis
1451 4332 1737 4388 codicibus
1783 4337 1841 4388 et
1866 4334 2116 4402 ineditis,
2172 4338 2228 4389 et

2329 3211 2418 3261 rat
2442 3208 2672 3275 librum,
2714 3225 2824 3279 quo
2852 3215 3124 3279 susceptae
3153 3225 3186 3263 a
3211 3225 3270 3263 se
3298 3209 3596 3280 religionis
3612 3206 3890 3264 Christiana

2329 3301 2608 3355 rationem
2656 3302 2838 3372 palam
2900 3301 3174 3357 reddidit.
3229 3302 3624 3357 Certissimum
3672 3304 3892 3372 praeterea

2328 3393 2487 3448 dedit
2550 3394 2698 3448 illius
2771 3395 2995 3466 pignus,
3047 3411 3180 3450 cum
3231 3396 3424 3450 adhuc
3508 3394 3891 3450 catechumenns

2327 3490 2484 3541 tanto
2536 3487 2864 3542 Christianae
2918 3488 3288 3558 perfectionis
3325 3489 3534 3543 ardore
3563 3488 3893 3543 inﬂammatus

2329 3585 2434 3646 est,
2476 3583 2538 3634 ut
2578 3581 2808 3651 praediis
2859 3581 2974 3636 suis
3016 3582 3280 3636 omnibus
3332 3582 3605 3652 venditis,
3658 3581 3895 3636 collectam

2327 3672 2461 3727 inde
2504 3673 2808 3744 pecuniam
2839 3674 3185 3746 pauperibus
3230 3674 3612 3731 distribuerit.
3645 3672 3774 3739 Quid
3796 3686 3895 3740 ergo

2327 3782 2560 3820 necesse
2611 3767 2861 3838 amplius
2907 3774 3049 3837 erat,
3079 3772 3145 3823 ut
3187 3769 3340 3824 edito
3397 3770 3580 3824 altero
3619 3768 3752 3822 libro
3799 3763 3894 3818 satis

2327 3876 2611 3931 superque
2662 3861 2970 3932 probatam
2998 3861 3170 3916 ﬁdem
3197 3878 3365 3917 suam
3389 3863 3586 3918 denuo
3613 3857 3894 3932 comprobato

2327 3954 2452 4008 ret?

2399 4050 2657 4106 Secunda
2699 4051 2953 4120 illorum,
2998 4053 3096 4124 qui
3145 4051 3297 4108 hunc
3340 4054 3560 4110 librum
3607 4071 3640 4108 a
3679 4049 3896 4122 Cypriano

2326 4145 2657 4214 nuperrime
2681 4146 3001 4202 Christiano
3035 4147 3355 4202 confectum
3402 4149 3578 4203 fuisse
3607 4146 3894 4205 existimant,

2327 4237 2646 4308 conjectura
2683 4239 2818 4293 hinc
2869 4240 3106 4311 capitur,
3138 4241 3289 4312 quod
3334 4242 3436 4296 ille
3490 4241 3676 4297 verbis
3715 4236 3894 4294 minime

2326 4331 2658 4386 Chaistianis
2686 4331 2794 4387 hoc
2821 4332 2881 4387 in
2925 4333 3072 4389 libro
3117 4350 3250 4388 usus
3297 4339 3407 4402 est,
3466 4330 3894 4406 quemadmodum

609 4428 778 4484 editis
807 4431 923 4482 tam
979 4426 1201 4480 diverso
1228 4425 1403 4481 modo
1432 4425 1666 4496 legitur,
1697 4444 1729 4480 a
1784 4427 2062 4498 Cypriane
2091 4444 2224 4499 pro-
2247 4451 2306 4522 D
2330 4423 2450 4478 istis
2481 4441 2494 4478 :
2527 4445 2554 4473 «
2594 4425 2907 4497 Regna.....
2937 4433 3090 4482 sorte
3133 4429 3464 4497 variantur;
3500 4451 3528 4479 ››
3580 4433 3638 4483 et
3663 4431 3829 4500 postea
3850 4422 3895 4474 de

606 4522 823 4577 fectum
892 4536 1005 4574 non
1054 4519 1252 4574 videri.
1304 4519 1503 4574 Plures
1551 4524 1851 4590 praetereat
1902 4520 2230 4575 existimant

607 4615 864 4686 spurium
893 4631 955 4668 ac
1005 4614 1360 4684 suppositum
1404 4628 1524 4667 esse
1576 4613 1637 4666 in
1675 4613 1862 4684 prima
1900 4613 2069 4684 hujus
2099 4614 2229 4668 libri

605 4713 762 4781 parte
810 4708 1219 4778 fragmentum,
1251 4706 1320 4760 de
1377 4722 1490 4776 quo
1541 4710 1745 4777 postea
1773 4721 2050 4776 gagemns.
2102 4708 2228 4762 Non

605 4801 843 4857 minima
871 4800 1048 4872 igitur
1089 4799 1386 4854 dubitandi
1417 4799 1560 4854 ratio
1600 4805 1684 4854 est
1734 4802 1926 4854 utrum
1959 4800 2051 4855 hic
2079 4801 2229 4857 liber

605 4896 778 4969 plane
796 4894 1158 4964 incorruptus
1191 4893 1262 4946 ad
1286 4908 1387 4946 nos
1413 4893 1763 4963 pervenerit.

677 4993 746 5046 At
771 4991 984 5060 quanto
1021 4986 1076 5041 id
1105 4985 1398 5041 obscurius
1451 4993 1554 5053 est,
1600 4991 1759 5041 tanto
1792 4986 2107 5043 evidentius
2157 4987 2228 5043 ab

609 5081 660 5156 1
676 5082 790 5155 01
807 5080 867 5154 6
893 5080 1156 5136 omnibus
1182 5079 1524 5152 perspicitur
1541 5080 1830 5151 quodnam
1859 5081 1931 5135 sit
1967 5081 2119 5135 illius
2141 5098 2229 5136 ar-

611 5181 971 5250 gumentum.
1004 5175 1140 5239 Quis
1172 5190 1419 5245 namque
1446 5175 1568 5244 illo,
1605 5174 1704 5245 qui
1756 5175 2122 5230 brevissimus
2146 5181 2230 5232 est

611 5271 972 5326 currentibus
1027 5268 1207 5324 oculis
1257 5269 1529 5339 perlecta,
1562 5268 1754 5322 statim
1799 5285 1912 5324 non
1964 5269 2227 5324 animad-

609 5364 782 5418 vertit
838 5362 897 5417 iu
942 5377 1008 5417 eo
1061 5361 1436 5418 demonstrari
1492 5361 1666 5415 falsos
1715 5362 2019 5432 gentilium
2068 5364 2224 5432 deos,

612 5456 847 5514 unicum
896 5456 1100 5524 Deum,
1135 5471 1200 5510 ac
1248 5453 1534 5509 Christum
1589 5455 1708 5525 ejus
1735 5455 1916 5511 ﬁlium
1971 5462 2229 5512 nostrum

611 5566 737 5608 esse
753 5549 1096 5621 magistrum
1115 5553 1174 5604 et
1202 5548 1645 5620 redemptorem.

677 5643 933 5714 Denique
957 5644 1076 5716 jam
1111 5641 1351 5698 vidimus
1390 5643 1495 5698 hoc
1547 5642 1882 5714 opusculum
1932 5643 1991 5698 iu
2032 5643 2228 5699 multis

591 5736 995 5809 manuscriptis
1051 5737 1468 5812 exemplaribus
1527 5738 1783 5808 Epistolai
1837 5737 2072 5794 nomine
2133 5737 2224 5794 in-

2328 4517 2546 4573 Christo
2601 4518 2674 4572 ad
2717 4519 2889 4574 vitam
2940 4524 3240 4576 revocato:
3287 4544 3313 4571 ι(
3367 4523 3456 4578 Ad
3498 4537 3730 4593 superos
3758 4519 3895 4572 denuo

2328 4610 2555 4681 regredi
2571 4610 2879 4683 (Cyprian.,
2906 4613 3186 4670 Deldolor.
3221 4617 3442 4684 Vanit.,
3462 4633 3599 4688 pag.
3627 4619 3686 4670 l3
3713 4620 3762 4668 et
3783 4612 3894 4677 16).»

2329 4707 2524 4762 Plures
2560 4725 2807 4780 quoque,
2842 4709 3125 4782 inquiunt,
3190 4714 3514 4784 Cyprianus
3561 4713 3778 4785 profana
3819 4708 3896 4762 his-

2327 4801 2495 4855 torias
2519 4803 2818 4873 congessit,
2851 4819 2958 4857 nec
3003 4804 3198 4859 citavit
3223 4822 3400 4861 sacrae
3463 4808 3761 4878 Scriptura:
3782 4801 3896 4858 testi-

2327 4895 2546 4962 monia,
2608 4911 2735 4966 qua:
2777 4897 2902 4952 aliis
2956 4898 3016 4952 in
3071 4898 3234 4952 libris
3293 4899 3547 4970 affatim,
3579 4918 3640 4955 ac
3690 4909 3896 4955 nonnun-

2330 5005 2525 5060 quam,
2549 4989 2629 5043 uti
2662 4990 2847 5046 adhuc
2890 4991 3069 5060 aiunt,
3099 4993 3305 5063 saepius
3333 5011 3512 5065 quam
3558 5012 3664 5066 par
3689 4999 3809 5060 erat,
3834 5005 3895 5044 nt-

2328 5082 2475 5136 tulit.
2517 5084 2767 5154 Denique
2808 5088 2955 5138 totus
3022 5085 3114 5139 hic
3163 5086 3309 5141 liber
3360 5087 3432 5141 iis
3479 5088 3810 5160 compositus
3838 5083 3895 5135 est

2327 5192 2455 5248 quae
2479 5192 2547 5230 ex
2581 5177 2798 5232 Minutii
2827 5176 3006 5251 101
3023 5179 3078 5251 7
3112 5180 3305 5235 Felicis
3329 5186 3390 5236 et
3434 5182 3755 5237 Tertulliani
3781 5177 3895 5233 libris

2329 5269 2400 5324 de
2430 5269 2603 5324 verbo
2631 5271 2974 5344 quandoque
3007 5273 3297 5344 exscripsit
3325 5275 3402 5330 ad
3448 5275 3702 5330 verbum.
3729 5276 3782 5330 In
3809 5268 3896 5325 aliis

2327 5366 2523 5418 autem
2575 5363 2698 5434 ejus
2744 5363 2907 5419 libris
2950 5366 3095 5420 nihil
3138 5383 3370 5438 prorsus
3428 5369 3617 5424 simile
3670 5368 3896 5423 videmus.

2326 5454 2601 5512 Omnibus
2649 5470 2818 5527 porro
2872 5455 3025 5514 hisce
3077 5461 3362 5517 rationum
3400 5460 3707 5518 momentis
3742 5459 3897 5532 putant

2327 5556 2479 5606 recte
2504 5551 2705 5607 conﬁci
2730 5553 2883 5608 hunc
2925 5553 3140 5609 librum
3171 5571 3204 5610 a
3252 5555 3538 5628 Cypriano
3596 5555 3897 5624 divulgatum

2325 5643 2518 5714 fuisse,
2549 5663 2726 5718 quum
2774 5647 3028 5720 primum
3058 5650 3387 5707 Christiane
3440 5649 3700 5724 religioni
3731 5659 3896 5704 nomen

2326 5754 2464 5795 uum
2495 5737 2672 5796 dedit.
