4082 6194
230 361 366 420 “05

1265 362 1328 421 Ι).
1368 360 1639 423 NICOLAI
1679 361 1763 420 LE
1800 360 2076 421 NOURRY
2116 360 2562 421 DISSERTATIO.

3452 370 3587 430 “06

299 488 408 545 Sed
437 484 533 560 qui
572 486 655 542 ita
695 490 1173 559 argumentantur
1214 490 1434 545 nescire
1474 506 1589 544 non
1621 495 1859 561 possunt
1880 488 2535 574 ASangermanensem,
2582 489 2817 546 tertium
2859 508 2994 548 vero
3035 492 3422 564 Tarniensem,
3474 514 3585 552 uno

216 599 432 638 nomen
459 597 575 638 sors
617 583 677 637 in
702 583 872 637 sacris
900 589 955 637 et
984 583 1201 638 Veteris
1227 590 1285 639 et
1325 584 1462 638 Novi
1499 584 1861 671 Testamenti

216 676 525 748 Scripturis
561 680 771 745 (Num,
818 693 961 745 xx",
1003 680 1069 732 33
1112 680 1168 731 et
1207 680 1306 745 36;
1351 678 1531 746 Iosue,
1571 693 1682 744 xvx,
1729 693 1861 764 xvn,

222 770 358 839 etc.)
410 770 619 826 eodem
670 776 842 841 atque
899 788 931 824 a
980 770 1264 841 Cypriano
1314 787 1481 825 sensu
1534 770 1866 842 frequenter

224 865 423 936 accipi.
456 866 599 929 Quid
642 865 811 919 etiam
856 864 913 918 in
954 864 1022 918 iis
1065 865 1133 919 de
1176 865 1395 919 Christo
1436 864 1621 919 verbis
1660 880 1672 918 ε
1721 884 1748 914 ‹‹
1778 864 1863 918 Ad

221 974 465 1030 superos
508 958 735 1028 regredi
782 979 810 1007 »
864 959 1055 1013 minus
1106 958 1528 1025 Christianum,
1573 975 1746 1029 quam
1804 958 1861 1012 in

218 1049 340 1104 istis
389 1052 697 1121 ipsiusmet
739 1051 947 1106 Christi
988 1068 1001 1105 :
1053 1070 1080 1103 ‹‹
1120 1053 1225 1105 Vos
1274 1052 1344 1105 de
1395 1052 1657 1105 deorsum
1706 1050 1857 1117 estis,

221 1160 329 1214 ego
358 1145 426 1199 de
457 1145 723 1216 supernis
745 1161 893 1212 sum,
923 1165 951 1195 ››
981 1145 1038 1200 id
1066 1149 1172 1213 est,
1203 1144 1482 1215 supernis,
1505 1161 1603 1199 seu
1637 1144 1859 1215 superis

220 1237 455 1291 sedibus
508 1239 681 1307 (Luc.,
736 1254 792 1305 1;
852 1240 995 1305 Act.,
1056 1254 1093 1305 ι,
1141 1244 1268 1306 etc.;
1316 1240 1496 1299 Joan.,
1552 1253 1669 1303 vm,
1722 1237 1860 1307 23)?

220 1330 376 1385 Dixit
406 1347 576 1401 porro
615 1331 931 1402 Cyprianus
975 1331 1263 1387 Christum
1310 1348 1344 1385 a
1382 1330 1622 1385 mortuis
1650 1330 1855 1385 excita-

219 1427 343 1478 tum
382 1444 409 1473 ί(
452 1424 675 1497 regredi
708 1424 784 1478 ad
813 1440 1073 1495 superos,
1104 1445 1131 1473 ››
1162 1441 1276 1478 non
1309 1424 1543 1495 quidem
1575 1424 1734 1490 deos,
1760 1422 1857 1477 sed

218 1523 466 1581 terram,
525 1517 760 1585 inferis,
816 1517 887 1571 ad
954 1534 1091 1589 quos
1148 1522 1401 1571 mortuus
1464 1516 1853 1585 descenderat,

219 1610 596 1682 superiorem.
620 1610 699 1666 Ad
731 1610 997 1665 historias
1016 1614 1210 1665 autem
1236 1612 1500 1682 profanas
1527 1611 1674 1682 quod
1706 1627 1857 1681 spec-

219 1708 322 1769 tat,
379 1720 570 1758 nonne
624 1703 828 1758 iisdem
886 1706 987 1757 aut
1039 1703 1318 1757 similibus
1367 1703 1748 1757 Tertullianus
1799 1707 1855 1758 et

216 1796 487 1851 Minutius
549 1797 732 1863 Felix,
788 1813 978 1850 nonne
1044 1796 1321 1850 Arnobius
1384 1800 1442 1850 et
1506 1797 1850 1861 Lactantius,

1965 582 2171 635 seculo
2218 580 2306 635 his
2354 582 2751 652 posteriorem,
2782 592 3052 656 quartum
3090 590 3321 645 tandem
3362 592 3591 647 Colber-

1966 674 2148 728 tinum
2179 675 2356 729 alium
2399 681 2532 730 ante
2565 693 2744 731 annos
2784 682 2886 735 300
2930 681 3224 753 scriptum.
3262 685 3417 739 Alios
3455 702 3588 740 vero

1962 767 2155 838 plures
2184 769 2254 823 ad
2294 785 2501 824 novam
2531 787 2769 841 operum
2794 775 3057 844 Cypriani
3086 776 3395 833 editionem
3423 778 3591 833 ador-

1964 862 2218 917 nandam
2244 863 2469 933 collegit
2493 864 2767 933 Baluzius,
2793 884 3040 938 quorum
3066 869 3219 925 hunc
3244 871 3405 926 nobis
3430 866 3591 928 dedit

1961 954 2227 1009 indicem.
2270 957 2523 1020 Quatuor
2560 959 2783 1029 priores
2818 978 3104 1016 annorum
3146 968 3269 1034 800,
3309 966 3585 1021 nimirum

1961 1048 2306 1115 Pithmauus,
2354 1052 2531 1106 sancti
2575 1055 2823 1109 Cornelii
2877 1057 3367 1127 Compendiensis,
3408 1060 3590 1115 sancti

1959 1142 2183 1196 Martini
2210 1145 2576 1213 Turonensis,
2600 1149 2779 1202 sancti
2807 1150 3051 1221 Remigii
3078 1153 3395 1208 Remensis.
3432 1154 3589 1207 Unus

1958 1251 2238 1290 annorum
2266 1240 2390 1305 700,
2435 1241 2771 1295 monasterii
2816 1243 2997 1297 sancti
3029 1245 3314 1300 Michaelis
3344 1246 3401 1301 in
3439 1248 3589 1302 Peri-

1959 1329 2083 1382 culo
2109 1329 2301 1383 maris.
2333 1332 2451 1386 Duo
2478 1335 2580 1387 600
2614 1350 2922 1402 annorum,
2956 1339 3136 1392 sancti
3179 1340 3355 1395 Mauri
3388 1342 3584 1395 Fossa-

1957 1423 2133 1476 tensis
2172 1426 2230 1477 et
2278 1424 2632 1480 Baluzianus.
2676 1429 2809 1482 Tres
2850 1446 3137 1485 annorum
3174 1437 3294 1497 500,
3340 1450 3589 1505 quorum

1956 1515 2176 1585 primus
2207 1520 2539 1573 monasterii
2572 1521 2751 1575 sancti
2786 1522 2931 1576 Petri
2958 1524 3015 1577 in
3047 1542 3193 1595 pago
3232 1527 3586 1597 Nivernensi,

1957 1609 2238 1663 secundus
2288 1611 2343 1666 S.
2387 1612 2623 1668 Victoris
2669 1615 3014 1679 Parisiensis,
3060 1624 3113 1671 et
3165 1620 3365 1673 tertius
3406 1621 3583 1677 beatae

1953 1701 2140 1756 Mariae
2182 1703 2252 1757 de
2299 1704 2535 1760 Laetitia.
2577 1708 2840 1779 Quinque
2886 1710 2980 1763 alii
3034 1711 3251 1766 codices
3300 1729 3585 1769 annorum

1954 1795 2059 1849 400
2119 1796 2481 1866 Baluzianus,
2544 1799 2687 1854 alter
2748 1802 3127 1871 Bobieranus,
3197 1805 3582 1875 Sorbonicus,

214 1905 413 1944 nonne
442 1890 536 1943 alii
566 1890 1023 1945 Christianorum
1068 1890 1319 1945 vindices
1363 1896 1560 1944 contra
1597 1890 1930 1985 ethnicosB
1956 1889 2133 1985 sancti
2179 1889 2348 1960 Eligii
2391 1891 2782 1947 Atrebatensis
2828 1899 2885 1949 et
2927 1897 3107 1950 sancti
3154 1897 3389 1952 Victoris
3436 1899 3586 1953 Pari-

216 1982 551 2054 disputant?
582 1984 805 2037 Nemini
833 2000 1002 2055 porro
1036 1982 1244 2037 mirum
1271 1983 1451 2037 videri
1483 1982 1671 2049 debet,
1701 1983 1854 2053 quod
1880 1980 1920 1985 ⁷
1957 1980 2174 2036 siensis.
2228 1983 2493 2046 Quatuor
2547 1986 2783 2041 tandem
2833 2004 3114 2043 annorum
3167 1992 3271 2045 300
3316 1992 3407 2045 vel
3456 1995 3580 2054 250,

217 2076 279 2131 in
310 2077 420 2130 hoc
450 2076 621 2142 libro,
654 2093 829 2148 quem
861 2076 1203 2131 festinanter
1236 2075 1477 2146 scripsit,
1510 2076 1674 2147 plura
1707 2076 1853 2130 deli-

220 2170 448 2224 baverit
471 2186 534 2223 ex
561 2171 905 2225 Tertulliano
942 2174 1001 2224 et
1027 2168 1261 2224 Minutio
1292 2169 1487 2235 Felice,
1516 2169 1667 2240 quod
1697 2168 1854 2223 nulla

219 2263 537 2335 Scriptura:
602 2279 774 2317 sacrae
838 2262 1165 2317 testimonia
1229 2278 1493 2333 expresse
1563 2262 1850 2333 proferat,

217 2358 373 2429 quod
406 2357 464 2410 in
499 2373 567 2411 eo
596 2373 710 2411 non
733 2360 850 2411 tam
876 2358 1192 2427 eleganter,
1222 2372 1392 2427 quam
1420 2356 1479 2409 in
1510 2355 1631 2409 aliis
1657 2356 1854 2427 loqua-

215 2454 332 2518 tur,
362 2467 467 2505 nec
494 2468 593 2505 sua
620 2450 874 2511 tandem,
906 2451 1057 2520 quod
1099 2466 1202 2520 per
1226 2449 1403 2503 otium
1443 2449 1549 2519 ipsi
1582 2465 1691 2502 non
1724 2449 1852 2502 lice-

217 2544 335 2611 bat,
384 2544 479 2598 sed
527 2544 1178 2615 aliorum‘argumenta,
1225 2548 1280 2598 et
1325 2542 1632 2614 aliquando
1679 2542 1851 2597 verba

214 2641 515 2692 mutuatus
534 2637 627 2691 sit.

288 2732 510 2795 Quanta
550 2731 701 2785 enim
748 2730 1112 2785 festinatione
1166 2730 1319 2784 hunc
1359 2729 1568 2784 librum
1616 2744 1845 2799 compo-

215 2824 417 2886 suerit,
446 2824 579 2878 hinc
616 2824 829 2894 conjice
860 2824 1011 2895 quod
1058 2840 1123 2877 ea
1155 2839 1283 2893 qua:
1315 2824 1372 2877 in
1414 2822 1666 2876 secunda
1694 2822 1845 2875 illius

211 2922 397 2987 parte,
426 2917 650 2971 tametsi
690 2917 908 2971 duabus
953 2916 1076 2971 aliis
1111 2916 1393 2982 breviore,
1437 2915 1650 2987 scripta
1688 2918 1841 2983 sunt,

210 3010 272 3064 in
317 3010 615 3064 meliorem
666 3015 932 3082 poterant
961 3010 1221 3065 ordinem
1253 3010 1415 3066 facile
1458 3009 1659 3079 redigi.
1698 3010 1844 3063 Prte-

1956 2074 2136 2127 sancti
2165 2075 2416 2146 Dionysii
2462 2079 2777 2147 Remensis,
2806 2082 2987 2135 sancti
3032 2083 3273 2139 Cornelii
3308 2084 3588 2155 Compen~

1954 2166 2188 2235 diensis,
2213 2170 2793 2242 Gratianopolitanus,
2822 2179 2880 2228 et
2906 2176 3133 2230 Domini
3159 2176 3228 2231 de
3245 2177 3296 2230 la
3315 2177 3585 2249 Moignon

1950 2261 2209 2330 praesidis
2240 2263 2463 2318 infulati
2491 2270 2725 2320 senatus
2756 2268 3103 2324 Parisiensis.

2022 2355 2179 2417 Quod
2212 2362 2402 2410 autem
2438 2357 2510 2411 ad
2541 2359 2710 2428 hujus
2735 2360 2863 2414 libri
2895 2362 3176 2417 editiones
3212 2364 3436 2433 attinet,
3478 2381 3587 2420 eae-

1951 2445 2079 2499 dem
2126 2446 2234 2500 illae
2276 2452 2409 2502 sunt
2455 2466 2519 2504 ac
2557 2452 2801 2507 aliorum
2847 2454 3017 2508 simul
3061 2472 3417 2523 excusorum,
3446 2474 3585 2528 quas

1950 2554 2122 2608 supra
2156 2544 2559 2597 recensuimus.
2592 2545 2743 2599 Nihil
2775 2546 2967 2617 itaque
3000 2565 3228 2604 necesse
3256 2556 3341 2605 est
3369 2555 3429 2603 ut
3465 2552 3584 2606 lon-

1949 2631 2074 2701 gius
2093 2632 2161 2685 de
2195 2632 2263 2686 iis
2291 2634 2614 2691 deducatur
2637 2640 2915 2694 orationis
2943 2641 3127 2696 filum.

2019 2727 2187 2779 Notas
2230 2744 2362 2781 vero
2410 2734 2467 2782 et
2504 2729 2922 2788 observationes
2954 2734 3130 2788 iidem
3176 2736 3234 2789 in
3279 2737 3451 2805 hunc,
3484 2738 3585 2807 qui

1950 2815 2009 2869 in
2040 2819 2389 2888 superiorem
2421 2822 2630 2878 librum
2658 2830 3126 2896 composuerunt.
3159 2829 3426 2883 Erasmus
3443 2846 3580 2884 vero

1944 2926 2122 2964 unam
2156 2913 2212 2965 in
2235 2930 2363 2967 eum
2398 2916 2582 2971 edidit
2614 2935 2626 2972 :
2657 2935 2785 2990 qum
2815 2920 2977 2974 sicuti
3001 2921 3125 2990 jam
3147 2920 3415 2989 diximus,
3444 2923 3575 2977 titu-

1943 3001 2060 3056 lum
2092 3007 2150 3057 et
2170 3005 2394 3060 initium
2420 3009 2589 3079 hujus
2610 3012 2861 3081 opusculi
2883 3016 3121 3083 spectat.
3146 3014 3357 3068 Novem
3378 3018 3578 3071 autem

209 3109 375 3157 terea
404 3103 501 3157 ubi
534 3104 604 3157 de
635 3104 881 3159 terrenis
910 3104 1137 3158 disserit
1167 3104 1376 3175 regnis,
1408 3102 1484 3156 ibi
1510 3102 1841 3156 adverbium
1940 3110 2113 3165 supra
2158 3100 2520 3171 septuaginta
2562 3104 2848 3157 Pamelius
2896 3106 3155 3176 scripsit,
3206 3123 3270 3161 ac
3315 3107 3565 3177 quadra-

210 3201 463 3251 επιστ-ατη
515 3212 723 3266 paucas
772 3197 925 3251 inter
985 3197 1164 3251 lineas
1213 3199 1299 3251 ter
1358 3196 1583 3266 repetit.
1650 3197 1838 3250 Primo

1942 3187 2097 3257 ginta
2119 3206 2321 3246 novem
2360 3196 2558 3264 primis
2586 3213 2652 3250 ea
2683 3198 2968 3267 explanat,
3007 3215 3135 3269 qua:
3175 3200 3232 3254 in
3267 3200 3451 3270 prima
3478 3201 3581 3255 hu-

210 3290 371 3346 enim
409 3313 420 3343 :
453 3311 479 3339 «
512 3291 796 3345 Craterum
830 3305 1034 3359 regna,
1066 3289 1272 3361 inquit,
1296 3292 1606 3343 tenuerunt
1631 3288 1841 3359 Assyrii
1936 3280 2029 3350 jus
2077 3283 2204 3338 libri
2259 3291 2423 3355 parte
2478 3289 2550 3343 ad
2601 3292 2968 3345 evertendam
3021 3293 3219 3347 falsam
3271 3293 3573 3364 gentilium

210 3383 527 3455 (Cyprian.,
560 3400 692 3454 pag.
733 3385 840 3449 14).
866 3404 894 3432 ››
930 3385 997 3438 Et
1024 3389 1152 3453 post
1187 3384 1327 3437 duas
1355 3382 1535 3437 lineas
1568 3398 1581 3437 :
1616 3403 1644 3431 «
1675 3384 1852 3437 Caete-

207 3493 345 3531 rum
375 3477 420 3530 si
452 3477 521 3530 ad
558 3476 817 3530 ordinem
847 3476 1063 3530 redeas.
1105 3497 1132 3526 »
1174 3477 1427 3546 Denique
1454 3477 1625 3547 paulo
1663 3482 1791 3546 post
1828 3492 1841 3530 :

215 3592 243 3619 ‹‹
284 3571 568 3625 Ceterum
593 3573 649 3624 et
675 3570 922 3640 Regulus
949 3570 1198 3640 auspicia
1225 3569 1467 3624 servavit
1495 3570 1683 3640 (Ibid.,
1710 3584 1845 3641 pag.

215 3664 325 3734 43).
358 3684 387 3713 η

280 3756 426 3809 Cum
457 3771 594 3827 ergo
627 3755 782 3810 hunc
828 3756 1041 3810 librum
1089 3772 1301 3828 magna
1343 3756 1631 3810 celeritate
1668 3754 1844 3809 conﬁ-

207 3866 344 3905 cere
377 3856 607 3904 coactus
633 3849 830 3918 fuerit,
857 3865 1053 3905 nonne
1083 3850 1135 3904 id
1171 3849 1381 3904 indicio
1409 3866 1532 3904 esse
1562 3852 1747 3920 potest
1775 3848 1845 3902 ab

204 3944 309 3999 illo
344 3944 517 3998 fuisse
566 3943 808 4010 editum,
837 3943 1069 4013 quando
1121 3942 1526 4013 persecutionis
1556 3941 1845 4013 fugiendae

204 4053 383 4091 causa
428 4037 768 4106 Carthagine
823 4036 1095 4090 secessit?
1145 4038 1285 4090 Tum
1343 4036 1496 4091 enim
1547 4035 1843 4107 pastoralis

205 4130 383 4184 officii
410 4129 495 4182 sui
526 4145 645 4184 esse
676 4129 903 4183 censuit
929 4129 1277 4184 Christianos
1321 4129 1379 4183 in
1424 4130 1534 4183 fide
1577 4130 1840 4184 corrobo-

204 4238 362 4288 rare,
394 4222 661 4276 refellere
696 4223 957 4293 gentiles,
1000 4238 1064 4275 ac
1092 4221 1430 4275 temerarios
1466 4222 1842 4290 comprimere

204 4314 462 4385 impetus
494 4316 863 4381 Demetriani,
909 4314 1006 4386 qui
1047 4314 1191 4369 sicut
1229 4315 1287 4368 in
1327 4313 1619 4384 superiore
1656 4313 1840 4383 capite

208 4408 489 4477 diximns,
538 4409 743 4480 saapius
791 4410 860 4463 ad
906 4424 1062 4475 eum,
1111 4424 1218 4462 nec
1258 4407 1426 4462 aliam
1474 4407 1730 4477 profecto
1769 4406 1840 4460 ob

202 4503 494 4559 rationem
532 4506 785 4570 venerat,
816 4502 923 4555 nisi
967 4506 1033 4556 ut
1075 4501 1341 4564 clamosis
1378 4500 1612 4555 vocibus
1642 4500 1838 4554 falsam

1950 3378 2296 3451 religionem
2327 3399 2359 3435 a
2395 3383 2675 3453 Cypriano
2715 3385 3108 3455 proferuntur.
3138 3388 3423 3442 Breviores
3446 3404 3580 3443 vero

1953 3478 2082 3526 sunt
2122 3473 2361 3544 reliquas
2392 3474 2449 3528 in
2491 3476 2628 3530 duas
2661 3478 2866 3531 alteras
2894 3479 3150 3549 ejusdem
3194 3479 3327 3535 libri
3366 3484 3577 3550 partes,

1951 3564 2157 3635 quibus
2194 3566 2263 3619 ab
2299 3567 2505 3622 eodem
2538 3569 2824 3640 Cypriano
2850 3572 3167 3641 explicatur
3193 3589 3256 3627 ac
3293 3573 3581 3628 stabilitur

1946 3658 2398 3714 Christianorum
2440 3661 2510 3715 de
2546 3662 2656 3717 Deo
2696 3666 2751 3718 et
2791 3664 3015 3720 Christo
3058 3665 3299 3721 Domino
3346 3672 3576 3722 senten-

1946 3753 2045 3807 tia.

2018 3846 2230 3901 Omnes
2257 3864 2430 3919 porro
2468 3849 2571 3903 has
2609 3850 3137 3906 animadversiones
3164 3851 3486 3907 Goulartius
3515 3854 3577 3909 in

1946 3939 2223 3994 adornata
2251 3957 2283 3995 a
2313 3957 2370 3994 se
2400 3941 2866 4011 Cyprianicorum
2892 3942 3145 4013 Operum
3172 3943 3424 3997 editione
3454 3944 3580 3998 toti-

1943 4034 2075 4087 dem
2122 4033 2304 4086 verbis
2332 4034 2528 4087 recudi
2556 4034 2794 4089 curavit.
2840 4035 2987 4089 Nihil
3022 4041 3216 4090 autem
3258 4035 3325 4091 iis
3365 4036 3435 4092 de
3477 4054 3578 4092 suo

1943 4125 2179 4193 addidit,
2208 4127 2315 4179 nisi
2357 4127 2814 4198 antiquissimum
2847 4144 2966 4183 esse
3002 4128 3339 4184 idololatrias
3368 4131 3574 4198 scelus,

1942 4219 2089 4289 quod
2147 4236 2180 4273 a
2230 4220 2346 4273 Noe
2398 4220 2661 4290 posteris,
2712 4224 2839 4291 post
2881 4222 3154 4277 diiuvium
3199 4240 3231 4276 a
3275 4224 3370 4278 Dei
3421 4225 3575 4279 cultu

1942 4312 2361 4379 recedentibus,
2404 4319 2591 4367 ortum
2644 4330 2763 4369 esse
2813 4315 3115 4370 existimat.
3164 4316 3269 4371 Ubi
3315 4317 3469 4372 enim
3513 4318 3573 4372 in

1942 4406 2188 4475 Genesis,
2223 4406 2428 4478 inquit,
2468 4406 2615 4462 libro
2648 4407 2854 4462 Rachel
2887 4408 3038 4463 idola
3064 4410 3245 4479 patris
3270 4410 3357 4464 sui
3383 4411 3572 4465 subri-

1941 4498 2130 4569 puisse
2158 4500 2364 4554 dicitur
2389 4500 2565 4569 (Gem,
2598 4517 2746 4567 xxxx,
2785 4504 2849 4555 19
2882 4505 2939 4556 et
2968 4502 3080 4571 34),
3110 4502 3179 4556 de
3208 4502 3276 4556 iis
3302 4506 3575 4574 tanquam

203 4595 559 4667 religionem
587 4612 749 4650 suam
784 4598 1054 4649 tueretur.
1082 4597 1289 4649 Verum
1323 4594 1391 4649 de
1417 4594 1504 4648 his
1531 4595 1760 4660 nostris,
1784 4596 1919 4695 etD
1944 4596 2065 4645 tum
2094 4593 2332 4662 vulgatis
2363 4597 2419 4647 et
2458 4594 2866 4648 communibus
2912 4611 3103 4649 sermo
3145 4596 3327 4649 factus
3368 4600 3469 4650 est.
3498 4598 3572 4651 At

206 4689 465 4744 aliorum
522 4689 865 4760 conjecturis
928 4688 1224 4759 peritiores
1282 4687 1642 4759 judicabant.
1693 4686 1910 4742 Nihil'
1943 4690 2097 4740 certe
2141 4686 2242 4739 alii
2269 4686 2441 4756 longe.
2466 4687 2857 4757 antiquiorem
2889 4686 3062 4741 fuisse
3093 4688 3429 4742 idololatriae
3455 4687 3568 4741 ori-

200 4782 428 4855 quippe
460 4783 697 4837 omnino
731 4782 867 4837 certi
894 4781 1164 4849 occurrit,
1191 4798 1301 4853 quo
1332 4798 1467 4835 vera
1499 4782 1665 4851 hujus
1693 4797 1842 4835 com-

200 4876 580 4932 mentationis
627 4882 761 4931 tetas
808 4876 1152 4945 assignetur.
1206 4878 1277 4930 At
1330 4875 1536 4929 certius
1585 4891 1723 4929 sane
1770 4874 1840 4929 de

200 4973 305 5027 illa
360 4969 639 5041 judicium
707 4968 842 5023 ferri
919 4971 1144 5039 posset,
1215 4968 1261 5022 si
1327 4967 1640 5039 genuinam
1716 4968 1840 5037 ejus

200 5064 664 5136 inscriptionem,
716 5068 773 5119 et
820 5062 1047 5118 initium
1102 5063 1339 5117 minime
1382 5062 1619 5117 dubium
1671 5062 1840 5117 habe-

200 5175 428 5215 remus.

817 5252 1111 5293 ARTICULUS
1148 5253 1221 5292 IV.

278 5338 358 5390 De
384 5334 546 5404 hujus
574 5336 699 5390 libri
726 5338 1112 5405 manuscriptis
1139 5341 1187 5390 et
1217 5336 1376 5392 editis
1415 5334 1681 5391 codicibus
1706 5348 1768 5387 ac

641 5418 920 5471 variorum
960 5420 1021 5471 in
1058 5418 1216 5472 illum
1247 5419 1411 5472 notis.

1943 4780 2139 4849 ginem
2172 4780 2503 4849 opinantur,
2535 4780 3025 4850 quemadmodum
3052 4781 3185 4835 alibi
3218 4780 3573 4836 ostendimus

1938 4874 2109 4944 (Tom.
2144 4874 2488 4943 lApparat.,
2518 4890 2655 4944 pag.
2682 4876 2807 4943 720,
2836 4878 2893 4928 et
2919 4875 3082 4946 seq.).

2012 4966 2445 5021 Observationes
2497 4967 2707 5021 dehinc
2758 4986 2790 5021 a
2852 4967 3094 5039 Rigaltio
3162 4967 3439 5039 profecta:
3498 4968 3572 5022 ad

1939 5064 2163 5116 textum
2195 5061 2361 5115 variis
2399 5066 2652 5115 veterum
2694 5061 2956 5115 codicum
2996 5061 3329 5116 lectionibus
3375 5077 3567 5117 emen-

1941 5155 2197 5209 dandum
2224 5154 2567 5208 conducunt.
2606 5154 2901 5209 Nonnullis
2928 5171 3066 5209 vero
3102 5156 3227 5209 aliis
3264 5155 3435 5210 verba
3471 5157 3571 5227 Cy-

1938 5248 2127 5318 priani
2160 5248 2457 5319 explicare,
2491 5252 2589 5302 aut
2617 5248 2741 5301 aliis
2766 5251 3025 5302 veterum
3069 5248 3423 5320 Scriptorum
3465 5252 3571 5305 tes-

1938 5341 2198 5396 timoniis
2230 5341 2475 5395 enodare
2504 5345 2562 5396 et
2592 5341 2926 5397 confirmare
2957 5348 3193 5397 conatus
3222 5348 3329 5397 est.

2012 5435 2311 5489 Oxoniensi
2341 5452 2509 5505 porro
2539 5435 2776 5489 editioni
2806 5436 3111 5507 praefectus
3139 5441 3305 5492 notas
3330 5438 3572 5509 duplicis

277 5532 476 5587 Plures
532 5532 702 5603 hujus
752 5533 1010 5603 opusculi
1061 5532 1301 5600 codices,
1349 5548 1383 5587 a
1437 5530 1604 5586 varim
1656 5528 1839 5583 aetatis
1944 5530 2188 5600 generis,
2212 5530 2700 5600 quemadmodum
2731 5529 2789 5583 in
2820 5530 3185 5601 superiorem
3213 5537 3271 5585 et
3298 5531 3442 5586 alias
3464 5534 3571 5600 Cy-

219 5626 456 5681 ibrariis
499 5624 757 5698 1018
809 5626 1043 5692 exarati,
1087 5626 1148 5679 in
1202 5626 1433 5680 diversis
1482 5623 1841 5679 bibliothecis
1942 5622 2130 5694 priani
2158 5621 2580 5677 lucubrationes
2606 5622 2926 5678 adornavit.
2952 5623 3155 5677 Primis
3180 5629 3377 5680 autem
3410 5622 3573 5677 exhi-

235 5719 599 5790 eperiuntur.
630 5722 884 5783 Quatuor
920 5725 1114 5774 autem
1151 5718 1219 5773 ad
1249 5734 1484 5772 manum
1515 5717 1838 5777 habuimus,
1940 5716 2036 5771 bet
2097 5716 2347 5771 diversas
2411 5715 2782 5787 antiquorum
2861 5717 3251 5790 quorumdam
3325 5716 3583 5771 codicum

200 5813 598 5870 Colbertinum
626 5813 1010 5884 antiquiorem
1054 5817 1188 5867 ante
1230 5828 1413 5865 annos
1440 5814 1544 5867 800
1586 5810 1839 5880 descrip-
1944 5809 2207 5863 collectas
2252 5808 2507 5883 1019
2550 5826 2584 5863 a
2624 5826 2683 5864 se
2723 5811 3016 5878 lectiones,
3059 5809 3149 5864 vel
3192 5810 3322 5872 sibi
3364 5807 3434 5859 ab
3469 5802 3595 5856 aliis

243 5924 367 5978 um,
399 5911 456 5964 et
477 5907 633 5982 paris
670 5906 1025 5981 antiquitatis
1050 5905 1483 5976 Corbeiensem,
1513 5922 1668 5964 nunc
1706 5921 1842 5963 vero
1942 5903 2317 5962 transmissas.
2377 5909 2446 5966 At
2499 5906 2767 5967 secundis
2815 5906 2956 5965 satis
3016 5908 3170 5963 certe
3197 5894 3492 5984 {meum
3546 5908 3621 5949 ea
