4082 6194
607 319 748 374 1107

1431 310 1521 366 DE
1557 307 1778 366 LIBRIS
1811 307 1902 365 AD
1940 302 2349 364 DEMETRIAN.
2387 301 2473 358 ET
2510 300 2600 355 DE
2628 297 2807 355 IDOL.
2836 297 3061 354 VANIT.

3743 306 3852 361 1108

570 443 854 508 enucleat,
883 439 1204 495 aliorumve
1231 433 1564 490 auctoritate
1603 433 1954 504 comprobat,
1984 448 2112 504 qum
2143 431 2202 486 in
2222 442 2283 516 Α
2307 427 2376 482 de
2404 429 2525 480 toto
2557 423 2696 479 orbe
2725 422 3044 478 venientes.
3076 422 3219 475 ltem
3249 419 3473 474 libellus
3499 421 3622 478 alius
3647 427 3852 483 continet

572 539 756 611 prima
789 535 961 606 hujus
1000 532 1132 588 libri
1175 535 1337 603 parte
1379 533 1580 584 contra
1617 527 1844 582 ﬁctitios
1891 526 2192 598 gentilium
2266 515 2280 516 ψ
2302 522 2510 578 Christi
2530 520 2981 584 sacramentum,
3005 515 3329 587 quodidem
3356 516 3574 586 venerit,
3593 518 3679 590 qui
3696 537 3855 578 secun-

568 632 705 705 deos
733 631 1001 686 dicuntur
1033 644 1048 682 :
1079 627 1141 682 in
1169 626 1292 680 aliis
1318 627 1511 680 autem
1539 623 1715 692 longe
1740 619 1963 677 brevior
1994 622 2098 674 est.

1214 738 1433 794 CAPUT
1470 737 1552 791 VI.

804 855 959 899 NOVE
997 856 1052 896 IN
1093 854 1237 894 HUNC
1267 853 1464 893 LIBRUM
1505 848 1964 892 OBSERVATIONES.

1111 951 1406 993 ARTICULUS
1445 951 1661 990 PRIMUS.

564 1046 638 1099 De
681 1043 778 1103 iis,
825 1055 947 1110 qua
992 1038 1298 1107 Cyprianus
1350 1051 1416 1089 ea:
1467 1033 1802 1088 Tertulliano
1853 1037 1902 1084 et
1957 1031 2194 1110 Minucio

638 1122 807 1177 Felice
832 1109 1111 1186 excerpsit
1155 1129 1217 1168 ac
1246 1114 1508 1184 quomodo
1547 1112 1755 1165 duobus
1783 1111 1908 1164 aliis
1947 1111 2006 1163 in
2043 1109 2195 1163 libris

637 1216 701 1257 ea
724 1215 891 1254 sacrae
924 1200 1218 1267 Scriptura
1262 1195 1576 1250 testimoniis
1611 1192 1947 1260 probaverit,
1976 1205 2095 1259 quae
2135 1192 2195 1243 in

639 1285 742 1337 isto
770 1283 835 1335 de
862 1279 1086 1340 Iudaeis,
1115 1276 1433 1332 Christianis
1457 1280 1506 1328 et
1535 1273 1744 1330 Christo
1768 1273 1990 1326 Domino
2021 1271 2192 1324 breui-

639 1368 720 1416 ter
745 1363 982 1416 enarrat.

636 1452 768 1506 Tres
798 1452 931 1503 sunt
966 1446 1138 1517 hujus
1173 1443 1304 1498 libri
1331 1444 1542 1514 partes,
1575 1455 1819 1512 quarum
1863 1439 2104 1511 primam
2142 1443 2198 1494 et

564 1543 898 1609 secundam,
951 1539 1114 1594 sicuti
1163 1537 1432 1605 diximus,
1480 1534 1798 1606 Cyprianus
1852 1549 1921 1588 ex
1970 1531 2196 1587 Minucii

563 1639 816 1700 Octavio,
880 1633 1107 1688 tertiam
1180 1647 1250 1685 ex
1316 1630 1658 1698 Apologetico
1716 1626 2076 1693 Tertulliani,
2143 1630 2198 1680 et

565 1731 866 1800 utriusque
911 1725 1119 1780 iisdem
1159 1722 1489 1795 aliquando,
1521 1737 1585 1775 ac
1623 1721 1794 1791 hujus
1837 1719 2196 1791 potissimum

2295 617 2438 672 dum
2471 615 2809 685 Scripturas
2833 611 3210 667 annuntiatus
3242 613 3347 679 est,
3376 613 3431 664 et
3459 613 3673 681 gesserit
3699 631 3752 669 ac
3775 633 3856 687 per

2295 709 2494 768 fecerit
2524 707 2806 776 universa,
2837 706 3042 778 quibus
3071 704 3318 774 intelligi
3360 707 3416 759 et
3443 706 3676 776 cognosci
3707 714 3856 778 potest

2294 804 2449 877 quod
2491 803 2613 874 ipse
2639 801 2730 869 sit,
2757 801 2857 873 qui
2899 800 3209 872 pradictus
3237 801 3324 853 est
3354 797 3538 868 (Idem,
3576 800 3685 855 adv.
3731 803 3853 868 Jud.,

2295 899 2536 952 Promm.
2566 912 2703 967 pag.
2735 897 2842 966 18).
2871 917 2899 944 ››
2934 893 3163 950 Duobus
3191 894 3386 964 itaque
3413 892 3497 946 his
3524 892 3669 948 libris
3690 895 3852 968 Martyr

2295 990 2684 1046 sanctissimus
2711 989 2782 1043 iis
2810 988 3102 1056 satisfecit,
3133 988 3231 1059 qui
3269 985 3580 1040 desiderare
3616 993 3846 1058 poterant,

2296 1101 2363 1140 ea
2408 1083 2757 1139 testimoniis
2805 1098 2979 1137 sacrae
3023 1082 3326 1152 Scriptura
3378 1079 3620 1152 probari,
3665 1098 3768 1152 qua).
3803 1082 3850 1137 in

2296 1178 2402 1234 hoc
2431 1178 2500 1233 de
2532 1178 2603 1232 iis
2629 1176 2898 1232 omnibus
2928 1175 3176 1231 breviori
3200 1173 3548 1246 expositione
3573 1173 3785 1230 tradidit.

2912 1298 3210 1340 ARTICULUS
3247 1299 3305 1338 ll.

2297 1375 2471 1442 Quam
2511 1374 2808 1429 luculenter
2849 1372 3160 1442 Cyprianus
3209 1376 3420 1427 asserat
3457 1372 3772 1427 orthodoxam
3808 1376 3856 1429 de

2365 1468 2613 1523 suprema
2651 1452 2850 1508 Christi
2874 1453 3183 1521 divinitate,
3211 1457 3262 1507 et
3291 1454 3625 1508 sanctissima
3667 1454 3855 1507 Trinita-

2369 1535 2438 1587 tis
2463 1534 2719 1601 mysterio
2739 1532 3140 1587 documentum.

2364 1639 2487 1693 Non
2559 1638 2681 1694 sine
2757 1637 3154 1693 observatione
3224 1639 3416 1710 aliqua
3492 1641 3857 1710 pratermittere

2302 1731 2464 1786 nobis
2510 1731 2644 1787 licet
2685 1748 2856 1802 quam
2903 1731 3200 1787 manifeste
3244 1732 3554 1804 Cyprianus
3591 1750 3860 1804 supremam

562 1823 753 1879 verbis
817 1819 1094 1891 decerpsit
1141 1816 1515 1888 (Tertullum.
1569 1815 1854 1885 Apologet.
1907 1830 2028 1891 cap.
2095 1816 2155 1867 2i
2184 1811 2277 1886 ,Β
2307 1825 2428 1879 Filii
2471 1825 2592 1894 Dei,
2643 1825 2850 1882 Christi
2899 1825 3144 1894 Domini,
3195 1826 3549 1881 divinitatem
3588 1830 3788 1893 asserat,
3819 1833 3859 1882 et

563 1934 696 1990 pag.
751 1915 862 1987 21).
910 1915 1046 1978 Quae
1086 1916 1278 1967 autem
1332 1926 1398 1964 ex
1444 1907 1681 1964 Minucio
1736 1906 2025 1975 delibavit,
2071 1907 2194 1961 haec

563 2015 837 2086 pleraque
878 2011 1066 2067 omnia
1105 2009 1166 2064 in
1202 2012 1394 2063 nostra
1437 2008 1506 2062 de
1541 2006 1691 2060 illius
1733 2006 1953 2062 Octavio
1984 2003 2190 2058 disser-

563 2108 777 2164 tatione
823 2105 994 2160 simul
1045 2102 1364 2158 retulimus.
1408 2100 1530 2156 Alia
1569 2115 1726 2168 vero,
1774 2114 1904 2171 quae
1944 2114 2015 2153 ex
2057 2099 2188 2152 Ter-

561 2201 806 2257 tulliano
835 2201 1185 2270 praeceptore
1229 2211 1330 2250 suo
1361 2196 1656 2249 mutuatus
1688 2195 1792 2260 est,
1826 2208 1893 2247 ea
1934 2191 1994 2245 in
2026 2207 2190 2262 supe-

2293 1917 2583 1989 praadicet.
2612 1920 2921 1990 Postquam
2950 1919 3106 1973 enim
3144 1919 3315 1974 variis
3343 1919 3625 1974 rationum
3649 1937 3858 1974 momen-

2292 2010 2384 2079 tis,
2439 2028 2569 2083 quae
2621 2011 2681 2066 in
2727 2011 3112 2084 superioribus
3166 2013 3378 2068 nostris
3429 2013 3859 2068 dissertationibus

2293 2104 2612 2160 examinata
2657 2109 2816 2175 sunt,
2869 2105 3301 2162 evidentissima
3353 2106 3615 2163 adversus
3659 2107 3861 2163 ethnicos

2292 2197 2554 2268 probavit
2581 2197 2811 2253 unicum
2842 2200 2900 2253 et
2931 2199 3392 2271 omnipotentem
3420 2217 3541 2256 esse
3570 2201 3746 2268 Deum,
3770 2201 3861 2255 haec

563 2294 705 2351 riori
761 2297 958 2348 nostra
1002 2289 1402 2346 dissertatione
1441 2286 1735 2342 enucleate
1776 2290 1907 2339 sunt
1947 2284 2190 2353 (Dissert.
2293 2291 2364 2346 de
2412 2291 2630 2348 Christo
2678 2291 3006 2363 pronuntiat
3051 2309 3065 2348 :
3118 2313 3146 2343 ‹‹
3198 2294 3298 2350 Hic
3354 2295 3501 2349 Deus
3555 2299 3754 2364 noster,
3797 2295 3864 2350 hic

562 2392 622 2445 in
665 2389 894 2454 Minue,
939 2401 1063 2456 cap.
1111 2387 1164 2450 2,
1212 2385 1317 2437 art.
1376 2383 1428 2449 6,
1469 2385 1525 2434 et
1562 2382 1622 2434 in
1667 2379 1917 2447 Tertull.,
1963 2395 2086 2449 cap.
2137 2381 2190 2448 9,
2291 2385 2542 2440 Christus
2569 2389 2671 2440 est.
2705 2407 2732 2436 ››
2767 2385 2982 2458 (Cypr.,
3023 2387 3087 2442 de
3114 2388 3314 2442 Idolor.
3353 2391 3620 2452 Vanitat.,
3646 2405 3757 2460 pag.
3784 2391 3861 2458 l5).

564 2485 727 2538 art.2
759 2484 815 2536 et
838 2477 1046 2550 seqq.).
1073 2477 1272 2548 Neque
1303 2478 1497 2530 tamen
1535 2472 1731 2528 omnia
1768 2477 1826 2526 et
1869 2471 2095 2542 Singula
2124 2487 2191 2526 ex
2293 2477 2432 2533 Cum
2471 2495 2607 2550 ergo
2645 2479 2802 2549 prius
2841 2483 3035 2534 contra
3078 2481 3369 2536 universos
3411 2482 3642 2553 gentiles
3674 2481 3863 2537 demon-

565 2591 680 2631 uno
722 2573 938 2646 potius,
976 2586 1151 2643 quam
1193 2569 1306 2624 alio
1353 2567 1700 2638 decerpsisso
1739 2565 1902 2620 nubis
1947 2565 2190 2620 Videtur.
2294 2572 2558 2625 straverit
2583 2588 2766 2626 unum
2797 2574 3195 2628 tantummodo
3221 2591 3340 2629 esse
3383 2576 3581 2644 Deum,
3610 2592 3743 2629 nunc
3763 2591 3864 2628 vero

564 2672 747 2726 Nemo
787 2666 944 2722 enim
981 2681 1090 2719 nec
1125 2667 1301 2732 certO,
1336 2677 1437 2716 nec
1475 2661 1640 2715 facile
1676 2659 1966 2714 afﬁrmare
2006 2661 2194 2729 potest
2295 2664 2695 2720 dissertissime
2732 2673 3011 2722 asseverat
3052 2667 3340 2723 Christum
3370 2670 3540 2724 etiam
3572 2671 3732 2725 Deum
3757 2686 3865 2735 esse,

565 2766 762 2817 utrum
795 2777 883 2828 ea,
910 2775 1038 2831 quae
1083 2758 1179 2811 ille
1215 2756 1276 2811 in
1321 2755 1506 2827 prima
1546 2754 1717 2824 hujus
1759 2753 1888 2807 libri
1928 2755 2090 2824 parte
2120 2752 2191 2806 de
2293 2758 2426 2812 hinc
2468 2759 2786 2814 necessario
2825 2760 3081 2832 sequitur
3111 2761 3274 2815 illum
3319 2768 3376 2817 et
3420 2764 3556 2817 alios
3597 2779 3772 2816 omnes
3791 2777 3866 2814 suo

567 2854 922 2910 daemonibus
977 2851 1238 2919 tradidit,
1294 2865 1359 2904 ex
1426 2848 1664 2903 Minucio
1729 2846 1937 2912 Felice,
2004 2845 2193 2916 potius
2290 2855 2551 2923 tempore
2573 2852 2923 2908 Christianos
2944 2854 3250 2910 credidisse
3281 2855 3546 2911 eamdem
3575 2873 3688 2911 esse
3711 2855 3869 2920 Christi

567 2965 740 3021 quam
772 2965 844 3003 ex
877 2944 1222 3002 Tertulliano
1263 2943 1468 2997 hausta
1492 2941 1725 2996 fuerint
1763 2940 1819 2996 Si
1864 2939 1990 3011 quis
2024 2955 2192 3010 porro
2293 2947 2464 3016 atque
2492 2946 2691 3001 interni
2719 2947 2898 3001 Patris
2925 2947 3048 3017 ejus
3077 2948 3457 3004 divinitatem.
3491 2950 3544 3005 Si
3565 2951 3646 3004 his
3669 2965 3868 3019 namque

565 3041 848 3099 curiosius
889 3040 1166 3110 indagare
1204 3035 1447 3092 voluerit
1484 3035 1720 3090 ubinam
1759 3034 1817 3088 in
1857 3033 2196 3088 dissertatio~
2291 3039 2475 3094 verbis
2525 3038 2846 3111 signiﬁcare
2900 3040 3172 3095 voluisset
3220 3043 3347 3096 illos
3403 3043 3551 3098 duos
3596 3059 3707 3098 esse
3743 3044 3868 3110 Deos,

561 3137 732 3193 nibus
785 3134 997 3190 nostris
1049 3131 1294 3186 delibata
1339 3146 1408 3184 ex
1463 3132 1706 3199 utroque
1752 3127 2022 3198 Cypriani
2068 3128 2192 3181 loca

565 3230 842 3301 explicare
869 3225 1308 3293 contendamus,
1331 3224 1454 3278 haec
1480 3222 1539 3276 in
1569 3222 1820 3293 capitum
1847 3220 2191 3287 summariis,

563 3327 664 3380 aut
709 3320 965 3394 generali
1008 3319 1183 3374 totius
1236 3317 1366 3372 libri
1406 3315 1589 3371 nostri
1641 3315 1856 3382 indice,
1902 3315 2195 3384 designata

565 3416 724 3472 haud
755 3414 1067 3470 difﬁciliter
1095 3411 1372 3483 reperiet.
1405 3409 1554 3465 Nihil
1583 3410 1770 3480 itaque
1797 3425 1940 3480 opus
1968 3413 2053 3462 est
2071 3407 2194 3461 haec

565 3507 903 3581 singulatim
950 3521 1286 3573 recensere,
1334 3520 1459 3575 qua
1512 3503 1800 3574 plerisque
1851 3501 2038 3571 tedio,
2089 3516 2195 3555 nec

571 3603 770 3660 multis
797 3617 1012 3672 magno
1041 3600 1172 3656 usui
1199 3613 1319 3654 esse
1346 3601 1603 3669 possunt.

640 3697 782 3762 Quia
802 3695 979 3750 etiam
1010 3694 1109 3749 illa
1134 3694 1256 3748 fere
1297 3691 1512 3759 omnia,
1546 3706 1675 3762 quae
1712 3690 1771 3744 in
1803 3690 1906 3743 hac
1931 3688 2195 3760 Cypriani

570 3789 1062 3848 commentatione
1109 3786 1357 3842 difﬁcilia
1387 3785 1470 3840 vel
1511 3783 1838 3839 obscuriora
1868 3789 2192 3849 occurrunt,

564 3886 627 3942 in
668 3885 870 3942 iisdem
916 3881 1127 3938 nostris
1175 3878 1665 3936 dissertationibus
1719 3877 1992 3945 enodare,
2036 3877 2192 3930 illus-

563 3986 743 4047 trare,
785 3994 850 4034 ac
887 3977 1254 4047 complanare
1297 3973 1491 4030 conati
1529 3988 1750 4039 sumus,
1787 3971 2004 4025 inutilis
2044 3970 2190 4041 pari-

567 4077 658 4128 ter
687 4087 878 4144 operm
904 4071 1050 4126 foret
1073 4073 1291 4123 nostras
1320 4083 1474 4122 nunc
1501 4064 1681 4136 repeti
1706 4069 1762 4119 et
1785 4063 1982 4135 regcudi
2007 4063 2196 4118 obser-

565 4165 840 4222 vationes.
875 4161 1271 4228 Quamobrem
1306 4176 1375 4215 ea
1412 4162 1637 4214 tantum
1670 4157 2041 4229 attingemus,
2068 4173 2195 4228 quae

569 4257 789 4315 auctori
830 4261 1028 4312 nostro
1069 4253 1382 4327 peculiaria
1422 4256 1577 4321 sunt,
1621 4267 1728 4306 nec
1773 4250 1893 4306 sine
1930 4250 2192 4306 animad-

567 4353 824 4408 versione
849 4350 1042 4422 aliqua
1069 4348 1368 4420 praeterire
1399 4347 1698 4402 debemus.

636 4447 896 4503 Primum
927 4445 1123 4516 itaque
1149 4441 1549 4498 adnotandum
1576 4444 1662 4495 est
1689 4455 1778 4506 ea,
1807 4455 1933 4510 quae
1961 4439 2191 4510 Cypria-

2213 3137 2390 3250 Clant
2443 3132 2620 3239 alium
2663 3133 2772 3188 alio
2815 3135 3229 3205 potentiorem,
3269 3136 3542 3207 jugulum
3601 3137 3869 3209 praebuisset

2296 3227 2635 3282 adversariis
2695 3227 2810 3282 suis
2861 3229 3200 3300 gentilibus,
3254 3231 3354 3302 qui
3404 3231 3596 3302 plures
3652 3231 3794 3298 deos,
3831 3233 3871 3283 et

2292 3323 2490 3376 Jovem
2536 3320 2659 3375 aliis
2706 3323 3095 3392 potentiorem
3144 3339 3264 3378 esse
3309 3325 3693 3380 venditabant.
3729 3323 3870 3378 Chris-

2294 3415 2418 3468 tum
2456 3414 2649 3486 itaque
2676 3409 2877 3470 verur'n
2921 3419 2978 3471 et
3016 3433 3198 3472 unum
3242 3433 3372 3472 cum
3408 3420 3574 3474 Patre
3613 3435 3704 3472 suo
3737 3418 3871 3471 Deum

2294 3523 2415 3562 esse
2445 3513 2837 3563 asseveranter
2861 3509 3128 3565 afﬁrmat.
3159 3510 3552 3575 Quamobrem
3586 3512 3692 3566 ulla
3714 3510 3872 3580 absque

2293 3601 2654 3656 haesitatione
2680 3601 2898 3656 ibidem
2930 3604 3135 3674 adjecit
3164 3621 3178 3658 :
3215 3625 3244 3654 ‹‹
3269 3603 3365 3659 Hic
3387 3612 3474 3660 est
3504 3605 3678 3660 virtus
3702 3603 3796 3668 Dei,
3809 3601 3874 3657 hic

2293 3694 2462 3762 ratio,
2513 3695 2606 3750 hic
2661 3695 2941 3767 sapientia
2985 3703 3041 3752 et
3091 3697 3307 3768 gloria;
3354 3720 3384 3749 ιι
3451 3702 3512 3753 et
3563 3699 3720 3770 paulo
3761 3700 3871 3760 ante,

2295 3808 2325 3837 «
2366 3787 2570 3843 Sermo
2609 3792 2667 3844 et
2709 3789 2881 3846 Filius
2924 3790 3027 3845 Dei
3074 3792 3286 3863 (Ibid.).
3325 3793 3500 3865 Atqui
3539 3793 3726 3862 virtus,
3751 3789 3874 3856 ratio,

2295 3881 2520 3950 Sermo,
2577 3887 2634 3937 et
2689 3883 2861 3940 Filius
2909 3884 3028 3952 Dei,
3079 3885 3342 3956 ejusdem
3393 3903 3462 3940 ac
3513 3887 3633 3958 ipse
3685 3888 3874 3939 aeternus

2292 3974 2444 4029 illius
2470 3977 2658 4043 Pater,
2697 3979 2784 4030 est
2818 3981 3061 4046 naturae,
3101 3979 3463 4049 substantias,
3492 3982 3550 4035 et
3581 3977 3874 4038 mternitatis,

2293 4069 2787 4140 quemadmodum
2828 4071 2887 4124 in
2923 4071 3203 4141 superiori
3253 4073 3656 4128 dissertatione
3699 4072 3876 4126 demon-

2293 4161 2592 4217 stravimus
2625 4164 2930 4232 (Dissertat.
2977 4166 3036 4218 in
3081 4166 3334 4229 Tertull.,
3375 4182 3508 4238 cap.
3557 4168 3612 4234 8,
3650 4170 3748 4233 art,
3779 4164 3806 4220 1
3839 4164 3876 4216 et

2295 4254 2502 4326 seqq.).

2362 4350 2644 4405 Praeterea
2682 4350 2836 4406 haud
2880 4350 3210 4406 dubitanter
3253 4353 3602 4422 pronuntiat
3647 4351 3874 4410 Christum

2292 4441 2421 4497 ideo
2455 4459 2488 4496 a
2516 4445 2702 4498 morte
2728 4443 2800 4498 ad
2834 4444 3003 4498 vitam
3035 4447 3390 4514 revocatum,
3430 4467 3462 4496 «
3491 4453 3558 4503 ut
3584 4447 3692 4502 vim
3724 4445 3874 4500 divine

566 4558 674 4598 nus
713 4540 773 4596 in
803 4538 975 4594 tertia
1022 4537 1193 4608 hujus
1235 4535 1368 4590 libri
1409 4540 1570 4606 parte
1610 4534 1680 4589 de
1716 4533 1943 4600 Judwis,
1985 4532 2056 4586 ob
2095 4546 2274 4618 suaD
2298 4535 2608 4608 majestatis
2639 4538 2970 4592 ostenderet
2992 4539 3280 4610 (Cyprian.
3306 4539 3470 4604 ibid.,
3504 4557 3638 4613 pag.
3670 4541 3805 4610 16].»

567 4636 778 4692 scelera
807 4649 840 4688 a
869 4634 983 4688 Deo
1018 4629 1312 4700 abdicatis,
1335 4629 1404 4684 de
1433 4627 1681 4682 suffectis
1702 4626 1759 4681 in
1779 4642 1978 4681 eorum
2008 4626 2197 4680 locum

565 4727 920 4795 Christianis,
956 4727 1027 4781 de
1057 4724 1282 4782 Christo
1314 4724 1432 4778 Deo
1481 4728 1536 4778 et
1572 4721 1825 4790 homine,
1860 4720 2198 4791 mortalique

566 4825 686 4896 ejus
734 4823 850 4877 vita
893 4819 1152 4887 tradidit,
1198 4818 1320 4873 haec
1365 4816 1620 4888 pluribus
1666 4831 1841 4871 sacrae
1893 4814 2196 4886 Scriptura:

563 4915 910 4975 testimoniis
949 4915 1012 4969 in
1041 4912 1266 4968 duobus
1302 4911 1453 4967 illius
1490 4911 1560 4966 ad
1593 4910 1893 4976 Quirinum
1927 4909 2196 4964 adversus

561 5011 788 5068 Judmos
837 5009 998 5064 libris
1045 5007 1370 5062 luculenter
1411 5004 1791 5060 demonstrari
1835 5005 2050 5076 (Cypr.,
2092 5002 2193 5057 lib.

563 5107 629 5162 de
655 5105 854 5161 Idolor.
899 5104 1168 5167 Vanitat.,
1208 5116 1346 5173 pag.
1390 5102 1455 5154 15
1489 5104 1547 5155 et
1587 5097 1792 5170 seqq.).
1841 5099 1911 5152 Et
1941 5100 2093 5152 certe
2137 5096 2195 5152 in

563 5200 793 5256 illorum
832 5195 1116 5269 prooemio
1164 5195 1242 5250 sic
1282 5194 1379 5249 ille
1428 5193 1700 5266 praefatur
1735 5210 1748 5248 ε
1795 5215 1821 5242 ‹‹
1858 5193 2195 5261 Complexus

563 5309 690 5349 sum
718 5292 932 5346 libellos
958 5291 1118 5359 duos,
1147 5289 1272 5361 pari
1293 5288 1616 5360 aequalitate
1647 5286 1993 5354 moderatos,
2013 5303 2194 5341 unum

561 5403 675 5461 quo
719 5384 1020 5442 ostendere
1060 5384 1204 5440 enisi
1252 5399 1446 5438 sumus
1487 5379 1734 5450 Judaaos,
1781 5380 2094 5435 secundum
2129 5396 2196 5435 ea

562 5498 693 5554 quas
741 5480 974 5536 fuerant
1015 5483 1150 5534 ante
1199 5476 1490 5550 praedicta,
1531 5492 1565 5529 a
1606 5475 1723 5530 Deo
1762 5474 2084 5542 recessisse,
2136 5477 2196 5528 et

558 5574 984 5648 indulgentiam
1014 5572 1266 5639 Domini,
1304 5586 1432 5642 que
1477 5568 1583 5624 sibi
1619 5569 1742 5640 jam
1770 5568 1994 5641 pridem
2038 5568 2188 5638 data,

555 5675 612 5729 et
625 5673 688 5728 in
709 5672 1007 5742 posterum
1024 5666 1305 5738 promissa
1325 5665 1528 5731 fuerat,
1553 5662 1867 5735 perdidisse
1889 5679 1903 5718 :
1930 5661 1980 5734 1
1997 5660 2190 5735 020

549 5762 891 5823 successisse
916 5776 1050 5818 vero
1093 5758 1153 5814 in
1197 5774 1397 5817 eorum
1433 5759 1630 5815 locum
1667 5756 2041 5824 Christianos,
2079 5756 2192 5812 fide

542 5856 861 5918 Dominum
897 5861 1322 5929 promerentes,
1354 5857 1412 5916 et
1437 5855 1508 5911 de
1531 5851 1803 5910 omnibus
1829 5849 2096 5926 gentibus
2126 5866 2190 5910 ac

2369 4630 2694 4694 Quamnam
2721 4636 2916 4686 autem
2955 4633 3254 4688 ostendere
3294 4637 3531 4704 poterat
3563 4634 3872 4688 divinitatem.

2296 4723 2408 4778 nisi
2455 4724 2602 4780 hanc
2645 4724 2830 4796 ipsam
2876 4742 3049 4798 quam
3095 4731 3280 4796 antea,
3320 4732 3378 4782 et
3417 4744 3654 4800 semper
3693 4719 3873 4782 habuit?

2296 4819 2494 4889 Itaque
2535 4834 2664 4872 cum
2705 4835 2822 4874 non
2850 4818 3057 4888 aliena,
3093 4819 3194 4874 sed
3238 4821 3473 4892 propria
3503 4838 3608 4876 sua
3640 4821 3811 4875 virtute
3829 4813 3874 4868 ad

2295 4911 2474 4966 vitam
2534 4928 2830 4984 regressus
2883 4918 3007 4983 est,
3073 4919 3195 4969 tum
3267 4915 3526 4970 ostendit
3585 4931 3644 4969 se
3708 4922 3872 4981 semper

2296 5004 2558 5061 habuisse
2598 5005 2714 5060 vim
2747 5005 2955 5063 divine:
2996 5007 3330 5080 majestatis,
3371 5008 3487 5065 hoc
3529 5013 3634 5078 est,
3666 5003 3872 5064 eamdem

2295 5114 2428 5155 cum
2448 5100 2610 5155 Patre
2637 5115 2738 5154 suo
2765 5099 3145 5157 divinitatem.

2366 5193 2562 5265 Neque
2605 5193 2712 5248 hoc
2743 5197 2965 5249 tantum
2992 5195 3054 5250 in
3083 5194 3255 5264 libro,
3282 5196 3376 5252 sed
3421 5196 3486 5251 in
3532 5213 3632 5252 sua
3659 5195 3806 5251 etiam
3827 5185 3874 5242 ad

2295 5285 2579 5342 Caecilium
2619 5287 2857 5359 epistola
2901 5289 3087 5345 semel
3128 5291 3186 5344 et
3218 5289 3428 5346 iterum
3474 5289 3548 5345 ab
3596 5305 3660 5344 eo
3701 5284 3873 5343 dicitur,

2297 5399 2324 5428 α
2363 5383 2522 5436 Jesus
2566 5380 2820 5436 Christus
2860 5383 3139 5439 Dominus
3187 5387 3245 5438 et
3287 5383 3440 5440 Deus
3486 5388 3681 5439 noster
3723 5378 3873 5450 (Idem.

2293 5473 2468 5546 Epist.
2497 5475 2585 5544 63,
2619 5475 2694 5530 ad
2734 5475 2934 5544 σωθείη
2963 5493 3096 5550 pag.
3144 5478 3244 5534 148
3271 5480 3330 5534 et
3357 5479 3504 5549 135).
3542 5499 3570 5528 »
3603 5473 3736 5534 Alibi
3759 5483 3874 5530 vero.

2291 5567 2392 5623 ubi
2418 5569 2489 5624 de
2517 5568 2770 5624 secundo
2800 5569 2948 5624 illius
2973 5571 3033 5626 in
3054 5571 3168 5626 ﬁne
3189 5573 3391 5627 mundi
3408 5572 3652 5628 adventu
3675 5562 3872 5625 disserit,

2291 5662 2374 5718 ibi
2399 5663 2564 5719 docet
2583 5679 2717 5718 eum
2742 5663 3119 5736 prmnuntiari
3138 5665 3226 5720 his
3247 5662 3674 5737 Psalmographi
3693 5656 3868 5714 verbis:

2290 5759 2432 5812 Deus
2483 5759 2772 5826 manifeste
2816 5761 3012 5831 veniet,
3066 5761 3200 5816 Deus
3249 5764 3426 5817 noster
3477 5764 3529 5814 et
3582 5773 3681 5813 non
3714 5751 3866 5812 silet)“.

2291 5853 2461 5928 atque
2502 5851 2624 5907 istis
2669 5850 2916 5932 1021
2979 5853 3154 5912 etiam
3201 5854 3356 5913 Isaiae
3404 5871 3418 5912 :
3467 5853 3714 5910 Dominus
3761 5847 3864 5900 Deus
