4082 6194
191 224 328 278 1109

1225 227 1291 283 Ι).
1330 227 1603 286 NICOLAI
1641 229 1727 286 LE
1763 228 2040 287 NOURRY
2078 229 2536 289 DlSSERTATIO.

3392 240 3542 294 HlO

185 347 449 401 virtutum
478 344 750 417 prodibit.
780 347 1154 419 Posteaquam
1188 352 1380 404 autem
1425 348 1486 403 id
1527 349 1809 421 probavit,
1834 352 2074 437 Atizari
2114 353 2175 407 in
2222 354 2395 425 plena
2431 356 2489 408 et
2528 355 2770 410 adunata
2820 355 3110 412 Trinitate.
3164 378 3193 407 »
3247 357 3535 430 (Cyprian.

184 438 337 494 hanc
369 439 545 493 infert
574 439 1035 496 conclusionem:
1068 460 1095 492 α
1122 442 1220 497 llic
1250 447 1334 498 est
1352 445 1496 498 Deus
1518 448 1728 514 noster,
1758 445 1815 501 id

184 536 286 599 est,
317 548 436 587 non
468 532 756 599 omnium,
782 533 882 588 sed
901 533 1162 589 ﬁdelium
1192 540 1247 591 et
1274 535 1627 591 credentium
1649 537 1817 606 Deus,

186 625 285 697 qui
332 641 462 680 cum
500 626 560 680 in
611 627 855 681 secundo
902 628 1236 683 manifestus
1280 629 1527 686 adventu
1577 632 1817 699 venerit,

184 735 301 773 non
336 718 596 773 silebit.»
655 720 849 789 (Idem,
892 720 958 776 de
1004 724 1149 777 Bono
1184 724 1448 791 Patient.,
1488 740 1626 795 pag.
1678 727 1816 793 220;

185 813 336 868 Psal.
387 829 537 877 xux,
573 815 643 882 3;
694 815 831 881 Isa.,
860 830 993 882 xui,
1038 817 1143 882 t3).
1191 819 1261 870 At
1310 832 1442 887 quo,
1487 817 1698 873 amabo
1742 822 1818 885 te,

187 908 357 978 pacto
392 910 505 961 tam
534 923 683 977 saepe
715 912 771 961 et
796 907 966 962 toties
992 908 1132 963 dixit
1153 914 1207 964 et
1239 910 1508 980 repetivit
1531 910 1819 968 Christum

187 1015 310 1054 esse
352 1000 553 1069 Deum,
584 999 692 1055 nisi
738 1016 842 1072 pro
886 1004 1043 1057 certo
1084 1003 1315 1073 penitus
1366 1003 1632 1059 habuerit
1677 1004 1822 1058 hanc

195 1108 319 1148 esse
363 1095 422 1147 et
469 1109 689 1161 eorum,
720 1093 793 1149 ad
836 1110 979 1166 quos
1024 1095 1326 1164 scribebat,
1367 1101 1426 1151 et
1464 1100 1819 1166 cwterorum,

195 1186 444 1258 exceptis
470 1186 769 1256 haereticis,
797 1188 1251 1246 Christianorum
1279 1190 1630 1245 sententiam
1651 1192 1678 1246 τ

264 1282 671 1335 Verumtamen
720 1297 837 1337 non
886 1282 965 1337 ibi
1016 1282 1109 1337 ille
1156 1284 1331 1351 stetit,
1378 1284 1643 1356 ultraque
1689 1301 1823 1356 pro-

195 1374 474 1446 greditur,
506 1390 570 1429 ac
620 1374 788 1445 plane
834 1376 1135 1448 palamque
1163 1377 1410 1432 declarat
1450 1377 1735 1432 Christum
1766 1378 1825 1432 in

192 1469 366 1523 ccelos
397 1468 818 1537 conscendisse,
854 1489 881 1517 «
914 1472 977 1523 ut
1017 1486 1120 1541 per
1163 1470 1361 1525 orbem
1393 1470 1675 1543 discipuli,
1710 1487 1825 1525 ma-

192 1562 372 1633 gistro
423 1567 479 1616 et
528 1562 641 1616 Deo
686 1565 982 1632 monente,
1026 1562 1238 1631 diffusi,
1287 1569 1569 1635 praecepta
1621 1563 1721 1619 Dei
1766 1564 1825 1619 in

192 1658 436 1713 salutem
469 1657 693 1713 darent.
724 1682 752 1710 ››
782 1659 1070 1730 Cyprian.,
1099 1662 1165 1715 de
1204 1662 1403 1716 Idolor.
1444 1664 1658 1728 Vanit.,
1689 1677 1823 1732 pag.

193 1747 311 1817 16.)
343 1748 587 1803 Videsne
615 1765 785 1820 quam
814 1726 1024 1804 diserte
1056 1726 1328 1806 Christus
1358 1750 1429 1805 ab
1470 1750 1567 1805 illo
1608 1726 1903 1805 dicaturB

193 1858 310 1898 non
341 1842 523 1897 solum
553 1841 962 1913 discipulorum
992 1859 1227 1899 suorum
1252 1847 1528 1913 magister,
1560 1844 1659 1899 sed
1688 1847 1827 1900 Deus

195 1935 392 2005 etiam,
424 1952 591 1991 verus
622 1936 819 2008 utique
862 1941 918 1991 et
945 1936 1103 1992 idem
1145 1954 1209 1992 ac
1248 1939 1430 2009 Pater,
1466 1938 1823 2010 quandoqui-

196 2028 331 2084 dem
360 2029 553 2100 plures
581 2029 680 2093 dii,
710 2028 873 2085 sicuti
918 2028 1139 2084 ibidem
1169 2030 1673 2101 demonstraverat,
1703 2046 1825 2085 esse

196 2139 317 2179 non
348 2123 632 2195 possunt?
674 2125 733 2178 In
758 2123 1007 2178 secundo
1032 2122 1270 2195 insuper
1304 2124 1574 2180 adversus
1601 2123 1827 2179 Judaeos

191 2218 339 2274 libro
386 2217 559 2272 variis
612 2233 788 2273 sacra:
834 2218 1144 2289 Scriptura:
1188 2217 1527 2273 testimoniis
1580 2218 1828 2273 luculen-

193 2317 286 2366 ter
314 2310 517 2382 probat
562 2310 721 2365 illum
749 2327 949 2365 verum
1000 2327 1142 2380 esse,
1181 2326 1245 2365 ac
1277 2316 1631 2367 coaeternum
1676 2310 1827 2367 Patri

191 2421 293 2458 suo
346 2406 524 2461 Deum
574 2403 766 2474 (Idem,
811 2396 908 2459 lﬂ).
956 2421 1011 2473 ιι,
1061 2404 1272 2459 advers.
1320 2402 1534 2475 Jud.,§
1584 2408 1613 2459 5
1667 2410 1724 2458 et
1772 2406 1824 2471 6,

193 2514 329 2569 pag.
360 2498 427 2553 34
454 2500 512 2552 et
538 2496 721 2569 seqq.)

270 2591 461 2662 Neque
492 2590 682 2645 minus
727 2589 1024 2662 perspicue
1060 2590 1241 2644 sancti
1286 2589 1527 2661 Spiritus
1572 2589 1828 2645 divinita-

194 2689 347 2753 tem,
375 2688 431 2739 et
471 2683 851 2739 orthodoxam
879 2684 949 2739 de
992 2685 1084 2739 SS.
1116 2684 1385 2739 Trinitate
1415 2683 1827 2738 documentum

199 2778 261 2833 in
291 2778 385 2832 illa
412 2776 614 2832 asserit
644 2782 701 2832 et
726 2776 999 2848 praedicat
1028 2777 1287 2849 epistola,
1306 2793 1479 2849 quam
1510 2793 1609 2831 suo
1637 2780 1694 2831 et
1718 2776 1827 2831 col-

201 2872 468 2943 legarum
499 2886 734 2925 suorum
765 2870 1252 2942 coepiscoporum,
1286 2870 1343 2925 in
1370 2869 1589 2941 synodo
1620 2870 1829 2924 aduna-

198 2969 393 3020 torum
457 2963 695 3019 nomine
761 2964 831 3018 ad
891 2963 1234 3019 Jubaianum
1294 2963 1365 3018 de
1431 2962 1828 3018 hmreticorum

200 3058 552 3129 baptismate
579 3056 897 3128 scripserat.
927 3057 1185 3113 Primum
1211 3057 1499 3112 enimvero
1524 3055 1583 3110 in
1608 3072 1674 3111 ea
1696 3054 1828 3111 defi-
1849 3092 1903 3165 Ο

200 3151 345 3205 nivit
373 3150 623 3205 validum
650 3166 772 3206 esse
804 3150 1014 3204 horum
1054 3149 1336 3221 baptisma
1364 3168 1379 3205 :
1414 3168 1443 3199 ‹‹
1474 3148 1534 3205 Si
1562 3148 1827 3204 eumdem

201 3247 456 3307 Patrem,
490 3240 753 3299 eumdem
781 3243 1009 3312 Filium,
1043 3241 1312 3298 eumdem
1357 3242 1633 3313 Spiritum
1663 3258 1827 3297 sanc-

201 3343 323 3393 tum
359 3379 373 3404 ,
446 3337 710 3392 eamdem
774 3336 1078 3391 Ecclesiam
1131 3336 1477 3391 conﬁtentur
1533 3335 1829 3390 nobiscum

198 3433 395 3503 (Idem,
441 3431 608 3501 epist.
639 3434 726 3499 ‘73,
760 3430 835 3485 ad
875 3431 1161 3499 Jubaian.,
1204 3446 1341 3501 pag.
1374 3430 1519 3501 200).
1552 3450 1579 3479 »
1629 3431 1831 3485 Postea

198 3541 360 3594 vero,
392 3525 439 3578 si
478 3523 607 3595 quis
651 3524 801 3594 apud
847 3523 1146 3577 haereticos
1175 3523 1513 3593 baptizatus,
1548 3524 1829 3593 templum

199 3617 303 3673 Dei
343 3618 523 3672 factus
572 3620 659 3670 est
703 3633 716 3670 :
768 3637 795 3666 ι(
850 3615 1079 3684 Quaero,
1126 3615 1334 3687 inquit,
1391 3615 1549 3685 cujus
1599 3614 1734 3672 Dei?
1774 3614 1830 3669 Si

199 3710 495 3779 creatoris,
536 3726 653 3765 non
698 3709 902 3780 potuit,
934 3731 961 3759 »
1011 3709 1133 3780 ejus
1176 3708 1297 3763 fieri
1341 3709 1638 3778 templum,
1673 3729 1701 3756 ‹‹
1733 3706 1830 3779 qui

198 3805 263 3860 in
314 3821 465 3873 eum,
524 3826 554 3855 ››
612 3804 758 3858 sicut
806 3802 1180 3871 Marcionista,
1217 3822 1245 3851 (ι
1292 3818 1405 3855 non
1460 3800 1720 3856 credidit.
1771 3800 1830 3855 Si

201 3897 439 3967 Christi,
471 3912 579 3951 nec
604 3896 776 3967 hujus
804 3895 927 3951 fieri
973 3898 1163 3966 potest
1192 3896 1495 3966 templum,
1530 3894 1629 3965 qui
1658 3896 1831 3965 negat

199 3991 494 4049 Christum
520 3992 719 4045 Deum.
751 3989 804 4044 Si
836 3988 1081 4059 Spiritus
1112 3988 1315 4051 sancti,
1346 4004 1477 4043 cum
1504 3992 1621 4042 tres
1650 4004 1831 4043 unum

200 4086 340 4152 sint,
391 4082 677 4156 quomodo
728 4083 971 4154 Spiritus
1029 4088 1254 4137 sanctus
1304 4081 1560 4153 placatus
1612 4097 1735 4135 esse
1780 4080 1832 4135 ei

199 4181 413 4252 potest,
446 4178 543 4249 qui
584 4183 682 4232 aut
720 4177 922 4245 Patris,
954 4196 982 4226 »
1016 4173 1513 4247 quemadmodum
1551 4174 1832 4245 Patripas—

199 4272 369 4339 siani,
396 4293 425 4321 «
452 4274 553 4326 aut
574 4270 718 4338 Filii,
735 4292 761 4319 ››
786 4270 960 4324 veluti
986 4268 1383 4339 Anthropiani,
1407 4288 1434 4317 α
1457 4271 1515 4322 et
1536 4270 1779 4335 ceteras,
1799 4287 1827 4315 ››

200 4368 270 4420 ut
317 4366 437 4437 ipse
489 4364 757 4435 loquitur,
798 4382 825 4414 ‹‹
878 4362 1277 4417 haereticorum
1320 4368 1526 4432 pestes,
1572 4359 1833 4414 inimicus

1918 447 2081 510 ibid.,
2113 463 2247 518 pag.
2280 449 2423 519 206).
2453 452 2523 504 At
2561 450 2851 520 quomodo
2894 453 3079 520 Pater,
3112 451 3303 519 Filius,
3333 457 3392 508 et
3419 454 3545 524 Spi-

1918 539 2065 594 ritus
2096 544 2322 595 sanctus
2352 548 2591 613 possunt
2621 542 2878 616 1022
2906 561 3025 600 esse
3058 561 3170 599 una
3207 551 3263 602 et
3290 546 3548 602 adunata

1918 633 2180 703 Trinitas,
2211 635 2319 689 nisi
2347 636 2552 691 eadem
2580 636 2651 691 sit
2694 636 2923 692 illorum
2960 644 3185 708 natura,
3214 643 3272 694 et
3314 656 3465 695 unus
3493 646 3551 695 et

1920 725 2075 781 idem
2103 727 2217 782 sint
2249 729 2427 784 Deus?

1990 821 2185 893 Neque
2212 822 2363 877 ullus
2391 822 2557 878 nobis
2584 823 2811 894 objiciat
2842 824 3252 896 subsequentia
3280 827 3551 899 Cypriani

1919 919 2114 989 verba,
2146 920 2347 992 quibus
2375 924 2568 992 aperte
2597 922 2742 976 dixit
2768 924 2995 977 Patrem
3026 940 3058 976 θ.
3088 924 3312 980 Christo
3346 928 3547 998 appel-

1920 1012 2044 1080 lari,
2082 1033 2110 1062 ‹‹
2140 1013 2451 1069 Dominum
2481 1018 2537 1069 et
2561 1016 2739 1069 Deum
2767 1032 2955 1070 suum.
2986 1038 3015 1066 »
3049 1018 3196 1073 Nam
3237 1018 3315 1072 ibi
3354 1019 3421 1073 de
3452 1020 3551 1076 illo

1921 1105 2190 1177 loquitur,
2222 1107 2319 1179 qui
2347 1111 2627 1179 quatenus
2670 1109 2846 1164 homo
2888 1110 3031 1181 petit
3078 1127 3111 1164 a
3140 1112 3302 1167 Patre
3348 1113 3548 1183 clariﬁ-

1924 1202 2059 1263 can‘,
2091 1202 2149 1253 et
2174 1216 2356 1273 usque
2387 1201 2459 1256 ad
2488 1207 2734 1257 mortem
2764 1202 2870 1274 ipsi
2902 1203 3205 1259 obsecutus
3232 1209 3333 1260 est.
3354 1210 3553 1277 Apage

1922 1291 2101 1363 igitur
2128 1293 2291 1365 impii
2339 1295 2636 1366 cujusdam
2678 1296 2972 1352 Sociniani
3010 1298 3412 1352 insulsissimas
3458 1315 3554 1354 ca-

1922 1385 2259 1454 villationes,
2293 1389 2391 1459 qui
2421 1404 2487 1443 ex
2528 1389 2634 1443 hoc
2675 1395 2732 1443 et
2776 1390 2898 1444 aliis
2946 1391 3234 1446 nonnullis
3273 1391 3554 1446 similibus

1924 1479 2196 1550 loquendi
2224 1482 2407 1536 modis
2446 1482 2659 1538 inferre
2687 1484 2866 1537 voluit
2908 1488 3178 1555 negatam
3212 1502 3244 1538 a
3272 1486 3553 1555 Cypriane

1925 1572 2132 1629 Christi
2164 1573 2516 1629 divinitatem
2537 1592 2711 1648 quam
2738 1580 2860 1631 tam
2887 1593 3035 1649 saepe
3063 1594 3235 1650 quam
3254 1580 3453 1649 aperte
3483 1594 3548 1633 ac

1926 1666 2223 1738 perspicue
2250 1668 2601 1739 praedicavit.

2530 1854 2828 1897 ABTICULUS
2864 1856 2942 1896 III.

1926 1967 2002 2021 De
2058 1964 2272 2021 Christo
2331 1966 2561 2034 homine,
2612 1978 2675 2021 ac
2735 1982 2837 2036 quo
2897 1982 3057 2023 sensu
3116 1967 3228 2023 dici
3283 1970 3546 2041 potuerit,

2247 2044 2489 2116 Spiritus
2513 2050 2738 2101 sanctus
2764 2062 2935 2101 carne
2966 2046 3241 2103 induitur.

1998 2204 2330 2273 Pergamus,
2358 2202 2407 2256 si
2446 2201 2627 2269 lubet,
2659 2218 2723 2255 ac
2748 2201 3060 2269 videamus,
3092 2216 3271 2273 quam
3303 2200 3550 2258 dilucide

1927 2295 2213 2367 planeque
2239 2295 2551 2367 Cyprianus
2579 2300 2864 2349 asseveret
2898 2294 3185 2351 Christum
3216 2311 3334 2349 non
3382 2294 3556 2351 modo

1926 2405 2126 2443 verum
2178 2390 2383 2457 Deum,
2425 2388 2525 2442 sed
2568 2404 2764 2442 verum
2805 2404 3034 2458 quoque
3074 2404 3194 2444 esse
3235 2387 3551 2443 hominem.

1924 2482 2140 2549 Missus,
2169 2481 2371 2552 inquit,
2414 2481 2542 2535 fuit.
2592 2480 2748 2535 haud
2782 2480 2950 2535 dubie
2996 2480 3067 2535 ab
3114 2483 3339 2535 aeterno
3386 2483 3553 2536 Patre

1928 2592 2050 2642 suo,
2087 2596 2114 2625 «
2148 2573 2499 2629 llluminator
2521 2579 2579 2628 et
2601 2574 2797 2629 doctor
2818 2573 3045 2645 generis
3065 2574 3321 2644 humani,
3338 2595 3365 2624 ››
3381 2590 3555 2645 quem

1927 2667 2240 2723 admodum
2286 2672 2457 2722 antea
2497 2688 2527 2717 ι(
2577 2683 2682 2738 per
2726 2683 2925 2723 omnes
2975 2668 3281 2738 prophetas
3329 2689 3352 2717 υ
3402 2682 3553 2738 pra:-

1927 2764 2145 2817 dictum
2193 2762 2381 2818 fuerat
2422 2761 2731 2835 (Cyprian.,
2767 2762 2833 2816 de
2871 2761 3072 2816 Idolor.
3110 2764 3382 2825 Vanitat,
3421 2777 3553 2833 pag.

1933 2856 2039 2926 t5).
2071 2855 2218 2911 Dixit
2248 2856 2482 2928 quidem
2516 2876 2543 2904 «
2589 2870 2789 2910 omnes
2834 2854 3167 2926 prophetas,
3206 2877 3235 2905 »
3282 2854 3382 2909 sed
3419 2854 3554 2926 quia

1926 2950 2187 3005 brevitati
2228 2950 2330 3005 hac
2396 2950 2454 3004 in
2508 2948 2909 3004 lucubratione
2975 2947 3257 3013 studebat,
3313 2948 3370 3002 id
3435 2962 3555 3002 non

1928 3044 2087 3099 duxit
2137 3043 2317 3098 fusius
2369 3042 2447 3097 ibi
2495 3042 2874 3114 probandum.
2918 3045 2987 3097 At
3022 3042 3130 3096 hoc
3175 3041 3376 3113 utique
3423 3040 3554 3095 data

1928 3154 2101 3208 opera
2146 3136 2405 3208 probavit
2450 3136 2509 3190 in
2562 3135 2809 3190 secundo
2870 3134 3228 3207 potissimum
3283 3134 3552 3189 adversus

1926 3230 2147 3285 Judmos
2174 3230 2320 3284 libro
2354 3230 2541 3302 (Idem,
2568 3228 2667 3283 lib.
2698 3245 2735 3284 ιι
2760 3229 2888 3284 adv.
2916 3228 3127 3299 Jud.,§
3158 3230 3242 3295 10,
3271 3243 3401 3298 pag.
3441 3227 3552 3297 3‘7).

1928 3324 2011 3380 Ad
2040 3324 2175 3377 illud
2222 3322 2458 3394 insuper
2494 3339 2560 3377 ea
2601 3321 2797 3376 omnia
2838 3321 3171 3376 conducunt
3213 3320 3386 3391 prisci
3426 3320 3556 3373 Tes-

1927 3417 2170 3471 tamenti
2209 3416 2559 3483 testimonia,
2591 3415 2817 3486 quibus,
2843 3414 2925 3468 uti
2968 3414 3063 3469 ille
3099 3413 3368 3479 ostendit,
3401 3428 3550 3484 pras-

1928 3511 2255 3565 nuntiatum
2298 3510 2483 3564 fuerat
2533 3508 2919 3580 abrogandam
2967 3511 3218 3562 veterem
3256 3506 3469 3578 legem,
3498 3509 3556 3561 et

1929 3620 2134 3659 novam
2167 3602 2613 3674 subrogandam,
2645 3606 2947 3657 venturum
2983 3600 3291 3669 Christum,
3322 3605 3379 3653 et
3418 3599 3553 3653 fun-

1932 3696 2179 3752 dandam
2201 3696 2270 3751 ab
2291 3712 2355 3751 eo
2376 3712 2572 3750 veram
2588 3694 2950 3765 religionem.
2965 3693 3106 3748 Cum
3121 3695 3314 3747 autem
3338 3691 3555 3746 inﬁcias

1931 3807 2102 3847 nemo
2133 3790 2217 3845 ire
2245 3790 2421 3860 possit
2451 3788 2572 3842 11th
2596 3786 2793 3842 omnia
2832 3786 2903 3840 ad
2930 3785 3201 3839 eumdem
3242 3784 3552 3852 Christum,

1930 3884 2350 3954 mortalemque
2377 3881 2499 3951 ejus
2524 3880 2695 3933 vitam
2737 3881 3013 3949 spectare,
3046 3876 3178 3931 hinc
3218 3877 3415 3947 procul
3454 3875 3555 3929 du-

1928 3978 2022 4033 bio
2077 3975 2387 4047 Cyprianus
2445 3972 2671 4043 collegit
2714 3972 2877 4026 illum
2925 3968 3326 4025 annuntiatum
3380 3968 3554 4024 fuisse

1924 4088 2026 4142 per
2086 4084 2265 4125 omnes
2320 4068 2630 4139 prephetas.
2682 4065 2824 4120 Nam
2881 4063 2976 4117 alii
3034 4062 3157 4134 ejus
3222 4062 3553 4132 adventum,

1929 4164 2025 4220 alii
2057 4163 2241 4235 plura,
2267 4160 2363 4215 alii
2394 4158 2669 4233 pauciora
2694 4159 2763 4214 de
2794 4156 2889 4212 illo
2922 4157 3333 4228 praedixerunt.
3362 4156 3557 4211 Plures

1930 4273 2104 4330 porro
2134 4255 2203 4310 de
2233 4255 2421 4309 futuro
2449 4252 2669 4309 Christo
2696 4267 2988 4306 sacrorum
3016 4253 3210 4304 vatum
3241 4249 3563 4321 praedictio-

1932 4367 2035 4405 nes
2059 4350 2118 4403 in
2145 4346 2528 4419 superioribus
2560 4345 2765 4400 nostris
2806 4343 3319 4410 dissertationibus,
3353 4359 3385 4396 a
3414 4343 3552 4397 Lac-

202 4464 340 4514 est?
368 4478 393 4507 »
442 4458 624 4527 (Ibid)
663 4458 735 4510 At
778 4472 910 4510 cum
948 4454 1025 4509 ibi
1076 4455 1215 4510 dixit
1258 4458 1375 4508 tres
1418 4453 1544 4507 illas
1592 4444 2112 4526 sanctis-Dtantio
2138 4447 2194 4497 et
2218 4440 2580 4511 ,Tertulliano
2626 4439 2845 4508 citatas,
2877 4436 3272 4509 exposuimus,
3304 4440 3361 4491 et
3413 4452 3556 4490 enu-

202 4552 367 4608 sima:
413 4549 707 4606 Trinitatis
753 4565 1029 4620 personas
1077 4565 1196 4603 esse
1251 4563 1464 4616 unum,
1510 4562 1699 4601 nonne
1754 4544 1833 4599 ibi

203 4644 467 4717 sequitur
504 4643 914 4698 Tertullianum
965 4647 1376 4713 praeceptorem
1412 4656 1599 4703 suum,
1635 4639 1733 4711 qui
1772 4639 1833 4693 in

204 4755 338 4806 suo,
368 4737 531 4792 sicuti
565 4737 624 4791 in
653 4735 946 4809 superiori
984 4735 1380 4790 dissertatione
1408 4733 1831 4802 annotavimus,

208 4833 493 4888 adversus
514 4832 789 4885 Praxeam
834 4829 979 4883 libro
1019 4828 1262 4883 dixerat:
1298 4848 1325 4878 «
1356 4827 1462 4891 Qui
1500 4832 1616 4882 tres
1656 4842 1833 4880 unum

204 4930 361 4993 sunt,
409 4941 523 4979 non
572 4940 721 4979 unus
774 4944 803 4974 »
851 4924 1150 4995 (Dissertat.
1206 4924 1264 4975 in
1308 4922 1555 4988 Tertull.,
1605 4936 1730 4992 cap.
1780 4922 1832 4987 8,

205 5023 321 5074 art.
350 5018 422 5073 3).
458 5018 598 5083 Quis
639 5033 775 5089 ergo
807 5033 920 5071 non
966 5016 1118 5071 videt
1152 5015 1415 5071 eamdem
1460 5030 1580 5069 esse
1622 5012 1833 5069 utrius-

203 5128 322 5185 que
352 5111 421 5166 de
466 5110 653 5165 tribus
697 5109 900 5165 divinis
948 5108 1226 5182 personis,
1259 5113 1315 5163 et
1360 5124 1473 5162 una
1517 5106 1834 5177 eademque

206 5206 442 5261 illorum
468 5210 677 5260 natura
722 5203 1111 5259 sententiam?
1154 5202 1447 5266 Quomodo
1488 5204 1682 5256 autem
1724 5203 1837 5255 tres

201 5302 443 5373 possunt
472 5314 594 5353 esse
626 5314 826 5367 unum,
855 5297 963 5352 nisi
1009 5296 1145 5370 quia
1190 5302 1303 5352 tres
1333 5294 1535 5350 divinae
1578 5310 1837 5366 persona:

201 5409 388 5449 unam
417 5391 633 5447 habent
660 5397 952 5461 naturam,
983 5407 1095 5463 qua
1124 5394 1235 5446 tres
1266 5389 1377 5445 illa:
1409 5394 1465 5444 et
1512 5388 1665 5443 idem
1694 5389 1837 5443 Deus

200 5488 386 5542 sunt?

278 5580 539 5652 Denique
591 5580 689 5635 ille
733 5580 905 5651 paulo
953 5582 1082 5650 post
1132 5578 1301 5633 docet
1346 5578 1464 5643 hoc
1508 5574 1714 5634 Christi
1767 5575 1837 5630 de

207 5675 479 5749 gentibus
528 5674 587 5729 in
644 5674 878 5728 nomine
925 5673 1123 5742 Patris,
1172 5676 1223 5727 et
1283 5671 1426 5742 Filii,
1485 5675 1542 5725 et
1594 5670 1839 5742 Spiritus

206 5768 393 5826 sancti
443 5768 798 5842 baptizandis
848 5773 1132 5842 praecepto
1184 5766 1375 5840 juberi
1427 5764 1571 5835 illas,
1618 5788 1646 5816 ››
1703 5764 1839 5837 bap-

1932 4536 2257 4593 cleavimus.

2002 4633 2147 4686 Tum
2192 4628 2396 4683 dehinc
2432 4626 2782 4699 Cyprianus:
2818 4645 2845 4675 ‹‹
2875 4624 2995 4693 Hic,
3033 4621 3240 4694 inquit,
3269 4637 3455 4677 sermo
3502 4626 3561 4677 et

1935 4724 2109 4779 Filius
2155 4722 2279 4791 Dei,
2322 4723 2380 4776 in
2430 4720 2725 4791 Virginem
2774 4718 3024 4773 illabitur
3068 4732 3299 4771 carnem
3340 4714 3560 4787 Spiritu

1936 4822 2125 4873 sancto
2176 4817 2521 4887 cooperante
2573 4813 2849 4869 induitur.
2900 4833 2928 4862 »
2981 4812 3049 4866 Et
3100 4810 3175 4864 ita
3219 4808 3453 4881 quidem
3499 4809 3561 4862 in

1938 4911 2103 4967 editis
2165 4914 2224 4965 et
2288 4908 2689 4979 manuscriptis
2745 4903 3156 4962 recentioribus
3211 4902 3555 4975 quibusdam

1936 5003 2244 5060 codicibus.
2294 5004 2358 5058 In
2412 5001 2799 5073 antiquiorum
2848 5015 2979 5054 vero
3034 4996 3351 5052 editionum
3402 5011 3556 5051 mar-

1938 5101 2069 5172 gine
2106 5099 2227 5153 haec
2265 5097 2651 5151 adnotantur:
2688 5114 2715 5143 «
2756 5094 2905 5150 Alias
2959 5107 3129 5147 carne
3177 5089 3411 5162 spiritus
3467 5089 3557 5144 in-

1937 5192 2148 5249 duitur.
2207 5213 2235 5242 ››
2294 5195 2364 5246 At
2416 5189 2573 5261 quid,
2626 5188 2861 5243 obsecro
2911 5192 2986 5253 te,
3034 5186 3140 5239 hac
3194 5182 3563 5239 adnotatione

1937 5287 2094 5342 aliud
2132 5284 2504 5357 significatur,
2536 5282 2649 5337 nisi
2691 5282 2841 5336 hanc
2888 5278 3061 5335 fuisse
3093 5277 3337 5333 aliorum
3371 5293 3564 5333 exem-

1938 5380 2186 5453 plarium
2221 5377 2552 5433 lectionem.
2598 5377 2665 5431 Et
2713 5379 2863 5429 certe
2907 5374 3027 5428 haec
3073 5374 3151 5426 ita
3188 5372 3400 5443 scripta
3438 5375 3569 5425 sunt

1936 5496 2051 5534 non
2093 5477 2275 5531 solum
2319 5475 2377 5530 in
2422 5473 2769 5542 Corbeiensi,
2814 5489 2913 5528 seu
2954 5469 3467 5543 Sangermanensi,
3510 5469 3567 5521 et

1937 5572 2060 5628 aliis
2098 5575 2161 5625 ut
2205 5569 2392 5625 minus
2440 5572 2680 5640 septem,
2718 5565 3141 5632 vetustioribus,
3190 5580 3254 5618 ac
3306 5558 3569 5619 melioris

1940 5671 2091 5721 notm
2124 5662 2569 5737 exemplaribus.
2603 5665 2667 5718 In
2708 5661 3002 5718 nonnullis
3042 5674 3176 5714 vero
3207 5674 3220 5711 :
3254 5679 3286 5707 ‹‹
3332 5665 3573 5709 carnem

1939 5760 2147 5833 Spiritu
2195 5763 2433 5831 sancto;
2487 5780 2515 5809 ι)
2560 5758 2619 5813 in
2667 5754 2987 5825 Tarniensi,
3043 5775 3071 5805 «
3114 5766 3303 5813 carne
3348 5742 3601 5818 Spiritus
