4082 6194
553 323 683 378 1111

1407 318 1492 376 DE
1527 317 1744 376 LIBRIS
1779 317 1870 375 AD
1913 317 2322 377 DEMETRIAN.
2363 307 2571 377 ET'DE
2607 319 2782 378 IDOL.
2823 317 3040 377 VANIT.

3705 322 3815 381 1112

552 444 702 500 aucti
737 443 1060 515 operatione
1101 441 1374 498 induitur.
1408 461 1437 492 »
1485 442 1652 497 Vides
1694 458 1829 498 sane
1863 460 2038 516 quam
2077 443 2162 500 di-
2194 459 2253 532 Α
2284 443 2400 497 fuit
2461 444 2848 514 instructum,
2897 447 2954 498 et
2982 442 3374 498 informatum.
3421 443 3648 506 Quamvis
3694 446 3815 502 enim

555 554 729 593 versae
749 537 863 592 sint
889 537 997 591 hoc
1023 537 1080 592 in
1103 537 1224 591 loco
1252 535 1509 591 codicum
1536 535 1830 591 lectiones.

625 631 730 686 Sed
768 630 904 702 quia
942 630 1066 685 hinc
1109 630 1285 684 verba
1331 645 1500 684 carne
1551 631 1788 700 Spiritus
1826 629 1908 701 (in
1950 630 2177 701 quibus-

555 723 690 779 dam
723 723 984 779 additum
1034 723 1270 794 sanctus)
1313 723 1588 783 induitur.
1622 723 1852 778 duriora
1894 723 2178 794 aliquibus

553 817 736 874 videri
775 821 1062 890 poterant,
1091 817 1151 871 in
1198 817 1381 870 sancti
1423 816 1644 872 Martini
1688 817 2078 886 Tornacensis,
2123 821 2180 873 et

557 913 805 968 aliorum
858 911 1099 966 duorum
1158 926 1191 964 a
1243 909 1492 964 Pamelio
1548 909 1869 976 citatorum,
1919 909 2178 982 margine

553 1006 706 1060 istud
751 1003 1144 1075 explicationis
1198 1019 1366 1058 causa
1422 1003 1707 1072 adjectum
1764 1008 1898 1058 est:
1950 1022 1978 1054 α
2033 1004 2178 1057 Cum

557 1099 710 1165 dicit,
761 1114 993 1152 carnem
1041 1097 1280 1168 Spiritus
1331 1095 1588 1168 1023
1647 1099 1872 1150 sanctus
1922 1096 2180 1151 induitur

554 1208 670 1247 non
721 1207 1021 1262 personam
1075 1191 1319 1261 Spiritus
1376 1189 1553 1244 sancti
1608 1189 1827 1260 accipit,
1877 1189 1977 1244 sed
2032 1189 2176 1256 Filii,

556 1301 654 1356 qui
699 1287 756 1338 et
808 1285 927 1355 ipse
981 1283 1209 1354 spiritus
1264 1282 1505 1350 dicitur,
1554 1282 1716 1351 juxta
1764 1282 1902 1336 illud
1955 1300 1968 1337 :
2029 1284 2178 1337 Deus

555 1377 790 1448 spiritus
839 1381 944 1431 est.
987 1399 1015 1427 ››
1061 1378 1195 1441 Quae
1247 1375 1483 1448 quidem
1538 1375 1820 1430 Pamelius
1877 1375 1935 1430 in
1988 1375 2178 1446 ipsum

554 1470 817 1542 Cypriani
880 1472 1100 1524 textum
1163 1469 1232 1523 ab
1295 1467 1484 1539 Afﬂig.
1534 1473 1589 1523 et
1650 1467 1850 1524 Bland.
1917 1469 2177 1524 codicum

553 1563 797 1619 librariis
823 1564 1041 1617 intrusa
1068 1562 1242 1618 fuisse
1285 1563 1640 1616 testificatur.

625 1656 908 1728 Rigaltius
953 1672 1087 1710 vero
1123 1656 1347 1711 tametsi
1392 1656 1641 1726 priorem
1693 1655 2016 1723 lectionem,
2058 1657 2180 1726 Spi-

552 1752 665 1806 ritu
702 1754 889 1806 sancto
927 1755 1261 1820 cooperante,
1310 1750 1370 1803 in
1407 1748 1672 1820 Cypriani
1715 1752 1936 1804 textum
1987 1750 2171 1804 admi-

2277 540 2385 596 hoc
2431 540 2554 612 ipso
2600 541 2782 596 carnis
2826 538 3059 593 nomine
3103 540 3287 595 totum
3335 535 3618 604 hominem,
3652 537 3700 592 id
3735 544 3814 607 est,

2277 649 2478 705 corpus
2531 638 2587 688 et
2631 632 2888 687 anlmam
2934 630 3138 702 saepius
3184 629 3470 701 designet;
3523 629 3618 684 hoc
3664 637 3816 686 tamen

2276 744 2392 782 non
2422 725 2664 798 impedit
2696 725 2833 797 quin
2863 742 3014 795 smpe
3045 723 3214 779 etiam
3239 722 3423 777 carnis
3450 724 3654 778 nomine
3676 725 3820 780 solum

2278 837 2480 893 corpus
2515 819 2814 891 intelligat.
2862 819 3010 884 Quid
3056 834 3303 888 namque
3343 817 3401 871 in
3454 821 3558 870 toto
3594 818 3650 872 de
3685 818 3820 874 Carne

2281 915 2481 971 Christi
2518 914 2660 968 libro
2702 913 2858 967 aliud
2909 913 3048 984 agit,
3099 911 3209 965 nisi
3246 917 3312 965 ut
3356 913 3542 965 contra
3581 910 3821 966 haereticos

2280 1008 2541 1063 ostendat
2590 1024 2706 1062 non
2758 1006 3012 1062 ﬁctitiam
3057 1010 3114 1059 et
3149 1004 3491 1071 simulatam,
3541 1004 3626 1058 sed
3667 1021 3818 1060 veram

2278 1103 2346 1157 ab
2393 1119 2460 1156 eo
2510 1106 2861 1173 assumptam
2923 1099 3090 1154 fuisse
3147 1103 3419 1154 carnem?
3467 1099 3532 1150 At
3577 1097 3645 1152 ibi
3687 1103 3826 1154 carnis

2278 1196 2510 1251 nomine
2565 1197 2747 1251 solum
2802 1211 3008 1265 corpus
3060 1193 3333 1248 denotare
3383 1191 3612 1246 videtur.
3657 1193 3822 1247 Eodem

2278 1289 2447 1345 modo
2475 1290 2533 1344 in
2573 1289 2947 1360 subsequente
2991 1287 3134 1342 libro
3180 1288 3246 1342 de
3272 1289 3651 1342 Resurrectione
3687 1289 3825 1339 carnis

2281 1385 2425 1456 (cap.
2475 1387 2527 1452 8,
2584 1399 2719 1455 pag.
2761 1385 2864 1437 330
2907 1387 2964 1436 et
3003 1380 3187 1453 seqq.)
3234 1377 3486 1453 1024
3530 1378 3825 1450 disputando,

2277 1479 2432 1532 illam
2485 1476 2696 1532 animus
2745 1475 3000 1547 opponit.
3055 1474 3225 1545 Atqui
3272 1475 3332 1527 in
3388 1473 3525 1527 libro
3572 1473 3629 1527 de
3670 1473 3827 1526 Anima

2281 1571 2424 1642 (cap.
2481 1571 2574 1638 11,
2622 1586 2754 1641 pag.
2813 1567 2960 1641 271),
3017 1567 3222 1622 diserte
3280 1565 3480 1621 deﬁnit
3528 1569 3581 1620 et
3627 1565 3829 1618 animam

2280 1668 2337 1718 et
2371 1663 2631 1735 spiritum
2661 1663 2910 1717 hominis
2946 1677 3067 1716 esse
3108 1676 3284 1715 unum
3326 1666 3385 1715 et
3433 1659 3596 1714 idem.
3628 1659 3750 1712 Nam
3786 1661 3830 1711 ut

2278 1757 2442 1828 plura
2491 1756 2824 1811 omittamus
2867 1771 2879 1809 :
2929 1775 2957 1805 «
3004 1754 3144 1810 Cum
3197 1753 3265 1808 de
3317 1752 3522 1820 anima,
3576 1752 3750 1822 inquit,
3790 1755 3832 1804 et

554 1843 733 1914 serit,
808 1859 933 1898 eam
995 1845 1190 1897 tamen
1257 1841 1316 1896 in
1379 1841 1530 1896 notis
1592 1842 1747 1911 suis,
1811 1846 2082 1914 tanquam
2146 1840 2482 1922 aBspiritu
2525 1849 2737 1921 agitur,
2766 1849 2889 1921 ipse
2934 1847 3044 1902 erit
3073 1847 3265 1901 anima
3312 1845 3555 1918 spiritus,
3592 1844 3716 1898 sicut
3744 1843 3832 1898 dies

557 1935 918 2009 sequentium
971 1941 1207 1990 aetatum
1261 1934 1554 1990 subtiliore
1619 1935 1811 1991 schola
1862 1936 2174 2004 inventam,

552 2032 721 2103 plane
751 2029 1033 2101 repudiat.
1064 2029 1274 2084 Verum
1306 2029 1352 2083 si
1396 2029 1585 2099 spuria
1625 2033 1729 2095 est,
1759 2035 1816 2084 et
1855 2029 1926 2083 ab
1967 2029 2179 2084 acutio-

556 2123 714 2179 ribus
773 2121 1122 2178 scholasticis
1184 2121 1456 2191 conficta,
1521 2139 1622 2177 cur
1682 2123 1835 2178 illam
1893 2123 1951 2178 in
2016 2126 2178 2177 textu

556 2215 827 2289 Cypriani
852 2215 1082 2286 reliquit
1106 2213 1134 2269 ‘I
1163 2214 1288 2279 Qua
1308 2215 1481 2269 etiam
1512 2216 1731 2270 ratione
1757 2215 1928 2270 aliam
1958 2215 2176 2285 rejecit,

557 2327 685 2386 quin
723 2311 782 2365 in
833 2308 1251 2381 antiquioribus
1295 2309 1732 2381 exemplaribus,
1765 2309 1885 2380 ipso
1939 2309 2176 2378 fatente,

556 2407 861 2481 reperitur,
913 2410 972 2462 et
1032 2423 1202 2479 quam
1266 2407 1470 2478 probat
1523 2423 1685 2478 posse
1742 2406 1852 2461 hoc
1905 2405 2180 2460 catholico

556 2519 729 2559 sensu
761 2499 1033 2574 explicari
1065 2519 1081 2555 :
1116 2500 1358 2572 Spiritus
1401 2503 1649 2569 sanctus,
1681 2500 1739 2555 id
1786 2503 1889 2568 est,
1939 2515 2182 2570 persona

557 2595 682 2653 Filii
737 2594 858 2661 Dei,
907 2593 1003 2666 qui
1056 2593 1291 2664 spiritus
1348 2598 1450 2660 est,
1509 2609 1684 2648 carne
1734 2592 2009 2647 induitur.
2069 2592 2180 2647 Sed

557 2687 805 2760 Rigaltio
831 2688 1006 2758 longe
1046 2686 1332 2757 antiquior
1371 2691 1456 2741 est
1495 2687 1616 2740 haec
1661 2685 1959 2756 explicatio
2006 2701 2181 2756 quam

559 2781 733 2854 paulo
784 2783 916 2834 ante
966 2780 1299 2834 monuimus
1347 2779 1406 2833 in
1448 2780 1622 2833 trium
1669 2784 1926 2834 veterum
1973 2795 2179 2833 manu-

557 2875 902 2946 scriptorum
934 2872 1312 2945 marginibus,
1345 2878 1402 2928 et
1441 2873 1685 2928 duorum
1731 2873 1976 2927 aliorum
2019 2876 2182 2927 textu

559 2968 822 3024 inveniri.

638 3065 846 3118 Verum
901 3059 1036 3133 quia
1083 3060 1394 3131 Cyprianus
1448 3060 1594 3115 hanc
1647 3059 1778 3114 libri
1828 3060 1915 3114 sui
1960 3064 2184 3131 partem

562 3161 619 3213 et
645 3155 1015 3221 Tertulliano,
1050 3153 1214 3207 sicuti
1257 3153 1521 3223 diximus,
1554 3153 1916 3224 potissimum
1961 3153 2182 3208 deliba-

561 3249 662 3316 vit,
712 3265 830 3304 non
873 3247 1087 3301 inutilis
1137 3236 1372 3300 forsitan
1424 3262 1612 3317 operte
1665 3248 1916 3318 pretium
1973 3247 2084 3300 erit
2139 3247 2185 3302 si

559 3343 726 3415 paulo
755 3339 1070 3394 accuratius
1106 3340 1491 3410 expendamus
1523 3345 1717 3394 utrum
1762 3341 2021 3410 magistri
2064 3357 2184 3395 ver-

559 3436 652 3504 ba,
682 3434 814 3489 huic
843 3432 1098 3504 discipuli
1149 3433 1272 3503 ejus
1301 3432 1424 3487 loco
1465 3434 1653 3487 lucem
1691 3434 1941 3505 aliquam
1979 3434 2184 3490 afferre

559 3543 662 3599 pos
677 3527 810 3581 sint.
841 3525 1062 3582 Dixerat
1089 3527 1284 3579 autem
1316 3525 1693 3580 Tertullianus
1722 3545 1735 3581 :
1771 3528 2036 3596 Verbum,
2069 3527 2184 3584 sive

561 3621 758 3676 Sermo
790 3619 908 3687 Dei,
940 3640 968 3670 ‹‹
1009 3618 1274 3690 delapsus
1321 3617 1380 3673 in
1423 3619 1702 3690 virginem
1751 3621 2084 3692 quamdam,
2131 3626 2188 3676 et

559 3713 621 3770 iu
652 3719 818 3769 utero
863 3713 984 3784 ejus
1025 3728 1152 3767 caro
1197 3712 1497 3784 ﬁguratus,
1532 3714 1775 3768 nascitur
1827 3715 2017 3784 homo,
2068 3716 2184 3770 Deo

559 3808 774 3863 mixtus
806 3823 820 3860 :
853 3822 982 3862 caro
1015 3805 1216 3877 spiritu
1256 3806 1534 3862 instructa
1580 3809 1848 3876 nutritur,
1896 3808 2182 3876 adolescit,

561 3901 788 3970 affatur,
833 3900 1017 3970 docet,
1050 3903 1340 3973 operatur,
1375 3904 1432 3956 et
1460 3899 1712 3955 Christus
1739 3907 1843 3956 est.
1886 3923 1914 3950 ››
1950 3903 2181 3973 (Tertul.

574 3997 888 4066 Apologet.,
920 4010 1043 4066 cap.
1077 3998 1164 4063 21,
1196 4011 1326 4066 pag.
1371 3993 1486 4066 21.)
1515 3994 1755 4050 Videsne
1802 3995 1926 4050 haec
1965 3995 2035 4049 ab
2085 3995 2184 4050 illo

559 4087 820 4160 pluribus
871 4087 1061 4143 verbis
1112 4088 1338 4156 tradita,
1381 4103 1511 4160 quae
1555 4087 1869 4158 Cyprianus
1913 4087 2187 4160 pauciori-

564 4181 674 4236 bus
724 4179 1020 4236 reddidit?
1076 4181 1378 4252 Utriusque
1434 4180 1610 4252 igitur
1663 4181 1936 4251 quoniam
1989 4182 2184 4236 eadem

564 4291 753 4342 mens,
806 4273 1076 4346 idemque
1156 4290 1352 4329 sensus
1411 4279 1516 4341 est,
1581 4273 1992 4346 inquirendum
2054 4292 2188 4330 sane

567 4367 708 4440 quid
751 4388 779 4419 ‹‹
808 4367 994 4422 carnis
1039 4372 1096 4422 et
1148 4367 1377 4439 spiritus
1425 4385 1454 4419 ιο
1508 4367 1740 4422 nomine
1791 4368 2184 4435 Tertullianus,

561 4477 628 4528 ac
673 4460 913 4534 proinde
948 4460 1279 4533 Cyprianus,
1325 4459 1689 4515 intellexerit.
1735 4462 1808 4515 At
1848 4461 2035 4516 carnis
2082 4478 2184 4516 no-

2203 3201 2259 3276 C

2278 1943 2401 2014 ipsa
2430 1943 2546 2009 lux,
2581 1962 2608 1994 ι)

2351 2035 2498 2100 Quid
2534 2051 2670 2105 ergo
2717 2039 2870 2090 vetat
2909 2033 3218 2106 quominus
3257 2031 3316 2088 in
3359 2033 3682 2102 Apologeticu
3713 2029 3830 2084 dixe-

2278 2128 2353 2184 rit
2375 2128 2577 2184 Christi
2605 2145 2822 2184 carnem
2872 2128 2932 2183 in
2981 2128 3226 2198 Virginis
3265 2133 3430 2182 utero
3474 2125 3762 2197 ﬁguratam,
3796 2129 3837 2177 et

2278 2224 2478 2292 spiritu
2546 2222 2662 2277 sive
2717 2221 2911 2276 anima
2970 2220 3340 2287 instructam,
3397 2219 3580 2274 omnia
3637 2216 3836 2271 effecisse

2279 2315 2546 2370 humanas
2575 2315 2945 2386 mortalisque
2974 2315 3096 2386 ejus
3131 2315 3260 2368 vita:
3288 2329 3479 2384 opera.
3511 2313 3667 2366 Verus
3690 2315 3840 2364 autem

2279 2409 2328 2464 si
2354 2409 2425 2464 sit
2460 2409 2551 2464 hic
2594 2407 2927 2463 Tertulliani
2973 2424 3192 2475 sensus,
3222 2423 3418 2463 nonne
3463 2405 3640 2460 dicere
3682 2419 3836 2474 possu-

2280 2518 2406 2557 mus
2432 2503 2586 2557 hunc
2613 2501 2880 2557 eumdem
2923 2517 3042 2557 esse
3089 2500 3355 2572 Cypriani
3397 2514 3645 2554 sensum:
3687 2497 3842 2552 Sermo

2279 2596 2376 2651 Dei
2406 2595 2464 2651 in
2495 2596 2783 2667 Virginem
2814 2595 3065 2667 illapsus,
3096 2611 3258 2650 carne
3284 2596 3533 2664 spiritus,
3564 2592 3612 2646 id
3640 2595 3727 2656 est,
3752 2589 3842 2659 ejus

2283 2686 2477 2740 anima
2505 2686 2770 2740 induitur.
2801 2686 2914 2740 Nec
2934 2684 3128 2756 magni
3159 2689 3313 2738 certe
3345 2683 3517 2738 refert
3543 2685 3716 2736 utrum
3744 2683 3841 2752 post

2280 2781 2528 2850 spiritus,
2557 2780 2844 2850 adjectum
2868 2778 3042 2833 fuerit
3071 2784 3313 2832 sanctus.
3347 2776 3483 2841 Quis
3511 2775 3652 2830 enim
3677 2774 3843 2828 neseiat

2282 2878 2534 2928 sanctam
2565 2888 2684 2927 esse
2726 2871 2930 2926 Christi
2971 2870 3275 2925 animam?
3313 2871 3591 2925 Caeterum
3632 2868 3756 2921 hanc
3779 2881 3845 2919 ex-

2283 2966 2650 3039 plicationem
2680 2965 2748 3020 iis
2778 2969 3001 3020 tantum
3021 2964 3386 3036 exponimus,
3415 2963 3511 3034 qui
3537 2957 3841 3031 conjecturis,

2285 3060 2490 3132 quibus
2543 3075 2672 3115 raro
2720 3058 3106 3131 indulgemus,
3147 3057 3379 3113 veniam
3420 3053 3704 3128 aliquando
3745 3051 3843 3106 dare

2284 3160 2540 3226 possunt.

2355 3248 2606 3320 Denique
2620 3249 2832 3302 Auctor
2861 3251 3055 3300 noster
3082 3244 3255 3300 dixit:
3289 3265 3317 3294 «
3346 3246 3491 3300 Deus
3517 3259 3638 3298 cum
3662 3237 3848 3294 homine

2283 3342 2573 3410 miscetur,
2630 3362 2658 3392 »
2723 3340 2879 3412 quod
2937 3356 3005 3394 ex
3068 3340 3156 3394 his
3219 3338 3407 3394 adhuc
3467 3334 3719 3391 delibavit
3764 3347 3847 3386 ma-

2284 3435 2446 3506 gistri
2500 3435 2589 3489 sui
2644 3433 2980 3489 Tertulliani
3037 3433 3227 3488 verbis
3277 3449 3289 3487 :
3344 3453 3374 3481 ‹‹
3419 3430 3669 3486 Nascitur
3715 3427 3848 3481 homo

2287 3530 2401 3584 Deo
2467 3527 2702 3583 mixtus.
2758 3550 2786 3579 »
2842 3530 3090 3584 Rursum
3141 3531 3337 3580 autem
3395 3525 3578 3580 cernis
3623 3521 3686 3576 ab
3727 3525 3847 3573 utro-

2287 3639 2396 3694 que
2461 3622 2658 3677 eadem
2691 3664 2706 3690 ,
2773 3621 2870 3676 sed
2928 3619 3160 3675 diversis
3223 3619 3414 3674 verbis
3469 3613 3751 3673 enuntiari.
3801 3613 3850 3663 At

2285 3717 2567 3788 quomodo
2615 3731 2684 3770 ea
2726 3713 3104 3785 intelligenda
3154 3713 3286 3781 sint,
3337 3712 3398 3766 in
3448 3709 3720 3781 superiore
3765 3703 3848 3756 dis-

2286 3809 2594 3865 sertatione
2620 3807 2993 3881 patetecimus
3027 3806 3276 3880 (Dissert.
3309 3808 3371 3861 in
3416 3803 3658 3866 Tertull.,
3687 3816 3790 3870 cap,
3812 3797 3850 3860 9,

2286 3907 2392 3959 art.
2428 3902 2500 3976 1).

2904 3997 3195 4040 ARTICULUS
3236 3997 3309 4035 IV.

2285 4103 2361 4156 De
2420 4100 2746 4157 idololatria
2810 4102 3017 4169 origine
3044 4142 3059 4166 ,
3133 4104 3182 4153 et
3257 4097 3508 4152 ridiculis
3582 4088 3852 4175 quibus???

2356 4185 2717 4238 Romanorum
2755 4167 2983 4242 diisiin
3027 4178 3188 4232 dubio
3235 4183 3331 4232 aut
3373 4175 3536 4231 notho
3585 4172 3726 4241 hujus
3763 4167 3852 4221 libri

2356 4264 2667 4331 fragmento
2692 4263 2912 4323 notatis,
2947 4275 3011 4314 ac
3036 4258 3101 4313 de
3141 4258 3352 4312 crudeli
3396 4255 3672 4312 consulum
3707 4253 3851 4306 Roma-

2357 4356 2546 4396 norum
2573 4342 2750 4394 initio.

2360 4465 2498 4532 Quae
2540 4465 2802 4520 adversus
2855 4461 3115 4518 ethnicos
3163 4460 3235 4516 de
3279 4459 3616 4515 idololatriae
3662 4453 3848 4526 origine,

562 4555 720 4611 mine
747 4554 841 4610 ille
868 4554 1072 4627 saepius
1098 4553 1412 4626 signiﬁcare
1434 4554 1660 4609 videtur
1681 4557 1860 4609 totam
1878 4554 2191 4609 humanam
2211 4578 2272 4651 D
2294 4575 2359 4616 ac
2402 4558 2556 4614 falsis
2608 4558 2862 4630 pluribus
2909 4557 3138 4612 illorum
3192 4554 3300 4610 diis
3353 4553 3662 4626 Cyprianus
3712 4547 3852 4618 dispu'

564 4653 771 4711 Christi
815 4658 1105 4724 naturam,
1135 4670 1247 4726 qua
1293 4653 1353 4708 in
1407 4656 1566 4708 utero
1613 4652 1850 4724 virginis
1890 4653 2170 4725 ﬁguratus

569 4774 598 4803 ‹‹
637 4752 892 4808 nascitur
925 4720 1100 4808 homo
1127 4720 1206 4819 ς-»
1254 4750 1409 4806 haud
1450 4750 1622 4806 dubie
1659 4720 1791 4822 quia
1843 4720 2195 4822 evangelista;

565 4845 905 4918 scripserat:
944 4845 1178 4902 Verbum
1222 4861 1347 4900 caro
1370 4846 1581 4913 factum
1617 4849 1712 4912 est,
1741 4849 1792 4900 et
1821 4844 2092 4900 habitauit
2134 4847 2194 4900 in

563 4940 736 4996 nobis.
777 4941 981 5011 (Joan.,
1009 4955 1050 5006 ι,
1081 4939 1186 5008 14.)
1221 4940 1291 4994 At
1313 4937 1359 4992 si
1389 4954 1480 4993 res
1514 4938 1592 4993 ita
1627 4938 1716 5006 sit,
1749 4938 2057 4994 dicendum
2110 4942 2195 4994 est

563 5033 976 5090 Tertullianum
1020 5032 1278 5104 Spiritus,
1319 5037 1416 5087 aut
1455 5032 1636 5088 sancti
1666 5032 1912 5103 Spiritus
1956 5034 2194 5089 nomine

568 5143 684 5183 non
714 5127 950 5199 quidem
993 5126 1325 5198 designasse
1366 5127 1598 5182 tertiam
1635 5126 1730 5182 SS.
1759 5126 2065 5196 Trinitatis,
2094 5127 2194 5181 sed

564 5220 870 5276 secundam
898 5219 1067 5275 Verbi
1100 5220 1279 5276 divini
1319 5237 1646 5293 personam,
1676 5236 1802 5292 quae
1841 5235 2043 5275 revera
2085 5220 2198 5292 spi-

564 5311 708 5368 ritus
733 5316 790 5368 et
814 5319 1010 5369 sancta
1038 5317 1142 5370 est.

636 5407 1042 5464 Verumtamen
1087 5407 1137 5462 si
1185 5405 1390 5479 aliquis
1435 5405 1777 5477 conjecturae
1831 5407 1986 5462 locus
2036 5405 2197 5463 nobis

564 5500 815 5569 daretur,
842 5500 990 5556 hanc
1037 5499 1138 5556 tibi
1185 5517 1664 5572 proponeremus.
1695 5501 1896 5558 Nonne
1933 5501 2045 5556 dici
2090 5517 2193 5574 po-

562 5600 672 5652 test
698 5593 1108 5650 Tertullianum
1137 5593 1217 5649 ibi
1259 5597 1442 5650 carnis
1478 5595 1713 5650 nomine
1759 5594 1946 5651 solum
1986 5594 2194 5654 Christi

559 5705 788 5762 corpus,
833 5693 891 5745 et
936 5690 1166 5761 spiritus
1219 5688 1497 5746 vocabulo
1544 5689 1800 5745 animam
1867 5689 1989 5761 ejus
2040 5688 2192 5761 indi-

558 5798 714 5841 casse
766 5799 780 5838 :
824 5797 962 5839 nam
1003 5803 1032 5835 α
1085 5783 1246 5856 Caro,
1300 5782 1509 5860 inquit,
1564 5784 1767 5856 spiritu
1820 5783 2114 5852 instructa,
2161 5804 2191 5835 »

605 5879 641 5936 d
683 5879 788 5951 est,
822 5893 958 5935 caro
1001 5877 1142 5953 ejus,
1184 5880 1301 5936 sive
1341 5894 1548 5956 corpus
1595 5877 1819 5953 spiritu,
1859 5893 1963 5936 seu
2008 5875 2199 5934 anima

2294 4657 2397 4722 tat,
2447 4669 2514 4707 ea
2557 4651 2769 4719 omnia,
2821 4666 2948 4723 qua:
2997 4647 3493 4703 animadversione
3542 4645 3704 4717 digna
3745 4639 3852 4699 sunt.

2293 4748 2353 4802 in
2401 4745 2786 4818 superioribus
2827 4743 3032 4799 nostris
3076 4741 3574 4797 dissertationibus
3617 4733 3853 4793 enucleare

2295 4845 2353 4896 et
2411 4840 2694 4895 illustrare
2757 4837 2975 4893 connisi
3031 4853 3260 4891 sumus.
3324 4834 3666 4890 Paucissima
3713 4830 3855 4895 itaque

2294 4936 2514 4991 restant
2555 4951 2588 4989 a
2640 4932 2802 4990 nobis
2847 4930 3218 4987 observanda.
3259 4929 3340 4988 Ab
3385 4929 3512 5002 ipso
3552 4931 3731 4982 autem
3767 4913 3857 4975 libri

2294 5029 2459 5085 initio
2489 5030 2685 5084 auctor
2705 5032 2897 5083 noster
2926 5025 3128 5081 nefarii
3156 5024 3435 5079 falsorum
3467 5022 3693 5078 deorum
3721 5014 3854 5070 cultus

2295 5122 2578 5196 originem
2628 5139 2662 5178 a
2713 5121 2958 5177 Saturno
3017 5135 3148 5174 cum
3208 5117 3436 5190 repetit,
3501 5113 3849 5188 praeceptorem

2296 5233 2484 5286 suum,
2526 5215 2689 5272 sicuti
2727 5215 2849 5287 jam
2898 5213 3311 5280 annotavimus,
3355 5209 3766 5270 Tertullianum,
3798 5212 3853 5252 se-

2295 5312 2508 5385 quitur.
2564 5311 2737 5366 Paulo
2778 5312 2905 5381 post
2948 5323 3081 5362 vero
3137 5305 3376 5378 gentiles
3436 5305 3732 5366 Romanos,
3775 5304 3856 5348 non

2295 5422 2457 5462 secus
2508 5409 2679 5477 atque
2717 5403 2871 5458 idem
2915 5400 3296 5457 Tertullianus
3336 5404 3392 5455 et
3433 5394 3698 5454 Minucius
3730 5385 3857 5448 Felix,

2296 5499 2527 5569 refellit,
2577 5496 2675 5570 qui
2731 5495 3062 5571 garriebant
3111 5510 3215 5550 sua
3261 5493 3321 5548 in
3362 5492 3501 5548 deos
3539 5487 3737 5562 pietate
3769 5492 3858 5535 me:

2296 5592 2474 5648 ruisse
2538 5591 2711 5648 totius
2773 5593 2943 5646 terra;
3010 5587 3162 5644 orbis
3222 5586 3551 5659 imperium.
3607 5575 3857 5652 (Cypriane

2297 5687 2363 5744 de
2415 5687 2617 5744 Idolor.
2670 5687 2943 5754 Vanitat.,
2997 5698 3128 5756 pag.
3201 5684 3294 5748 t3;
3344 5679 3624 5735 Dissertat.
3673 5674 3727 5727 in
3769 5667 3861 5723 Ter-

2299 5782 2445 5850 tull.,
2489 5797 2613 5853 cap.
2654 5782 2745 5851 25,
2783 5781 2891 5835 art.
2941 5781 3002 5847 t;
3054 5778 3340 5833 Dissertat.
3396 5775 3459 5828 in
3518 5772 3724 5828 Minue,
3762 5773 3860 5827 03P-

2299 5878 2365 5936 t8
2408 5880 2465 5932 et
2513 5877 2616 5948 t9;
2659 5879 2715 5932 et
2763 5876 2827 5931 in
2882 5872 3228 5936 Tcrtuttian.,
3283 5883 3409 5944 cap.
3463 5869 3553 5936 27,
3607 5863 3704 5919 art.
3755 5855 3780 5910 3
3822 5863 3867 5917 et
