4082 6194
284 278 423 338 1113

1317 271 1385 331 D.
1415 271 1685 332 NICOLAI
1714 269 1798 327 LE
1833 263 2112 324 NOURRY
2148 266 2599 327 DISSERTATIO.

3491 270 3627 329 1114

274 402 483 477 seqq.).
538 406 610 460 At
659 400 737 458 ibi
784 400 843 458 in
899 402 1239 473 Rigaltiana,
1292 401 1621 468 Oxoniensi,
1675 402 1732 455 et
1786 402 2039 478 qui-Aa
2100 402 2408 474 gentilibus
2470 400 2530 456 in
2591 400 2820 456 illorum
2883 413 3127 455 numero
3183 397 3418 470 reponi,
3489 416 3633 470 quos

272 498 516 553 busdam
572 497 693 551 aliis
745 496 1089 551 editionibus
1138 497 1257 550 haec
1312 496 1633 566 leguntur:
1678 516 1707 547 «
1755 498 1900 551 Acca

274 598 334 647 et
370 593 534 646 Flora
574 590 918 646 meretrices.
950 593 1011 646 In
1043 594 1266 645 tantum
1293 606 1425 645 vero
1457 590 1696 644 deorum
1732 606 1899 644 voca-

272 685 406 739 bula
456 684 610 755 apud
663 686 949 740 Romanos
994 683 1313 755 ﬁnguntur,
1364 689 1425 739 ut
1470 685 1541 738 sit
1582 684 1733 754 apud
1778 684 1903 738 illos

273 780 332 827 et
382 772 595 826 Viduus
641 773 798 840 deus,
854 772 951 844 qui
1006 773 1195 827 anima
1246 789 1449 844 corpus
1504 774 1726 842 viduet,
1779 773 1899 845 qui,

274 866 437 938 quasi
483 865 672 921 feralis
718 872 775 922 et
817 866 1095 936 funebris,
1142 868 1294 921 intra
1336 883 1531 922 muros
1574 884 1688 921 non
1731 867 1904 923 habe.

272 964 390 1027 tur,
458 959 559 1014 sed
622 960 756 1014 foris
817 960 1146 1030 collocatur,
1210 966 1265 1015 et
1328 961 1705 1016 nihilominus
1766 961 1905 1031 quia

278 1052 521 1107 extorris
548 1053 749 1121 factus,
775 1054 1081 1109 damnatur
1107 1054 1295 1125 potius
1322 1056 1575 1110 Romana
1602 1054 1898 1125 religione,

276 1166 452 1222 quam
490 1151 710 1206 colitur.
737 1155 835 1209 Est
869 1158 926 1207 et
953 1154 1189 1207 Scansus
1226 1152 1297 1207 ab
1339 1154 1663 1208 aseensibus
1695 1153 1901 1221 dictus,

276 1250 335 1298 et
373 1244 639 1299 Forculus
682 1262 715 1299 a
756 1246 998 1313 foribus,
1045 1248 1102 1300 et
1138 1262 1171 1299 a
1211 1245 1485 1301 limitibus
1529 1246 1900 1315 Limentinus,

272 1342 331 1391 et
368 1338 596 1394 Cardese
634 1356 667 1392 a
712 1339 1059 1408 cardinibus,
1092 1343 1149 1395 et
1184 1339 1252 1393 ab
1283 1339 1623 1395 orbitatibus
1651 1340 1899 1397 Orbona.

274 1430 343 1485 Ili
390 1431 465 1486 dii
516 1432 778 1487 Romani.
830 1454 859 1483 ››
918 1434 1127 1505 (Cypr.,
1186 1434 1344 1499 ἰδίει,
1391 1450 1522 1507 pag.
1573 1437 1636 1488 12
1690 1439 1748 1489 et
1800 1437 1883 1489 13.

274 1530 339 1582 In
397 1527 601 1582 nostris
650 1532 844 1581 autem
896 1527 1180 1581 codicibus
1232 1527 1355 1582 hzec
1407 1531 1631 1583 tantum
1683 1528 1900 1583 haben-

272 1624 370 1675 tur
409 1638 421 1675 :
460 1642 486 1670 ‹‹
527 1622 669 1675 Acca
709 1622 766 1675 et
798 1619 963 1675 Flora
1010 1619 1264 1694 1025
1310 1621 1661 1677 meretrices.
1711 1623 1775 1677 Hi
1824 1622 1901 1678 dii

273 1713 549 1781 Romani;
579 1734 607 1764 »
641 1715 843 1769 caetera
880 1730 1011 1768 vero
1040 1715 1232 1769 omnia
1268 1715 1490 1782 desunt,
1528 1715 1900 1786 quemadmo-

274 1813 415 1868 dum
448 1812 507 1866 in
554 1811 901 1866 editionibus
938 1828 1089 1866 anno
1138 1812 1291 1881 1540,
1339 1812 1497 1881 1541,
1544 1816 1697 1881 1564,
1746 1819 1905 1889 1593,

278 1905 596 1976 divulgatis.
676 1906 907 1959 Fatetur
983 1921 1211 1976 quoque
1291 1905 1599 1962 Oxonieusi
1669 1909 1901 1966 editioni

274 1998 620 2071 praepositus
660 2013 729 2052 ea
760 1997 819 2052 in
853 1998 1263 2069 probatissimis
1305 2002 1728 2073 exemplaribus
1757 2003 1904 2058 desi-

274 2092 485 2158 derari,
551 2091 731 2163 iisque
806 2091 1099 2162 pertubari
1176 2092 1445 2163 Cypriani
1522 2112 1774 2151 sensum.
1844 2100 1907 2153 In

276 2186 399 2256 ejus
432 2187 623 2239 tamen
656 2187 808 2238 textu
841 2184 939 2239 illa
974 2184 1181 2239 idcirco
1210 2186 1464 2254 retinuit,
1503 2189 1662 2259 quia,
1695 2188 1902 2262 inquit,

275 2278 335 2332 in
404 2279 799 2332 Beneventano
855 2276 1070 2346 codice,
1124 2279 1457 2348 Veronensi,
1522 2298 1637 2335 uno
1702 2283 1904 2338 saltem

275 2388 345 2426 ex
393 2374 644 2442 quatuor
672 2370 971 2437 Vossianis,
1012 2375 1069 2425 et
1105 2371 1425 2428 Corbeiensi
1466 2374 1751 2445 leguntur.
1792 2377 1903 2432 Sed

280 2464 416 2536 quid
473 2465 542 2519 de
591 2464 771 2519 tribus
822 2464 1044 2534 primis,
1098 2482 1240 2536 quos
1291 2467 1478 2522 aliena
1533 2468 1644 2523 fide
1692 2468 1898 2538 citavit,

283 2574 386 2612 nec
447 2574 549 2611 nos
614 2556 878 2626 vidimus,
936 2557 1239 2612 dicendum
1305 2562 1395 2627 sit,
1463 2561 1605 2615 nihil
1673 2563 1901 2634 quidem

277 2651 424 2706 scire
478 2650 787 2722 potuimus.
842 2654 910 2705 At
966 2651 1074 2705 hoc
1122 2659 1271 2707 certe
1333 2653 1544 2707 scimus
1591 2655 1714 2710 haec
1770 2673 1899 2710 om-

276 2746 371 2799 nia
422 2744 478 2799 in
551 2744 916 2811 Corbeiensi,
970 2745 1085 2799 sive
1147 2746 1673 2818 Sangermanensi,
1728 2766 1901 2821 quem

275 2855 395 2910 pra:
442 2839 706 2893 manibus
744 2838 1042 2905 habemus,
1094 2856 1205 2893 non
1250 2841 1512 2911 reperiri.
1560 2844 1761 2898 Mirum
1794 2844 1897 2897 ita-

277 2949 389 3004 que
441 2933 726 3004 quomodo
780 2932 903 2986 huic
953 2949 1058 2986 nec
1106 2950 1287 3005 pauca
1330 2934 1563 3004 quidem
1614 2936 1782 2991 verba
1838 2937 1898 2991 in

2005 498 2241 571 singulis
2296 496 2617 567 quibusque
2676 494 2845 549 rebus
2908 494 3120 565 praeﬁci
3182 495 3628 549 somniaverant.

2002 593 2161 648 Tales
2233 591 2405 645 etiam
2492 592 2656 643 erant
2728 589 2939 642 Viduus
3016 594 3074 642 et
3162 588 3405 643 Scansus
3495 590 3630 644 satis

2002 685 2297 758 perspicue
2343 685 2401 738 in
2446 682 2656 737 notatis
2694 683 2886 753 hujus,
2930 682 3002 736 de
3052 698 3163 753 quo
3205 685 3453 753 agimus,
3499 684 3631 738 libri

2004 779 2349 835 editionibus
2428 777 2714 847 descripti.
2804 777 2909 831 Sed
2988 776 3152 847 plura
3227 777 3296 831 de
3378 776 3630 831 ridiculis

2004 874 2158 927 hisce
2216 871 2482 927 omnibus
2529 870 2633 925 diis
2677 868 3027 941 Augustinus
3080 886 3144 924 ex
3194 871 3439 924 Varrone
3484 875 3633 924 retu-

2004 966 2087 1033 lit,
2150 982 2323 1037 quem
2379 964 2537 1019 adire
2601 962 2831 1018 cuilibet
2882 962 3221 1017 facillimum
3286 966 3389 1017 est.
3458 965 3624 1035 (Aug.

2003 1059 2101 1115 lib.
2158 1076 2207 1112 IV
2261 1059 2327 1113 de
2378 1058 2517 1121 ϐίω,
2568 1056 2834 1130 1026
2887 1074 3011 1128 cap.
3066 1058 3120 1122 8,
3170 1072 3225 1127 p.
3283 1058 3349 1111 93
3406 1062 3463 1110 et
3506 1072 3626 1127 seq.

2004 1160 2060 1212 et
2105 1156 2201 1211 lib.
2252 1172 2323 1223 v1,
2370 1172 2492 1226 cap.
2544 1158 2597 1221 9,
2640 1172 2773 1226 pag.
2828 1155 2969 1223 150.)
3016 1153 3271 1225 Denique
3319 1153 3629 1224 Cyprianus

2006 1250 2255 1307 ostendit
2307 1266 2412 1305 nec
2461 1250 2661 1303 datum
2716 1247 3007 1315 Romanis,
3065 1263 3173 1301 nec
3223 1250 3456 1302 auctum
3522 1246 3629 1300 im-

2003 1345 2229 1416 perium
2296 1349 2529 1415 prOpter
2592 1343 2825 1397 illorum
2887 1341 2945 1395 in
3008 1340 3238 1395 ﬁctitios
3300 1340 3438 1396 deos
3496 1356 3629 1395 suos

2003 1438 2299 1509 pietatem.
2360 1457 2388 1487 ‹‹
2437 1436 2659 1492 Etenim
2710 1434 3087 1503 consulatum,
3145 1434 3358 1504 inquit,
3415 1434 3629 1504 cepisse

2004 1531 2282 1601 videmus,
2334 1537 2397 1585 ut
2443 1546 2710 1601 regnum.
2762 1529 2928 1583 Filios
2981 1527 3248 1581 interﬁcit
3292 1528 3517 1591 Brutus,
3574 1533 3634 1581 ut

2003 1630 2217 1680 crescat
2265 1624 2332 1678 de
2381 1623 2651 1694 suffragio
2696 1622 2924 1677 sceleris
2970 1619 3388 1675 commendatio
3436 1618 3628 1691 digni—

2015 1723 2161 1778 tatis.
2203 1743 2231 1772 »
2275 1724 2484 1794 (Cypr.,
2526 1722 2591 1775 de
2633 1720 2772 1775 Idol.
2809 1722 2977 1781 Van.,
3022 1733 3157 1789 pag.
3204 1716 3311 1785 13.)
3354 1715 3632 1770 Omnibus

2013 1822 2204 1872 autem
2247 1822 2381 1869 nota
2424 1820 2508 1869 est
2548 1814 2782 1869 historia
2825 1810 3115 1882 Tarquinii
3158 1808 3419 1880 Superbi,
3465 1807 3559 1879 qui
3599 1823 3634 1862 ει

2008 1909 2283 1967 Romanis
2329 1925 2510 1979 regno
2564 1907 2757 1978 pulsus
2808 1905 2934 1959 fuit.
2986 1905 3187 1957 Brutus
3231 1918 3366 1956 vero
3412 1900 3633 1973 primus

2007 2007 2201 2075 postea
2249 2003 2445 2057 consul
2498 2000 2646 2055 ﬁlios
2694 2015 2858 2067 suos,
2907 1996 3210 2067 uxorisque
3260 2012 3375 2049 suae
3428 1996 3633 2050 fratres

2008 2098 2180 2169 virgis
2229 2095 2423 2163 caedit,
2486 2100 2544 2150 et
2603 2093 2773 2164 plecti
2841 2090 3020 2163 capite
3083 2094 3383 2161 propterea
3432 2089 3618 2161 jussit,

2006 2191 2138 2262 quia
2178 2190 2249 2245 de
2294 2188 2599 2259 Tarquinio
2644 2186 2969 2243 reducendo
3016 2202 3147 2240 cum
3198 2184 3323 2238 aliis
3374 2183 3633 2254 conjura-

2004 2286 2219 2338 verant.
2279 2286 2500 2339 Testem
2569 2298 2638 2336 ea
2700 2282 2770 2336 de
2838 2296 2900 2334 re
2962 2280 3009 2333 si
3076 2294 3249 2352 quem
3306 2277 3618 2344 desideras,

2003 2376 2233 2431 citatum
2271 2376 2439 2429 habes
2475 2375 2547 2430 ab
2592 2373 2906 2445 Augustino
2935 2372 3256 2443 Virgilium,
3302 2372 3462 2443 cujus
3503 2371 3627 2425 hinc

2006 2474 2138 2525 sunt
2169 2470 2420 2523 carmina
2452 2484 2465 2523 :

2093 2567 2181 2616 Vis
2210 2571 2259 2616 et
2284 2565 2589 2629 Tarquinios
2616 2579 2767 2627 reges
2792 2563 3120 2628 animamque
3148 2563 3427 2627 superbam

2092 2638 2281 2687 Ultoris
2311 2637 2472 2696 Bruti,
2509 2636 2774 2699 fascesque
2799 2635 2975 2685 videre
3007 2635 3290 2696 receptos?

2094 2709 2326 2758 Consulis
2348 2708 2627 2770 imperium
2655 2708 2740 2756 hic
2776 2708 2975 2770 primus
3008 2719 3269 2768 saevasque
3297 2716 3508 2753 secures

2096 2780 2346 2841 Accipiet,
2376 2784 2626 2841 natosque
2654 2783 2816 2842 pater,
2846 2792 2981 2827 nova
3007 2778 3146 2827 bella
3170 2778 3461 2836 moventes,

2095 2851 2173 2902 Ad
2200 2863 2406 2914 pinnam
2436 2850 2653 2913 pulchra
2680 2864 2772 2911 pro
2798 2849 3032 2898 libertate
3059 2847 3284 2896 vocabit.

2486 2921 2731 2983 (VlRGlL.,
2761 2920 2851 2969 lib.
2884 2930 2935 2969 VI
2968 2918 3193 2979 ΑΞηείάη
3215 2932 3268 2966 v.
3293 2918 3383 2967 812
3411 2919 3463 2966 et
3489 2916 3624 2979 seq.)

276 3029 362 3079 tot
413 3025 727 3094 codicibus,
789 3026 884 3097 qui
946 3026 1102 3080 varia
1156 3032 1351 3094 astate,
1417 3033 1475 3082 et
1537 3028 1597 3082 in
1663 3029 1901 3084 diversis
1999 3021 2164 3076 Plura
2193 3020 2240 3074 si
2279 3020 2494 3092 cupias,
2538 3020 2629 3073 adi
2667 3020 2925 3075 Servium
2973 3018 3034 3072 in
3077 3019 3179 3072 hos
3221 3016 3461 3072 Maronis
3499 3032 3623 3070 ver-

282 3118 612 3189 regionibus
666 3119 861 3190 scripti
908 3122 1057 3185 sunt,
1106 3119 1293 3173 omitti
1347 3122 1654 3191 potuerint.
1704 3123 2136 3210 Nounecsus;
2188 3122 2375 3176 Titum
2426 3121 2679 3188 Livium;
2736 3120 3063 3191 Dionysium
3116 3118 3627 3185 Halicarnasseum,

274 3228 414 3283 ergo
467 3213 586 3265 haec
651 3229 860 3283 purum
922 3218 1242 3284 putumque
1295 3212 1764 3284 hdditamentum
1817 3235 1906 3272 sa-

274 3306 348 3359 tis
413 3305 715 3360 redolent?
770 3306 877 3361 Sed
925 3306 1093 3377 hujus
1147 3306 1491 3363 diflicultatis
1549 3309 1761 3365 nodum
1815 3329 1906 3366 so-

273 3400 376 3453 lita
424 3416 522 3453 sua
577 3399 881 3470 sagacitate
934 3400 1110 3454 solvet
1163 3400 1317 3455 haud
1352 3401 1521 3455 dubie
1566 3403 1908 3460 clarissimus

275 3495 364 3546 vir
417 3492 738 3563 Stephanus
793 3492 1067 3562 Baluzius,
1118 3492 1216 3564 qui
1269 3496 1372 3562 tot,
1420 3494 1587 3549 sicuti
1639 3486 1904 3566 diximus,

282 3586 570 3641 consuluit
626 3586 1038 3658 manuscriptos
1084 3586 1315 3655 codices,
1376 3604 1517 3659 quos
1575 3588 1763 3645 videre
1801 3607 1907 3645 no-

276 3680 368 3735 bis
405 3696 520 3734 non
559 3679 736 3734 licuit.

351 3774 558 3827 Verum
604 3772 859 3845 quamvis
902 3773 1025 3827 haec
1067 3772 1245 3827 notha
1278 3773 1448 3844 plane
1492 3779 1549 3828 et
1589 3775 1907 3833 adulterina

272 3867 394 3921 sint
437 3866 627 3936 verba,
676 3867 937 3921 nonnulli
993 3872 1181 3921 tamen
1208 3852 1260 3920 'a
1312 3866 1476 3921 nobis
1518 3867 1755 3923 forsitan
1799 3870 1899 3924 sci-

276 3960 653 4026 scitabuntur,
702 3960 939 4030 quinam
986 3959 1065 4013 illi
1126 3959 1207 4013 dii
1252 3960 1483 4016 fuerint.
1525 3962 1905 4025 Quamobrem

274 4053 389 4120 his,
437 4054 481 4108 si
537 4053 634 4125 qui
689 4056 880 4123 erunt,
932 4052 1170 4107 curiosis
1222 4053 1549 4108 hominibus
1595 4056 1903 4126 responde-

274 4146 464 4201 bimus
510 4147 579 4201 de
621 4146 876 4214 Forculo,
920 4146 1262 4215 Limentino,
1314 4146 1542 4213 Cardea,
1583 4151 1639 4201 et
1680 4147 1907 4202 Orbana

266 4239 396 4311 jam
446 4256 477 4293 a
531 4240 696 4294 nobis
754 4245 941 4293 actum
997 4241 1054 4293 in
1116 4244 1312 4294 nostra
1367 4241 1434 4293 de
1497 4240 1728 4294 Arnobii
1778 4240 1906 4294 libri

280 4332 696 4412 dissertatione.
745 4333 982 4405 (Dissert.
1034 4335 1093 4386 in
1138 4333 1371 4394 Arnob.,
1423 4349 1546 4405 cap.
1600 4336 1683 4402 13,
1724 4336 1829 4387 art.
1875 4336 1904 4388 5

279 4429 342 4481 et
400 4428 477 4495 6.,
522 4425 599 4481 ibi
657 4443 791 4481 vero
854 4427 1021 4498 plane
1083 4426 1435 4481 ostendimus
1482 4426 1605 4481 haec
1663 4425 1901 4481 numina

2010 3216 2291 3270 Valerium
2353 3215 2679 3283 Maximum,
2735 3220 2790 3269 et
2843 3214 2981 3268 alios
3045 3214 3321 3267 Romanas
3375 3210 3629 3266 historias

2009 3310 2331 3380 scriptores.
2398 3307 2657 3363 Pluribus
2725 3323 2898 3379 porro
2958 3306 3084 3361 aliis
3150 3306 3464 3384 rationum.
3502 3320 3626 3358 mo-

2007 3402 2214 3457 mentis
2262 3401 2574 3473 Cyprianus
2620 3400 2916 3455 evidenter
2952 3398 3235 3453 convincit
3274 3414 3447 3468 quam
3491 3397 3630 3451 falsa

2008 3498 2066 3549 et
2099 3495 2343 3549 absurda
2376 3495 2446 3549 sit
2494 3495 2884 3549 Romanorum
2913 3492 3171 3564 jactatio,
3212 3507 3324 3563 qua
3362 3505 3523 3544 suam
3569 3489 3629 3542 in

2008 3588 2140 3642 deos
2184 3605 2313 3643 suos
2360 3593 2595 3659 prepter
2635 3588 2929 3659 pietatem,
2972 3586 3279 3640 fundatum
3325 3589 3384 3638 et
3426 3583 3497 3638 ad
3538 3582 3628 3636 ul-

2005 3681 2177 3735 timas
2227 3680 2379 3735 orbis
2428 3684 2594 3735 terra:
2650 3684 2840 3751 partes
2887 3681 3271 3750 propagatum
3324 3674 3631 3747 imperium

2005 3790 2173 3828 suum
2222 3773 2574 3829 ell‘utiebant.
2628 3774 2813 3845 (Aug.,
2851 3773 2948 3826 lib.
3014 3788 3074 3826 ιιι
3135 3771 3200 3825 de
3265 3771 3449 3831 Civit,
3503 3783 3627 3838 cap.

2012 3871 2093 3936 16,
2123 3884 2252 3939 pag.
2284 3872 2372 3934 72,
2414 3867 2617 3936 Livius,
2658 3866 2757 3921 lib.
2808 3882 2846 3920 ιι
2886 3865 3035 3934 init.;
3075 3864 3303 3933 Dionys.
3341 3860 3630 3916 Halicarn.

2005 3961 2101 4015 lib.
2150 3978 2181 4012 v
2236 3962 2421 4029 Antiq.
2473 3963 2722 4027 Roman.;
2771 3958 2888 4014 Val.
2937 3959 3106 4026 Max.,
3156 3956 3253 4011 lib.
3304 3973 3352 4022 ν,
3401 3970 3525 4025 cap.
3572 3956 3626 4023 8,

2005 4055 2038 4125 §
2095 4053 2171 4122 1.)
2232 4053 2340 4107 Sed
2400 4054 2522 4107 haec
2575 4055 2913 4125 argumenta
2966 4052 3024 4106 in
3079 4050 3463 4122 superioribus
3515 4047 3627 4102 dis-

2005 4146 2403 4201 sertationibus
2463 4146 2699 4214 nostris,
2766 4146 2873 4201 nisi
2936 4148 3107 4219 plane
3168 4144 3444 4213 fallimur,
3496 4142 3630 4196 satis

2008 4239 2277 4310 explicata
2314 4243 2465 4295 sunt.
2517 4241 2757 4312 (Dissert.
2802 4243 2860 4295 in
2900 4243 3123 4308 Minue,
3170 4256 3293 4311 cap.
3344 4240 3408 4293 18
3454 4240 3511 4291 et
3542 4239 3626 4303 19;

2004 4336 2063 4387 in
2093 4334 2366 4396 Lactant.,
2397 4349 2522 4403 cap.
2572 4337 2659 4401 32,
2708 4337 2816 4389 art.
2862 4338 2879 4389 1
2920 4350 3106 4405 seqq;
3159 4338 3218 4388 et
3261 4335 3321 4387 in
3374 4330 3626 4399 Tertull.,

2006 4442 2131 4498 cap.
2165 4429 2254 4497 27,
2283 4431 2388 4481 art.
2418 4428 2447 4480 3
2480 4431 2537 4481 et
2573 4431 2773 4498 seqq.).
