4082 6194
488 252 622 328 ms
1481 273 1687 330 HENR.
1716 273 2072 332 DODWELLI
2110 273 2411 334 DISSERT.
2451 277 2763 337 orrum.
2787 279 2829 335 ι.
3647 291 3766 350 me

1121 608 1964 775 HENRICI
2109 609 3204 782 DODWELLI

761 885 2056 1040 DISSERTATIONES
2149 887 3095 1044 CYPRIANICPE
3171 891 3542 1045 TRES

488 464 3758 496 mm

1547 1389 2294 1484 DISSERTATIO
2391 1391 2773 1486 PRIMA.

1285 1611 1408 1676 AD
1447 1613 1511 1674 S.
1565 1612 1996 1682 CYPRIANI
2036 1614 2581 1680 EPISTOLAM
2619 1614 2829 1680 OCTA
2856 1615 3045 1681 VAM

877 1771 963 1835 De
992 1771 1368 1854 visionibus,
1401 1779 1606 1859 utque
1637 1776 1958 1840 visionum
1987 1793 2257 1840 suarum
2287 1775 2480 1840 ﬁdem
2508 1777 2985 1860 comprobarint
3015 1781 3290 1855 veteres,
3326 1783 3450 1840 etc.

1975 2235 2382 2304 SYNOPSIS.

564 2395 595 2468 §
625 2396 680 2453 1.
717 2399 1078 2455 Permansisse
1102 2402 1329 2458 visiones
1356 2407 1408 2456 et
1439 2401 1584 2456 dona
1617 2401 1934 2472 prophetica
1971 2415 2008 2455 a
2053 2401 2386 2472 temporibus
2425 2403 2804 2472 Apostolorum
2841 2417 3009 2474 usque
3045 2403 3123 2458 ad
3165 2403 3503 2473 Cyprianum
3536 2417 3599 2458 ea:
3625 2408 3808 2459 auctore

491 2477 906 2556 Apocalypseos,
941 2482 1198 2535 Hermete.
1225 2511 1296 2524 —-
1320 2482 1352 2552 §
1381 2485 1434 2537 2.
1466 2481 1728 2536 Clemente
1760 2483 1999 2536 Romano
2026 2485 2078 2535 et
2108 2488 2328 2537 auctore
2356 2483 2547 2538 Esdrz
2575 2485 2888 2554 Apocryphi
2942 2513 3013 2524 —-
3049 2483 3080 2556 §
3112 2487 3164 2539 3.
3196 2485 3432 2552 lauatio.
3457 2513 3526 2524 —
3552 2483 3582 2554 §
3609 2483 3656 2536 4.
3684 2485 3807 2549 Qua-

496 2554 674 2635 drato,
711 2558 956 2628 Philippi
981 2561 1218 2628 ﬁliabus,
1251 2563 1467 2617 Ammia
1502 2560 1961 2630 Philadelphiensi
1986 2565 2038 2614 et
2077 2561 2401 2632 Polycarpo.
2428 2592 2497 2603 -—
2526 2563 2559 2635 §
2586 2567 2641 2618 5.
2668 2565 2876 2618 Iustino
2906 2554 3166 2632 Martyre.
3201 2591 3260 2602 —
3292 2561 3323 2634 §
3353 2565 3408 2616 6.
3443 2563 3676 2617 Melitone
3699 2563 3808 2616 Sar-

499 2633 675 2725 densif
704 2636 1017 2725 Alexandro
1044 2640 1276 2710 Phryge,
1309 2641 1798 2725 Attalo,_aliisq_u_e.
1831 2668 1902 2725 -_—
2071 2641 2292 2725 Irenaeo,
2331 2671 2400 2725 -_—
2436 2640 2467 2714 §
2494 2633 2842 2725 81‘Perpetua
2867 2645 3162 2725 etSaturo.
3193 2633 3315 2698 Non
3339 2644 3514 2725 fuisse
3538 2642 3808 2725 illosﬂon-

501 2715 752 2805 tanistas.
771 2744 841 2805 -ς
861 2715 887 2786 §
906 2720 1164 2805 9.]‘erum
1181 2735 1292 2805 non
1310 2724 1408 2805 est,
1436 2719 1684 2774 relictum
1700 2719 2051 2805 Montanistis
2072 2721 2141 2774 ab
2159 2721 2398 2805 Ecclesia
2415 2721 2826 2805 prophetiarum
2844 2723 3017 2788 fuisse
3038 2725 3384 2790 praetextum.
3406 2719 3516 2792 —§
3537 2722 3616 2774 10.
3642 2719 3810 2776 Contra

493 2795 616 2882 post
634 2795 1238 2882 imperium_Commodi,
1262 2814 1320 2852 eo
1346 2801 1462 2868 ipso
1496 2801 1814 2882 argumento
1843 2799 2161 2864 refutarunt
2193 2803 2656 2857 Montanistarum
2673 2803 2986 2882 prophetias
3008 2801 3279 2862 catholici,
3303 2801 3454 2870 quod
3470 2815 3603 2855 vere
3623 2801 3816 2882 prophe-

499 2871 590 2952 tiae
611 2871 813 2928 donum
836 2876 893 2928 in
911 2876 1146 2933 Ecclesia
1169 2885 1492 2948 perpetuum
1513 2879 1772 2944 futurum
1787 2884 1951 2941 esset;
1975 2894 2095 2933 cum
2117 2885 2297 2935 tamen
2319 2883 2778 2937 Montanistarum
2796 2882 2939 2936 illud
2947 2880 3068 2948 jam
3085 2883 3278 2947 fuisset
3295 2881 3725 2952 emtinctum.—§
3746 2884 3788 2933 lt
3807 2920 3818 2935 .

499 2949 864 3042 {tangimus
884 2956 1166 3042 _lIrbanus,
1207 2957 1572 3042 Epiphanius.
1608 2983 1677 2995 —-
1714 2955 1756 3042 §.
1792 2958 2004 3042 t2,_t3.
2036 2961 2246 3042 Auctor
2281 2962 2545 3042 Actorum
2587 2962 2863 3030 Perpetua
2896 2967 2947 3016 et
2976 2961 3284 3016 Filicitatis.
3321 2990 3394 3042 -_—-
3421 2961 3454 3032 §
3496 2961 3577 3014 14.
3612 2949 3820 3017 Visiones

496 3029 712 3110 Natalis
777 3036 828 3086 et
874 3034 1217 3098 Potamienz,
1279 3036 1450 3106 deque
1503 3033 1816 3091 Alexandro
1874 3039 2385 3107 Hierosolymorum,
2450 3029 2701 3095 Fabiano
2756 3044 2932 3097 Rom
3005 3040 3394 3096 constituendis
3428 3029 3725 3110 episcopis.
3766 3067 3823 3080 —

496 3106 529 3174 §
584 3111 667 3164 t5.
721 3111 981 3179 Agnoscit
1021 3117 1338 3186 prophetias
1387 3115 1657 3183 Origenes.
1703 3144 1770 3156 —
1814 3115 1847 3186 §
1899 3119 1981 3171 16.
2041 3106 2359 3175 Declinatur
2415 3123 2776 3176 testimonium
2829 3122 3073 3188 Gregorii
3117 3120 3350 3188 Nysseni
3393 3121 3459 3176 de
3490 3106 3563 3174 ‘8.
3608 3106 3822 3188 Gregorio

507 3189 931 3262 Thaumaturgo.
965 3224 1033 3235 —
1064 3193 1094 3267 §
1129 3200 1211 3250 17.
1250 3199 1395 3253 Visio
1421 3197 1671 3264 Dionysii
1707 3195 2095 3253 Alexandrini.
2129 3229 2139 3240 -

2251 3199 2267 3271 ξ
2303 3201 2388 3262 18,
2429 3201 2515 3265 19,
2543 3200 2633 3265 20,
2673 3203 2763 3254 21.
2797 3201 3046 3255 Visiones
3084 3201 3256 3269 ipsius
3285 3197 3574 3268 Cypriani.
3605 3227 3668 3237 —
3700 3197 3821 3268 με,

508 3271 656 3326 Visio
698 3275 814 3328 alia
853 3279 1100 3346 Dionysii
1139 3280 1528 3335 Alexandrini.
1571 3309 1640 3319 —
1685 3276 1716 3349 §
1755 3279 1844 3331 23.
1881 3276 2126 3331 Visiones
2165 3279 2355 3348 palam
2394 3279 2676 3332 enuntiari
2700 3280 2872 3333 solitae
2914 3279 3076 3349 idque
3121 3283 3248 3332 ante
3291 3285 3560 3332 eventum.
3601 3308 3665 3320 —
3699 3277 3820 3348 §24.

509 3355 577 3408 Ut
609 3355 826 3420 fraudi,
856 3359 914 3410 in
945 3361 1214 3413 visionum
1246 3365 1540 3429 pratextu,
1571 3358 1885 3413 subventum
1919 3355 2011 3407 sit.
2045 3385 2113 3396 —-
2147 3355 2177 3428 §
2213 3360 2304 3422 25,
2349 3359 2437 3423 26,
2481 3359 2568 3410 27.
2616 3361 2688 3412 De
2725 3361 3062 3426 argumentis
3101 3359 3296 3427 quibus
3335 3359 3661 3426 probaretur
3694 3357 3826 3409 visio-

499 3447 629 3485 num
681 3434 834 3500 ﬁdes.
881 3440 1180 3505 praesertim
1238 3440 1565 3493 intrinsecis.
1615 3438 1845 3495 Donum,
1890 3434 2278 3501 cogitationum
2323 3436 2853 3506 patefaciendarum.
2907 3465 2978 3479 —-
3027 3437 3061 3508 §
3114 3439 3204 3498 28.
3254 3439 3345 3502 29,
3402 3441 3490 3492 30.
3535 3439 3824 3492 Futurorum

491 3509 977 3578 pradicendorum.
1015 3518 1224 3572 Futura
1257 3533 1376 3587 quae
1410 3518 1552 3572 vires
1588 3515 1798 3584 alioqui
1835 3517 2045 3568 creatas
2073 3531 2177 3570 non
2217 3515 2554 3580 excedet-unt,
2597 3517 2667 3571 ab
2700 3518 2809 3572 alio
2849 3522 3047 3579 tamen,
3078 3521 3445 3586 praeterquam
3485 3519 3589 3572 Deo
3625 3509 3828 3586 praedici

499 3603 568 3642 ea:
611 3589 763 3644 illius
809 3595 910 3647 aevi
949 3597 1256 3666 principiis,
1309 3611 1418 3650 non
1466 3599 1740 3665 poterant.
1785 3619 1854 3631 —
1911 3589 1943 3660 §
1992 3594 2080 3646 31.
2135 3594 2334 3650 Eodem
2383 3593 2547 3655 redit,
2599 3597 2710 3650 sive
2762 3612 2796 3648 a
2840 3598 2944 3650 Deo
2991 3599 3106 3665 ipso
3152 3597 3483 3660 immediate,
3523 3601 3629 3652 sive
3674 3593 3824 3649 media

502 3670 693 3739 aliqua
740 3679 992 3728 creatura
1044 3677 1286 3730 revelata
1334 3677 1564 3742 fuerint.
1615 3703 1685 3714 -ο
1742 3673 1830 3728 32.
1887 3671 2244 3743 Hypotheseos
2287 3674 2449 3740 hujus
2495 3688 2615 3727 cum
2664 3676 3028 3744 phznomenis
3081 3677 3356 3728 consensio
3399 3677 3643 3730 veritatis
3679 3686 3820 3740 argu-

499 3756 738 3805 mentum
776 3759 870 3807 est.
903 3783 973 3794 —
1013 3753 1158 3826 §33.
1191 3759 1276 3812 Er
1305 3757 1544 3810 aliarum
1587 3753 2006 3825 prophetiarum
2039 3751 2166 3821 ﬁde,
2196 3757 2257 3806 ut
2297 3752 2539 3805 aliarum
2575 3753 2735 3822 ﬁdem
2779 3755 3132 3807 astrumerint.
3165 3782 3235 3792 —
3265 3752 3298 3823 §
3328 3753 3419 3808 34.
3454 3755 3700 3809 Verorum
3734 3765 3828 3820 pro-

495 3829 784 3899 phetarum
826 3836 1008 3888 omnia
1053 3852 1160 3890 non
1200 3838 1426 3903 fuerunt
1468 3835 1806 3905 prophetica.
1843 3864 1913 3877 --
1954 3836 2042 3898 35,
2083 3833 2171 3898 36,
2211 3834 2298 3886 37.
2331 3831 2526 3901 Aliqui
2566 3833 2958 3902 prophetarum
2999 3847 3201 3886 errores
3251 3848 3372 3886 cum
3418 3848 3546 3887 vera
3585 3832 3830 3902 prophetia

500 3911 817 3975 consistunt,
849 3918 900 3966 et
939 3915 1166 3982 quinam
1198 3915 1303 3968 illi.
1333 3942 1402 3954 -ο
1439 3914 1472 3986 §
1510 3915 1599 3968 38.
1633 3914 1940 3982 PrOphetiae
1972 3913 2175 3966 veritas
2219 3926 2287 3966 ea:
2315 3915 2701 3968 communionis
2737 3914 2830 3966 cui
2867 3927 2920 3966 se
2958 3911 3301 3980 adjunarerat
3334 3913 3622 3982 propheta,
3650 3913 3830 3964 unitate

501 3990 737 4058 probata
774 3997 872 4046 est.
909 4021 978 4033 —
1013 3993 1044 4065 §
1086 3996 1175 4048 39.
1215 3996 1454 4062 Quorum
1497 3995 1794 4063 prophetiae
1838 4007 2018 4050 omnes
2067 3993 2301 4058 fuissent
2339 3993 2591 4053 obscurae,
2630 4007 2812 4046 eorum
2850 3992 2980 4059 ﬁdes
3023 3991 3184 4045 aliter
3219 3993 3328 4044 nisi
3370 4007 3440 4046 ea:
3485 3989 3833 4046 communionis

501 4070 712 4124 unitate
739 4073 1104 4127 commendari
1121 4089 1231 4128 non
1246 4079 1477 4143 poterat.
1500 4103 1568 4114 ——
1589 4074 1620 4144 §
1642 4073 1732 4129 4-0.
1763 4076 2005 4130 Visiones
2022 4071 2286 4139 juvenum
2311 4077 2466 4127 erant
2489 4073 2745 4142 propriae.
2761 4099 2833 4112 -—
2854 4069 2884 4142 §
2906 4071 2995 4137 41,
3018 4069 3108 4124 42.
3140 4069 3282 4136 Quid
3304 4069 3372 4123 de
3393 4071 3506 4124 illis
3529 4067 3828 4124 seruiendum

506 4149 606 4217 qui
624 4151 938 4219 prophetiae
964 4152 1091 4207 illas
1117 4156 1462 4223 antiquorum
1499 4153 1736 4208 ludibrio
1763 4153 2072 4208 habuerint.

577 4326 608 4400 §
640 4329 688 4382 l.
711 4354 779 4367 —
805 4327 926 4381 Non
952 4329 1038 4381 est
1066 4326 1218 4398 quod
1249 4327 1341 4382 hic
1372 4327 1771 4396 rabbinorum,
1800 4326 2136 4395 aliorumve,
2162 4305 2224 4379 Α
2245 4327 2422 4382 finem
2457 4325 2666 4398 scripta
2695 4324 2795 4380 illa
2834 4325 2939 4394 est,
2971 4339 3144 4396 quam
3179 4323 3462 4380 habemus
3489 4317 3833 4395 Apocalypsis,

510 4420 609 4493 qui
651 4419 950 4492 prophetia
999 4425 1246 4492 egerunt
1284 4420 1716 4493 visionibusque
1763 4420 2144 4493 propheticis,
2247 4423 2364 4478 sive
2415 4421 2487 4476 ab
2535 4419 2821 4494 apostolo,
2868 4434 2966 4474 seu
3007 4417 3152 4474 forte
3195 4434 3230 4473 ο.
3265 4419 3482 4473 Joanne
3522 4416 3834 4488 presbytero,

506 4514 974 4586 compilationem
1037 4513 1214 4569 lector
1263 4518 1538 4586 expectet.
1610 4516 1718 4570 Nos
1785 4531 1850 4570 ea
1916 4517 2146 4569 tantum
2249 4537 2377 4592 qua;
2399 4524 2591 4574 tamen
2619 4517 2806 4573 omnis
2833 4517 2890 4572 in
2917 4517 3204 4572 visionum
3229 4518 3572 4588 argumento
3597 4517 3834 4569 versatur.

509 4607 811 4680 seligemus
841 4624 968 4679 qua
999 4607 1070 4662 ab
1101 4607 1334 4663 eruditis
1365 4608 1772 4679 praetermissa,
1811 4607 2145 4662 nondumve
2253 4613 2462 4670 Eodem
2526 4611 2750 4666 circiter
2803 4614 3062 4682 tempore
3103 4612 3378 4665 Pastorem
3424 4625 3592 4664 suum
3653 4603 3838 4676 scripsit

2248 4708 2501 4776 Hermes,
2543 4705 2646 4760 sub
2684 4705 2980 4761 Clemente
3019 4702 3176 4758 enim
3213 4702 3504 4774 scripsisse
3547 4701 3754 4756 constat
3785 4711 3838 4750 ex

2248 4800 2394 4856 libro
2435 4798 2621 4871 primo
2665 4799 2894 4860 Vision.,
2946 4813 3005 4851 n.
3035 4799 3094 4852 2.
3139 4796 3248 4851 Nec
3277 4795 3548 4867 estquod
3589 4804 3839 4850 moremur

2250 4893 2566 4950 recentiora
2626 4892 2722 4947 illa
2787 4890 3156 4960 Pontiﬁcalis,
3222 4889 3542 4944 carminum
3608 4887 3838 4942 adversus

2249 4987 2588 5042 Marcionem
2621 4990 2720 5040 aut
2755 4999 2883 5055 quae
2913 4983 2996 5037 Pii
3036 4999 3248 5037 nomen
3286 4982 3480 5037 ferunt
3512 4979 3839 5052 epistolarum

2251 5082 2320 5136 ad
2383 5082 2604 5135 Justum
2669 5078 3089 5144 Viennensem,
3152 5075 3285 5131 tidei
3349 5075 3541 5131 omnia
3607 5074 3840 5142 suspects

2250 5174 2592 5231 testimonia.
2637 5173 2815 5243 Hujus
2856 5187 2996 5241 opus
3043 5186 3173 5225 cum
3215 5169 3396 5225 tribus
3437 5173 3655 5224 constet
3696 5162 3839 5229 libris,

2251 5269 2470 5338 primus
2506 5266 2788 5322 visionum
2815 5263 3050 5318 titulum
3088 5279 3207 5335 pra:
3245 5279 3305 5317 se
3342 5262 3474 5326 fert,
3505 5265 3750 5330 totusque
3775 5258 3842 5310 est

2255 5363 2315 5418 in
2357 5379 2425 5418 eo
2460 5362 2824 5432 argumento.
2855 5359 2918 5412 1n
2955 5356 3206 5412 secundo
3248 5357 3422 5411 etiam
3462 5357 3532 5411 de
3571 5352 3842 5427 propheta-

2255 5473 2383 5511 rum
2431 5455 2850 5527 spirituumque
2898 5466 3166 5505 verorum
3220 5450 3602 5520 falsorumque
3646 5443 3841 5500 distinc-

2253 5551 2408 5605 tione
2448 5548 2568 5621 agit
2609 5564 2674 5604 ex
2716 5545 2972 5619 professo
3015 5544 3308 5616 (Mandat.,
3339 5547 3423 5612 11,
3461 5542 3566 5612 12).
3598 5540 3841 5605 Quorsum

522 5651 690 5707 tiant.
732 5648 928 5706 Potius
972 5648 1131 5704 omni
1172 5647 1269 5703 illo
1309 5647 1626 5716 intervallo,
1666 5647 1737 5703 ab
1778 5646 2046 5720 apostolis
2078 5645 2229 5744 adB
2254 5643 2418 5712 illud,
2481 5641 2591 5697 nisi
2651 5654 2919 5696 verorum
2978 5653 3204 5711 quoque
3265 5637 3691 5744 prophetarum“
3715 5629 3841 5744 dona

520 5744 874 5817 Cyprianum
911 5757 1118 5816 usque,
1162 5745 1472 5815 perpetuus
1517 5745 1637 5796 erat
1679 5741 1962 5796 visionum
1993 5756 2149 5810 usus,
2173 5725 2229 5744 υ
2253 5752 2506 5809 eousque
2544 5735 2602 5791 in
2640 5732 2885 5790 Ecclesia
2913 5731 3295 5804 permansisse
3329 5727 3691 5786 credidisset?
3713 5725 3841 5782 Hunc

513 5851 857 5912 semperque
894 5835 966 5891 ab
1006 5834 1252 5894 Ecclesia
1278 5835 1570 5911 probatus.
1601 5835 1716 5892 Sub
1758 5833 1931 5908 primi
1963 5833 2154 5889 saeculi
2254 5830 2577 5887 Blondellus
2633 5829 2912 5884 larvalum
2967 5825 3310 5900 prophetam
3357 5821 3840 5889 somniatoremque

514 4702 647 4756 satis
679 4701 1067 4756 animadversa
1110 4705 1270 4769 sunt,
1320 4701 1474 4773 quod
1523 4701 1717 4769 sciam,
1764 4717 1893 4773 quin
1937 4703 2138 4754 tamen

510 4795 582 4850 ad
623 4795 770 4849 illius
811 4795 882 4850 de
925 4811 1039 4868 quo
1084 4795 1307 4866 agimus
1349 4794 1540 4850 steculi
1583 4794 1882 4849 historiam
1921 4792 2145 4866 aliquid

509 4887 847 4944 videbuntur
874 4889 1086 4944 habere
1123 4889 1427 4944 momenti.

579 4987 719 5042 Male
757 4987 952 5058 itaque
991 4986 1202 5042 faciunt
1237 4985 1442 5041 eruditi
1479 5002 1606 5057 quae
1650 4986 1854 5058 legunt
1884 4985 1943 5039 in
1985 4983 2140 5038 illius

518 5085 711 5140 seculi
755 5085 1079 5141 auctoribus
1119 5085 1188 5142 de
1235 5083 1563 5152 visionibus,
1604 5101 1670 5138 ea
1714 5085 1784 5139 ad
1825 5084 2153 5139 Montanum

515 5184 748 5239 trahunt
798 5187 966 5256 atque
1019 5183 1416 5249 Montanistas,
1476 5182 1636 5254 quasi
1687 5198 1821 5237 vero
1877 5181 1948 5236 ab
2003 5179 2143 5251 ipsis

516 5293 697 5348 usque
745 5277 1132 5346 apostolorum
1173 5275 1531 5348 temporibus
1563 5274 1805 5330 visiones
1857 5275 1914 5328 in
1956 5273 2144 5328 Eccle-

517 5369 599 5426 sia
626 5368 954 5439 defecerint,
983 5370 1281 5442 omnisque
1313 5385 1511 5424 earum
1543 5371 1856 5440 praetextas
1882 5367 1942 5422 in
1973 5367 2154 5422 eccle-

519 5463 601 5519 sia
661 5466 953 5533 suspectus
1015 5463 1188 5518 fuerit
1247 5467 1420 5534 atque
1468 5460 1866 5533 improbatus,
1907 5459 2151 5532 solisque

522 5555 879 5613 Montanistis
905 5554 1150 5610 relictus.
1184 5555 1337 5612 Nihil
1368 5560 1453 5610 est
1491 5555 1722 5609 omnino
1763 5570 1863 5608 cur
1905 5554 1983 5609 ita
2022 5569 2151 5608 sen-
