4082 6194
308 194 447 249 1117

303 313 576 389 appellat,
618 313 1141 370 Moutanisticarum
1205 313 1677 387 superstitionum
1734 316 1933 387 gurgi-

300 415 421 462 tem
462 405 727 476 (Apolog.
778 420 882 473 pro
933 407 1081 462 Sent.
1146 407 1479 475 Hieronym.,
1548 422 1605 477 p.
1661 408 1765 473 16,
1823 408 1926 477 17).

297 496 460 553 Idem
518 501 711 550 tamen
772 494 987 549 ibidem
1036 494 1270 549 Patrum
1324 494 1492 549 aliter
1555 494 1930 550 sentientium

298 585 486 656 elogia
517 601 622 656 pro
652 600 813 638 more
837 599 939 639 suo
981 583 1331 639 coacervavit
1354 583 1668 639 admodum
1697 584 1926 639 honori-

293 675 442 742 ficia,
483 673 813 745 etquidem
869 689 903 726 a
955 672 1359 728 Moutamsticis
1431 672 1928 743 superstitionibus

291 764 802 820 alienissimorum.
860 764 941 817 Ita
1003 763 1149 818 nihil
1212 763 1272 818 in
1337 779 1402 818 eo
1452 763 1926 819 Montanisticum

288 853 548 925 reperire
591 855 904 924 potuerunt
937 852 1288 907 Montanistis
1358 853 1497 907 coevi
1542 856 1753 924 patres,
1797 853 1924 925 qui-

291 960 405 1016 que
431 943 553 997 illas
593 941 1024 1013 superstitiones
1070 942 1241 1014 primi
1294 943 1662 1001 damnarunt.
1705 942 1926 999 Judicet

290 1042 475 1098 lector
498 1036 800 1111 φιλαρχαῖος
828 1038 919 1095 cui
945 1039 1019 1095 sit
1042 1040 1235 1111 potius
1266 1039 1580 1095 ﬁdendum.

356 1136 469 1209 §2.
500 1165 568 1177 —
592 1134 844 1191 Hermeti
901 1132 1152 1189 diximus
1198 1150 1452 1189 coasvum
1493 1150 1617 1189 esse
1653 1134 1921 1190 Clemen-

282 1234 405 1286 tem
431 1232 756 1287 Romanum
796 1228 1181 1299 eumdemque
1226 1227 1515 1283 donorum
1563 1229 1924 1300 prophetico-

282 1341 417 1380 rum
447 1328 778 1396 patronum.
824 1322 1152 1379 Istiusmodi
1182 1322 1339 1377 enim
1387 1322 1537 1377 dona
1588 1322 1761 1377 fuisse
1790 1323 1918 1394 qui-

283 1414 393 1469 bus
456 1412 866 1484 superbiebant
936 1410 1255 1466 schismatis
1334 1415 1609 1479 auctores,
1670 1428 1739 1466 ex
1806 1410 1919 1466 illis

289 1511 416 1582 ejus
468 1510 650 1566 verbis
704 1509 871 1566 facile
923 1510 1225 1581 colligitur,
1261 1509 1399 1559 Ἣτω
1453 1510 1530 1569 τὶς
1568 1509 1770 1573 πιστὸς,
1816 1504 1919 1565 ἤτω

280 1594 497 1661 δυνατὸς
559 1606 749 1673 γνῶσιν
805 1598 1033 1664 ὲξιιπιῑν,
1090 1602 1194 1656 ητω
1250 1603 1397 1672 σοφὸς
1452 1602 1501 1651 ὲν
1557 1595 1697 1651 ducat
1735 1619 1769 1670 ᾳ
1815 1602 1921 1674 κρί-

278 1714 359 1749 σσι
392 1701 591 1771 (Clem.
638 1702 724 1756 Al.
777 1691 1050 1772 διακρὶσιι,
1095 1703 1152 1755 et
1192 1702 1423 1772 rectius)
1466 1696 1645 1769 λόγων.
1674 1702 1851 1773 (Epist

279 1790 356 1846 ad
381 1789 583 1864 Cor.,§
632 1791 721 1853 48,
754 1794 805 1845 et
847 1805 914 1845 ea:
941 1790 1154 1845 Asteria
1200 1790 1435 1853 Urbano,
1478 1790 1578 1845 lib.
1628 1806 1682 1854 ν,
1706 1806 1756 1844 c.
1791 1788 1899 1860 17).

280 1880 405 1934 Non
428 1879 540 1934 alio
581 1882 838 1951 spectant
871 1878 992 1932 haec
1018 1877 1255 1933 nomina
1294 1896 1468 1950 quam
1494 1880 1564 1935 ad
1604 1878 1756 1935 dona
1785 1878 1905 1934 illo-

278 1991 410 2031 rum
447 1981 771 2047 temporum
808 1975 1162 2047 prophetica.
1196 1974 1374 2032 Ηὶστις
1401 1978 1497 2032 illa
1526 1978 1594 2033 de
1632 1994 1747 2049 qua
1777 1977 1901 2049 glo-

275 2065 417 2121 riari
464 2071 750 2139 poterant,
779 2082 897 2121 non
952 2064 1063 2121 alia
1107 2070 1233 2122 erat
1283 2084 1455 2139 quam
1494 2068 1905 2123 miraculorum

278 2157 376 2211 illa
428 2174 601 2229 quam
653 2154 799 2227 λὸγον
834 2157 1052 2213 πίστεως
1108 2160 1356 2230 appellat
1404 2158 1727 2232 Apostolus,
1793 2174 1905 2229 quo

278 2245 402 2303 loco
452 2249 602 2305 dona
655 2251 752 2323 Sp.
785 2252 838 2307 S.
881 2247 1020 2323 λὸγοι
1052 2255 1203 2327 apud
1244 2254 1407 2309 illum
1448 2252 1707 2306 audiunt.
1760 2252 1903 2300 Γνῶ-

276 2363 355 2405 σις
386 2360 501 2398 non
536 2345 804 2416 qualibet
829 2353 951 2404 erat
983 2351 1257 2422 cognitio,
1290 2347 1393 2403 sed
1430 2363 1559 2400 vero
1594 2345 1902 2416 mysterio-

278 2457 407 2495 rum
445 2441 543 2497 illa
574 2460 747 2514 quam
779 2446 836 2500 in
866 2448 1151 2503 haereticis
1171 2465 1237 2503 eo
1275 2446 1504 2502 nomine
1527 2443 1907 2515 superbienti-

276 2525 730 2602 διιενφευδὼνυμον
760 2531 948 2605 γνῶσιν
981 2540 1137 2594 idem
1166 2544 1324 2593 vocat
1344 2537 1664 2608 Apostolus.
1690 2535 1906 2588 Eadem

276 2625 448 2691 σοφία,
508 2642 681 2696 quam
736 2634 791 2683 et
828 2625 973 2698 λὸγον
1014 2631 1189 2697 σοφίας
1240 2632 1567 2699 nuncupat.
1644 2623 1906 2695 Διάκρισις

281 2708 441 2781 λὸγων
515 2717 712 2772 eadem
794 2725 879 2775 est
966 2738 1095 2792 qum
1160 2724 1218 2775 et
1269 2712 1522 2790 διάκρισις
1577 2715 1900 2783 πνευμάτων,

274 2831 387 2892 quo
438 2834 608 2873 sensu
681 2820 827 2876 dona
890 2824 999 2894 Sp.
1054 2825 1125 2879 S.
1189 2818 1363 2890 λόγους
1404 2820 1712 2892 appellatos
1783 2834 1899 2873 esse

275 2917 543 2973 diximus.
618 2922 733 2976 Nisi
814 2924 963 2980 forte
1011 2920 1169 2993 λὸγων
1249 2943 1350 2997 pro
1412 2919 1668 2992 λογισμῶν
1734 2920 1905 2977 intel-

272 3006 542 3079 ligamus,
593 3028 705 3082 quo
751 3014 919 3069 etiam
968 3032 1137 3071 sensu
1181 3008 1438 3086 διάκρισιν
1492 3015 1793 3085 πνευμάτων
1839 3012 1909 3067 de

1484 193 1570 248 DE
1614 191 1984 250 VISIONIBUS
2022 191 2482 250 PROPHETICIS.

3524 200 3660 254 1118

2035 320 2332 381 τοποθεσίας
2390 323 2480 381 τὰς
2552 320 2853 395 ἀγγελικας,
2916 329 3001 377 καὶ
3073 325 3163 385 τὰς
3231 329 3507 386 συστάσεις
3571 330 3662 387 τὰς

2032 421 2363 494 ἀρχοντικὰς,
2426 424 2588 495 ὁρατά
2628 440 2683 475 τε
2739 427 2823 475 καί
2868 425 3087 499 ἀὸραταο
3148 427 3292 499 παρά
3354 432 3504 479 τοῦτο
3563 421 3660 483 ηδή

2028 522 2115 571 καὶ
2137 518 2365 591 μαθητής
2394 522 2513 591 εἰμι.
2566 524 2679 578 Nec
2716 540 2852 580 vero
2907 526 3260 596 singularem
3319 526 3493 581 fuisse
3552 527 3658 582 hac

2028 613 2089 668 in
2109 630 2275 668 causa
2306 614 2618 684 Ignatium,
2648 629 2719 669 ex
2762 614 2883 669 aliis
2921 616 3205 671 constabit
3234 616 3364 672 illus
3405 616 3511 671 levi
3541 632 3659 671 mo-

2026 706 2343 764 numentis.

2098 800 2204 871 §4.
2237 829 2303 839 —
2340 798 2620 870 lgnatium
2644 798 2910 870 proxime
2933 799 3157 870 excepit
3179 800 3521 870 Quadratus,
3557 799 3656 872 qui

2024 893 2351 965 apologiam
2390 909 2493 964 pro
2524 892 2855 949 Christianis
2899 893 3186 949 Hadriano
3237 894 3462 948 dicavit.
3494 895 3655 949 Hunc

2024 1004 2139 1044 una
2168 1004 2299 1042 cum
2328 987 2597 1059 Phillippi
2624 988 2849 1042 ﬁliabus
2875 1004 3015 1060 quas
3042 990 3096 1043 S.
3128 988 3305 1044 Lucas
3334 988 3655 1059 prophetis-

2023 1099 2113 1139 sas
2138 1082 2406 1154 appellat,
2441 1082 2777 1154 pr0phetica
2802 1082 2992 1154 ipsum
3018 1097 3245 1153 quoque
3276 1081 3463 1152 gratia
3492 1080 3652 1134 illus-

2020 1179 2171 1231 trem
2207 1174 2379 1232 fuisse
2417 1175 2611 1232 scribit
2635 1176 2911 1231 Eusebius
2948 1176 3111 1247 (Hist.
3161 1174 3362 1231 Eccles.
3407 1189 3490 1243 ιιι,
3537 1172 3651 1242 37).

2021 1269 2091 1323 Et
2119 1267 2355 1339 quidem
2380 1267 2499 1323 haec
2528 1284 2711 1340 usque
2757 1274 3023 1340 tempora
3063 1268 3317 1340 attigisse
3361 1268 3486 1323 illas
3515 1266 3649 1322 Phi-

2018 1361 2181 1433 lippi,
2234 1361 2397 1431 ﬂlias,
2424 1378 2493 1417 ex
2519 1362 2627 1418 illis
2680 1363 2977 1435 probabile
3020 1366 3104 1417 est
3132 1378 3262 1434 quae
3307 1361 3532 1433 scripsit
3579 1360 3651 1415 ad

2022 1463 2305 1519 Victorem
2365 1465 2721 1536 Polycrates.
2777 1464 3050 1530 Quadrati
3100 1454 3353 1531 διαδοχὴν
3424 1462 3652 1516 Ammia

2019 1557 2532 1630 Philadelphiensis
2587 1563 2646 1615 et
2688 1559 2809 1631 ipsa
2880 1574 3108 1631 quoque
3166 1556 3525 1629 prophetissa
3577 1554 3652 1608 ad

2020 1652 2268 1707 Montani
2298 1657 2487 1708 ortum
2539 1653 2891 1709 continuavit
2931 1651 3205 1725 (Asterius
3231 1650 3508 1718 Urbanus,
3552 1666 3646 1720 ap.

1888 1718 2233 1815 IBEuseb.,
2288 1748 2385 1801 ubi
2431 1747 2643 1818 supra).
2702 1718 3008 1820 Polycarpo
3071 1747 3140 1802 de
3202 1762 3302 1800 suo
3366 1718 3641 1816 martyrio

2003 1840 2265 1897 omnium
2310 1842 2712 1913 propheticum
2770 1842 3026 1896 oblatum
3076 1857 3227 1910 esse,
3284 1842 3457 1895 testes
3509 1840 3643 1892 sunt

2004 1934 2344 2006 exceptione
2389 1937 2638 2008 majores
2680 1936 2789 2008 ipsi
2838 1934 3121 2007 Smyrnaei
3169 1934 3230 1989 in
3256 1949 3325 1989 ea
3354 1948 3529 2005 quam
3574 1931 3645 1986 de

2005 2030 2128 2100 ejus
2157 2028 2432 2101 martyrio
2469 2030 2749 2085 dederunt
2783 2031 2855 2085 ad
2876 2027 3338 2087 Philomelienses
3375 2025 3637 2098 epistola.

2004 2120 2166 2175 Hunc
2188 2118 2293 2173 doc
2315 2121 2497 2173 torem
2536 2119 2912 2191 apostolicum
2962 2117 3138 2173 iidem
3184 2122 3352 2189 atque
3398 2116 3647 2187 prophe-

2005 2206 2180 2261 ticum
2205 2209 2499 2278 appelaut,
2529 2207 2895 2279 fatenturque
2943 2206 3088 2262 nihil
3151 2222 3275 2261 esse
3316 2206 3386 2261 ab
3414 2222 3481 2260 eo
3506 2220 3647 2276 prae-

2007 2299 2222 2355 dictum
2248 2301 2387 2372 quin
2418 2306 2563 2357 esset
2590 2306 2797 2356 eventu
2848 2300 3303 2371 comprobatum.
3347 2302 3472 2371 (Ap.
3530 2300 3641 2353 Eu-

2006 2393 2152 2461 seb.,
2213 2398 2350 2450 Hist.
2408 2397 2636 2465 1366188.,
2692 2413 2762 2464 IV,
2800 2400 2910 2469 15.)
2940 2403 3046 2450 Πᾶν
3104 2401 3204 2474 γὰρ
3258 2400 3396 2474 ῥῆμα
3458 2396 3485 2448 ὃ
3519 2400 3644 2468 οἱφῆ-

2006 2514 2086 2547 χεν
2118 2498 2171 2547 ἐκ
2195 2502 2285 2548 τοῦ
2327 2501 2580 2570 στόματος
2622 2503 2779 2552 αυτοῦ
2834 2507 2920 2554 καὶ
2970 2499 3251 2573 ὲτιγιιὼθη,
3343 2500 3638 2574 inquiunt,

2006 2602 2092 2650 καὶ
2146 2598 2547 2658 τελειωθὴσιται.
2630 2609 2787 2662 Hunc
2840 2610 2959 2662 Au.
3012 2623 3185 2661 chvu
3238 2618 3465 2676 passum
3517 2615 3642 2656 esse

2005 2696 2146 2762 vult,
2201 2702 2258 2750 et
2294 2698 2525 2768 quidem
2584 2701 2835 2756 maxima
2884 2697 3420 2765 verisimilitudine,
3449 2698 3643 2749 noster

2008 2784 2421 2842 eruditissimus
2443 2789 2796 2844 Cestriensis.

2078 2880 2108 2953 §
2136 2887 2189 2937 5.
2230 2913 2299 2922 —
2323 2881 2399 2936 De
2424 2885 2449 2938 ,1
2459 2885 2643 2938 ustino
2674 2886 2918 2955 Martyre
2946 2883 3102 2938 idem
3126 2882 3297 2937 habet
3319 2878 3596 2935 Eusebius
3618 2893 3637 2945 ;

2008 2986 2212 3057 Γράφει,
2248 2988 2458 3060 inquit,
2494 2985 2559 3044 ὡς
2613 2980 2693 3034 ὅτι
2746 2986 2831 3033 καί
2880 2985 3039 3057 μέχρι
3086 2986 3173 3033 καὶ
3224 2982 3382 3032 αὐτοῦ
3438 2980 3641 3051 χαρὶσ-

273 3081 694 3168 cogitationum
777 3104 1119 3160 revelatione
1199 3081 1740 3176 interpretabimur.
1816 3104 1906 3160 llis

2013 3104 2149 3156 ματα
2201 3087 2486 3161 προφητικὰ
2542 3081 2817 3158 διέλαμπεν
2874 3090 3056 3160 (Hist.
3104 3088 3329 3149 Eccles.,
3364 3086 3463 3152 IV,
3532 3081 3637 3153 18).

270 3186 509 3242 fortasse
579 3193 937 3262 temporibus
1009 3210 1231 3249 comvus
1301 3200 1420 3249 erat
1480 3198 1680 3249 auctor
1753 3194 1906 3248 libro

273 3292 402 3330 rum
430 3279 617 3333 Esdra:
668 3283 1149 3352 apocryphorum,
1182 3300 1427 3354 quorum
1468 3288 1693 3354 partem
1735 3285 1907 3355 longe

275 3366 586 3421 maximam
616 3368 831 3424 faciunt
875 3370 931 3426 id
982 3388 1163 3442 genus
1205 3372 1450 3427 visiones
1485 3375 1657 3444 atque
1686 3374 1905 3429 revela-

276 3454 486 3510 tiones.

346 3544 378 3616 §
406 3548 458 3599 3.
492 3575 561 3586 ——
597 3548 895 3602 Proximus
940 3551 1026 3603 est
1078 3549 1364 3621 lguatius;
1407 3550 1599 3623 inquo
1628 3550 1687 3605 id
1709 3551 1902 3623 ipsum

272 3635 704 3705 reprehendunt
729 3637 787 3691 hi
836 3637 1189 3709 antiquitatis
1220 3640 1416 3706 momi,
1446 3640 1597 3709 quod
1646 3645 1732 3694 est
1770 3656 1902 3710 pro-

274 3724 515 3794 pheticis
540 3726 696 3781 hisce
751 3727 914 3781 donis
963 3728 1165 3799 magis,
1205 3746 1378 3800 quam
1420 3730 1621 3783 volunt
1651 3729 1752 3797 illi,
1798 3746 1904 3800 pro

274 3814 469 3885 pitius.
526 3815 642 3887 In§
696 3820 747 3884 7,
799 3818 899 3887 Ep.
956 3817 1029 3871 ad
1076 3818 1435 3889 Philadelph.
1492 3836 1654 3871 suam
1728 3818 1906 3889 ipsius

274 3902 643 3973 praplietiam
682 3912 1114 3975 commemorat,
1142 3924 1314 3977 quam
1361 3906 1469 3961 sibi
1508 3924 1636 3961 vere
1682 3910 1901 3962 revela-

275 4006 399 4056 tam
446 4002 617 4057 fuisse
680 4005 861 4057 Deum
908 4005 1094 4076 ipsum
1142 4009 1347 4060 testem
1392 4006 1667 4076 appellat.
1709 4006 1767 4053 Εἰ
1803 4002 1903 4075 γὰρ

278 4100 506 4172 (inquit)
556 4099 689 4148 κατά
765 4099 934 4171 σάρκα
997 4100 1059 4170 μέ
1132 4116 1260 4157 τινες
1340 4099 1575 4169 ὲθέσγησον
1643 4106 1903 4170 πγανῆσοι

275 4193 408 4246 ἀλλά
462 4199 520 4247 τὸ
574 4200 775 4268 πνεῦμα
817 4195 873 4248 οὐ
918 4194 1196 4263 πλανᾶται,
1264 4200 1370 4249 ἀπὺ
1422 4202 1551 4249 Osci
1607 4194 1683 4247 ὃν.
1750 4191 1899 4248 Οἰδιν

273 4294 376 4365 γάρ
432 4293 579 4345 πόθον
622 4295 852 4367 ἔρχεται,
915 4296 999 4344 καὶ
1050 4300 1149 4345 ποῦ
1200 4294 1414 4366 ὑπάγει,
1480 4297 1563 4344 καὶ
1615 4295 1681 4345 τά
1732 4294 1904 4368 κρυπά

276 4390 488 4462 ἑχιγχοι
565 4391 854 4465 ἄκροὺγασα
934 4391 1123 4463 μιταξὺ
1217 4390 1305 4443 ὧν.
1381 4386 1621 4444 Ἐλάλουν
1707 4390 1903 4463 μογάλπ

273 4486 429 4561 φωνῇ·
493 4498 563 4559 τῷ
618 4492 883 4555 ἁπισκόπῳ
941 4493 1256 4564 προσέχετε,
1324 4493 1409 4541 καὶ
1474 4498 1545 4542 τῶ
1608 4488 1898 4565 πρισϐυυι-

275 4588 393 4661 ρὶῳ,
458 4590 542 4638 καὶ
608 4583 869 4659 διαβὸτοιὸ
926 4606 937 4619 ·
1000 4592 1045 4640 οἰ
1111 4584 1165 4639 δὲ
1212 4590 1496 4647 πτὲσαντὲς
1538 4608 1608 4659 μτ
1674 4592 1737 4648 ὡς
1801 4607 1903 4663 προ

278 4680 452 4737 ιιδὸτα
505 4685 593 4737 τόν
661 4689 910 4759 πορισμὸν
977 4693 1127 4738 τινῶν
1186 4685 1343 4759 λέγειν
1423 4691 1608 4739 ταῦτα.
1692 4689 1901 4760 Μάρτυς

276 4778 333 4835 δέ
355 4802 441 4855 μοι
465 4789 692 4857 (tectius
721 4790 894 4844 editio
936 4788 1268 4861 interpolata
1316 4788 1671 4861 suffragante
1724 4788 1901 4844 etiam

275 4890 469 4941 vetere
533 4887 849 4960 interprete
918 4887 1245 4956 Usseriano,
1300 4887 1359 4937 Et
1392 4878 1446 4936 δὲ
1486 4883 1793 4937 somnum
1840 4900 1902 4954 με

272 4981 603 5055 προμαθόντα
649 4985 734 5033 τὸν
776 4984 1022 5055 μερισμὸν
1095 4990 1240 5034 τινῶν
1291 4980 1450 5055 λῦγιιν
1502 4988 1691 5035 ταῦτα.
1737 4984 1900 5057 Μάρ-

274 5098 362 5139 τυς
395 5077 505 5156 μοι)
534 5082 584 5131 ὲν
638 5087 679 5151 ῷ
708 5074 915 5152 δέδεμαι
952 5078 1031 5133 ὅτι
1085 5077 1187 5133 ἀπὸ
1233 5084 1419 5154 σαρκὸς
1468 5081 1785 5155 ἀνθρωπίνης
1812 5083 1902 5132 οὐκ

274 5197 393 5231 νων.
470 5181 540 5230 Τὸ
606 5172 661 5231 δὲ
715 5183 916 5251 multa:
998 5181 1274 5252 ὸιιὴρυσσεν
1328 5177 1482 5249 λέγων
1554 5173 1676 5229 νάδι
1733 5182 1898 5251 χωρὶς

273 5275 364 5321 τοῦ
417 5268 719 5336 ἱπισκόπον,
757 5281 866 5331 ete.
922 5276 1074 5331 Idem
1126 5277 1195 5331 de
1237 5278 1353 5330 suis
1406 5275 1467 5329 id
1497 5292 1680 5347 genus
1716 5275 1901 5337 ,donil

271 5367 391 5441 in§
437 5368 489 5435 4,
532 5370 634 5441 Ep.
678 5369 751 5424 ad
798 5370 1113 5425 Trallianos
1159 5370 1250 5424 illa
1280 5387 1293 5425 :
1328 5378 1413 5432 Μὴ
1462 5373 1519 5426 οὗ
1563 5369 1787 5446 δύναμαι
1834 5375 1901 5425 τὰ

270 5472 550 5547 ἐπουράνια
605 5469 831 5548 γράψαις
892 5472 1043 5526 Ἀλλὰ
1098 5470 1345 5546 φοϐοῦμαι
1383 5475 1453 5545 μὴ
1502 5474 1696 5532 νηπίοις
1754 5469 1898 5523 οὖσιν

265 5571 384 5643 ὑμῖν
440 5569 633 5644 βλάϐην
714 5572 928 5646 παραθῷ
978 5590 990 5604 ·
1044 5576 1129 5623 καὶ
1189 5573 1559 5643 συγνωμονειτὲ
1613 5589 1733 5641 μοι,
1793 5571 1894 5644 ἀρ’]

263 5687 387 5722 ποτε
429 5670 487 5723 οὗ
531 5666 819 5731 δυνηθέντες
859 5678 1099 5745 χωρῆσαι
1154 5668 1583 5744 στραγγαλωθητε
1636 5671 1723 5720 καί
1783 5672 1887 5741 μή·

262 5767 360 5843 ἐγώ
413 5769 470 5823 οὐ
515 5769 710 5836 καθότι,
769 5772 855 5821 καὶ
900 5764 1175 5842 δυνάμενος
1211 5769 1278 5821 τά
1313 5766 1614 5843 ἐπουράνια,
1672 5770 1758 5820 καὶ
1801 5767 1895 5827 τὰς

2007 3187 2179 3240 Recte
2239 3184 2474 3256 quidem
2529 3184 2639 3239 ille.
2678 3184 2883 3239 Justiui
2935 3184 3006 3238 ad
3048 3183 3421 3254 Tryphonem
3468 3176 3643 3231 verba

2008 3289 2143 3339 sunt
2164 3286 2300 3340 illa:
2339 3282 2486 3357 Παρὰ
2522 3284 2623 3357 γὰρ
2674 3287 2792 3355 ἡμῖν
2845 3286 2930 3333 καὶ
2984 3283 3148 3355 μέχρι
3205 3285 3293 3331 νῦν
3350 3278 3641 3352 προφητικά

2005 3387 2319 3457 χαρίσματά
2364 3387 2504 3436 ἐστιν
2565 3384 2616 3447 ἐξ
2661 3380 2719 3437 οὗ
2788 3388 2873 3436 καὶ
2928 3386 3076 3436 αὐτοι
3142 3384 3369 3434 συνιέναι
3426 3379 3641 3452 ὸφιίλιτι

2005 3484 2084 3537 δτι
2137 3488 2203 3537 τὰ
2255 3486 2405 3539 πάλαι
2462 3492 2511 3540 ἓν
2566 3496 2637 3559 τῷ
2689 3490 2821 3560 γένει
2873 3487 3011 3559 ὑμῶν
3064 3485 3190 3538 ὂντα
3243 3504 3309 3543 εις
3364 3488 3495 3556 ἡμᾶς
3548 3501 3637 3555 με·

2004 3588 2195 3645 τιτέθη.
2236 3594 2470 3663 (Dialog.
2502 3611 2623 3649 cum
2680 3596 2977 3665 Tryphon.,
3023 3610 3079 3665 p.
3125 3596 3249 3658 308,
3304 3590 3379 3663 Β.)
3424 3589 3642 3646 Eodem

2004 3689 2201 3755 postea
2224 3702 2359 3740 usus
2397 3693 2482 3741 est
2514 3687 2786 3741 adversus
2824 3688 3045 3741 Iudaeos
3092 3687 3461 3755 argumento,
3510 3686 3642 3753 post

2009 3778 2216 3832 Christi
2272 3780 2603 3848 adventum,
2634 3781 2820 3834 nullos
2873 3780 3043 3833 fuisse
3095 3778 3245 3849 apud
3279 3778 3524 3843 Judaos,
3571 3777 3640 3830 de

2004 3892 2116 3946 quo
2162 3876 2311 3947 ipsos
2356 3894 2552 3931 eorum
2618 3894 2815 3932 sensus
2860 3881 3031 3930 testes
3089 3875 3344 3945 appellat
3394 3891 3406 3927 :
3455 3872 3635 3940 μηκότι

3374 3972 3633 4041 προφήτας

3345 4063 3455 4118 εστι
3529 4071 3637 4139 μνι*

2003 3972 2052 4020 έν
2104 3976 2174 4037 τῷ
2247 3967 2373 4020 έϐνει
2440 3970 2577 4040 ὑμῶν
2636 3973 2734 4021 κτά
2785 3971 2851 4021 τὰ
2917 3967 3135 4021 παλαιὸν
3189 3965 3293 4027 ἱθος

2000 4066 2307 4135 γενησεσθαι
2399 4064 2520 4140 ὅπερ
2614 4071 2699 4119 καί
2772 4064 2883 4137 δψει
2948 4069 3066 4139 ὑμῖν
3144 4060 3267 4119 ίδέῑν

2002 4164 2185 4213 ὶκιῖνον
2265 4164 2366 4238 ’γὰρ
2412 4159 2572 4225 οὐδεὶς
2636 4164 2757 4226 ὅλως
2816 4169 3071 4239 προφήτης
3126 4158 3252 4239 παρ’
3317 4164 3436 4237 ὑμῖν
3494 4167 3639 4237 γενέ-

1999 4278 2167 4331 νῃται-
2218 4265 2372 4337 (Pag.
2430 4267 2553 4336 314,
2603 4282 2651 4333 c,
2698 4267 2773 4337 ο.)
2824 4266 3205 4322 Permansisse
3233 4269 3427 4322 autem
3483 4268 3635 4337 apud

2001 4352 2089 4406 sui
2121 4370 2350 4426 quoque
2395 4357 2670 4426 temporis
2713 4356 3063 4411 Christianos
3113 4356 3450 4411 eorumdem
3505 4373 3635 4411 sen-

1919 4458 1978 4529 D
2005 4466 2170 4505 suum
2191 4452 2523 4507 testimonio
2554 4454 2877 4519 conﬁrmat,
2912 4454 3113 4507 eadem
3146 4443 3269 4500 ἰδεῖν
3300 4470 3433 4507 voce
3480 4469 3542 4505 us
3589 4465 3626 4502 u

2002 4552 2088 4599 καὶ
2140 4555 2268 4624 παρ’
2316 4554 2433 4622 ἡμῖν
2493 4554 2631 4603 ἐστὶν
2690 4546 2812 4601 ἰδεῖν
2871 4549 2957 4600 καί
3006 4548 3201 4611 θηλείας
3248 4554 3333 4601 καὶ
3388 4550 3625 4623 ἀρσινὰς,

2000 4654 2313 4725 χαρίσματα
2394 4654 2495 4705 ἀπὸ
2569 4658 2659 4705 τοῦ
2758 4655 3042 4724 πνευματος
3106 4652 3195 4705 τοὺ
3265 4658 3395 4705 Θεοῦ
3446 4649 3633 4722 ςὲχον-

2000 4767 2110 4807 τας.
2146 4747 2303 4819 (Pag.
2332 4750 2455 4814 315,
2480 4747 2554 4816 Β.)
2583 4748 2719 4802 Tam
2750 4762 2887 4817 ergo
2920 4746 3291 4801 manifestum
3321 4746 3429 4801 fuit
3457 4744 3631 4800 chris-

2001 4842 2173 4898 tianis
2245 4838 2415 4895 fuisse
2471 4838 2776 4909 prophetas
2841 4852 3016 4909 quam
3070 4835 3279 4891 Judmis
3337 4835 3633 4890 defecisse.

2002 4934 2320 5002 Utrumque
2356 4930 2435 4983 ita
2459 4927 2846 4995 manifestum,
2874 4933 2934 4980 ut
2965 4926 3288 4997 argumenti
3302 4925 3483 4981 vicem
3510 4941 3630 4979 sus-

2001 5022 2187 5076 tinere
2236 5021 2423 5091 posset
2483 5018 2749 5072 adversus
2821 5014 3227 5070 adversarium.
3302 5015 3629 5086 Eademque

2002 5107 2447 5181 argumentandi
2492 5108 2675 5160 forma
2703 5122 2835 5159 usus
2863 5109 2949 5159 est
2974 5104 3294 5175 Apostolus,
3313 5103 3518 5174 Galat.,
3554 5105 3629 5161 III

2002 5203 2054 5267 2,
2083 5215 2183 5270 per
2209 5198 2473 5269 spiritum
2499 5195 2653 5251 enim
2709 5193 3166 5252 extraordinaria
3206 5192 3451 5265 Spiritus
3486 5194 3634 5249 dona

2002 5288 2424 5358 intelliguntur.

2073 5377 2174 5450 §6.
2208 5406 2277 5416 -—-
2318 5375 2430 5431 Sub
2464 5375 2639 5429 finem
2692 5371 2855 5428 Marci
2913 5371 2985 5425 de
3024 5371 3288 5427 Melitone
3337 5372 3627 5435 Sardensi,

1998 5470 2139 5527 illud
2193 5469 2473 5525 habemus
2515 5466 2823 5538 Polycratis
2862 5465 3214 5532 Eucomium,
3252 5468 3406 5538 quod
3438 5468 3533 5537 Sp.
3565 5468 3620 5521 S.

1997 5565 2250 5634 afﬂatus,
2322 5565 2527 5618 cuncta
2604 5561 2869 5633 gesserit,
2925 5568 3011 5617 τὸν
3073 5568 3123 5617 ιν
3190 5566 3322 5637 ἁγιῳ
3377 5564 3637 5632 Πνεύματι

1998 5674 2172 5725 πάντα
2230 5668 2511 5723 πολιτιυσά
2550 5685 2698 5740 μινον
2728 5665 2855 5741 (Ap.
2905 5663 3140 5729 Euseb.,
3201 5664 3347 5718 Hist.
3406 5657 3635 5719 Εεοιθει.

1999 5770 2101 5827 lib.
2156 5785 2208 5838 v,
2272 5768 2385 5841 24).
2464 5767 2530 5823 In
2585 5767 2793 5825 eadem
2850 5764 3259 5840 persecutione
3332 5757 3653 5817 Alexander
