4082 6194
475 272 612 330 1119
1432 274 1664 340 llENR.
1705 273 2066 332 DODWELLI
2105 270 2400 330 DISSERT.
2443 268 2759 328 CYPRIAN.
2798 265 2841 325 Ῑ.
3627 273 3752 350 mo

466 395 657 470 Phryx
707 397 914 454 dicitur
974 408 1062 458 οὐκ
1118 407 1324 481 ἄμοιρος
1401 399 1764 460 Ἀποστολικοῦ
1816 409 2097 481 χαρίσμα-

2210 396 2477 468 Sypriano
2498 395 2785 451 inductam
2811 411 2931 452 esse
2959 393 3117 451 illam
3148 392 3221 450 de
3247 393 3500 468 negando
3537 395 3770 456 schisma-

466 523 552 566 τος
581 512 664 565 Ea,
690 511 791 577 Ep,
821 505 1078 576 ιαάρυη,
1109 511 1160 560 ει
1195 507 1386 562 Viam,
1422 521 1513 577 αρ,
1551 505 1773 572 Euseb”
1811 505 1908 560 lib,
1942 521 1994 573 ν,
2030 505 2105 576 ί),
2211 490 2454 546 ticorum
2510 489 2782 562 martyrio
2831 489 3192 556 sententiam,
3221 489 3315 544 sed
3363 489 3430 544 ab
3458 489 3570 562 ipso
3621 508 3776 566 usque

469 603 529 656 in
572 601 668 655 illa
741 599 1043 670 apostolica
1099 599 1282 668 gratia
1335 599 1481 652 hanc
1545 598 1937 670 prepheticam
1984 614 2106 652 esse
2205 583 2554 639 Τθτῑιιηίδηο
2597 583 2782 638 Africa
2841 583 3012 638 ἷαίδεθ
3076 588 3387 654 νεοθρίδων
3433 583 3668 655 Nihil-Vit
3721 604 3779 644 εἰ

470 698 882 754 includendam
907 698 1032 768 jam
1071 698 1314 752 vidimus
1363 714 1426 751 ex
1459 696 1631 750 simili
1676 697 2106 769 διηγιιηεεοινυω
2209 677 2410 732 eodem
2441 677 2790 732 Tertulliano
2819 677 2898 733 Cl.
2933 675 3282 731 Cestriensis.
3327 677 3392 731 Et
3433 693 3558 731 vero
3609 683 3778 734 contra

469 797 540 851 de
571 796 878 866 Polycarpo
910 795 1054 858 loco,
1088 796 1182 850 ubi
1216 797 1338 850 haec
1381 796 1495 850 duo
1527 796 1955 868 conjunguntur
1979 796 2103 866 (Ap.
2207 770 2595 839 Μοηῖεηίδίεδυ
2649 771 2839 868 Ρξηίυδ
2891 786 3065 868 (luam
3105 785 3307 868 θρξιιω
3364 771 3644 868 ξέξιῖθηίίῆι
3678 790 3781 828 ⁸³³8

469 861 698 956 Euseb;
732 861 914 960 ib.-3).
966 889 1391 944 Revelationem
1435 861 1875 944 Attalo'facvtam
1917 861 2105 945 de‘A-l-
2207 868 2494 960 θοθίῖθρίθν
2523 879 2650 936 qua
2689 864 2800 918 huc
2830 864 3066 918 trahunt
3100 863 3205 918 Viri
3245 861 3473 930 eruditi»
3513 864 3686 920 sum“
3712 883 3784 921 ⁰⁵⁸

476 979 696 1034 cibiade
729 957 1149 1033 commemorat
1180 979 1428 1032 Ecclesia
1473 979 1778 1034 Gallicana.
1817 980 2100 1049 Frequen-
2208 957 2525 1012 ίθηάθωυε·

471 1072 668 1138 tcsque
741 1066 990 1121 aliorum
1046 1067 1278 1122 diversis
1341 1067 1398 1121 in
1457 1067 1714 1122 Ecclesiis
1776 1067 2110 1139 prophetias

2279 1049 2388 1122 §9.
2413 1049 2660 1117 —-Quod
2704 1050 2864 1106 enim
2899 1049 2980 1104 illi
3026 1049 3453 1121 prophetiarum
3494 1053 3784 1122 praetextum

470 1155 647 1210 ﬁdem
682 1155 1088 1211 Montanisticis
1132 1157 1239 1210 illis
1290 1157 1358 1212 de
1410 1157 1713 1228 prophetia
1742 1157 2108 1229 praetextibus
2208 1143 2468 1198 ΥθῘίοωιη
2495 1147 2701 1216 Putant
2717 1143 3064 1198 Μοηῖδηίδῖίε
3084 1142 3154 1197 αδ
3192 1142 3468 1212 Εοοίθεδίδθ
3493 1159 3673 1198 Verum
3693 1161 3786 1200 non

469 1246 690 1313 fecisse,
742 1252 943 1301 auctor
963 1249 1047 1300 est
1110 1246 1400 1302 Eusebius.
1426 1247 1506 1300 lla
1542 1247 1693 1301 enim
1721 1247 1815 1302 ille
1845 1264 1858 1302 :
1889 1251 2108 1304 πλεῖστα

2210 1239 2312 1290 est.
2341 1237 2452 1291 Nec
2482 1238 2636 1291 enim
2660 1253 2762 1308 pro
2797 1235 2940 1292 veris
2967 1236 3258 1308 prophetis
3291 1237 3606 1292 Montanum
3625 1238 3786 1308 ejusve

474 1348 558 1400 οῦν
592 1351 678 1399 καί
721 1343 1052 1423 παραδοξοπο
1136 1352 1209 1400 ἴαι
1244 1352 1335 1401 τοῦ
1377 1349 1504 1402 θείον
1554 1354 1880 1424 χαρίσματος
1941 1355 2098 1404 εἰσέτι

2206 1438 2459 1494 unquam
2487 1424 2856 1480 crediderunt
2884 1424 2943 1478 in
2975 1423 3217 1478 Ecclesia
3246 1423 3645 1495 prophetarum
3691 1441 3795 1478 suc-

2207 1517 2541 1572 cessionem.
2568 1518 2883 1590 Utrumque
2905 1518 3219 1572 docuerant
3256 1519 3454 1572 contra
3473 1517 3794 1572 Montanistas

2205 1609 2498 1676 Catholici,
2537 1617 2890 1682 possuntque
2927 1628 2995 1665 ex
3027 1627 3230 1666 eorum
3259 1609 3536 1664 alterutro
3561 1627 3591 1663 a
3616 1611 3793 1665 Monta-

2205 1701 2484 1757 nistarum
2507 1704 2874 1775 scriptoribus
2901 1704 3169 1758 facillime
3187 1703 3484 1774 distingui.
3514 1703 3624 1757 Non
3648 1703 3791 1770 bono,

2124 1777 2303 1850 Bsed
2335 1796 2481 1850 malo
2519 1797 2742 1868 spiritui
2799 1797 3124 1852 tribuebant
3180 1797 3301 1851 illas
3361 1795 3793 1850 montanistarum

2213 1889 2564 1960 prophetias,
2594 1891 2744 1944 unde
2773 1890 2868 1945 illa
2915 1891 3037 1962 ejus
3073 1891 3223 1962 apud
3264 1889 3571 1944 Eusebium
3603 1889 3799 1961 querela

2214 1986 2444 2059 (Euseb.
2477 1988 2620 2042 Hist.
2650 1985 2852 2054 ccclcs.,
2893 2001 2946 2054 v,
2993 1987 3074 2052 16,
3103 2001 3167 2038 ex
3197 1983 3418 2040 Asterie
3438 1983 3691 2048 Urbano),
3720 1999 3798 2052 pro

2210 2081 2348 2153 lupo
2379 2096 2471 2148 se,
2503 2078 2602 2150 qui
2649 2081 2838 2133 tamen
2882 2093 3066 2149 agnus
3115 2082 3279 2145 esset,
3335 2075 3550 2131 haberi.
3594 2075 3798 2130 Proinde

2211 2175 2500 2242 Zoticum;
2531 2189 2659 2227 cum
2699 2189 2759 2227 se
2780 2172 3124 2244 prophetare
3152 2172 3406 2244 primum
3427 2170 3699 2224 simularet
3713 2168 3801 2222 Ma-

2212 2268 2454 2335 ximilla,
2493 2266 2781 2322 exorcistm
2827 2266 2976 2321 vices
3031 2266 3190 2321 obire
3219 2266 3388 2334 velle,
3467 2280 3591 2319 cum
3631 2279 3692 2318 ea
3721 2267 3800 2317 tan

2215 2379 2389 2433 quam
2412 2361 2767 2417 daemoniaca
2796 2377 2990 2431 agere,
3011 2359 3071 2414 ni
3094 2359 3163 2414 ab
3190 2358 3312 2413 aliis
3339 2358 3614 2414 cohibitus
3638 2356 3802 2412 fuisset

2217 2457 2298 2511 ait
2318 2455 2655 2527 Apollonius
2695 2455 2814 2524 (Ap.
2852 2453 3056 2510 Euseb.
3082 2456 3204 2509 Hist
3241 2453 3282 2508 l.
3307 2453 3518 2519 coclea,
3539 2468 3587 2514 v,
3612 2450 3710 2518 t8).
3744 2450 3805 2504 De

2211 2549 2345 2604 Sota
2371 2548 2478 2603 hoc
2505 2548 2656 2602 idem
2686 2549 2926 2601 testatur
2949 2546 3123 2600 )Elius
3154 2545 3384 2599 Publius
3407 2545 3578 2600 Julius
3619 2542 3804 2598 Develti

2210 2641 2461 2697 Coloniae
2506 2641 2807 2712 episcopus
2858 2639 3012 2710 apud
3075 2638 3482 2710 Serapionem,
3525 2653 3589 2692 ex
3626 2635 3798 2690 Euseb.

2214 2733 2334 2787 Hist
2363 2731 2564 2798 eccles.,
2601 2729 2709 2783 lib.
2751 2745 2801 2781 ν.
2834 2745 2882 2783 c.
2941 2730 3026 2782 19.
3072 2728 3146 2782 De
3193 2726 3475 2798 praedicto
3527 2725 3700 2781 Zotico
3728 2726 3804 2779 So~

473 1451 592 1506 τητε
651 1450 784 1518 καγοὶ
865 1442 1130 1522 διαφὸρους
1196 1447 1458 1507 ἐκκλησίας
1515 1448 1882 1522 ὲκτελοῦμεναι,
1969 1454 2108 1502 πίσ-

486 1565 565 1597 τιν
629 1545 774 1618 παρὰ
848 1542 1050 1604 πολλοις
1107 1550 1198 1596 τοῦ
1254 1544 1508 1616 κᾲκείνους
1579 1547 1872 1618 ποφητώειν
1920 1555 2105 1621 παρεῖ-

480 1662 579 1712 χον
612 1637 851 1709 (Euseb.,
911 1639 1007 1705 ib.,
1037 1654 1086 1692 c.
1114 1640 1187 1709 4).
1219 1642 1299 1694 lta
1350 1641 1813 1696 Montanistarum
1847 1642 2104 1697 nondum

472 1741 595 1790 erat
622 1737 888 1807 proprius
913 1737 1002 1791 hic
1032 1742 1365 1810 prmtextus,
1399 1743 1464 1793 ut
1507 1739 1781 1794 hactenus
1822 1741 2105 1796 existima-

486 1828 622 1880 ruut
637 1825 865 1880 eruditi.

540 1913 650 1987 §7.
695 1915 939 1970 -Idem
991 1916 1063 1970 de
1115 1916 1232 1984 illo,
1289 1917 1346 1971 id
1377 1920 1481 1984 est,
1543 1935 1664 1988 suo,
1729 1936 1956 1992 quoque
2007 1937 2108 1976 sae-

491 2008 617 2063 culo
645 2009 908 2063 Fraeneus
936 2011 1127 2077 (lren.,
1155 2010 1252 2064 lib.
1281 2028 1340 2080 ll,
1374 2027 1422 2066 c.
1450 2011 1559 2083 58),
1587 2013 1748 2084 cujus
1806 2013 1974 2068 verba
2001 2031 2110 2070 no-

471 2097 560 2151 bis
586 2098 782 2152 Graeca
822 2099 1061 2154 servavit
1106 2099 1383 2156 Eusebius
1416 2117 1429 2156 :
1458 2109 1524 2158 ot
1570 2101 1625 2158 δὲ
1680 2111 1765 2158 καί
1821 2112 2109 2182 πρὸγνωσιν

473 2197 683 2270 ἔχουσιν
747 2208 846 2252 τῶν
927 2200 1211 2273 μιλλὸντων
1237 2246 1251 2272 ,
1317 2207 1403 2256 καί
1481 2207 1731 2266 όπτάσιας
1785 2210 1870 2258 καί
1939 2211 2111 2281 phase;

473 2300 780 2371 προφητικάς
812 2295 998 2366 (Apud
1040 2297 1268 2364 Euseb.,
1296 2300 1434 2353 Hist.
1488 2300 1714 2361 Eccles.,
1743 2317 1796 2369 v,
1848 2303 1922 2370 7).
1945 2301 2108 2365 Quod

473 2392 569 2447 ille
595 2392 921 2462 argumenti
951 2394 1071 2448 loco
1105 2399 1276 2464 urget
1302 2394 1574 2450 adversus
1603 2395 1920 2452 haereticos.
1954 2398 2113 2453 Idem

473 2481 649 2537 alibi:
700 2484 802 2538 Ubi
827 2483 1084 2547 Ecclesia,
1108 2484 1188 2539 ibi
1239 2491 1290 2539 et
1326 2487 1582 2554 Spiritus,
1633 2491 1686 2542 et
1729 2488 1824 2541 ubi
1878 2489 2118 2558 Spiritus

474 2572 590 2636 Dei,
649 2571 762 2625 illic
797 2573 1050 2633 Ecclesia,
1112 2578 1163 2626 et
1191 2576 1362 2628 omnis
1410 2577 1594 2641 gratia
1627 2575 1824 2645 (lren.,
1855 2576 1892 2630 l.
1941 2593 2025 2643 ιιι,
2054 2593 2103 2630 e.

473 2658 585 2729 40).
613 2661 794 2730 Negat
836 2676 1142 2715 numerum
1169 2660 1301 2716 iniri
1342 2678 1510 2733 posse
1541 2663 1823 2719 donorum
1859 2681 1988 2736 quae
2015 2682 2119 2720 suo

475 2750 734 2819 tempore
781 2751 1013 2819 operata
1069 2755 1214 2804 esset
1274 2751 1538 2806 Ecclesia.
1596 2756 1703 2809 Οὐκ
1727 2755 1868 2810 ἔστιν
1900 2758 2108 2833 ἠριθμὸν

599 2816 613 2819 -
820 2816 833 2819 -
1932 2816 1942 2833 .
2013 2816 2023 2830 .

473 2857 572 2903 τῶν
631 2853 1001 2924 χαρισμάτων,
1082 2849 1149 2903 ὦν
1226 2856 1362 2905 κατά
1427 2857 1617 2914 παντὸς
1687 2853 1778 2906 τοῦ
1841 2859 2032 2927 κὸσμου
2082 2859 2110 2913 ἡ

2215 2818 2472 2873 manensi
2525 2817 2796 2888 EpiscOpo
2857 2823 2914 2872 et
2965 2817 3188 2872 Iuliano
3244 2818 3542 2887 Apameuo
3588 2816 3804 2869 Asterius

2641 2912 2680 2927 ,η
2786 2909 2802 2927 .
3101 2926 3104 2927 ν
3173 2911 3368 2927 ...ηκ

2214 2912 2477 2967 Urbanus
2507 2928 2600 2982 ap.
2641 2909 3050 2977 Euseb.,ibid.;
3078 2926 3130 2979 v,
3169 2912 3230 2964 16
3271 2911 3402 2980 (Ap.
3443 2909 3660 2976 Euseb,
3691 2906 3806 2964 ibid.

2219 3017 2266 3056 c.
2295 3004 2378 3065 16,
2413 3001 2501 3065 1⁸7,
2533 2999 2641 3068 18).
2697 2998 2758 3053 Id
2815 2998 3084 3055 Catholici
3139 3015 3209 3054 ex
3240 2999 3432 3066 variis,
3476 2997 3671 3069 quibus
3706 2995 3803 3048 veri

2221 3092 2407 3144 essent
2436 3087 2735 3159 prophetas
2794 3086 2865 3140 ab
2889 3087 3270 3142 Enthusiastis
3326 3085 3674 3150 secernendi,
3698 3081 3806 3138 colli

2215 3182 2458 3252 gebant:
2495 3180 2647 3252 quod
2677 3179 2807 3234 fuco
2839 3179 3134 3235 oculorum
3165 3179 3472 3250 supercilia
3487 3177 3803 3248 capillosque

2211 3275 2481 3331 illevisset
2539 3275 2888 3340 Montanus;
2929 3272 3079 3344 quod
3124 3272 3328 3327 salaria
3375 3271 3659 3344 prophetis
3717 3268 3807 3322 suis

2213 3376 2705 3438 mercaturamque
2735 3366 3049 3438 quamdam
3091 3381 3156 3421 eo
3192 3371 3480 3437 praetextu
3523 3363 3805 3419 constituis-

2213 3464 2332 3525 set;
2358 3457 2508 3529 quod
2537 3455 2686 3510 viros
2739 3470 2873 3509 suos
2911 3453 3282 3525 reliquissent
3318 3455 3446 3525 ejus
3499 3451 3805 3508 mulierculae

2213 3567 2344 3607 cum
2382 3548 2881 3622 prophetissarum
2935 3563 3144 3602 munus
3201 3547 3259 3601 in
3307 3563 3370 3602 se
3420 3545 3804 3618 suscepissent;

2214 3643 2366 3716 quod
2403 3643 2514 3696 illa:
2552 3655 2780 3714 quoque
2823 3639 3072 3693 avaritias
3112 3639 3458 3711 pecuniique
3487 3638 3674 3711 quavis
3700 3641 3806 3691 tan-

2216 3737 2348 3792 dem
2379 3739 2500 3790 arte
2527 3732 2895 3789 corradendis
2929 3736 3059 3786 totae
3088 3731 3519 3799 incumberent;
3553 3729 3690 3802 quod
3709 3736 3810 3798 παρὰ

2214 3838 2274 3888 τὸ
2329 3835 2462 3885 κατά
2527 3825 2820 3904 παράδοσιν
2877 3833 2963 3880 καὶ
3016 3831 3148 3881 κατά
3204 3823 3465 3900 διαδοχὴν
3522 3825 3694 3880 ἆνωθιν
3741 3824 3810 3884 τὶς

2219 3928 2516 3990 Ἐκκλησίας
2572 3926 2673 3988 ἔθος
2712 3931 3072 3996 docuissent;
3101 3931 3566 4002 praesertimvero
3606 3928 3740 4002 quod
3763 3927 3808 3980 in

2217 4027 2504 4084 insaniam
2533 4025 2656 4081 illos
2677 4025 2950 4097 profanus
2977 4023 3070 4078 ille
3099 4023 3329 4094 spiritus
3360 4023 3655 4094 adegisset,
3677 4019 3802 4093 quod

475 2947 747 3006 Ἐκκλησία
776 2952 920 3023 παρά
980 2953 1110 3001 Θεοῦ
1178 2948 1426 3015 λαϐοῦσα,
1494 2954 1544 3004 ὲν
1573 2959 1644 3022 τῷ
1681 2955 1891 3024 ονὸματι
1946 2947 2115 3010 Ἰησοῦ

474 3051 705 3120 Χριστοῦ
764 3051 855 3098 τοῦ
957 3047 1334 3122 σταυρωθέντος
1413 3051 1497 3102 ἐπὶ
1569 3052 1784 3102 Ποντὶου
1865 3049 2108 3116 Πιλάτου,

476 3148 690 3205 ἑκάστης
751 3149 939 3220 ἡμέρας
1007 3140 1086 3198 ἐπ’
1147 3149 1417 3218 ιῦεπγεσια
1470 3155 1570 3200 τῶν
1650 3147 1800 3200 ὲθνῶν
1889 3138 2179 3212 ὲπιτελειϐ

475 3239 668 3310 (lren.,
718 3238 816 3293 lib.
873 3256 946 3301 ιι,
993 3255 1041 3293 c.
1071 3241 1172 3305 58;
1226 3256 1319 3310 ap.
1363 3240 1587 3307 Euseb.,
1632 3242 1747 3311 ib.).
1780 3243 1854 3296 Ex
1907 3259 2021 3313 quo
2052 3241 2110 3296 id

473 3343 700 3400 quoque
728 3326 1122 3398 intelligimus,
1165 3344 1232 3382 ea
1247 3344 1419 3398 quam
1466 3329 1676 3382 fuerint
1702 3330 1978 3400 vulgaria.
1999 3331 2110 3384 Ne-

474 3433 608 3472 vero
649 3416 761 3471 falli
840 3417 1088 3488 potuisse
1170 3417 1262 3472 hic
1313 3419 1670 3490 suspicemur
1719 3421 2017 3486 lraineum,
2054 3419 2113 3473 id

473 3520 702 3577 quoque
761 3504 943 3573 addit,
977 3521 1088 3560 non
1119 3505 1304 3560 aliena
1329 3506 1625 3562 dumtaxat
1647 3507 1760 3562 fide
1774 3525 1832 3562 se
1850 3524 1916 3562 ea
1962 3513 2115 3562 retu-

475 3594 624 3660 lisse,
679 3593 780 3647 sed
847 3609 976 3666 quas
1024 3594 1274 3665 propriis
1340 3595 1459 3666 ipse
1523 3596 1754 3650 auribus
1811 3596 2110 3665 hausisset,

477 3688 576 3738 Καὶ
616 3685 816 3738 πολλῶν
875 3686 1120 3760 ἀκοῦομεν
1174 3683 1396 3759 ἀδελφῶν
1423 3691 1471 3740 ὲν
1526 3684 1588 3746 τῆ
1654 3683 1931 3759 Ἐκκλησὶᾳ
1979 3708 2111 3763 προ-

474 3785 659 3854 φητικὰ
726 3788 1038 3860 χαρίσμανα
1111 3784 1360 3855 ἑχόντων,
1439 3790 1524 3838 καί
1586 3783 1942 3848 παντοδαπαῖς
2006 3806 2116 3860 γα-

481 3879 702 3934 λοῦντων
745 3877 833 3935 διὰ
873 3888 964 3936 τοῦ
1011 3884 1302 3956 Πνεῦματος
1355 3881 1628 3950 ϐλὼσσαις,
1690 3889 1775 3937 καί
1831 3905 1898 3937 τα
1935 3885 2118 3960 κρύφια

476 3986 574 4031 τῶν
672 3981 948 4054 ἀνθρώπων
1014 3986 1080 4041 εἰς
1133 3985 1342 4056 φανερὸν
1412 3985 1638 4054 ἀγοντων
1702 3985 1785 4037 ἰπὶ
1839 3992 1910 4054 τῷ
1977 4003 2115 4056 συμ-

475 4079 693 4151 φέροντι,
795 4082 879 4128 καὶ
964 4080 1032 4130 τὰ
1099 4083 1360 4154 μυστήρια
1422 4085 1513 4132 τοῦ
1587 4087 1716 4132 Θεοῦ
1786 4076 2115 4155 ἰκδιηογουμέ-

2206 1329 2574 1384 mulierculas
2624 1331 2946 1385 habuerant
2994 1329 3302 1400 Catholici,
3342 1345 3446 1384 nec
3485 1329 3790 1386 defecturam
3902 1406 3905 1407 ν

475 4192 560 4225 νον
597 4175 778 4250 (Apud
817 4174 1030 4235 Euseb.,
1063 4173 1180 4239 ib.).
1223 4173 1315 4226 His
1341 4173 1477 4244 quid
1526 4172 1634 4228 dici
1689 4175 1868 4246 potuit
1921 4176 2106 4231 mani-

484 4271 687 4326 festius
704 4271 732 4324 τ

549 4360 649 4434 §8.
668 4390 737 4402 —
755 4355 1092 4414 Tertulliani
1129 4355 1458 4410 testimonia
1470 4361 1897 4428 proptereanon
1926 4359 2114 4414 refero

479 4453 632 4527 quod
662 4453 826 4508 illum
857 4449 1214 4507 Montanismi
1267 4452 1590 4522 suspectum
1637 4449 1774 4505 facit
1808 4451 2106 4522 Rigaltius,

474 4567 580 4606 nec
639 4555 817 4622 negat
879 4547 1035 4619 apud
1111 4563 1242 4602 eum
1306 4547 1766 4618 propheticarum
1820 4547 2106 4603 visionum

479 4643 736 4716 exempla
784 4656 1081 4697 occurrere
1131 4639 1267 4694 satis
1309 4639 1653 4711 frequentia.
1712 4642 1807 4695 Est
1844 4644 1902 4695 et
1952 4640 2103 4696 aliud

480 4754 731 4794 coevum
769 4735 1114 4791 Tertulliano
1151 4732 1547 4788 testimonium
1591 4733 1929 4806 neutiquam
1969 4750 2106 4790 sane

479 4829 1044 4904 pretermittendum
1065 4832 1324 4883 actorum
1361 4829 1659 4898 Perpetua:
1695 4830 1754 4881 et
1779 4827 2104 4884 Felicitatis.

481 4924 567 4982 Ibi
592 4923 836 4979 visiones
864 4922 1142 4977 habemus
1169 4926 1226 4976 et
1255 4921 1550 4991 Perpetua:
1578 4920 1878 4990 etSaturi;
1908 4921 2105 4992 etqui-

484 5017 620 5073 dem
647 5017 783 5090 ipsis
814 5019 1135 5086 martyrum
1167 5013 1432 5068 manibus
1447 5014 1686 5085 scriptas
1719 5015 2107 5086 consignatas,

2217 4123 2366 4178 veris
2409 4118 2707 4193 praphetis
2761 4132 3062 4187 nunquam
3116 4116 3493 4171 crediderunt
3547 4115 3808 4185 contigisse

2219 4213 2514 4273 Catholici.
2568 4213 2680 4266 Hoc
2723 4209 2968 4265 maxime
3023 4214 3438 4280 argumentum
3496 4208 3809 4264 occasionem

2219 4309 2374 4365 dedit
2395 4303 2742 4362 Tertulliano
2763 4301 3048 4358 scribendi
3073 4301 3142 4357 de
3160 4301 3368 4358 exstasi
3386 4302 3652 4358 adversus
3666 4297 3808 4372 Apol-

2219 4404 2461 4462 Ionium.

2127 4505 2187 4578 D
2279 4494 2312 4566 §
2355 4492 2437 4546 10.
2455 4517 2524 4529 -
2554 4485 2664 4543 Sed
2684 4489 2741 4540 et
2765 4483 2877 4540 alio
2903 4483 3017 4540 illo.
3036 4482 3186 4555 quod
3209 4482 3481 4552 diximus,
3506 4485 3808 4554 argumento

2210 4588 2479 4643 adversus
2507 4581 2634 4636 illos
2673 4577 2759 4633 usi
2801 4581 2934 4631 sunt
2959 4575 3256 4644 Catholici,
3284 4576 3400 4631 huc
3431 4579 3654 4648 arrepta
3679 4588 3808 4630 ansa.

2210 4677 2513 4738 Maximilia
2537 4675 2608 4730 de
2636 4689 2694 4728 se
2737 4670 3105 4743 praedixerat,
3159 4675 3286 4741 post
3323 4685 3383 4724 se
3431 4669 3808 4742 prophetissam

2212 4774 2383 4830 aliam
2421 4785 2539 4825 non
2576 4767 2854 4832 futuram,
2893 4762 2994 4818 sed
3035 4762 3614 4818 consummationem.
3663 4759 3811 4816 Verba

2208 4877 2331 4950 ejus
2369 4872 2523 4946 apud
2569 4867 2954 4942 Epiphanium
2990 4865 3086 4920 illa
3126 4869 3260 4920 sunt
3305 4883 3318 4921 :
3377 4857 3508 4914 Μετ’
3547 4863 3627 4933 ἐμέ
3644 4861 3811 4933 προφή-

2209 4994 2285 5035 τις
2333 4973 2519 5038 οὐκέτι,
2571 4967 2739 5033 ἔσται,
2779 4963 2910 5018 ἀλλά
2953 4962 3219 5016 συντέλεια
3265 4968 3497 5042 (Epiph.
3561 4968 3691 5023 har.
3745 4965 3812 5019 48.

2215 5074 2248 5146 §
2273 5071 2350 5142 2).
2381 5072 2517 5135 Quin
2547 5066 2687 5122 mihi
2717 5081 2851 5120 sana
2877 5061 3123 5118 suadent
3148 5067 3212 5117 ut
3234 5063 3508 5118 Blondelli
3546 5057 3810 5116 sententia:

483 5111 771 5168 Africanas
803 5111 978 5165 etiam
1037 5107 1181 5175 illas,
1217 5108 1502 5180 planeque
1541 5108 1611 5164 ad
1645 5108 2110 5180 Cyprianicarum

481 5205 728 5260 formam
756 5208 1074 5275 conceptas.
1104 5202 1388 5257 Habemus
1440 5202 1612 5258 etiam
1645 5203 1818 5257 coaevi
1866 5202 2113 5258 auctoris

478 5295 895 5369 praefationem,
925 5313 1038 5368 qua
1051 5295 1638 5350 visionumitiusmodi
1667 5313 1836 5352 usum
1863 5303 1921 5352 et
1947 5297 2113 5353 Joelis

485 5389 789 5461 prophetia
834 5389 1040 5460 probat
1080 5389 1574 5460 commendatque.
1623 5389 1826 5444 Mirum
1855 5396 1940 5446 est
1963 5393 2116 5463 quod

480 5479 614 5535 hinc
641 5479 974 5549 scriptorem
988 5479 1227 5552 ipsoque
1255 5480 1398 5535 adeo
1438 5482 1720 5551 martyres
1758 5479 2115 5536 montanistis

483 5568 685 5624 favisse
715 5567 948 5640 colligat
977 5568 1332 5624 doctissimus
1365 5567 1568 5623 editor.
1601 5568 1727 5623 Non
1769 5575 1855 5624 est
1882 5569 2117 5624 omnino

485 5656 812 5727 verisimile,
845 5657 903 5713 id
958 5657 1003 5713 si
1048 5656 1244 5713 fuisset
1293 5674 1512 5727 verum,
1555 5658 1674 5713 fore
1721 5658 1846 5714 illos
1873 5659 1934 5714 in
1963 5675 2117 5715 mar-

479 5746 669 5817 tyrum
695 5762 867 5803 censu
898 5745 1309 5817 numerandos,
1341 5747 1775 5821 colendamque;
1801 5747 1972 5804 etiam
2013 5764 2113 5806 eo-

481 5846 607 5889 rum
632 5836 691 5894 in
728 5832 978 5892 Ecclesia
1016 5834 1292 5894 catholica
1318 5836 1680 5896 memoriam.
1743 5837 1857 5894 Nec
1881 5836 2034 5896 enim
2085 5854 2121 5894 ει

2218 5165 2505 5233 accedam,
2534 5178 2652 5217 non
2681 5158 2917 5231 quidem
2966 5155 3160 5210 omnia
3187 5155 3280 5210 illa
3307 5157 3539 5212 oracula
3578 5153 3815 5225 Sibyllina

2217 5276 2343 5334 quae
2366 5261 2557 5314 extant
2605 5253 2798 5319 hodie,
2831 5267 2864 5306 a
2901 5249 3254 5305 Montanistis
3285 5266 3408 5305 esse
3447 5249 3699 5312 conﬁcta,
3725 5241 3807 5298 sed

2219 5369 2420 5409 eorum
2451 5350 2655 5404 saltem
2698 5345 2905 5417 aliqua.
2935 5342 3018 5397 lbi
3040 5342 3190 5398 enim
3213 5343 3272 5397 in
3310 5342 3479 5398 Marci
3537 5339 3808 5413 imperium

2218 5454 2417 5511 mundi
2465 5453 2588 5509 hmc
2639 5445 2903 5500 συντέλεια
2947 5450 3062 5505 sive
3104 5444 3524 5502 consummatio
3567 5440 3805 5514 rejicitur.

2221 5549 2334 5607 Sub
2365 5547 2515 5604 illius
2544 5548 2737 5602 autem
2768 5544 2997 5617 imperii
3037 5543 3216 5597 ﬁnem
3249 5538 3631 5596 Mareellinam
3658 5547 3815 5589 exces-

2221 5644 2360 5700 sisse
2380 5639 2858 5698 verisimillimum
2884 5640 2988 5694 est.
3005 5639 3148 5694 Cum
3186 5634 3343 5691 enim
3369 5632 3440 5688 ab
3474 5632 3590 5704 ejus
3611 5637 3812 5685 excessu

2219 5737 2291 5793 ad
2336 5751 2504 5790 suum
2550 5750 2665 5807 quo
2719 5731 3006 5788 scribebat
3062 5745 3300 5797 annum,
3350 5742 3528 5784 annos
3581 5738 3688 5790 xm,
3720 5717 3815 5774 sive

2220 5852 2330 5906 xiv,
2372 5833 2706 5891 inchoatum
2770 5832 3042 5889 numeret
3089 5827 3347 5886 Asterius
3406 5823 3654 5883 Urbanus
3706 5819 3807 5891 (Ap.
