4082 6194
319 286 449 339 1121

1487 273 1579 335 DE
1615 273 1991 334 VISIONIBUS
2032 270 2493 332 PROPHETICIS.

3534 278 3669 334 “22

304 394 538 472 Euseb,
593 407 734 459 Hist.
767 406 970 473 eccles.,
996 419 1051 471 v,
1087 406 1168 473 l6,
1200 404 1313 473 17),
1346 420 1463 458 non
1498 404 1610 458 alio
1637 402 1735 457 illa
1776 417 1945 472 quam
1967 411 2027 484 Α
2048 399 2183 452 dum
2211 399 2470 468 sumpsit,
2518 397 2734 453 ultimis
2779 415 2901 453 esse
2924 398 3046 453 illas
3075 397 3359 470 pracipue
3390 402 3671 471 tempori-

304 500 378 553 ad
428 499 730 555 Commodi
775 499 1083 570 imperium
1111 499 1297 568 aptius
1329 497 1530 551 referri
1558 513 1722 567 posse
1750 495 1937 550 existi-

307 596 471 647 mant
504 593 737 647 eruditi.
791 594 1002 648 Contra
1043 592 1305 646 catholici
1341 591 1427 644 vel
1468 591 1599 644 hinc
1645 589 1771 643 illos
1812 605 1938 659 pro-

304 686 520 757 phetia
548 689 857 756 pratextus
900 685 1021 739 falsi
1063 684 1483 740 convincendos
1521 688 1740 755 putant,
1785 683 1938 753 quod

308 796 429 834 sua
460 780 799 851 pr0phetia,
832 781 918 834 vel
940 796 1009 834 ex
1032 780 1303 845 confesso,
1327 779 1453 832 linis
1472 776 1940 847 foretaliquando

306 873 662 927 statuendus.
705 875 909 927 Verum
955 872 1312 944 prophetiam
1341 875 1675 942 perpetuam
1708 870 1853 936 fore,
1885 872 1941 923 et

307 962 379 1016 ad
405 962 605 1017 mundi
639 980 815 1034 usque
853 962 1401 1018 consummationem
1440 977 1642 1015 revera
1680 974 1941 1031 perman-

308 1072 524 1110 suram.
578 1059 663 1111 Ita
708 1057 1103 1127 intelligebant
1137 1055 1467 1126 Apostolum
1503 1054 1619 1120 illo,
1667 1053 1728 1107 ni
1756 1052 1937 1119 fallor,

308 1148 433 1203 loco
472 1150 801 1219 (Ephes.,1v,
843 1154 927 1216 Il,
975 1153 1060 1213 l2,
1116 1149 1223 1217 I3).
1274 1151 1355 1202 Ita
1400 1148 1725 1219 prophetas,
1751 1146 1939 1212 Joelis,

319 1246 383 1297 ut
406 1243 630 1313 opinor,
676 1243 838 1296 illum
875 1244 1066 1297 locum
1116 1242 1401 1312 pracipue
1451 1257 1620 1311 quem
1678 1239 1941 1293 diximus.

319 1336 443 1400 Qua
493 1335 921 1390 ratiocinatione
969 1340 1047 1389 ita
1088 1335 1395 1389 abfuerunt
1429 1350 1462 1387 a
1508 1332 1783 1403 negandis
1810 1347 1943 1386 suo-

311 1445 447 1482 rum
482 1432 814 1501 temporum
839 1428 1177 1500 prophetiis,
1211 1433 1273 1481 ut
1295 1428 1354 1481 in
1375 1442 1733 1498 quacumque
1757 1425 1942 1479 Eccle-

322 1521 402 1575 sia
438 1538 553 1575 non
584 1522 826 1577 fuissent
850 1522 1165 1593 propheta,
1200 1538 1269 1576 ea
1296 1538 1366 1577 ne
1389 1524 1538 1575 esset
1572 1520 1801 1590 quidem
1840 1534 1943 1589 pro

318 1620 563 1675 Ecclesia
593 1620 886 1675 habenda.

380 1732 413 1804 §
447 1735 529 1786 Η.
553 1761 622 1772 -
652 1733 737 1786 Ita
764 1735 1193 1804 argumentatus
1222 1735 1309 1786 est
1344 1732 1599 1793 Asterius
1640 1729 1899 1784 Urbanus
1929 1744 1941 1783 :

325 1823 388 1877 Εἰ
417 1826 518 1899 γὰρ
562 1828 695 1898 μετά
726 1822 987 1900 Κοδρᾶτον
1017 1830 1103 1877 καὶ
1142 1830 1232 1883 τὴν
1277 1823 1327 1876 ἐν
1358 1820 1684 1895 Φιλαδελφείᾳ

319 1925 386 1983 ὡς
439 1929 613 1995 φασὶν,
663 1926 717 1976 αἱ
771 1928 888 1999 περί
948 1928 1211 1977 Μοντανὸν
1266 1919 1552 1985 διεδέξαντο
1610 1930 1838 1994 γυναῖκες
1893 1926 1951 1973 τὸ

320 2026 633 2096 προφητικὸν
704 2027 973 2096 Χαρίσμα,
1022 2026 1138 2081 τοὺς
1193 2017 1296 2074 ἀπὸ
1356 2025 1663 2084 Μοντανοῡ,
1732 2023 1817 2070 καὶ
1881 2026 1953 2071 τῶ

324 2128 580 2190 γυναικῶν
631 2124 761 2179 τίνες
805 2123 1109 2194 παράὺτοίς
1169 2115 1457 2181 διεδέξαντο
1499 2114 1799 2179 δειξατοσαν
1834 2156 1845 2168 .
1879 2111 1956 2167 δεῖ

318 2219 427 2291 ’γὰρ
457 2213 587 2269 εἶναι
618 2222 677 2269 τὸ
710 2222 1016 2292 προφητικὸν
1046 2222 1289 2292 χαρίσμα
1318 2216 1367 2269 ἐν
1410 2220 1553 2289 πάσῃ
1591 2225 1653 2289 τῇ
1685 2214 1955 2273 Ἐκκλησία

316 2319 477 2390 μέχρι
532 2324 619 2375 τῆς
668 2321 856 2376 τελείας
910 2322 1195 2391 παρουσίας
1253 2316 1603 2376 ὁἈπόσ-τολος
1661 2312 1795 2378 ἀξιοῖ
1826 2322 1953 2390 (Ap.

318 2409 551 2477 Euseb.,
582 2413 725 2465 Hist.
775 2413 924 2477 cccl.,
965 2428 1016 2465 v.
1064 2414 1169 2481 I7).
1200 2413 1279 2464 Ita
1317 2410 1671 2481 Epiphanius
1703 2422 1715 2461 :
1750 2411 1808 2464 Εἰ
1856 2412 1955 2485 γὰρ

322 2506 403 2561 δεῖ
445 2516 752 2585 χαρίσμανα
800 2508 1069 2583 δέχεσθαι,
1109 2516 1194 2563 καὶ
1229 2508 1307 2563 δεῖ
1342 2510 1391 2563 ἐν
1440 2511 1713 2581 Ἐκκλησία
1750 2514 1957 2583 χαρίσ-

321 2626 485 2679 ματα,
519 2617 624 2668 πῶς
661 2608 826 2661 οὐκέτι
865 2610 997 2681 μετὰ
1038 2614 1323 2675 Μοντανὸν,
1361 2614 1447 2661 καί
1490 2607 1823 2684 Πρισκιλλαν,
1868 2611 1955 2657 καὶ

326 2704 654 2776 Maximillae
703 2709 886 2775 ἔχουσι
913 2712 1201 2781 προφήτας;
1250 2701 1352 2781 ἆρα
1397 2707 1640 2778 ἣφεγησεν
1689 2710 1718 2763 ὴ
1766 2706 1947 2778 χάρις;

321 2801 413 2853 οὐκ
454 2806 600 2876 ἀργεῖ
638 2799 691 2854 δὲ
737 2806 767 2861 ἡ
800 2808 957 2879 χάρις
1000 2804 1049 2856 ἐν
1103 2804 1228 2877 ἁγίᾳ
1269 2804 1562 2875 Ἐκκλησιᾳ.
1614 2808 1696 2860 Μὴ
1734 2804 1954 2873 γένοιτο·

2038 496 2165 558 bus,
2186 506 2522 561 semperque
2553 492 2625 544 ad
2646 491 3202 547 consummationem
3232 510 3412 565 usque
3441 511 3667 566 exspec-

2038 592 2257 646 tandas.
2290 592 2552 645 Poterant
2578 606 2645 644 ea
2695 590 2948 645 fortassis
2969 591 3235 645 adversus
3264 592 3524 647 ethnicos
3561 593 3679 647 dic-

2038 690 2093 739 ta
2150 684 2349 751 videri,
2408 686 2667 753 poterant
2733 684 2902 738 etiam
2963 685 3232 739 adversus
3281 686 3667 740 Montanistas.

2038 780 2244 833 Contra
2294 776 2656 830 Montanistas
2706 776 2895 847 potius
2935 777 3081 831 dicta
3118 778 3481 846 crediderim,
3530 779 3670 850 quia

2040 888 2167 943 qua
2192 871 2429 937 dixerat,
2474 887 2539 923 ea
2569 870 2991 941 Scripturarum
3018 872 3343 925 testimonio
3362 873 3671 927 conﬁrma-

2041 965 2139 1018 vit.
2177 965 2233 1019 Id
2263 980 2399 1017 sane
2441 964 2802 1018 manifestum
2832 969 2914 1018 est
2940 980 3066 1035 qua
3093 964 3184 1017 hic
3206 964 3519 1035 protulerat
3550 982 3668 1019 esse

2041 1058 2193 1128 apud
2240 1073 2371 1111 suos
2416 1058 2473 1110 in
2512 1058 2790 1127 confesso,
2843 1058 2993 1129 quod
3039 1074 3072 1111 a
3118 1059 3456 1113 Montanista
3499 1059 3671 1113 scribi

2044 1150 2277 1205 omnino
2311 1167 2423 1204 non
2455 1153 2696 1221 poterat.

2115 1318 2259 1387 §13.
2295 1317 2616 1370 —Notetur
2655 1316 2806 1371 enim
2850 1316 3132 1387 imprimis
3178 1318 3382 1389 scripta
3431 1334 3549 1372 esse
3597 1318 3667 1373 ab

2042 1414 2271 1466 auctore
2310 1426 2459 1464 anno
2490 1409 2714 1463 Domini
2752 1426 2873 1477 ccn,
2925 1409 2981 1463 id
3036 1416 3138 1477 est,
3192 1428 3340 1465 anno
3402 1412 3471 1465 ab
3521 1412 3677 1466 obitu

2043 1504 2365 1560 Maximilla
2430 1503 2655 1557 circiter
2716 1520 2891 1570 mu;
2942 1503 3245 1557 decessisse
3312 1504 3467 1559 enim
3527 1505 3679 1559 illam

2046 1597 2291 1653 diximus
2314 1613 2464 1651 anno
2489 1596 2658 1650 Marci
2689 1596 2911 1663 ultimo,
2951 1596 3009 1649 id
3042 1601 3142 1663 est,
3175 1598 3401 1651 Domini
3455 1614 3673 1653 CLxx1x.

2045 1690 2219 1761 Atqui
2267 1706 2331 1744 ea
2370 1689 2417 1743 si
2438 1706 2567 1744 vera
2594 1689 2794 1743 fuisset
2820 1689 3201 1761 prophetissa,
3230 1707 3345 1745 non
3370 1692 3495 1761 jam
3527 1691 3671 1745 alius

1731 1782 1947 1895 ξΑμμίαν
1968 1808 2026 1879 Β
2051 1786 2174 1837 erat
2199 1782 2475 1853 propheta
2525 1782 2959 1853 exspectandus.
2993 1782 3098 1895 Q‘ui
3118 1782 3461 1887 igitur-alios
3491 1783 3677 1839 adhuc

2057 1877 2413 1948 exspectavit,
2447 1892 2675 1947 semper
2712 1876 3116 1946 exspectandos
3157 1877 3521 1944 existimavit,
3551 1878 3674 1931 fieri

2054 1986 2171 2025 non
2205 1972 2391 2039 potest
2429 1972 2495 2024 ut
2519 1970 2674 2023 illam
2707 1986 2809 2039 pro
2835 1986 2963 2025 vera
2998 1969 3360 2040 prophetissa
3392 1970 3676 2037 habuerit,

2052 2079 2155 2117 nec
2208 2062 2443 2133 proinde
2498 2062 2839 2116 Montanista
2889 2078 3008 2117 esse
3069 2062 3275 2133 potuit.
3340 2066 3677 2133 Quanquam

2053 2156 2207 2211 enim
2240 2172 2308 2210 ea
2344 2155 2573 2209 haresis
2626 2158 2820 2226 postea
2869 2155 2928 2209 in
2978 2155 3163 2209 varias
3221 2155 3430 2210 deinde
3490 2161 3676 2211 sectas

2054 2249 2355 2303 distributa
2383 2249 2586 2317 fuerit;
2616 2250 2674 2302 in
2704 2266 2768 2303 eo
2790 2254 2983 2303 tamen
3016 2265 3220 2305 omnes
3242 2249 3677 2318 conveniebant,

2056 2342 2271 2412 primas
2325 2343 2447 2395 illas
2494 2342 2871 2409 mulierculas,
2920 2359 3023 2413 pro
3079 2343 3450 2415 prophetissis
3502 2343 3673 2397 fuisse

2059 2435 2465 2506 agnoscendus.
2523 2436 2764 2489 Notetur
2819 2438 2881 2489 2°
2928 2438 2988 2489 ut
3040 2452 3203 2491 sensu
3258 2436 3670 2507 benignissimo

2056 2529 2374 2582 Maximilla
2412 2527 2582 2581 verba
2623 2529 3091 2598 interpretemur,
3131 2534 3187 2583 et
3235 2529 3306 2583 de
3352 2529 3685 2585 mulieribus

2059 2620 2447 2692 prophetissis,
2490 2637 2606 2675 non
2637 2621 2706 2675 de
2746 2621 2877 2675 viris
2913 2622 3207 2692 prophetis
3250 2622 3681 2693 intelligamus:

2060 2730 2134 2768 ne
2196 2714 2276 2768 ita
2328 2714 2559 2785 quidem
2613 2713 2757 2768 hanc
2809 2714 3207 2785 prafationem
3258 2732 3291 2768 a
3348 2716 3686 2771 Montanista

2061 2806 2230 2862 scribi
2274 2807 2545 2878 potuisse.
2589 2810 2880 2880 Perpetua
2924 2808 3082 2863 enim
3112 2809 3486 2880 prophetissa
3514 2808 3682 2865 visio-

323 2900 386 2951 Εἰ
427 2897 481 2953 δὲ
522 2902 609 2961 ἕως
668 2906 805 2962 τινὸς
860 2908 1217 2977 προεφήτευσαν
1277 2906 1323 2955 οἰ
1373 2905 1829 2974 πτοφητεύσαντες,
1876 2918 1951 2965 καί

2066 2917 2168 2954 nes
2232 2904 2359 2955 erat
2423 2902 2873 2973 complexurus;
2943 2918 3271 2973 quanquam
3335 2908 3554 2958 certum
3615 2904 3691 2959 sit

324 2997 492 3050 οὐκέτι
530 3018 948 3073 προφητενουσιν,
985 3000 1115 3052 ἀλλὰ
1147 3002 1260 3052 οὔτε
1299 3000 1601 3074 Πρισκιλλα,
1635 3001 1748 3051 οὔτε
1784 2996 1951 3057 Μαξί-

2062 2995 2211 3049 hanc
2257 2994 2786 3066 interpretationem
2825 2996 2896 3050 ad
2937 2998 3189 3050 mentem
3227 2996 3545 3051 Maximilla
3592 3012 3685 3052 ac-

322 3095 481 3168 μίλὶα
520 3101 874 3170 προφητευσαν
918 3100 1048 3169 μετὰ
1088 3094 1247 3173 (κατὰ
1289 3093 1483 3174 scrib.)
1528 3100 1618 3157 τὰς
1656 3099 1951 3171 προφητείας

2063 3097 2413 3153 commodari
2457 3114 2573 3153 non
2620 3115 2801 3168 posse.
2843 3100 2977 3162 Qua
3023 3099 3177 3153 enim
3229 3103 3356 3170 post
3396 3116 3455 3154 se
3494 3096 3689 3147 συντέ-

326 3194 421 3253 τὰς
462 3189 550 3245 διὰ
597 3203 696 3247 τῶν
734 3194 891 3266 ἁγίων
936 3190 1258 3248 Ἀποστόλων
1313 3194 1363 3247 ἐν
1401 3204 1463 3268 τῇ
1514 3194 1640 3266 ἁγίᾳ
1684 3192 1951 3261 Ἐκκλησία

2055 3193 2191 3247 λιιαν
2217 3191 2335 3245 fore
2380 3192 2615 3259 dixerat,
2649 3208 2777 3247 eam
2824 3208 3055 3248 omnem
3090 3209 3323 3264 prorsus
3369 3192 3690 3264 prophetia

329 3286 726 3363 δοκιμασθείσας
765 3298 998 3366 (hares.
1035 3300 1124 3366 48,
1155 3299 1282 3369 §2).
1327 3300 1497 3354 Plane
1542 3299 1664 3353 hac
1706 3299 1954 3371 Epipha-

330 3384 507 3439 niano
534 3385 739 3440 saculo
765 3402 882 3440 non
913 3387 1278 3454 conveniunt,
1310 3404 1422 3458 quo
1445 3389 1568 3458 jam
1601 3388 1660 3441 in
1699 3388 1957 3443 confesso

333 3477 453 3527 erat
482 3473 603 3527 hac
626 3483 938 3554 χαρίσματα
968 3493 1220 3548 eousque
1251 3493 1366 3531 non
1408 3494 1794 3547 permanasse.
1826 3478 1958 3532 Exi-

332 3573 504 3628 stimo
550 3572 726 3644 igitur
765 3591 829 3628 ex
878 3575 1197 3647 antiquiore
1240 3576 1430 3648 aliquo
1480 3577 1754 3648 scriptore
1799 3576 1958 3631 illum

332 3662 457 3717 hac
482 3663 749 3734 imperite
778 3664 1162 3735 descripsisse.

404 3756 438 3828 §
463 3758 550 3812 12.
583 3788 651 3797 —
678 3758 762 3813 Ad
788 3759 1052 3813 eamdem
1076 3758 1323 3814 formam
1344 3764 1778 3831 argumentatur
1800 3766 1961 3816 vetus

331 3854 427 3910 ille
474 3857 688 3921 auctor,
736 3855 1061 3926 quicunque
1102 3855 1227 3925 fuit,
1280 3862 1593 3927 martyrum
1641 3862 1963 3929 contempo-

336 3965 568 4018 raneus,
618 3951 875 4002 actorum
923 3951 1220 4019 Perpetua
1264 3952 1321 4006 et
1363 3949 1692 4005 Felicitatis.
1744 3952 1793 4004 Is
1840 3951 1960 4017 ubi,

341 4043 515 4098 allato
567 4042 736 4096 Joelis
778 4042 921 4110 loco,
964 4042 1279 4113 probasset,
1340 4044 1417 4097 ita
1464 4061 1578 4099 non
1636 4046 1878 4100 deficere
1918 4061 1965 4099 -a

339 4138 401 4190 V.
434 4137 493 4191 Τ.
524 4136 633 4190 illis
660 4138 725 4191 N.
764 4135 1112 4190 Testamenti
1139 4134 1487 4208 prophetias,
1533 4144 1595 4193 ut
1624 4139 1735 4193 sint
1780 4139 1963 4210 potius

342 4247 411 4287 ex
439 4230 677 4284 adverso
723 4228 827 4283 sub
870 4229 931 4283 N.
981 4230 1041 4283 T.
1078 4230 1320 4301 potiores
1359 4232 1794 4302 exspectanda;
1843 4232 1965 4286 hac

340 4324 543 4380 deinde
573 4323 867 4394 subjungit
898 4324 956 4377 in
988 4323 1165 4392 illam,
1212 4340 1380 4395 quam
1412 4324 1547 4390 dixi,
1576 4325 1915 4380 sententiam
1948 4342 1961 4380 :

346 4438 373 4467 ι(
413 4419 608 4488 Itaque
644 4423 700 4473 et
752 4433 873 4483 nos,
917 4417 1013 4488 qui
1044 4416 1186 4471 sicut
1210 4417 1559 4488 prOphetias,
1601 4417 1678 4472 ita
1705 4423 1762 4473 et
1792 4418 1963 4473 visio-

2061 3310 2225 3347 usum
2272 3294 2633 3348 exclusuram
2674 3311 2904 3349 necesse
2951 3299 3093 3350 erat.
3142 3297 3201 3350 3°
3236 3298 3378 3352 Cum
3415 3296 3524 3350 hac
3568 3296 3692 3368 ipsa

2059 3387 2578 3458 argumentatione,
2605 3392 2739 3443 ante
2769 3405 2951 3443 annos
2996 3389 3067 3443 ad
3110 3389 3417 3443 minimum
3464 3388 3689 3457 decem,

2060 3481 2121 3535 in
2148 3484 2299 3535 secta
2328 3481 2425 3535 illa
2469 3481 2774 3536 refellenda
2808 3499 2939 3536 usus
2985 3482 3172 3537 fuerat
3219 3482 3469 3539 Asterius
3518 3483 3693 3538 Urba-

2061 3591 2204 3641 nus;
2234 3575 2362 3646 quis
2417 3575 2613 3630 credat
2660 3577 2862 3631 eadem
2909 3576 3410 3647 argumentatione
3459 3592 3695 3631 usurum

2061 3673 2227 3721 secta
2270 3673 2579 3738 patronum
2611 3668 2638 3723 ?
2678 3670 2739 3723 4ο
2790 3669 2854 3725 Id
2886 3670 3056 3725 etiam
3103 3686 3167 3724 ex
3224 3670 3423 3726 eodem
3469 3670 3694 3725 Urbano

2061 3766 2279 3816 constat
2321 3761 2391 3817 de
2436 3762 2588 3817 facto
2631 3762 2758 3817 illos
2803 3778 3036 3818 omnem
3079 3780 3241 3817 suam
3288 3764 3697 3834 prophetarum

2064 3854 2472 3909 successionem
2511 3855 2571 3909 in
2608 3855 2919 3910 Maximilla
2959 3857 3317 3923 terminasse,
3368 3873 3474 3911 nec
3516 3858 3693 3912 alium

2064 3949 2318 4019 quemvis
2344 3953 2470 4019 post
2510 3948 2669 4003 illam
2703 3949 3001 4003 admisisse
3043 3966 3442 4005 successorem.
3487 3952 3696 4005 Eadem

2066 4041 2561 4113 argumentatione
2590 4053 2725 4096 usus
2764 4042 3117 4114 Epiphanius
3146 4043 3371 4114 (hares.
3420 4045 3509 4113 48,
3543 4044 3577 4115 §
3616 4043 3693 4114 2),

2063 4140 2191 4206 post
2233 4135 2388 4189 illius
2434 4135 2651 4190 obitum
2701 4136 2991 4192 neminem
3031 4137 3205 4192 alium
3244 4138 3600 4193 Montanistis
3625 4137 3698 4192 ad

2067 4245 2166 4283 sua
2194 4245 2371 4301 usque
2405 4234 2665 4301 tempora
2702 4231 2969 4303 agnitum
3016 4248 3137 4287 esse
3184 4234 3501 4287 confirmat.
3555 4231 3699 4287 Fieri

2065 4321 2243 4393 igitur
2288 4340 2401 4377 non
2444 4328 2632 4394 potest
2681 4328 2748 4379 ut
2786 4326 3120 4380 Montanista
3170 4327 3443 4382 Saturum
3484 4327 3699 4397 Perpe-

2066 4420 2341 4487 tuamque
2369 4417 2427 4471 in
2474 4418 2887 4489 prOphetarum
2930 4420 3123 4474 album
3163 4421 3440 4475 retulerit.
3488 4422 3541 4474 Id
3592 4421 3701 4475 sal-

292 4550 293 4553 η
344 4528 451 4566 nes
492 4528 663 4565 novas
697 4510 913 4582 pariter
970 4511 1341 4582 repromissas
1391 4516 1447 4565 et
1494 4512 1858 4581 agnoscimus
1912 4516 2048 4615 etD
2070 4511 2188 4564 tem
2220 4526 2290 4564 ex
2322 4510 2415 4564 illa
2441 4511 2685 4567 aliorum
2707 4512 3199 4583 argumentatione
3229 4515 3499 4568 concedat
3526 4514 3702 4568 lector

343 4606 732 4673 honoramus;
765 4608 1111 4675 caterasque
1150 4604 1383 4659 virtutes
1420 4604 1661 4676 Spiritus
1688 4606 1863 4660 sancti
1898 4604 2041 4659 ad"
2072 4620 2295 4659 necesse
2337 4607 2439 4672 est,
2478 4606 2575 4677 qui
2621 4606 2696 4661 ita
2733 4611 3169 4677 argumentetur
3198 4625 3310 4662 non
3344 4624 3464 4661 esse
3506 4624 3572 4662 eo
3606 4624 3701 4662 no-

343 4698 801 4754 instrumentum
852 4698 1111 4753 Ecclesia
1150 4702 1505 4768 reputamus,
1548 4700 1639 4753 cui
1678 4702 1733 4754 et
1768 4700 1973 4754 missus
2074 4698 2228 4752 mine
2290 4714 2391 4769 pro
2453 4700 2788 4755 Montanista
2858 4701 3273 4755 astimandum.
3334 4700 3443 4755 Nec
3509 4706 3702 4756 tamen

344 4798 431 4849 est
455 4792 608 4846 idem
640 4791 835 4847 omnia
865 4790 1128 4845 donativa
1154 4791 1565 4847 administrans
1593 4792 1653 4847 in
1684 4793 1972 4861 omnibus,
2073 4792 2225 4847 aliud
2251 4792 2552 4862 proferunt
2577 4793 2674 4864 qui
2704 4794 2868 4847 aliter
2895 4794 3151 4848 sentiunt
3168 4793 3271 4848 viri
3299 4811 3437 4848 sane
3466 4795 3697 4850 eruditi.

344 4889 514 4960 prout
546 4884 849 4956 unicuique
885 4884 1170 4939 distribuit
1223 4886 1509 4953 Dominus,
1552 4887 1871 4941 necessario
1920 4890 1978 4942 et
2078 4887 2203 4942 Scio
2242 4890 2509 4961 equidem
2546 4888 2860 4959 lubensque
2907 4888 3178 4955 concedo,
3228 4888 3287 4942 in
3326 4892 3442 4944 tota
3481 4889 3587 4944 hac
3633 4889 3702 4944 de

350 4979 686 5050 digerimus,
711 4984 768 5033 et
794 4978 863 5033 ad
890 4978 1128 5048 gloriam
1175 4979 1268 5034 Dei
1318 4979 1558 5035 lectione
1602 4980 1975 5036 celebramus.
2078 4982 2501 5054 prophetiarum
2531 4983 2908 5053 perpetuitate
2941 4982 3439 5053 argumentatione
3467 4983 3701 5037 halluci-

347 5074 513 5129 Utne
546 5089 659 5145 qua
686 5076 784 5127 aut
805 5071 1294 5141 imbecillitas,aut
1313 5074 1627 5145 desperatio
1648 5075 1979 5146 fidei,apud
2080 5076 2238 5126 notas
2307 5088 2425 5127 esse
2480 5077 2716 5138 veteres,
2772 5086 2877 5125 nec
2933 5072 2999 5126 ad
3068 5088 3268 5126 eorum
3309 5073 3706 5128 auctoritatem

348 5174 570 5223 veteres
619 5170 847 5222 tantum
896 5167 1138 5221 aestimet
1180 5167 1423 5238 gratiam
1479 5167 1799 5223 Divinitatis
1843 5185 1980 5224 con-
2084 5166 2456 5221 minuendam
2482 5166 2634 5232 facit,
2665 5165 2820 5236 quod
2882 5164 2913 5218 d
2958 5181 3140 5236 genus
3168 5165 3379 5220 erroris
3416 5166 3557 5221 alios
3596 5166 3708 5221 fre-

349 5265 658 5329 versatam,
710 5261 824 5316 sive
885 5266 1225 5332 martyrum,
1282 5260 1396 5315 sive
1449 5260 1507 5315 in
1563 5262 1983 5317 revelationum
2086 5264 2436 5332 quentesque
2463 5275 2860 5331 agnoscamus.
2895 5261 3006 5314 Nec
3034 5259 3188 5313 enim
3210 5260 3365 5314 aliud
3387 5260 3711 5316 habuerunt

348 5356 688 5428 dignatione
730 5371 898 5410 :cum
924 5370 1153 5426 semper
1188 5356 1330 5409 Deus
1362 5361 1987 5428 opereturquarepro-
2087 5354 2384 5409 sententia
2434 5371 2549 5408 sua
2599 5354 3044 5435 fundamentum
3097 5370 3270 5424 quam
3336 5358 3520 5409 textus
3582 5354 3710 5411 illos

346 5449 523 5515 misit,
552 5466 667 5505 non
700 5449 1063 5504 credentibus
1094 5448 1151 5502 in
1182 5448 1595 5517 testimonium,
1622 5449 1985 5504 credentibus
2089 5465 2231 5520 quos
2260 5447 2530 5515 diximus,
2561 5448 2709 5502 unde
2739 5453 2966 5502 rectene
2994 5448 3378 5518 argumentati
3414 5454 3565 5518 sunt,
3594 5464 3714 5503 non

345 5544 407 5600 in
460 5543 806 5600 beneﬁcium
862 5544 942 5614 (in
985 5544 1260 5612 Νικίαι).
1296 5564 1323 5593 ››
1370 5544 1447 5597 Eo
1494 5544 1730 5598 omnino
1774 5547 1992 5615 spectat
2092 5542 2163 5597 de
2190 5542 2518 5598 testimonio
2564 5559 2783 5609 eorum,
2808 5543 3056 5597 sedvero
3086 5543 3155 5598 de
3177 5542 3395 5614 judicio
3427 5545 3511 5597 est
3536 5558 3716 5612 quas-

347 5622 468 5696 ιοιει
520 5655 586 5693 ea
641 5638 943 5709 disputatio
973 5654 1046 5692 ne
1090 5637 1275 5692 fraudi
1318 5643 1463 5693 esset
1496 5638 1777 5694 secuturis
1817 5638 1989 5694 visio-
2093 5638 2190 5703 tio,
2231 5636 2289 5689 in
2321 5653 2431 5707 qua
2480 5636 2702 5691 nullum
2742 5635 2951 5691 habent
2977 5653 3011 5691 a
3058 5654 3161 5691 sua
3200 5639 3481 5697 vetustate
3520 5629 3719 5701 prasi-

348 5734 518 5792 nibus
553 5734 706 5806 quod
735 5731 947 5787 ultimis
980 5731 1243 5786 Ecclesia
1283 5732 1636 5803 temporibus
1677 5733 1799 5787 illas
1846 5734 1994 5788 Deus
2094 5731 2275 5786 dium.
2301 5730 2459 5800 Quod
2484 5747 2617 5786 vero
2642 5730 2775 5786 inde
2812 5731 3017 5798 infero,
3057 5731 3128 5785 de
3174 5730 3337 5792 facto
3383 5726 3505 5780 illos
3547 5736 3729 5792 agno-

352 5829 603 5891 revelare
633 5827 896 5900 dignatus
923 5826 1014 5884 sit.
1043 5827 1102 5883 Id
1127 5843 1199 5882 ne
1230 5828 1398 5895 esset,
1430 5825 1535 5881 hoc
1586 5827 1694 5883 sibi
1731 5827 1981 5901 proban-
2094 5826 2239 5882 visse
2269 5825 2329 5881 in
2361 5842 2467 5882 suo
2495 5842 2722 5900 quoque
2762 5828 2973 5884 saculo
3011 5824 3409 5897 prophetiae.
3444 5816 3505 5871 id
3520 5813 3651 5883 iam
3682 5815 3751 5867 in
