4082 6194
531 227 671 282 H23
1523 228 1730 286 HENR.
1770 229 2127 286 DODWELLI
2164 231 2466 289 DISSERT.
2505 231 2816 300 CVYPRIAN.
2850 230 2894 287 Ῑ.
3686 253 3794 308 ιηι,

529 351 679 407 facte
724 350 1054 417 versabitur,
1102 349 1173 404 de
1219 367 1333 422 quo
1375 350 1764 407 testimonium
1807 369 2007 408 eorum
2055 352 2164 409 erit
2182 354 2383 452 Apuli
2424 354 2538 410 vita
2585 372 2620 409 a
2661 357 2909 427 Nysseno
2951 355 3270 427 conscripta
3307 373 3321 413 :
3366 358 3421 414 ni
3454 360 3502 416 id
3541 371 3796 428 metuerem

529 457 632 512 pro
661 456 762 495 suo
791 440 998 495 saculo
1025 439 1422 496 certissimum.
2182 439 2242 452 ’⁵
2261 460 2334 498 ne
2364 444 2622 500 certioris
2648 444 2781 499 ﬁdei
2813 446 3196 500 monumentis
3231 446 3400 502 ﬁdem
3431 449 3732 514 detraherem
3764 462 3799 515 si

597 532 630 601 §
681 530 762 584 14.
814 559 885 570 -—
933 529 1044 584 Sed
1088 533 1154 584 ut
1193 546 1286 598 eo,
1331 531 1482 585 unde
1529 531 1782 602 digressa
1826 533 1929 598 est,
1969 531 2161 586 redeat
2258 533 2558 589 incertiora
2596 534 2764 589 etiam
2803 550 3218 592 conservarem.
3250 537 3435 594 Hausit
3459 538 3542 595 illa
3573 544 3801 615 Nyssenus

527 619 728 686 oratio,
753 618 960 674 eadem
985 635 1096 690 qua
1125 635 1309 690 passae
1339 623 1470 674 sunt
1493 621 1771 691 Perpetua
1797 623 1856 674 et
1879 620 2155 687 Felicitas,
2257 640 2371 678 non
2410 641 2441 679 e
2479 625 2683 679 comvis
2718 625 3130 694 monumentis,
3168 625 3270 680 sed
3301 642 3427 682 vero
3465 645 3526 684 ex
3558 633 3675 687 orali
3705 637 3798 705 ple-

525 708 713 766 Severi
755 708 1168 779 persecutione,
1215 708 1588 763 occurrebant
1629 712 1688 762 et
1728 708 1837 762 alia
1878 708 2157 763 visionum
2256 729 2502 784 rumque
2521 714 2853 782 traditione,
2882 732 2987 771 nec
3013 716 3111 770 illa
3133 716 3364 787 propius
3389 733 3546 788 qnam
3569 737 3628 776 ex
3651 725 3800 793 unius,

525 799 782 870 exempla
817 799 1050 868 (Auctor
1085 797 1411 868 incognitus
1445 796 1574 852 adv.
1612 796 1934 851 Artemonis
1972 797 2155 852 haare-
2254 805 2328 860 ad
2389 806 2724 877 minimum,
2787 809 2970 864 aetatis
3029 809 3327 865 intervallo
3383 811 3609 868 deducta.
3656 817 3719 872 Ει
3767 820 3802 873 εί

524 893 634 959 sin,
663 909 753 963 ap.
779 890 980 946 Euseb.
1013 893 1152 947 Hist.
1184 893 1404 958 Eccles.,
1430 907 1482 958 γ,
1506 890 1838 962 28).Natalis
1866 889 2150 961 imprimis
2254 915 2449 954 coram
2501 901 2830 972 accepisset,
2887 919 2995 957 nec
3048 919 3174 958 rem
3224 907 3434 974 gestam
3491 906 3631 961 aliter
3669 925 3803 980 quam

523 985 860 1040 confessoris
899 985 994 1038 illa
1042 985 1145 1038 sub
1185 986 1448 1040 Romano
1492 983 1758 1055 pontiﬁce
1807 983 2150 1055 Zephyrino,
2255 997 2416 1064 gesta
2457 996 2560 1062 est,
2607 995 2920 1050 ratiociniis
2959 996 3234 1051 nimirum
3273 997 3387 1052 suis
3422 999 3802 1073 conjecturisque

524 1096 635 1151 qua
674 1079 745 1133 ab
786 1079 1110 1133 Artemonis
1147 1079 1353 1133 haeresi
1384 1078 1456 1132 ad
1485 1078 1814 1132 catholicam
1847 1078 2151 1133 Ecclesiam
2253 1092 2498 1154 auctam,
2532 1088 2770 1158 posteris
2796 1093 3272 1160 repraesentasset,
3304 1107 3419 1145 non
3453 1091 3674 1149 viderem
3703 1112 3804 1151 sane

521 1178 813 1229 revocatus
853 1178 935 1227 est
974 1173 1218 1235 (Euseb.,
1262 1175 1399 1227 Hist.
1431 1173 1632 1235 coclea,
1669 1189 1744 1235 vi,
1772 1173 1848 1235 5).
1881 1173 2022 1226 Tum
2052 1173 2152 1227 Po-
2250 1191 2354 1230 cur
2400 1177 2673 1235 stseno.
2707 1194 2810 1232 cur
2847 1179 3023 1234 cuivis
3059 1180 3311 1235 probatas
3355 1181 3479 1235 ﬁdei
3513 1182 3618 1235 viro
3653 1201 3804 1235 assen-

521 1178 813 1229 revocatus
853 1178 935 1227 est
974 1173 1218 1244 (Euseb.,
1262 1175 1399 1227 Hist.
1431 1173 1632 1235 coclea,
1669 1189 1744 1240 vi,
1772 1171 1848 1242 5).
1881 1173 2022 1226 Tum
2052 1173 2152 1227 Po-
2250 1191 2354 1230 cur
2400 1177 2673 1246 Nysseno,
2707 1194 2810 1232 cur
2847 1179 3023 1234 cuivis
3059 1180 3311 1250 probatas
3355 1181 3479 1236 ﬁdei
3513 1182 3618 1237 viro
3653 1201 3804 1239 assen-
3986 1189 3987 1250 ἒ

519 1267 791 1322 tamienaa
823 1266 965 1334 alias,
1005 1265 1211 1336 quibus
1248 1282 1361 1319 non
1407 1264 1670 1319 Basilides
1715 1265 1906 1334 modo,
1951 1265 2050 1320 sed
2095 1268 2153 1319 et
2251 1280 2347 1318 sus
2385 1270 2532 1320 esset
2568 1266 2961 1337 denegandus.
2991 1269 3150 1324 Talia
3179 1272 3314 1324 sunt
3351 1276 3531 1325 autem
3563 1288 3670 1343 qua:
3701 1272 3805 1327 hac-
3985 1253 3987 1336 l

519 1360 612 1414 alii
647 1358 1007 1416 Alexandrini
1047 1360 1240 1430 plures
1280 1358 1352 1412 ad
1398 1357 1570 1413 ﬁdem
1612 1358 1991 1414 Christianam
2024 1375 2150 1413 con-
2252 1357 2420 1410 tenus
2447 1356 2812 1426 protulimus,
2846 1374 3090 1428 quasque
3123 1357 3394 1430 deinceps
3422 1360 3751 1430 proferemus.
3985 1343 3987 1410 ί

515 1455 661 1509 versi
701 1458 851 1508 sunt.
886 1455 1163 1508 Praeterea
1202 1451 1574 1508 revelationes
1600 1451 1960 1524 visionesque
1998 1453 2094 1506 alii

515 1569 754 1598 mmrnm
798 1550 983 1598 nrimn
1015 1551 1198 1598 iussus
1232 1555 1315 1598 est
1355 1547 1683 1598 Alexander
1712 1567 1743 1598 ρ
1786 1551 2094 1598 Cannadnrj

2321 1441 2351 1514 §
2384 1448 2468 1499 17.
2489 1475 2557 1485 -
2589 1444 2774 1508 Quare
2805 1447 3063 1517 suppleat
3090 1447 3212 1517 ejus
3237 1447 3424 1501 locum
3455 1447 3585 1502 alius
3609 1449 3709 1519 ejus
3728 1450 3806 1504 sub

2247 1537 2495 1598 Origene
2522 1539 2964 1598 condiscipulus.
2993 1540 3289 1598 Dionysius
3317 1541 3709 1597 Alexandrinus.
3732 1543 3806 1598 Hic

645 1569 754 1597 'nm
798 1550 982 1597 nrimn
1015 1551 1198 1597 instans
1232 1555 1315 1597 est.
1356 1550 1683 1597 Alexander
1712 1567 1743 1597 ρ
1786 1551 2148 1597 Cannadnnia
2247 1550 2495 1597 Origene
2522 1550 2964 1597 CODdlSCIDUlUS.
2993 1550 3289 1597 Dionysius
3317 1550 3709 1597 Alexandrinus.
3732 1550 3808 1597 llic

513 1569 758 1623 quarum
798 1550 983 1622 prima
1007 1551 1198 1620 jussus
1232 1555 1315 1604 εει
1354 1547 1683 1605 Alexander
1712 1567 1743 1605 θ
1786 1551 2148 1623 Cappadocia
2247 1547 2495 1608 Origene
2522 1547 2964 1610 condiscipulus,
2993 1547 3289 1611 Dionysius
3317 1547 3709 1597 Alexandrinus.
3732 1547 3807 1598 llic

513 1653 576 1702 ut
616 1646 674 1701 in
722 1645 1076 1700 palmsiinam
1126 1644 1401 1714 migraret
1442 1643 1688 1715 (Euseb,
1732 1644 1890 1711 ibid”
1937 1660 1983 1698 ο,
2035 1644 2144 1714 Η),
2246 1630 2349 1685 sub
2371 1631 2544 1688 linem
2570 1631 2835 1704 Philippi,
2861 1633 3168 1705 ingruente
3196 1634 3558 1702 Alexandria,
3581 1636 3744 1706 populi
3762 1636 3807 1691 in

516 1689 576 1702 -υ
617 1689 674 1701 u-
722 1689 1076 1700 -u-w-n-------
1129 1689 1401 1714 --υο-ι--η
1443 1689 1688 1715 κ--ο-νυυν
1735 1689 1890 1711 "wn,
1938 1689 1983 1698 ν-
2039 1689 2055 1698 ι
2078 1689 2144 1714 -,,
2721 1689 2736 1703 .
2761 1689 2777 1704 ι
2823 1689 2834 1702 ι
2927 1689 2960 1705 υ
3529 1689 3558 1702 ν,
3583 1689 3598 1705 ι
3626 1689 3669 1706 κιγ
3781 1689 3806 1691 ἡ

512 1740 761 1796 secunda
787 1744 959 1811 atque
990 1738 1156 1793 tertia
1186 1753 1315 1791 cum
1348 1754 1481 1792 voce
1509 1737 1720 1791 cmlesti
1753 1753 1929 1808 quam
2063 1752 2145 1805 ΠΒ
2166 1764 2221 1836 Β
2247 1725 2593 1780 Christianos
2622 1725 2947 1782 ferocientis
2973 1728 3215 1800 impetu,
3239 1727 3630 1799 persecutione,
3656 1728 3808 1784 divino

510 1841 805 1911 appellant
833 1837 1033 1906 Judaei,
1065 1837 1270 1908 quibus
1313 1835 1512 1890 moniti
1551 1840 1682 1890 sunt
1719 1853 1846 1890 cum
1877 1820 2141 1906 episcopo
2166 1820 2221 1836 υ
2244 1820 2465 1874 monitu
2503 1820 2703 1891 fugere
2731 1820 2925 1890 jussus
2953 1826 3056 1888 est,
3088 1822 3178 1876 συί
3217 1827 3273 1877 et
3296 1822 3451 1894 ῑυεεε
3479 1822 3613 1876 Viam
3647 1827 3809 1894 βτᾶἳίετ
3986 1855 3987 1882 i

510 1952 612 1988 suo
656 1931 1176 1988 Hierosolymitani.
1228 1930 1499 1984 eumdem
1545 1929 1931 1984 Alexandrum
1973 1933 2038 1984 ut
2081 1929 2141 1983 in
2245 1907 2574 1978 Opinionem
2607 1909 2852 1978 θρθΐυίίο
2882 1912 2969 1965 ua
3000 1910 3068 1964 de
3097 1927 3154 1965 se
3185 1909 3304 1981 ipse
3333 1911 3396 1964 in
3423 1927 3515 1964 sua
3541 1911 3604 1966 ad
3626 1911 3808 1965 Germa'
3986 1963 3987 1972 1

509 1952 612 1990 8110
656 1945 1176 1990 Hierosolymitani.
1228 1945 1499 1984 eumdem
1545 1945 1931 1984 Alexandrum
1973 1945 2038 1984 ut
2081 1947 2141 1983 In
2245 1945 2574 1978 "l’"“"’“""'
2607 1945 2852 1978 ιΨυιυιιη

509 1952 612 1990 8110
656 1949 1176 2002 merosoxymitani,
1228 1949 1499 1984 eumdem
1545 1949 1931 1984 Alexandrum
1973 1949 2038 1984 IN.
2081 1949 2094 1982 1

508 2028 902 2100 episcOpatum
948 2024 1340 2079 admitterent.
1386 2023 1502 2078 Sub
1540 2023 1840 2078 Maximino
1883 2023 1968 2077 vel
2007 2023 2094 2078 Go

2245 1949 2574 1978 vrllllvllvlll
2607 1949 2737 1978 Iuler
2751 1949 2852 1965 μιν.
2883 1949 2969 1965 ινα
3000 1949 3068 1964 uv
3097 1949 3154 1965 ου
3186 1949 3304 1981 Ινυυ
3333 1949 3396 1964 Au
3423 1949 3515 1964 au“
3541 1949 3604 1966 Eu
3627 1949 3708 1965 υυλ
3720 1949 3804 1965 lu“,

2242 2017 2382 2055 num
2413 2001 2655 2072 epistola.
2686 2019 2698 2058 :
2741 2006 3066 2068 κιλεύσαντός
3109 2027 3196 2080 μοι
3231 2015 3544 2081 μεταστῆναι
3574 2014 3653 2061 τοῦ
3689 2011 3804 2074 Θεοῦ,

2310 2106 2321 2122 ς
2537 2099 2619 2122 θον
2756 2100 2811 2122 εδ
2942 2109 2953 2122 I
3241 2107 3315 2122 -1-
3403 2101 3572 2122 Il____‘l
3622 2101 3770 2122 η----ι.

508 2099 679 2178 diano
708 2120 983 2177 Fabianus
1013 2116 1359 2173 revelatione
1393 2115 1580 2170 divina
1608 2116 1784 2171 factus
1812 2119 1898 2171 est
1925 2117 2094 2188 episci

2241 2106 2325 2154 καί
2383 2099 2683 2179 παραδόξως
2752 2100 3176 2168 ὃδοποιήσαντος,
3234 2107 3339 2157 etc.
3400 2101 3576 2174 (Apud
3621 2101 3809 2168 Euseb,

506 2234 612 2290 pus
650 2213 900 2287 (Euseb.,
941 2215 1082 2266 Hist.
1129 2211 1445 2313 eccles.,.v1,
1487 2211 1596 2313 29‘),
1631 2209 1821 2313 Sp..S.
1863 2209 1922 2313 in
1948 2209 2134 2280 illum,
2237 2200 2632 2313 Hii-M80016»
2671 2199 2913 2313 $240);
2938 2200 3247 2313 [iaechvel‘a‘
3282 2216 3426 2313 esse,
3465 2200 3811 2313 Deum-ipiuni

506 2287 784 2366 columba
810 2305 996 2378 specie
1022 2304 1272 2374 delapso,
1304 2303 1377 2358 ad
1400 2302 1666 2357 eamdem
1695 2303 1860 2374 plane
1888 2303 2094 2358 formai

506 2421 620 2461 qua
651 2403 708 2456 in
742 2401 1084 2458 Salvatorem
1113 2397 1377 2461 delapsus
1407 2396 1610 2450 fuerat.

2239 2290 2466 2356 testem,
2521 2287 2774 2359 appellat
2827 2305 2840 2342 :
2894 2289 2990 2364 ἐγὼ
3050 2287 3104 2344 δὲ
3166 2296 3252 2344 καὶ
3307 2291 3517 2346 ἐνώπιον
3579 2298 3659 2345 τοῦ
3711 2296 3812 2343 Θεοῦ

2235 2385 2369 2439 λαλῶ
2393 2428 2407 2454 ,
2483 2392 2568 2440 καί
2637 2389 2788 2450 αὐτὸς
2856 2386 2989 2443 οἶδεν
3057 2395 3138 2444 ὅτι
3216 2390 3274 2444 οὺ
3355 2387 3652 2461 ψεύδομαι.
3717 2384 3808 2441 οὐδὲ

549 2421 620 2458 ua
651 2403 708 2456 in
742 2401 1084 2458 Salvatorem
1113 2397 1377 2458 delapsus
1407 2396 1610 2450 fuerat.

2235 2396 2369 2439 λαλῶ
2393 2428 2407 2454 ,
2483 2396 2568 2440 καί
2637 2396 2788 2450 αὐτὸς
2856 2396 2989 2443 οἱδεν
3057 2396 3138 2444 ὅτι
3216 2396 3274 2444 οὺ
3355 2396 3652 2458 ψεύδομαι.
3717 2396 3764 2441 οὐ

505 2421 620 2477 qua
651 2409 708 2456 in
742 2409 1084 2458 Salvatorem
1113 2409 1377 2467 delapsus
1407 2409 1610 2450 fuerat.

573 2498 606 2569 §
641 2501 723 2552 l5.
756 2525 826 2537 —
864 2493 980 2549 Sub
1026 2491 1331 2558 Gordiano,
1367 2489 1456 2544 vel
1497 2489 1687 2560 potius
1730 2489 1966 2545 fortasse
1996 2490 2094 2545 Phi

2235 2409 2369 2439 Λαλω
2393 2428 2407 2454 ,
2483 2409 2568 2440 και
2637 2409 2788 2450 αυτος
2856 2409 2989 2443 οιοεν
3057 2411 3138 2444 οτι
3216 2411 3274 2444 ου
3355 2409 3596 2463 ψευσομαι
3640 2429 3652 2443 .
3717 2409 3803 2441 auo:

2232 2488 2354 2557 μίαν
2410 2483 2489 2538 ἐπ’
2539 2484 2758 2558 ἐμαυτοῦ
2815 2486 3150 2562 βαλλόμενος,
3209 2486 3345 2541 ἀθεεὶ
3411 2487 3670 2562 πεποίημαι
3735 2491 3803 2544 τὴν

504 2592 664 2664 lippo
695 2605 825 2645 suos
852 2587 1118 2642 adversus
1139 2584 1364 2640 Celsum
1388 2588 1577 2638 tomos
1601 2583 1888 2655 scripsisse
1909 2583 2134 2638 videtur
2230 2588 2414 2657 φυγήν.
2472 2581 2615 2645 Quid
2679 2581 2771 2636 hic
2832 2581 3150 2638 faciemus?
3199 2583 3328 2638 Viro
3379 2581 3707 2639 sanctissimo
3753 2595 3810 2634 ne

503 2685 810 2756 Origenes;
880 2697 986 2736 nec
1039 2677 1195 2734 enim
1262 2685 1444 2741 στάσις
1498 2677 1595 2731 illa
1651 2677 1810 2748 cujus
1864 2677 2134 2731 meminit
2223 2680 2417 2752 jurato
2458 2681 2692 2752 quidem
2738 2683 3073 2739 credemus?

498 2803 558 2858 p.
585 2785 708 2851 120,
735 2780 806 2836 ad
834 2795 1018 2850 remp.
1047 2775 1348 2832 referenda
1370 2780 1453 2829 est
1480 2773 1598 2844 (lib.
1622 2791 1678 2828 Ill
1705 2774 1831 2829 adv.
1863 2772 2045 2843 Cels),
2070 2791 2094 2827 υ

498 2877 718 2930 nutavit
757 2875 1060 2930 interpres.
1101 2869 1196 2924 sed
1234 2869 1305 2923 ad
1336 2873 1512 2923 sectas
1552 2867 1741 2930 potius
1777 2867 2094 2922 Christiano

2302 2780 2334 2851 §
2378 2783 2462 2836 18.
2492 2811 2561 2821 --
2600 2781 2683 2837 Ad
2721 2780 2844 2852 ipsa
2873 2782 2996 2852 jam
3023 2781 3291 2854 Cypriani
3331 2785 3590 2853 tempora
3615 2777 3808 2835 deveni-

2230 2889 2358 2928 mus
2408 2873 2567 2930 cuius
2617 2875 2665 2928 si
2714 2875 2884 2930 unius
2935 2875 3261 2930 testimonia
3315 2876 3679 2930 consulamus.
3727 2887 3808 2927 nec

540 2877 718 2933 utavit
757 2875 1060 2933 interpres.
1101 2875 1196 2924 sed
1234 2875 1305 2923 ad
1336 2875 1512 2923 sectas
1552 2875 1741 2933 potius
1777 2875 2124 2922 Christiano-
2230 2889 2358 2928 mus
2408 2875 2567 2933 cujus
2617 2875 2665 2928 si
2714 2875 2884 2930 unius
2935 2875 3261 2930 testimonia
3315 2876 3679 2933 consulamus.
3727 2887 3810 2927 nec

497 2885 718 2952 putavit
757 2885 1060 2944 interpres,
1101 2885 1196 2924 sed
1234 2885 1305 2923 aq
1336 2885 1512 2923 seeias
1552 2885 1741 2939 ponus
1777 2885 2094 2922 Christiano

496 2983 647 3025 rum.
678 2968 803 3021 Jam
833 2969 1028 3018 autem
1058 2967 1234 3038 χρόνῳ
1263 2961 1457 3015 πλείονι
1487 2957 1942 3028 persecutionem
1974 2973 2094 3027 pass

2230 2889 2358 2928 mus
2408 2891 2567 2944 cujus
2617 2885 2665 2928 si
2714 2885 2884 2930 unius
2935 2885 3261 2930 testimonia
3315 2885 3679 2941 consulamus,
3727 2887 3807 2927 nec

2227 2983 2361 3020 sane
2390 2967 2542 3037 quod
2577 2967 2926 3036 dubitemus,
2965 2969 3139 3024 fuisse
3165 2969 3415 3025 visiones
3441 2969 3676 3040 aliasque
3703 2983 3807 3037 pro-

493 3083 614 3122 non
664 3065 829 3120 erant
884 3057 1228 3124 Christiani,
1282 3071 1458 3126 quam
1505 3054 1680 3108 etiam
1735 3056 1898 3110 πάλαι
1950 3053 2123 3108 fuisse
2158 3125 2195 3131 Α
2224 3059 2468 3131 phetias,
2502 3077 2606 3116 nec
2635 3061 2806 3117 fuisse
2833 3062 3007 3117 etiam
3046 3063 3176 3117 illas
3201 3064 3610 3119 veracissimas.
3641 3063 3696 3116 ln
3726 3061 3810 3114 hac

493 3163 652 3220 dicit.
681 3155 1117 3230 Longamillam
1155 3168 1356 3224 pacem
1399 3150 1635 3206 omnino
1666 3150 1941 3205 denotare
1973 3125 2345 3224 vide-Cipsa
2406 3170 2580 3226 quam
2634 3158 2946 3210 tractamus
3003 3156 3240 3226 epistola
3297 3155 3562 3212 meminit
3617 3151 3807 3208 visionis

491 3262 586 3313 tur
631 3255 790 3325 cujus
831 3248 1095 3306 meminit
1135 3244 1451 3317 Cyprianus
1489 3244 1576 3312 (de
1615 3243 1823 3315 Laps,);
1857 3243 2121 3298 interval-
2223 3248 2381 3319 prius
2404 3249 2575 3319 longe
2603 3253 2840 3303 ostensa:
2867 3265 3042 3321 quam
3067 3253 3384 3322 tempestas
3405 3248 3667 3305 vastitatis
3689 3247 3809 3302 illius

490 3352 611 3406 lum
643 3346 916 3402 nimirum
951 3359 984 3396 a
1009 3338 1403 3412 persecutione
1432 3336 1618 3393 Severi
1650 3337 1722 3390 ad
1753 3337 1907 3390 illam
1941 3337 2116 3393 Decii.
2222 3341 2486 3409 oriretur,
2531 3358 2704 3413 quam
2759 3341 2881 3412 jam
2943 3347 3113 3398 antea
3161 3343 3420 3400 futuram
3473 3343 3803 3398 intellexerat.

490 3445 603 3493 Hoc
630 3442 821 3493 autem
847 3440 1103 3493 tempore
1132 3426 1468 3493 prophetica
1495 3425 1649 3480 dona
1672 3425 1824 3493 ειΡιιά
1851 3427 2120 3482 Οδΐὶδῐίεια
2217 3435 2286 3488 Et
2323 3435 2557 3493 quidem
2596 3435 2691 3490 illa
2733 3435 2803 3490 de
2849 3435 3240 3492 unanimitatis
3282 3437 3512 3493 defectu
3552 3435 3668 3491 talis
3709 3436 3808 3488 erat

489 3445 603 3497 Hoc
630 3442 821 3494 autem
847 3440 1103 3497 tempore
1132 3428 1468 3497 prophetica
1495 3428 1649 3480 dona
1672 3428 1824 3496 apud
1851 3428 2094 3482 Christia

2217 3435 2286 3488 Et
2323 3435 2557 3497 quidem
2596 3435 2691 3490 illa
2733 3435 2803 3490 de
2849 3435 3240 3492 unanimitatis
3282 3437 3512 3494 defectu
3552 3435 3668 3491 talis
3709 3448 3791 3488 era

489 3445 603 3497 Hoc
630 3442 821 3494 autem
847 3441 1103 3503 tempore
1132 3441 1468 3500 prapneuca
1495 3441 1649 3480 dona
1672 3441 1824 3496 apud
1851 3441 2094 3482 Caristia

488 3550 591 3590 nos
633 3529 902 3601 viguisse,
953 3520 1109 3579 testis
1151 3519 1271 3589 ipse
1312 3518 1399 3571 est
1443 3516 1511 3570 de
1554 3531 1654 3570 suo
1705 3520 1963 3586 tempore
2003 3515 2094 3571 lldc

2217 3441 2286 3488 Et
2323 3441 2557 3506 quidem
2596 3441 2691 3490 illa
2733 3441 2803 3490 de
2849 3441 3240 3492 unanimitatis
3282 3441 3512 3494 defectu
3552 3441 3668 3491 talis
3709 3441 3802 3488 erat

2217 3528 2448 3600 qualem
2480 3527 2777 3600 descripsit
2804 3531 3122 3601 Apostolus,
3155 3547 3271 3602 qua
3301 3531 3430 3603 ipsa
3465 3545 3680 3602 quoque
3705 3543 3802 3582 cor-

489 3619 876 3694 dignissimus,
909 3611 1006 3684 qui
1037 3614 1094 3665 et
1118 3623 1243 3662 rem
1270 3621 1498 3660 omnem
1522 3604 1986 3676 propheticorum
2016 3604 2088 3659 do

2217 3621 2376 3676 dium
2421 3621 2640 3677 occulta
2681 3623 2984 3678 manifesta
3028 3624 3429 3680 redderentur.
3475 3627 3602 3681 Erat
3636 3627 3687 3679 et
3717 3621 3804 3676 alia

486 3728 692 3769 norum
736 3707 926 3780 paucis
975 3699 1227 3757 absolvit.
1263 3700 1394 3752 Οὓτε
1435 3705 1534 3751 τῶν
1573 3705 1661 3756 τῆς
1702 3701 1920 3758 πίστεώς
1964 3695 2094 3751 ἀλλο·

2213 3715 2482 3771 revelatio
2518 3733 2690 3787 quam
2725 3717 2792 3771 ad
2835 3717 3139 3772 minimum
3169 3718 3456 3774 famulum
3502 3720 3578 3789 (se
3607 3732 3668 3772 ea
3693 3729 3801 3787 pro-

480 3811 635 3882 τρίων
704 3799 1064 3877 παραπλήσιόν
1131 3817 1183 3849 τι
1259 3803 1362 3857 τοῖς
1424 3799 1703 3870 προφήταις
1775 3799 2094 3861 πεποιήκασι1

482 3905 595 3956 οὒτε
645 3906 876 3956 νεώτεροι
925 3901 1010 3949 καί
1064 3896 1194 3956 μετά
1247 3898 1338 3953 τὴν
1394 3899 1560 3952 Ἰησοῦ
1612 3887 1884 3956 ἐπιδημίαν
1957 3895 2094 3946 ἱστό-

2211 3809 2300 3863 cul
2345 3808 2518 3864 dubio
2559 3825 2696 3865 voce
2725 3810 3045 3882 denotarat)
3085 3811 3424 3867 mandatam
3458 3811 3554 3879 ait,
3599 3809 3680 3864 dic
3718 3808 3801 3874 illi,

2208 3901 2424 3956 inquit.
2483 3919 2717 3956 securus
2768 3903 2866 3956 sit.
2924 3904 3056 3956 quia
3107 3921 3215 3956 nax
3267 3910 3511 3956 ventura
3561 3908 3655 3956 est.
3703 3903 3800 3956 lam

482 3905 595 3959 οὒτε
645 3906 876 3967 νεώτεροι
925 3901 1010 3949 καί
1063 3896 1194 3967 μετά
1247 3898 1338 3953 τὴν
1394 3899 1560 3952 Ἰησοῦ
1612 3895 1884 3965 ἐπιδημίαν
1957 3895 2094 3946 ἱστό-

2208 3901 2424 3967 inquit,
2483 3919 2717 3958 securus
2768 3903 2866 3967 sit,
2924 3904 3056 3967 quia
3107 3921 3215 3967 pax
3267 3910 3511 3961 ventura
3561 3908 3655 3959 est.
3703 3903 3800 3956 lam

482 3916 595 3959 οὗτε
645 3916 876 3975 νεώτεροι
925 3917 1010 3949 και
1063 3916 1194 3969 μετα
1247 3916 1338 3953 την
1397 3916 1560 3952 ἰησου
1612 3916 1884 3965 επιοημιαν
1957 3916 2094 3946 ιστο-

480 4022 666 4081 ρηνται
738 3998 786 4051 ἐν
813 3993 1082 4055 Ἰουδαίοις
1149 3996 1281 4054 τινὲς
1335 3994 1776 4068 προφητεύσαντες
1810 4033 1821 4044 .
1880 3995 1940 4045 τὸ
2007 3994 2094 4068 γὰμ

2208 3916 2424 3974 inquit,
2483 3919 2717 3958 securus
2768 3916 2866 3967 sit,
2924 3920 3056 3976 quia
3107 3921 3215 3976 pax
3267 3916 3511 3961 ventura
3561 3916 3655 3959 est.
3703 3916 3800 3956 iam

2209 3995 2380 4068 longe
2423 3997 2658 4053 aberant
2695 4015 2728 4052 a
2771 3996 2926 4068 pacis
2968 4013 3066 4068 spe
3109 4014 3240 4053 cum
3285 3999 3384 4054 illa
3424 3998 3684 4054 scriberet
3714 3997 3801 4066 Cy-

484 4101 630 4174 ἄγτον
713 4101 922 4168 Πνεῦμα
1000 4092 1322 4166 ὡμολόγηται
1406 4088 1621 4150 ἐκείνους
1690 4089 2094 4144 καταλελοιπέναι

2206 4089 2461 4162 prianus.
2489 4091 2600 4146 Nec
2631 4094 2825 4146 tamen
2859 4091 3333 4148 dissimulandum
3373 4097 3668 4165 propterea
3705 4104 3802 4145 cre-

495 4195 835 4254 ὶσεϐήσαντας
901 4196 967 4252 εἰς
1027 4194 1114 4242 τὸν
1181 4192 1336 4254 Θεὸν,
1398 4192 1484 4239 καί
1548 4191 1635 4239 τὸν
1699 4189 2094 4254 πρῳητευθέντα

2205 4183 2384 4252 didit,
2437 4185 2577 4254 quin
2629 4185 2820 4254 potius
2867 4185 3051 4254 ipsam
3109 4186 3258 4241 hanc
3309 4187 3605 4254 epistolam
3656 4182 3801 4240 fuisse

481 4195 835 4256 ἀσεϐήσαντας
901 4196 967 4252 εἰς
1027 4195 1114 4242 τὸν
1181 4195 1336 4254 Θεὸν,
1398 4195 1484 4239 καί
1548 4195 1635 4239 τὸν
1699 4195 2094 4262 πρῳητευθὲντα

477 4299 577 4353 ὑπὸ
631 4305 731 4351 τῶν
789 4298 915 4367 παρ’
968 4288 1136 4348 αὐτοῖς
1190 4293 1454 4362 προφητῶν
1509 4281 1630 4351 (lib.
1684 4299 1780 4350 VII,
1837 4299 1895 4353 p.
1955 4282 2094 4354 337).

2205 4195 2384 4252 didit,
2437 4201 2577 4256 qum
2629 4195 2820 4256 potius
2867 4195 3051 4257 ipsam
3109 4195 3258 4241 hanc
3309 4195 3605 4259 epistolam
3656 4195 3800 4240 fuisse

2201 4277 2470 4333 fratribus
2511 4279 2830 4350 legendam.
2877 4280 2958 4335 lta
3009 4285 3227 4336 certum
3277 4281 3349 4336 de
3405 4285 3610 4337 eventu
3656 4277 3800 4333 fuisse

473 4395 630 4452 Idem
665 4405 836 4461 supra
873 4388 942 4442 de
970 4383 1180 4442 Iudaeis
1219 4381 1472 4438 Justinus
1503 4386 1740 4454 martyr.
1778 4382 1968 4453 Pergit
1997 4399 2100 4437 au-
2202 4374 2445 4440 constat,
2475 4372 2598 4427 fore
2627 4371 2999 4428 nihilominus
3027 4373 3181 4445 quod
3209 4375 3564 4446 promissum
3592 4375 3721 4429 erat.

726 4480 920 4536 iaenes
969 4492 983 4532 :
1031 4483 1218 4536 Σημεῖα
1259 4471 1314 4528 δὲ
1346 4480 1437 4527 τοῦ
1475 4473 1623 4536 ἁγίου
1663 4478 1950 4536 Πνευματος
1987 4482 2094 4528 κατ’

2271 4466 2403 4521 Orta
2443 4465 2836 4536 persecutione
2876 4466 3121 4522 secessit.
3154 4467 3214 4522 Id
3252 4484 3487 4536 quoque
3530 4474 3590 4524 ut
3620 4466 3797 4536 Diony-

472 4488 590 4540 tem
644 4481 920 4551 Origenes
969 4492 983 4532 :
1031 4483 1218 4551 Σημεῖα
1259 4481 1314 4528 δὲ
1346 4481 1437 4527 τοῦ
1475 4481 1623 4546 ἁγίου
1663 4481 1950 4548 assumto;
1987 4482 2094 4528 κατ¹

470 4584 641 4656 ἀρχάς
710 4585 799 4656 μὲν
865 4598 956 4638 τας
1026 4580 1193 4634 Ἰησοῦ
1260 4569 1617 4638 διδασκαλίας,
1692 4575 1822 4645 μετὰ
1888 4569 1943 4626 δὲ
2005 4579 2094 4634 τὴν

2271 4481 2403 4521 urta
2443 4481 2836 4536 persecutione
2876 4481 3121 4522 secessit.
3154 4481 3214 4522 ια
3252 4484 3487 4540 quoque
3530 4481 3590 4524 ut
3620 4481 3796 4536 Diony-

2199 4559 2344 4614 sium
2392 4559 2589 4615 fecisse
2632 4561 3004 4629 ostendimus,
3046 4560 3124 4617 sic
3169 4561 3284 4616 Deo
3327 4563 3549 4634 pariter
3593 4566 3796 4617 auctore

507 4607 641 4662 ρχας
710 4607 799 4656 μεν
865 4607 954 4638 τας
1042 4607 1193 4634 ιιδυυυ
1260 4607 1617 4638 υιυυιυι-ἰιιιυιιη
1692 4607 1822 4645 fuit»
1888 4607 1942 4626 w-
2015 4607 2096 4634 ιαμ
2199 4607 2344 4614 -----
2392 4607 2588 4615 --πυ-’σ
2636 4607 3004 4629 ν-’ν---η--υ--ν
3046 4607 3123 4617 νη
3172 4607 3280 4616 "vv
3330 4607 3539 4634 ι’·--ι-ν·
3593 4607 3792 4662 --ηπ-ῑν

507 4685 724 4726 “Amm:
789 4678 946 4726 αὐτοῦ
998 4674 1208 4726 πλείονα
1257 4667 1533 4726 ἐδείκνυτο.
1588 4669 1799 4726 ὕστερον
1851 4667 1905 4723 δὲ
1967 4671 2094 4726 λάτ-
2196 4659 2412 4710 consul
2463 4654 2655 4709 feeisse
2700 4654 3077 4726 Cyprianum-
3125 4675 3155 4706 “
3201 4657 3268 4711 Et
3307 4655 3570 4723 audietis:
3617 4655 3794 4725 inqu“!

2196 4747 2410 4816 omnia,
2451 4748 2679 4819 quando
2708 4749 2777 4804 ad
2816 4765 2912 4804 vos
2940 4749 3208 4805 reducem
3240 4765 3332 4805 me
3362 4750 3636 4805 Dominus
3671 4748 3796 4803 fece-

2191 4841 2286 4910 rit,
2315 4840 2414 4913 qui
2440 4843 2505 4896 ut
2531 4842 2854 4898 secederem
2887 4842 3058 4914 jussit
3086 4843 3198 4914 (ep.
3232 4843 3342 4915 10).
3372 4865 3402 4894 ››
3436 4844 3596 4900 Idem
3633 4842 3687 4896 in
3715 4855 3791 4911 ep.

2194 4937 2279 5003 15,
2342 4934 2648 5007 multisque
2710 4935 2769 4990 in
2832 4936 3090 5007 ejusdem
3137 4937 3251 4992 vita
3307 4938 3562 4993 Pontius.
3625 4933 3796 5006 Lapsis

2188 5045 2405 5100 pacem,
2435 5045 2502 5084 eo
2531 5029 2878 5099 inconsulto,
2909 5033 3126 5086 temere
3165 5033 3566 5086 concesserant
3592 5027 3794 5101 presby‘

468 4683 724 4754 ἀνάληχιν
789 4678 946 4732 αὐτοῦ
998 4674 1208 4729 πλείονα
1257 4667 1533 4739 ἐδείκνυτο,
1588 4669 1799 4746 ὕστερον
1851 4667 1905 4723 δὲ
1967 4671 2094 4726 λάτ-

465 4801 642 4838 τοντα.
686 4779 822 4838 Πλὴν
870 4779 955 4828 καί
1008 4779 1096 4826 νῦν
1144 4773 1220 4824 ἔτι
1260 4773 1383 4840 ἴχνη
1435 4767 1573 4821 ἐστιν
1621 4769 1778 4821 αὐτοῦ
1827 4777 1953 4844 παρ’
1993 4770 2098 4823 ὀλί-

462 4900 588 4956 γοις,
635 4879 726 4939 τὰς
780 4873 954 4948 ψυχὰς
995 4879 1067 4942 τῷ
1121 4869 1255 4942 λόγῳ
1308 4872 1394 4920 καί
1443 4886 1554 4927 ταις
1595 4872 1710 4918 κατ’
1754 4864 1907 4920 αὐτὸν
1945 4871 2093 4943 πρά-

461 4981 569 5046 Em
641 4975 1045 5048 κεκαθαρμένοις.
1115 4963 1274 5030 Quod
1337 4978 1441 5017 suo
1518 4964 1780 5033 tempore
1852 4961 2092 5034 vestigia

461 5075 742 5132 duntaxat
778 5082 1069 5140 superesse
1109 5064 1277 5126 dicat,
1311 5062 1381 5117 ad
1422 5060 1605 5133 prima
1641 5061 1740 5116 illa
1782 5061 2088 5117 Christiani
2189 5060 2413 5140 ξ’ξίῗσᾞτ
2435 5060 2502 5084 συ
2533 5060 3126 5140 ¹¹¹ιξξ¹ν⁸¹⁵¹¹¹ιυζξ⁶ξ¹¹⁶¹υ
3164 5060 3566 5140 ξωξξδθπτξίυξ
3592 5060 3634 5134 νς

457 5123 1005 5234 critus—primordia
1055 5155 1114 5210 in
1156 5123 1480 5209 Pentecoste
1507 5151 1727 5223 {procul
1773 5150 1948 5205 dubio
1993 5169 2083 5208 re-
2187 5123 2314 5234 ίῗξί·
2348 5124 2426 5179 De
2463 5140 2529 5179 θο
2570 5124 2764 5234 etiam-3
2805 5123 2942 5195 quid
2971 5124 3201 5234 ἷαοθξξῐ,
3244 5123 3796 5234 Πθιξιξισὶιᾶὺυίιιξιὲ·

457 5253 667 5328 spexit,
694 5217 866 5322 iitque
888 5247 1066 5303 voluit
1080 5261 1212 5302 cum
1231 5242 1681 5300 Christianorum
1703 5242 1977 5314 cujusque
1997 5260 2084 5297 or-

2192 5217 2432 5274 nitorem
2473 5235 2488 5273 :
2541 5239 2568 5268 ‹‹
2621 5218 2905 5289 Castigare
2951 5234 3054 5274 nos
3097 5218 3291 5290 itaque
3337 5219 3533 5274 divina
3575 5229 3790 5272 censura

455 5311 607 5400 diuis
654 5311 987 5396 communia
1025 5334 1160 5390 olim
1203 5332 1417 5389 fuerint
1461 5331 1564 5386 sub
1609 5311 1903 5402 apostolis-
1928 5331 2081 5388 dona
2183 5327 2289 5366 nec
2337 5311 2596 5367 Ποθίίδυε
2640 5312 2864 5383 desim“:
2921 5328 3025 5368 nec
3064 5312 3283 5368 ἀίθδυεο
3323 5314 3541 5369 ΡῙἮΞῙΘΥ
3585 5312 3788 5402 metu?

451 5435 596 5502 hac,
625 5447 754 5505 qua:
783 5428 1052 5494 diximus,
1075 5423 1431 5498 prophetica,
1455 5421 1578 5493 jam
1603 5400 1911 5478 illustrium
1937 5422 2080 5478 dun-
2181 5421 2280 5460 “35
2311 5405 2764 5505 {nianiSionési
2797 5422 2899 5477 Per
2934 5406 3054 5462 dies
3081 5422 3310 5505 (Ιυξπίυθ
3346 5406 3625 5478 impletur
3651 5400 3788 5474 almd

449 5500 608 5581 taxat
641 5500 950 5595 primique
1003 5514 1196 5572 meriti
1245 5513 1701 5570 Christianorum
1746 5511 1905 5567 facta
1953 5529 2075 5568 esse
2178 5516 2279 5595 nos
2317 5500 2542 5595 Spiritu,
2573 5501 3637 5595 sanctopueroruuirinnocensqmlaa
3673 5511 3787 5595 fit!!!

444 5589 700 5688 propria.
831 5589 859 5682 ιν
2174 5593 2234 5647 in
2276 5594 2453 5649 extasi
2495 5594 2648 5650 videt
2679 5593 2876 5663 oculis,
2911 5599 2968 5650 et
3006 5593 3189 5688 audit,
3219 5599 3278 5649 et
3313 5593 3568 5688 loquitur
3594 5589 3783 5664 quibus

513 5677 671 5776 §-l6.
711 5728 780 5742 --
823 5677 1145 5768 Benignum
1195 5693 1287 5749 hic
1330 5691 1618 5765 praeberet
1662 5693 2070 5762 argumentum
2169 5702 2273 5743 nos
2333 5688 2607 5743 Dominus
2668 5704 2905 5743 monere
2972 5693 3030 5743 et
3094 5687 3373 5744 instruere
3420 5686 3780 5781 dignaturlj.»

414 5775 590 5849 eluna
629 5791 732 5848 illa
773 5789 936 5857 Greg
968 5783 1078 5843 orii
1123 5781 1557 5854 Thaumaturgi,
1590 5780 1860 5853 Origenis
1891 5780 2062 5838 disci-
2171 5780 2435 5854 Quinque
2483 5781 2804 5855 presbyteri
2855 5783 3150 5856 lapsorum
3212 5781 3461 5858 patroni,
3520 5795 3661 5854 quas
3703 5775 3776 5832 illi
