4082 6194
226 155 363 208 1125

1398 159 1486 214 DE
1519 157 1896 215 VISIONIBUS
1938 159 2400 216 PROPHETICIS.

3475 168 3607 221 1126

221 270 415 326 turbas
445 269 722 339 dederint,
755 271 967 343 ubique
997 274 1216 327 constat
1245 291 1312 329 ex
1345 275 1600 345 ejusdem
1638 277 1857 347 episto-
1887 289 1945 362 Α
1970 281 2171 346 metu;
2207 281 2272 331 ut
2303 278 2460 348 prius
2496 278 2798 333 Dominum
2840 294 3035 333 meum
3076 281 3358 334 consulam
3396 297 3466 335 an
3505 267 3610 335 tibi

225 363 310 417 lis.
368 364 426 419 Id
483 365 659 418 etiam
705 366 756 419 ei
797 383 827 419 a
858 366 1096 421 Domino
1150 369 1360 422 cmlesti
1415 370 1631 424 visione
1687 374 1863 424 antea
1964 389 2158 444 pacem
2212 372 2366 438 dari,
2406 375 2461 425 et
2503 375 2558 425 te
2600 374 2670 426 ad
2711 375 3290 429 communicationem
3333 376 3595 430 Ecclesiae

226 458 535 512 revelatum
567 462 671 512 est.
703 479 732 507 ‹‹
761 461 1099 527 Persecutio,
1127 461 1331 532 inquit,
1376 468 1458 516 est
1487 464 1609 517 haec
1649 465 1780 530 alia,
1811 469 1866 518 et

227 551 342 604 alia
367 552 640 617 tentatio;
684 555 742 605 et
771 553 1019 623 quinque
1060 554 1150 608 isti
1180 556 1500 626 presbyteri
1539 558 1680 610 nihil
1713 557 1866 611 aliud

229 647 368 698 sunt
402 660 576 714 quam
605 645 856 715 quinque
883 647 1162 716 primores
1193 649 1296 716 illi,
1327 650 1423 720 qui
1470 650 1656 704 edicto
1686 667 1868 720 nuper

235 738 665 808 magistratibus
739 739 968 794 fuerant
1050 742 1300 812 cepulati
1383 743 1570 814 (epist.
1645 743 1757 811 40).
1836 765 1862 792 ››

237 833 320 886 Ita
350 832 631 885 intellexit
660 837 949 903 recteque,
981 840 1040 889 ut
1068 836 1314 903 videtur,
1341 837 1629 890 Pamelius
1661 854 1673 891 :
1711 858 1737 885 ‹‹
1781 839 1866 889 Vi-

241 923 407 978 detur
433 925 575 978 mihi
607 925 862 980 alludere
893 928 966 981 ad
1001 929 1277 983 visionem
1309 931 1638 1000 quampiam
1675 930 1732 984 in
1761 947 1871 1000 qua

237 1018 566 1088 apparuisse
621 1019 888 1074 videntur
937 1039 1068 1074 cum
1121 1023 1548 1094 magistratibus
1615 1024 1869 1094 quinque

236 1112 547 1181 primores,
580 1113 675 1182 qui
717 1113 970 1169 edictum
1011 1119 1208 1170 contra
1235 1116 1525 1187 episcopos
1544 1133 1660 1170 una
1686 1117 1870 1187 publi-

240 1208 458 1258 carent.
493 1228 520 1254 ››

311 1347 343 1418 §
383 1349 465 1401 19.
496 1347 897 1403 —Secundam
939 1351 1094 1404 illam
1135 1350 1220 1405 sui
1261 1353 1533 1423 temporis
1571 1353 1674 1407 sub
1715 1354 1872 1407 Gallo

241 1444 299 1494 et
340 1441 634 1495 Volusiano
684 1444 1136 1513 persecutionem
1169 1445 1291 1516 jam
1333 1451 1500 1500 antea
1549 1464 1613 1500 ex
1666 1448 1875 1500 revela-

240 1535 398 1588 tione
437 1535 628 1589 divina
667 1536 1003 1604 didicerant,
1035 1540 1217 1610 deque
1263 1556 1325 1593 ea
1366 1541 1640 1611 populum
1676 1540 1876 1595 litteris

237 1631 519 1686 tiamnum
551 1635 899 1689 exstantibus
926 1638 1278 1692 monendum
1314 1638 1712 1692 existimarunt
1759 1640 1862 1693 Ita-

239 1726 311 1779 ad
359 1726 590 1796 plebem
633 1728 1064 1784 Thibaritanam
1109 1731 1466 1802 Cyprianus:
1513 1733 1708 1786 «Nam
1750 1707 1956 1784 cumB

239 1818 469 1873 Domini
508 1820 840 1876 instruentis
883 1823 1217 1895 dignatione
1261 1825 1604 1896 instigemur
1641 1825 1872 1896 saepius,

241 1913 485 1982 amplius
529 1919 586 1968 et
628 1916 1066 1987 admoneamur,
1097 1919 1166 1973 ad
1195 1923 1440 1973 vestram
1469 1937 1698 1990 quoque
1747 1936 1874 1972 con-

242 2006 541 2060 scientiam
581 2009 991 2065 admonitionis
1021 2016 1227 2066 nostrae
1268 2013 1710 2067 sollicitudinem
1741 2029 1872 2082 per-

241 2099 390 2153 ferre
441 2101 735 2157 debemus.
789 2104 942 2158 Scire
994 2106 1151 2160 enim
1193 2106 1409 2161 debetis
1461 2111 1516 2161 et
1567 2123 1668 2177 pro
1721 2109 1874 2159 certo

241 2194 470 2247 credere
499 2211 561 2247 ac
596 2199 808 2264 tenere,
842 2215 1125 2268 pressura
1162 2200 1317 2254 diem
1357 2217 1527 2271 super
1556 2202 1728 2270 caput
1757 2215 1877 2252 esse

242 2285 474 2356 cospisse
515 2288 700 2357 (epist.
741 2290 849 2359 56),
890 2295 998 2345 etc.
1032 2314 1059 2341 »
1088 2293 1296 2347 Deinde
1339 2293 1529 2363 paucis
1572 2292 1876 2362 interposi-

243 2379 360 2431 tis:
395 2400 420 2425 ‹‹
458 2381 567 2434 Nec
609 2384 881 2451 putemus
909 2385 1042 2437 talia
1074 2402 1194 2440 esse
1233 2402 1361 2456 qum
1398 2385 1652 2450 veniunt,
1688 2384 1879 2454 qualia

241 2471 478 2526 fuerunt
505 2473 599 2527 illa
628 2491 754 2545 qua).
787 2479 1154 2533 transierunt.
1187 2479 1421 2534 Gravior
1461 2496 1614 2532 nunc
1640 2483 1695 2532 et
1730 2479 1879 2531 fero-

246 2565 365 2619 cior
423 2583 619 2637 pugna
675 2569 962 2638 imminet,
1017 2594 1044 2622 »
1105 2576 1212 2626 etc.
1275 2575 1490 2628 Rursus
1546 2572 1699 2626 idem
1750 2587 1879 2625 cum

245 2658 461 2729 synodo
502 2662 816 2733 Cyprianus
847 2665 914 2718 ad
947 2667 1272 2721 Cornelium
1304 2683 1316 2720 :
1349 2687 1377 2714 «
1415 2665 1523 2721 Sed
1558 2665 1712 2720 enim
1751 2681 1881 2718 cum

243 2758 544 2813 videamus
576 2757 733 2811 diem
763 2775 956 2812 rursus
995 2760 1226 2813 alterius
1264 2759 1643 2814 infestationis
1671 2775 1880 2830 appro-

243 2852 528 2925 pinquare
575 2852 827 2921 coepisse,
873 2859 929 2906 et
972 2853 1184 2906 crebris
1222 2860 1392 2924 atque
1431 2853 1669 2907 assiduis
1696 2859 1887 2906 osteno

247 2947 506 3000 sionibus
549 2945 987 3013 admoneamur,
1017 2950 1080 3000 ut
1105 2947 1176 3000 ad
1208 2952 1498 3001 certamen
1527 2946 1678 3018 quod
1720 2945 1884 3000 nobis

246 3039 430 3094 hostis
456 3039 673 3104 indicit,
703 3040 911 3093 armati
940 3043 998 3093 et
1024 3041 1202 3111 parati
1232 3041 1430 3108 simus,
1463 3041 1684 3110 plebem
1713 3040 1882 3094 etiam

248 3132 418 3188 nobis
450 3129 520 3187 de
550 3133 736 3186 divina
777 3133 1110 3202 dignatione
1149 3135 1508 3188 commissam
1548 3135 1886 3188 exhortatio-

247 3226 421 3282 nibus
460 3226 669 3280 nostris
713 3243 1001 3296 paremus,
1051 3233 1158 3282 etc.
1212 3228 1401 3299 (epist.
1452 3230 1558 3296 54).
1610 3250 1638 3278 ‹‹
1686 3229 1889 3282 Postea

253 3345 281 3377 α
322 3325 849 3396 Obtemperandum
878 3332 962 3380 est
990 3343 1234 3397 namque
1262 3327 1687 3381 ostensionibus
1716 3334 1891 3397 atque

250 3418 742 3472 admonitionibus
769 3419 956 3488 justis,
991 3425 1050 3474 ut
1079 3437 1110 3474 a
1142 3420 1460 3490 pastoribus
1487 3437 1618 3474 oves
1646 3421 1703 3474 in
1734 3421 1888 3490 peri-

247 3512 380 3567 culo
413 3528 525 3565 non
556 3512 910 3578 deserantur,
935 3519 1045 3567 etc.
1075 3534 1101 3561 »
1131 3515 1345 3569 Rursus
1372 3531 1382 3566 :
1410 3535 1438 3562 ‹‹
1460 3514 1677 3568 Placuit
1706 3515 1890 3581 nobis,

251 3605 473 3676 Spiritu
518 3611 712 3659 sancto
753 3612 1101 3677 suggerente
1141 3611 1196 3661 et
1235 3607 1467 3662 Domino
1507 3625 1609 3678 per
1648 3607 1893 3662 visiones

250 3700 466 3754 multas
504 3705 560 3754 et
589 3699 912 3754 manifestas
940 3701 1288 3755 admonente
1331 3702 1466 3772 quia
1507 3701 1686 3756 hostis
1728 3701 1894 3755 nobis

255 3792 560 3847 imminere
615 3793 1052 3864 praenuntiatur,
1106 3801 1163 3848 et
1209 3795 1548 3862 ostenditur,
1597 3795 1894 3865 scolligere

252 3886 411 3941 intra
439 3889 620 3940 castra
653 3888 864 3940 milites
892 3887 1124 3955 Christi,
1156 3891 1264 3942 etc.
1295 3909 1321 3937 ››
1354 3890 1477 3942 Non
1506 3889 1745 3943 credent
1776 3889 1896 3942 base

256 3981 494 4036 fortasse
547 3980 722 4034 athei.
772 3980 882 4034 Sed
934 3980 1069 4051 quid
1111 3981 1326 4035 habent
1377 3999 1488 4053 quo
1544 3983 1734 4036 minus
1781 3982 1895 4036 fide

258 4071 442 4144 digna
487 4089 608 4127 esse
654 4075 963 4128 censeant?
1003 4074 1258 4128 Visiones
1297 4075 1390 4129 hic
1434 4075 1734 4144 habemus,
1781 4095 1897 4132 non

255 4167 473 4222 multas
527 4167 717 4234 modo,
777 4167 873 4221 sed
925 4173 980 4221 et
1030 4169 1397 4235 manifestas;
1448 4186 1553 4223 nec
1609 4172 1730 4224 illas
1772 4176 1898 4241 post

256 4265 534 4316 eventum
582 4261 877 4326 conﬁctas,
923 4262 1020 4316 sed
1065 4278 1198 4315 vero
1243 4268 1406 4316 antea
1445 4265 1895 4333 pramuntiatas,

259 4361 586 4426 eventuque
643 4355 1082 4426 comprobatas;
1140 4372 1245 4410 nec
1297 4356 1350 4410 id
1407 4357 1645 4412 obscura
1696 4359 1899 4430 privati

256 4447 580 4519 cuiuspiam
643 4448 781 4515 fide,
839 4449 935 4502 sed
998 4449 1200 4521 synodi
1263 4451 1435 4505 totius
1504 4439 1976 4512 consentienteD

256 4546 532 4617 suffragio
589 4548 1018 4619 mansurisque,
1070 4550 1118 4603 si
1169 4549 1323 4603 falsa:
1382 4550 1651 4619 fuissent,
1705 4553 1764 4606 in
1815 4553 1898 4606 rei

257 4641 612 4696 memoriam
653 4643 886 4695 aeternis
924 4643 1333 4712 monumentis,
1378 4645 1718 4716 scriptisque
1759 4663 1897 4701 con-

259 4734 515 4804 signatas
554 4735 694 4800 sole,
735 4740 798 4788 ut
828 4734 1206 4807 Hieronymus
1243 4737 1342 4802 ait,
1385 4738 1746 4808 clarioribus;
1783 4757 1900 4794 non

257 4828 432 4883 video
493 4828 630 4898 quid
685 4832 966 4899 praeterea
1012 4831 1156 4885 velle
1208 4838 1436 4902 possent
1478 4834 1544 4888 ad
1597 4851 1715 4888 rem
1765 4835 1901 4890 facti

261 4921 796 4991 comprobandam,
846 4922 893 4975 si
949 4929 1119 4978 modo
1163 4942 1325 4995 sequo
1365 4926 1620 4996 judicare
1669 4929 1898 4995 vellent,

258 5030 376 5071 nec
397 5015 571 5069 ﬁdem
598 5032 828 5086 prorsus
857 5033 1085 5072 omnem
1115 5019 1442 5074 hominibus
1467 5021 1768 5092 derogare.

343 5152 494 5225 §20.
522 5183 590 5194 —
629 5154 782 5209 Adeo
829 5155 1136 5210 familiares
1180 5158 1462 5229 Cypriane
1504 5164 1668 5214 erant
1712 5160 1905 5230 hujus-

261 5247 427 5303 modi
483 5248 742 5316 visiones,
791 5252 852 5303 ut
909 5251 1221 5321 disciplinae
1277 5253 1452 5307 etiam
1515 5253 1903 5309 ecclesiasticas

261 5341 536 5399 exercitio
581 5343 704 5397 illas
745 5345 1043 5416 acceperit,
1091 5346 1336 5417 aliasque
1389 5347 1654 5418 deinceps
1697 5365 1902 5419 expec-

259 5440 433 5492 taret.
495 5437 579 5490 Ita
638 5437 733 5491 ille
790 5438 859 5493 de
916 5440 1200 5495 Florentio
1265 5439 1542 5510 Pupiano,
1599 5441 1719 5495 fore
1781 5463 1807 5490 α
1858 5440 1906 5495 si

261 5529 609 5602 plenissime
666 5531 1024 5588 satisfecisset
1077 5538 1142 5588 ut
1200 5535 1735 5590 communicationis
1787 5537 1907 5607 ejus

259 5628 507 5695 possent
550 5624 760 5679 habere
804 5626 1088 5682 rationem
1135 5635 1407 5683 manente
1451 5634 1665 5697 tamen,
1698 5631 1906 5702 inquit,

266 5717 466 5789 (epist.
507 5718 618 5788 69),
655 5721 801 5791 apud
851 5738 958 5776 nos
995 5722 1199 5778 divinae
1242 5739 1497 5778 censurae
1547 5728 1806 5796 respectu
1853 5730 1910 5781 et

1967 482 2082 520 sua:
2115 465 2338 519 admitti
2365 481 2464 518 sua
2490 466 2804 520 ostensione
2845 472 2901 521 et
2930 468 3318 522 admonitione
3349 469 3588 539 permit-

1967 563 2070 614 tat.
2125 558 2380 629 Meminij
2410 559 2562 613 enim
2616 560 2752 628 quid
2799 560 2918 629 jam
2968 561 3109 614 mihi
3159 562 3229 616 sit
3285 567 3592 632 ostensum,

1967 652 2310 722 immojquid
2344 668 2500 706 servo
2531 651 2863 722 obsequenti
2891 659 2949 708 et
2974 655 3198 708 timenti
3219 655 3286 710 de
3319 657 3510 710 divina
3541 661 3599 710 et

1969 747 2256 801 dominica
2299 747 2630 801 auctoritate
2667 750 3040 816 prmeeptum;
3081 749 3178 818 qui
3219 749 3368 804 inter
3397 756 3599 805 cetera

1969 857 2097 911 quae
2132 841 2428 894 ostendere
2460 843 2517 893 et
2542 841 2790 894 revelare
2835 839 3102 910 dignatus
3134 848 3217 896 est
3247 849 3302 898 et
3341 844 3460 897 haec
3497 845 3598 898 ad-

1971 934 2113 987 didit
2150 934 2346 1004 (verba
2381 939 2539 986 erant
2584 934 2780 1002 procul
2827 933 2997 987 dubio
3045 935 3247 988 Christi
3283 937 3341 990 in
3383 937 3600 991 visione

1972 1044 2099 1097 quae
2159 1027 2509 1096 subjungit);
2567 1026 2756 1097 itaque
2812 1028 2908 1096 qui
2962 1028 3184 1083 Christo
3239 1045 3354 1082 non
3419 1031 3600 1084 credit

1974 1122 2325 1175 sacerdotem
2370 1120 2617 1186 facienti,
2666 1126 2858 1190 postea
2903 1121 3137 1175 credere
3171 1122 3373 1193 incipit
3415 1140 3602 1177 sacer-

1973 1216 2168 1270 dotem
2211 1215 2537 1269 vindicanti.
2583 1236 2609 1262 ››
2649 1217 2727 1267 lta
2762 1219 2928 1268 erant
2962 1215 3287 1286 frequentes
3327 1232 3393 1270 ea
3435 1221 3601 1272 astate

1975 1307 2183 1362 divinae
2229 1307 2624 1372 revelationes,
2656 1313 2717 1361 ut
2755 1323 2825 1360 ne
2864 1307 2932 1360 de
2971 1307 3334 1377 resipiscente
3371 1309 3606 1379 quidem

1976 1402 2226 1471 Pupiano
2277 1401 2528 1470 polliceri
2576 1401 2816 1455 auderet
2857 1400 2989 1471 quid
3036 1405 3181 1456 esset
3223 1407 3491 1468 staturus,
3537 1419 3608 1457 ne

1973 1494 2128 1549 aliud
2176 1496 2416 1548 fortasse
2455 1511 2488 1548 a
2531 1494 2640 1548 Deo
2681 1493 3004 1563 juberetur,
3049 1499 3108 1548 ut
3148 1496 3326 1548 Deum
3367 1496 3606 1566 proinde

1976 1589 2226 1659 primum
2281 1589 2544 1642 innueret
2595 1605 2716 1643 esse
2769 1589 3201 1657 consulendum,
3257 1593 3318 1642 ut
3374 1589 3607 1644 tandem

1981 1683 2074 1736 Dei
2119 1683 2178 1736 in
2231 1681 2496 1736 rebellem
2542 1698 2771 1752 pinnam
2819 1685 3162 1752 expectaret,
3214 1683 3386 1736 talem
3438 1684 3606 1752 plane

1983 1777 2209 1846 qualem
2252 1775 2689 1846 apostolicarum
2731 1792 3100 1830 censurarum
3141 1777 3409 1830 comitem
3443 1776 3609 1830 fuisse

1978 1870 2127 1941 apud
2169 1870 2360 1924 doctos
2397 1869 2454 1922 in
2494 1869 2753 1924 confesso
2784 1873 2886 1923 est.
2927 1871 3139 1924 lterum
3167 1870 3235 1924 de
3263 1869 3610 1939 presbyteris

1979 1964 2095 2034 qui,
2123 1980 2180 2017 se
2210 1963 2552 2030 inconsulto,
2582 1962 2750 2033 lapsis
2776 1963 3360 2032 communicaverunt,
3392 1983 3419 2011 ι(
3458 1965 3606 2028 utar,

1975 2056 2182 2128 inquit,
2227 2072 2291 2110 ea
2343 2056 2756 2126 admonitione,
2812 2072 2925 2126 qua
2975 2056 3245 2110 Dominus
3289 2055 3488 2126 jubet,
3551 2060 3612 2109 ut

1984 2150 2218 2205 interim
2249 2150 2667 2220 prohibeantur
2694 2150 2917 2216 offerre,
2947 2152 3053 2204 etc.
3088 2150 3270 2220 (epist.
3301 2148 3410 2219 lO.)
3442 2172 3470 2199 ››

2051 2245 2302 2315 §21.—
2348 2245 2423 2298 Ita
2477 2247 2699 2298 constat
2750 2243 3025 2314 gravioris
3072 2244 3354 2298 momenti
3397 2243 3610 2311 omnia,

1981 2354 2110 2409 quae
2142 2338 2370 2408 quidem
2404 2337 2694 2407 publicum
2735 2336 2997 2391 Ecclesia:
3036 2340 3246 2391 statum
3284 2337 3611 2400 attinerent,

1981 2446 2097 2485 esse
2133 2431 2456 2484 istiusmodi
2480 2429 2790 2483 visionibus
2828 2429 3122 2499 praedicta.
3162 2429 3491 2498 Designatus
3530 2433 3616 2483 est

1981 2541 2012 2577 a
2053 2523 2335 2594 Cypriane
2383 2524 2560 2577 lector
2603 2523 2899 2579 Celerinus
2944 2523 3234 2578 confessor
3269 2524 3455 2594 (epist.
3502 2521 3611 2592 34).

1983 2620 2034 2672 Is
2059 2608 2255 2672 contra
2284 2634 2387 2687 pro
2421 2617 2746 2671 humilitate
2785 2633 2889 2670 sua
2930 2632 3060 2670 cum
3099 2615 3416 2671 consentire
3447 2615 3614 2670 dubi-

1983 2715 2127 2766 taret
2169 2711 2445 2778 Ecclesiae,
2499 2711 2596 2764 Dei
2645 2710 2824 2781 ipsius
2874 2709 3170 2764 admonitu
3207 2713 3264 2765 et
3300 2709 3530 2764 hortatu
3556 2709 3616 2763 in

1982 2805 2195 2859 visione
2255 2821 2359 2876 per
2413 2809 2640 2858 noctem
2699 2805 3026 2875 compulsus
3082 2809 3163 2858 est
3230 2819 3301 2858 ne
3359 2809 3616 2874 negaret.

1983 2900 2094 2954 Nec
2131 2899 2329 2953 deerat
2370 2914 2483 2968 quo
2524 2898 2592 2952 de
2631 2899 2902 2969 martyrio
2945 2914 3046 2952 suo
3102 2897 3354 2952 monitus
3406 2902 3492 2952 est
3533 2896 3619 2950 vir

1986 2993 2396 3057 sanctissimus,
2461 2991 2750 3045 somnium
2811 2991 3044 3061 quidem
3103 2990 3279 3057 illud,
3336 2990 3432 3044 sed
3482 3006 3618 3060 pro-

1907 3072 1960 3144 Ο
1988 3087 2296 3157 pheticum,
2340 3092 2395 3140 et
2425 3102 2561 3138 sane
2606 3085 3164 3139 manifestissimum.
3207 3086 3328 3148 Quo
3368 3084 3619 3154 primum

1989 3181 2077 3235 die
2110 3180 2168 3233 in
2199 3180 2376 3233 exsilii
2417 3178 2747 3235 Curubitani
2777 3179 2900 3232 loco
2944 3178 3170 3246 mansit,
3215 3193 3367 3232 mors
3405 3178 3527 3248 ejus
3564 3179 3622 3231 et

1991 3275 2219 3345 quidem
2259 3274 2444 3343 ipsum
2485 3271 2741 3342 martyrii
2770 3288 2953 3342 genus
2997 3271 3331 3343 prephetico
3363 3270 3620 3341 symbolo

1993 3369 2394 3438 repraesentata
2426 3370 2575 3418 sunt.
2610 3365 2706 3418 llle
2746 3365 3080 3420 dilationem
3122 3365 3286 3418 unius
3322 3364 3435 3419 diei
3479 3363 3624 3434 petit

1993 3460 2349 3531 accepitque,
2403 3460 2580 3513 donec
2630 3475 2721 3512 res
2771 3475 2900 3513 suas
2950 3459 3210 3529 legitima
3260 3458 3622 3512 ordinatione

1995 3554 2351 3624 disponeret,
2400 3552 2663 3607 Ecclesia:
2710 3552 2962 3606 fortassis
3007 3552 3151 3606 illas.
3203 3552 3331 3606 Dies
3378 3553 3472 3606 ille
3519 3568 3624 3622 pro

1995 3647 2246 3702 diomate
2305 3647 2552 3700 Danielis
2591 3650 2762 3716 atque
2804 3647 3220 3716 Apocalypseos
3261 3645 3620 3716 prophetico,

1993 3757 2207 3795 annum
2259 3739 2615 3810 designabat.
2658 3739 3080 3810 Responditque
3122 3744 3355 3793 eventus
3403 3755 3626 3792 accura-

1994 3835 2237 3889 tissime.
2282 3835 2360 3888 Eo
2411 3834 2568 3888 enim
2608 3833 2730 3904 ipso
2779 3833 2868 3886 die
2914 3839 3042 3902 post
3089 3836 3360 3886 exactum
3410 3847 3628 3884 annum

1998 3939 2300 3989 oronatum
2344 3949 2464 3987 esse
2508 3931 2679 3986 tradit
2713 3931 2967 3999 Pontius,
3050 3947 3162 4001 quo
3207 3930 3317 3984 hoc
3365 3929 3450 3984 illi
3493 3932 3626 3983 ante

1997 4045 2211 4082 annum
2252 4027 2438 4080 fuerat
2478 4031 2766 4080 ostensum
2815 4027 2999 4095 (Pont.
3046 4025 3107 4079 in
3142 4027 3269 4080 Vita
3316 4023 3625 4094 Cypriani).

1997 4121 2143 4185 Quid
2193 4121 2282 4174 hic
2327 4119 2697 4174 dubitamus?
2750 4121 2824 4174 De
2870 4120 3142 4174 somnio?
3181 4122 3251 4174 At
3278 4136 3311 4173 a
3344 4119 3626 4189 Cypriane

2000 4215 2119 4285 ipso
2147 4215 2349 4268 habuit
2373 4214 2609 4270 Pontius
2637 4214 2976 4268 domesticus
3017 4217 3187 4284 atque
3221 4212 3375 4267 exilii
3414 4229 3628 4267 comes.

2003 4310 2078 4362 De
2125 4309 2362 4363 Pontio?
2401 4311 2471 4362 At
2507 4309 2630 4378 jam
2682 4311 2813 4362 ante
2857 4307 3117 4379 martyrii
3166 4307 3319 4361 diem
3363 4306 3630 4360 omnibus

2001 4407 2326 4469 nnotuerat,
2359 4406 2419 4456 ut
2462 4419 2533 4456 ne
2566 4402 2705 4472 quid
2750 4403 2985 4456 Pontius
3028 4401 3383 4456 comminisci
3433 4403 3633 4470 posset

2001 4497 2045 4550 si
2101 4496 2188 4549 vel
2246 4495 2498 4550 maxime
2555 4495 2840 4549 voluisset.
2887 4515 2915 4543 ‹‹
2961 4493 3140 4549 Medio
3195 4494 3371 4561 enim,
3423 4491 3631 4564 inquit,

2000 4595 2256 4661 tempore
2302 4589 2614 4643 imminens
2658 4589 2844 4659 passio
2892 4604 2995 4658 pro
3039 4591 3193 4642 certo
3244 4587 3313 4640 ab
3366 4585 3630 4639 omnibus

2002 4684 2283 4738 sciebatur
2335 4685 2540 4752 (l’ont.,
2600 4683 2716 4750 ib.).
2771 4700 2798 4732 »
2846 4681 2994 4745 Quid
3041 4681 3193 4752 quod
3237 4681 3332 4734 illa
3385 4679 3633 4734 ediderit

2002 4779 2233 4833 Pontius
2278 4794 2390 4848 quo
2438 4781 2701 4848 tempore
2743 4776 2865 4847 jam
2923 4791 3125 4830 recens
3188 4778 3312 4829 erat
3364 4771 3632 4845 Cypriani

2001 4873 2318 4940 memoria;
2367 4889 2479 4942 quo
2521 4871 2681 4925 multi
2725 4871 2910 4924 adhuc
2956 4873 3319 4940 superessent
3364 4867 3633 4940 Cypriani

2002 4969 2193 5022 hostes
2250 4966 2347 5037 qui
2395 4965 2614 5020 nomini
2671 4965 2794 5036 ejus
2849 4968 3041 5018 essent
3093 4963 3311 5030 infesti,
3369 4963 3631 5034 gentiles,

2002 5061 2166 5132 lapsi,
2225 5059 2437 5126 mmuli,
2495 5059 2603 5129 ipsi
2661 5059 2830 5112 etiam
2883 5058 3160 5112 hazretici.
3213 5059 3400 5122 Hosne
3460 5057 3636 5127 igitur

2003 5155 2385 5217 indormiisse,
2419 5153 2668 5224 factique
2709 5152 3028 5219 historiam,
3064 5152 3108 5206 si
3143 5152 3282 5206 falsa
3319 5155 3481 5219 esset,
3519 5157 3634 5206 tam

2005 5250 2250 5304 refutatu
2287 5247 2534 5314 facilem,
2568 5247 3071 5318 prmtermissuros,
3109 5249 3312 5316 putant
3341 5262 3463 5300 esse
3491 5245 3635 5300 veri-

2005 5343 2233 5397 simile?
2261 5344 2339 5396 De
2371 5342 2582 5396 somnii
2625 5342 2817 5412 itaque
2859 5339 3013 5394 fide?
3052 5340 3222 5411 Atqui
3254 5341 3410 5394 illam
3451 5341 3637 5394 mani-

2006 5437 2341 5492 festissimus
2370 5436 2642 5506 omnique
2676 5435 3010 5507 exceptione
3031 5435 3220 5506 major
3250 5433 3642 5505 comprobavit

2009 5536 2258 5586 eventus.
2290 5530 2631 5600 Quanquam
2669 5545 2808 5601 ergo
2855 5529 3171 5584 defuissent
3212 5529 3312 5583 illa
3341 5545 3470 5599 qua
3499 5525 3642 5578 vidi-

2009 5643 2136 5681 mus
2177 5625 2247 5680 de
2289 5625 2568 5680 visionum
2614 5642 2720 5680 usu
2755 5625 2866 5679 alia
2899 5629 3013 5680 tam
3051 5624 3267 5678 diserta
3295 5617 3650 5685 testimonia.

2013 5722 2148 5794 ipsa:
2174 5724 2368 5777 tamen
2403 5722 2509 5777 sibi
2536 5723 2977 5794 comprobandis
3002 5720 3088 5774 vel
3125 5717 3260 5772 solae
3302 5710 3672 5775 suﬁecissent
