4096 6186
583 190 718 252 H28

1619 197 1825 258 HENR.
1870 194 2223 259 DODWELLI
2263 198 2563 262 DISSERT.
2603 207 2916 264 CYPRIAN.
2959 202 3004 272 Ι,

3722 217 3826 278 H28

575 318 947 427 Cyprianica,
977 319 1204 427 ‘totique
1252 321 1397 376 adeo
1440 323 1624 378 cultus
1665 325 1973 382 Christiani
2019 344 2199 383 causa
2221 353 2280 427 Α
2303 338 2376 407 ιγ)
2412 355 2425 393 :
2456 339 2657 407 πνεῦμα
2694 341 2869 397 etiam
2913 341 2972 397 in
3009 359 3080 398 eo
3119 341 3245 398 loco
3288 342 3356 398 de
3387 351 3711 404 conventum};
3729 368 3829 422 pro-

571 413 1066 468 commendanda.

639 507 673 577 §
706 510 794 560 22.
825 537 894 546 -—
921 506 1142 562 Ultimis
1167 509 1435 580 Cypriani
1467 512 1836 583 temporibus,
1869 515 2201 584 pontiﬁcatu

573 599 850 654 nimirum
901 601 1074 672 Xysti,
1120 602 1214 656 ille
1259 603 1420 673 cujus
1465 621 1636 676 supra
1676 606 2046 662 meminimus
2077 609 2203 664 Dio-

571 691 766 764 nysius
799 693 1241 763 Alexandrinus,
1272 697 1500 752 visionis
1541 699 1806 754 meminit
1841 717 1952 770 qua
1984 701 2198 756 factum

573 785 710 840 dicit
760 790 820 840 ut
860 787 916 840 in
959 788 1357 844 hareticorum
1402 791 1677 847 librorum
1721 793 1964 849 lectione
2004 795 2203 850 contir-

567 883 844 933 maretur.
894 881 972 934 Ita
1014 881 1166 936 enim
1211 882 1407 938 scribit
1445 883 1504 938 in
1546 887 1778 955 epistola
1808 887 1878 941 ad
1919 887 2199 942 Philemo-

569 988 704 1026 nem
751 969 1010 1026 Ecclesia
1061 973 1332 1028 Romana
1383 977 1779 1048 presbyterum
1819 995 1833 1032 :
1875 973 2046 1048 ὅραμα
2082 975 2201 1027 θεό-

572 1083 802 1137 πεμπτον
855 1064 1132 1139 πρόσελθον
1185 1064 1435 1141 ἐπέῤῥωσὲ
1488 1087 1570 1141 με,
1632 1089 1718 1121 και
1769 1069 1910 1142 λόγος
1963 1076 2088 1146 πρός
2139 1087 2200 1144 με

568 1167 852 1236 γενόμενος,
891 1162 1171 1236 προσέταξε
1201 1159 1476 1238 διαρῥήδην
1508 1165 1682 1238 λέγων·
1717 1174 1877 1222 πᾶσιν
1920 1171 2202 1242 ὲντύγχανε

579 1259 650 1321 οἷς
720 1261 782 1311 ἂν
839 1267 1020 1334 χεῖρας
1095 1258 1291 1326 λάϐοις,
1361 1257 1632 1315 διευθύνειν
1700 1266 1801 1340 γὰρ
1857 1264 2049 1318 ἕκαστα
2117 1270 2201 1318 καὶ

567 1353 856 1429 δοκιμάζειν
889 1359 1046 1416 ίκαιός
1077 1352 1139 1423 εἷ,
1184 1362 1268 1410 καί
1307 1377 1390 1412 σοι
1415 1363 1588 1432 γέγονε
1629 1368 1779 1415 τοῦτο
1823 1362 1873 1424 ἐξ
1913 1367 2080 1438 ἀρχῆς
2113 1369 2198 1416 καί

558 1464 647 1515 τῆς
675 1462 890 1518 πίστεως
919 1459 1102 1515 αἱτοιν.
1141 1467 1264 1538 (Ap.
1303 1465 1534 1535 Euseb.,
1566 1470 1706 1523 Hist.
1748 1469 1953 1531 eccles.,
1984 1484 2081 1534 vn,
2115 1474 2190 1535 7).

557 1560 637 1617 Ab
683 1559 885 1614 horum
924 1560 1171 1632 Dionysii
1201 1563 1523 1632 temporum
1559 1561 1670 1615 fine
1705 1577 1940 1616 suorum
1971 1568 2190 1633 tempo-

556 1669 687 1708 rum
714 1653 941 1709 initium
974 1654 1205 1709 arcessit
1227 1655 1500 1709 Eusebius
1518 1655 1684 1725 (Hist.
1712 1657 1912 1718 coclea,
1943 1671 2038 1723 vn,
2067 1655 2178 1726 32).

2303 435 2489 505 phetis
2516 437 2798 509 intelligo,
2843 456 2986 510 quos
3024 455 3151 495 cum
3183 441 3317 496 dicit
3363 441 3474 496 hac
3506 438 3639 512 ῥητῶς
3674 449 3830 517 pradi-

2300 528 2466 597 xisse,
2515 531 2575 585 id
2624 547 2833 602 nempe
2878 533 3088 601 innuit,
3143 533 3366 590 disertis
3413 534 3522 590 hac
3555 538 3706 592 verbis
3742 557 3830 596 esse

2301 623 2590 694 pradicta,
2622 627 2848 696 'prater
2893 626 3167 682 usitatum
3219 628 3620 699 prophetiarum
3663 648 3832 688 morem

2301 731 2428 786 qua
2467 717 2738 788 symbolis
2777 723 2840 773 ut
2881 719 3197 790 plurimum
3238 720 3519 776 intellectu
3565 723 3832 781 difﬁcillimis

2302 814 2464 864 erant
2493 810 2778 866 involuta.
2825 812 2883 867 ld
2929 813 3130 868 saltem
3167 814 3620 870 verisimillimum
3662 822 3729 872 est
3755 819 3837 888 pri-

2301 908 2560 958 vatorum
2616 906 2800 959 nullas
2852 912 3101 977 receptas
3151 924 3270 962 esse
3326 909 3627 980 prophetias
3678 911 3753 982 qui
3791 928 3832 966 se

2301 996 2527 1068 publico
2572 999 2823 1053 examini
2856 1016 2972 1054 non
3014 1000 3370 1072 probassent.
3411 1004 3489 1057 lta
3525 1009 3652 1058 certe
3687 1005 3733 1058 in
3764 1022 3838 1076 pu—

2299 1088 2445 1145 blico
2501 1107 2710 1146 munus
2761 1109 2928 1148 suum
2972 1095 3289 1149 exercuisse
3335 1095 3566 1149 vidimus
3599 1097 3832 1166 lgnatium.

2299 1183 2588 1239 Publicum
2634 1184 2692 1239 in
2733 1202 2900 1241 usum
2946 1188 3275 1258 prophetias
3313 1205 3438 1242 suas
3481 1188 3694 1244 scribere
3729 1191 3837 1260 jussi

2300 1279 2434 1330 sunt
2465 1276 2722 1347 ejusdem
2745 1279 2936 1334 saculi
2971 1281 3282 1351 propheta.
3308 1283 3364 1336 S.
3394 1283 3637 1349 Joannes,
3664 1284 3837 1352 pseudo-

2300 1369 2524 1439 Esdras,
2548 1371 2645 1441 qui
2672 1372 2789 1425 veri
2811 1373 3111 1444 propheta
3134 1390 3437 1444 personam
3465 1375 3673 1430 induere
3693 1376 3839 1443 voluit,

2299 1465 2358 1516 et
2408 1464 2654 1518 Hermas.
2710 1465 2974 1536 Cypriani
3021 1467 3192 1520 etiam
3238 1473 3492 1538 tempore
3532 1469 3689 1539 palam
3721 1472 3767 1522 et
3796 1470 3838 1522 in

2297 1555 2440 1610 facie
2468 1556 2726 1612 Ecclesia
2754 1558 3251 1615 communicabant
3284 1577 3415 1616 suas
3441 1561 3675 1617 visiones.
3704 1561 3838 1616 Visio-

2297 1665 2431 1704 nem
2462 1651 2616 1705 illam
2651 1651 2825 1722 ipsius
2861 1652 2921 1706 in
2964 1653 3131 1708 exilio
3163 1654 3426 1709 omnibus
3464 1656 3735 1711 innotuisse
3753 1655 3841 1724 jam

557 1751 663 1815 Qui
689 1765 818 1805 cum
849 1749 954 1803 hoc
992 1749 1051 1802 in
1092 1765 1193 1803 sua
1227 1748 1468 1803 historia
1505 1751 1698 1802 notata
1741 1749 1978 1820 dignum
2015 1749 2184 1803 duxe-
2207 1737 2264 1809 B
2288 1744 2658 1814 ostendimus,
2693 1746 2774 1800 uti
2817 1745 2987 1800 etiam
3029 1751 3087 1802 et
3125 1747 3244 1802 illas
3275 1748 3346 1803 de
3378 1749 3611 1804 instante
3645 1765 3844 1820 persecu-

556 1844 650 1911 rit,
710 1859 1008 1914 quousque
1064 1841 1345 1897 donorum
1389 1841 1856 1912 prOpheticorum
1906 1841 2183 1896 successio

555 1937 938 2009 permanavit;
969 1936 1025 1990 id
1068 1951 1202 1990 sane
1228 1936 1418 1990 innuit
1447 1951 1547 1990 suo
1583 1935 1704 2005 jam
1741 1940 1996 2007 tempore
2031 1935 2183 1989 illam

557 2031 848 2087 defecisse.
905 2034 1091 2101 Atque
1141 2029 1282 2084 adeo
1337 2033 1461 2100 post
1521 2029 1872 2084 Constantini
1923 2033 2183 2100 tempora

556 2125 807 2196 primum
860 2140 893 2177 a
945 2123 1267 2178 doctoribus
1325 2123 1558 2193 quasita
1611 2124 1697 2176 est
1741 2122 1888 2176 illius
1933 2121 2182 2176 defectus

554 2217 700 2272 ratio
731 2233 1058 2289 quanquam
1089 2233 1158 2271 ne
1185 2215 1262 2270 ita
1293 2215 1526 2287 quidem
1557 2215 1948 2270 omnimodam
1979 2231 2180 2269 eorum

553 2311 927 2366 defectionem
970 2310 1325 2382 agnoverint.
1374 2313 1443 2364 At
1482 2309 1851 2364 Constantino
1893 2308 2179 2380 antiquio-

550 2421 672 2460 rem
703 2405 995 2459 neminem
1027 2403 1199 2458 fuisse
1239 2407 1377 2474 puto
1419 2402 1514 2473 qui
1545 2403 1638 2456 illa
1679 2401 1951 2456 defecisse
1993 2401 2177 2456 credi-

551 2499 727 2565 derit;
759 2498 968 2553 nedum
997 2503 1061 2551 ut
1089 2496 1158 2552 de
1187 2495 1520 2551 defectionis
1549 2495 1772 2550 ratione
1801 2495 2173 2550 laborandum

548 2610 667 2648 esse
697 2596 973 2648 censeret.

616 2683 769 2754 §23.
810 2711 879 2722 —
914 2682 1009 2735 Est
1043 2678 1182 2734 illud
1219 2676 1804 2745 animadvertendum,
1846 2677 1997 2749 quod
2037 2694 2174 2733 sane

545 2776 619 2832 ad
648 2775 920 2830 visionem
962 2773 1109 2828 illius
1154 2772 1345 2828 saculi
1393 2770 1944 2826 commendationem
1998 2771 2172 2843 pluri-

545 2886 708 2926 mum
744 2868 898 2935 facit,
932 2883 1257 2939 quanquam
1299 2871 1463 2920 noctu
1504 2869 1695 2920 essent
1724 2865 2169 2920 dormientibus-

544 2979 676 3036 que,
699 2965 764 3017 ut
792 2961 1106 3032 plurimum
1135 2959 1360 3029 oblata,
1387 2975 1504 3014 non
1530 2965 1724 3014 tamen
1752 2959 1902 3013 intra
1935 2958 2171 3030 privato-

543 3073 674 3112 rum
723 3056 1019 3110 dumtaxat
1062 3053 1360 3107 hominum
1409 3067 1614 3106 arcana
1662 3068 1783 3106 esse
1831 3055 2163 3108 reservatas.

541 3149 644 3204 sed
674 3165 810 3204 vero
842 3147 1029 3220 palam
1059 3153 1114 3200 et
1147 3147 1205 3200 in
1234 3145 1374 3200 facie
1411 3145 1690 3207 Ecclesia,
1725 3145 1911 3216 prima
1944 3162 2166 3217 quaque

543 3243 830 3298 occasione
873 3240 1214 3296 enuntiatas.
1249 3239 1312 3293 Id
1353 3239 1425 3293 ab
1477 3238 1614 3309 ipsis
1655 3255 1834 3310 usque
1878 3240 2164 3310 apostolo-

538 3352 667 3391 rum
701 3333 1050 3406 temporibus
1091 3332 1451 3386 observatum
1494 3348 1615 3386 esse
1651 3337 1892 3387 constat.
1920 3333 2168 3403 Prophe-

538 3429 666 3484 tica
704 3428 818 3482 illa
858 3441 1104 3499 quarum
1146 3424 1411 3480 meminit
1453 3425 1690 3496 epistola
1729 3425 1802 3479 ad
1841 3425 2166 3481 Corinthios

540 3521 1052 3577 ecclesiasticorum
1085 3521 1248 3574 erant
1274 3517 1508 3572 omnino
1539 3523 1806 3573 catuum.
1836 3518 1974 3573 lnde
2004 3522 2165 3573 tanta

538 3620 787 3671 ccetuum
832 3614 1059 3669 illorum
1103 3611 1394 3680 confusio,
1443 3611 1596 3682 quod
1635 3612 1804 3666 simul
1842 3612 2033 3682 plures
2081 3613 2161 3667 lo-

536 3714 867 3782 querentur,
914 3722 1019 3762 nec
1071 3710 1464 3778 exspectarent
1514 3705 1898 3776 prophetandi
1945 3705 2091 3760 vires
2145 3722 2158 3761 :

537 3804 688 3876 quod
718 3803 872 3858 dona
900 3801 995 3855 illa
1026 3803 1356 3855 exercerent
1381 3799 1584 3870 quibus
1620 3799 1862 3854 Ecclesia
1896 3799 2162 3854 adiﬁcari

533 3913 649 3953 non
688 3898 899 3968 posset,
929 3897 992 3949 ut
1027 3893 1123 3965 qui
1163 3893 1317 3948 dono
1349 3893 1675 3964 linguarum
1710 3899 2012 3948 uterentur
2039 3893 2160 3948 sine

533 3993 682 4048 dono
710 3987 1160 4060 interpretandi;
1191 3986 1347 4058 quod
1383 3987 1648 4042 mulieres
1688 3987 1880 4055 etiam,
1919 3988 2161 4060 prophe-

531 4085 684 4139 tissa
727 4082 1022 4148 nimirum,
1063 4081 1121 4135 in
1168 4079 1401 4135 catibus
1439 4079 1690 4135 virorum
1742 4085 1953 4151 prater
1994 4097 2158 4137 sexus

531 4179 837 4245 decorum,
895 4174 1165 4247 quodque
1232 4174 1354 4228 sine
1419 4174 1582 4242 velis,
1647 4175 1856 4244 sparsis
1920 4175 2156 4230 fortasse

529 4271 766 4343 capillis,
801 4269 876 4324 ad
905 4267 1139 4323 modum
1170 4267 1537 4338 Sibyllarum,
1579 4267 2004 4338 prophetarent.
2047 4270 2156 4324 Nec

527 4365 692 4420 aliter
717 4363 940 4433 Agabus
978 4361 1188 4415 famem
1225 4359 1379 4414 illam
1415 4359 1829 4414 acumenicam
1866 4361 2152 4432 pradixit,

2189 3099 2244 3172 C

2286 1835 2463 1891 tione.
2493 1837 2665 1909 quue
2686 1855 2753 1893 ex
2775 1839 2901 1910 ipsa
2929 1840 3205 1896 visionem
3235 1842 3525 1898 mentione
3552 1859 3667 1897 sane
3689 1841 3843 1912 abrup-

2287 1930 2517 2000 tissima,
2574 1931 2878 2003 colligitur,
2929 1938 3052 1988 tum
3103 1935 3161 1990 in
3213 1936 3317 1991 hac
3377 1935 3626 2008 epistola,
3666 1940 3768 1990 tum
3798 1934 3840 1988 in

2284 2023 2446 2094 epist.
2477 2025 2545 2080 40
2573 2025 2643 2080 de
2668 2026 2925 2098 quinque
2951 2028 3318 2100 presbyteris,
3350 2035 3469 2084 tum
3496 2030 3550 2085 in
3576 2028 3700 2101 epist
3717 2030 3770 2082 69
3793 2027 3842 2082 de

2284 2117 2566 2172 Florentio
2603 2120 2875 2190 Pupiano.
2909 2122 2986 2176 Ita
3025 2127 3178 2176 certe
3219 2124 3566 2194 perstrinxit,
3593 2140 3685 2178 nec
3710 2122 3844 2176 ullam

2281 2229 2540 2285 unquam
2574 2211 2778 2274 καθεξῆς
2808 2217 3062 2288 exponit,
3095 2219 3254 2289 quasi
3279 2237 3403 2275 rem
3443 2224 3847 2275 commemoraret

2273 2306 2394 2378 jam
2425 2309 2686 2364 omnibus
2720 2310 3091 2375 notissimam,
3119 2329 3364 2385 quaque
3406 2313 3545 2370 adeo
3583 2318 3846 2368 narratione

2282 2416 2398 2454 non
2427 2401 2732 2474 indigeret.

2349 2489 2493 2559 §24.
2521 2521 2591 2531 —
2621 2491 2786 2555 Quod
2827 2509 2954 2547 cum
2999 2492 3078 2547 ita
3116 2510 3175 2548 se
3219 2494 3484 2565 haberet,
3525 2497 3635 2567 jam
3675 2495 3845 2567 optime

2277 2588 2506 2637 cautum
2548 2583 2843 2640 videbatur
2871 2602 2945 2640 ne
2975 2587 3070 2658 qui
3103 2586 3464 2644 falsariorum
3499 2590 3605 2645 doli
3639 2588 3849 2643 ﬁdelibus

2275 2673 2662 2746 imponerent.
2701 2679 2986 2749 Imprimis
3028 2680 3184 2735 enim
3233 2681 3378 2736 nulli
3427 2682 3500 2737 ad
3547 2683 3646 2738 hoc
3684 2696 3849 2737 munus

2273 2768 2496 2824 admitti
2526 2777 2838 2840 potuerunt
2876 2772 2984 2826 nisi
3023 2790 3270 2845 quorum
3314 2777 3531 2847 optima
3564 2793 3673 2831 esse
3697 2773 3850 2829 existi-

2272 2863 2465 2928 matio,
2503 2863 2727 2936 vitaque
2769 2865 2838 2920 ab
2879 2867 3037 2921 omni
3078 2867 3288 2922 fraudis
3335 2871 3666 2941 astutiaque
3702 2867 3846 2940 suspi-

2270 2954 2428 3012 cione
2475 2957 2840 3014 alienissima.
2884 2961 2966 3014 Ita
3003 2960 3218 3015 factum
3260 2965 3321 3016 ut
3369 2964 3675 3034 propheta,
3725 2960 3851 3015 omni

2269 3051 2581 3120 suspicione
2612 3055 2851 3120 remota,
2884 3052 2954 3107 de
2978 3054 3098 3125 ejus
3124 3054 3398 3110 duntaxat
3424 3062 3568 3111 esset
3596 3053 3850 3127 prophetia

2261 3143 2659 3214 judicandum.
2689 3146 2804 3200 Hoc
2834 3149 3028 3200 autem
3052 3147 3357 3218 judicandi
3386 3166 3613 3216 munus,
3638 3152 3851 3218 utquam

2267 3237 2690 3292 accuratissime
2719 3243 3109 3310 prastaretur,
3155 3243 3372 3312 optima
3425 3243 3592 3298 etiam
3636 3247 3774 3297 erant
3807 3238 3851 3292 in

2269 3330 2496 3402 publico
2530 3331 2814 3402 prasidia.
2862 3333 3111 3389 Aderant
3156 3335 3308 3390 enim
3357 3341 3417 3392 et
3449 3337 3545 3391 alii
3583 3335 3848 3407 propheta,

2268 3423 2509 3478 aderant
2533 3429 2586 3478 et
2617 3426 3032 3496 prophetarum
3070 3427 3316 3498 judices,
3365 3429 3466 3501 qui
3515 3429 3656 3484 dono
3699 3429 3851 3482 essent

2267 3516 2629 3572 discernendi
2680 3518 2921 3590 Spiritus
2971 3520 3260 3590 instructi,
3313 3521 3429 3593 ipsi
3494 3523 3660 3578 etiam
3716 3521 3852 3575 fama

2264 3609 2463 3681 procul
2508 3610 2678 3666 dubio
2721 3612 3128 3683 integerrima.
3164 3616 3382 3670 Horum
3429 3615 3478 3670 si
3527 3631 3653 3670 cum
3697 3613 3850 3684 aliquo

2261 3710 2568 3776 pugnaret,
2599 3721 2726 3760 cum
2765 3705 2820 3760 id
2858 3706 2917 3760 in
2966 3707 3220 3762 confesso
3267 3714 3440 3777 esset,
3480 3709 3735 3764 eumdem
3774 3705 3852 3759 Dei

2263 3797 2534 3868 Spiritum
2585 3797 2688 3852 sibi
2736 3815 2854 3852 esse
2906 3816 3022 3854 non
3073 3816 3235 3871 posse
3290 3801 3669 3870 contrarium;
3715 3799 3849 3871 plane

2260 3889 2606 3961 sequebatur
2637 3891 2757 3961 jam
2798 3891 2990 3947 locum
3036 3908 3155 3948 esse
3185 3894 3520 3965 suspicioni.
3560 3896 3850 3964 Quanquam

2261 3981 2415 4036 enim
2446 3987 2666 4039 certum
2696 3987 2819 4039 erat
2843 3985 3040 4040 omnia
3079 3985 3256 4040 divini
3297 3987 3550 4058 Spiritus
3585 3987 3724 4042 dona
3758 3998 3852 4039 esse

2257 4076 2474 4147 pariter
2507 4077 2855 4147 infallibilia;
2889 4077 2943 4133 id
2973 4081 3163 4134 tamen
3193 4080 3368 4136 etiam
3412 4086 3651 4150 certum,
3689 4076 3844 4152 quoad

2257 4169 2666 4238 credibilitatis,
2719 4187 2848 4243 qua
2899 4175 3123 4242 vocant,
3185 4174 3422 4242 motiva,
3476 4175 3714 4230 certiora
3758 4185 3850 4226 esse

2257 4267 2594 4334 argumenta
2620 4279 2721 4318 cur
2760 4281 2907 4319 unus
2933 4265 3259 4322 crederetur
3294 4267 3526 4324 afﬂatus
3573 4284 3737 4340 quam
3775 4279 3853 4319 cur

2258 4355 2380 4424 alii;
2422 4357 2752 4430 justumque
2793 4374 2912 4414 esse
2953 4361 3015 4413 ut
3063 4359 3162 4432 qui
3207 4360 3402 4416 minus
3453 4365 3602 4417 esset
3649 4356 3849 4416 credibi-

531 4476 658 4533 qua
693 4458 1012 4527 imperante
1051 4453 1280 4508 Claudio
1319 4452 1590 4522 contigit;
1624 4469 1736 4523 qua
1781 4459 1971 4509 tamen
2012 4465 2228 4539 pra-D
2251 4450 2338 4518 lis,
2372 4449 2419 4504 is
2444 4467 2478 4504 a
2505 4451 2841 4506 credibiliori
2873 4452 3182 4524 judicetur.
3213 4453 3377 4518 Quod
3419 4456 3590 4511 etiam
3622 4455 3691 4510 ad
3722 4454 3849 4509 frau-

527 4551 774 4609 dictione
815 4547 1020 4604 moniti
1054 4546 1247 4602 statim
1283 4553 1594 4617 antequam
1632 4547 1814 4601 fames
1851 4547 1974 4618 ipsa
2020 4564 2149 4603 eve-

525 4647 739 4712 nisset,
806 4641 1073 4698 subsidiis
1146 4640 1488 4712 pecuniariis
1563 4639 2007 4709 subveniebant,
2079 4643 2151 4698 ad

524 4739 785 4796 eamdem
826 4738 992 4808 plane
1031 4736 1272 4790 formam
1317 4750 1430 4804 qua
1468 4734 1815 4804 Cyprianum
1849 4735 1970 4805 jam
2005 4736 2148 4791 vidi-

522 4850 654 4890 mus
684 4829 1066 4904 persecutioni
1107 4827 1368 4882 similiter
1397 4827 1684 4898 pradicta
1720 4827 2039 4883 etiamnum
2068 4829 2150 4884 fu-

522 4935 667 4983 tura
694 4927 1088 4980 occurrentem
1115 4921 1288 4994 (Act.,
1320 4937 1396 4988 x1,
1424 4922 1512 4987 28,
1543 4923 1633 4989 29,
1659 4923 1768 4987 30).
1801 4922 1971 4975 Erant
1994 4923 2146 4977 enim

526 5021 768 5092 publica
831 5023 894 5072 ut
949 5015 1264 5088 plurimum
1318 5013 1668 5069 calamitates
1719 5014 2145 5086 pr0phetiarum

517 5107 837 5164 istiusmodi
889 5110 1320 5176 argumentum,
1379 5103 1467 5157 vel
1523 5119 1890 5174 personarum
1941 5105 2144 5160 saltem

518 5197 890 5269 publicarum.
948 5196 1055 5250 Ista
1105 5196 1160 5250 S.
1215 5192 1370 5248 Pauli
1414 5192 1633 5247 vincula
1686 5194 1944 5264 pradixit
1994 5197 2142 5268 Aga-

517 5285 643 5353 bus,
690 5287 840 5353 Act.,
896 5300 1006 5351 xxn,
1061 5285 1151 5350 10,
1202 5286 1286 5338 lt.
1339 5281 1727 5336 Pradixerunt
1783 5290 1840 5338 et
1895 5285 1991 5339 alii
2057 5284 2140 5340 di-

514 5381 746 5454 scipuli,
797 5398 852 5436 v.
905 5383 974 5451 4;
1029 5379 1294 5452 pradixit
1343 5380 1544 5448 πνεῦμα
1598 5377 1731 5429 κατὰ
1783 5377 1960 5445 πόλιν,
2015 5401 2138 5457 cap.

513 5496 606 5551 xx,
657 5481 749 5547 23,
794 5478 853 5533 id
900 5481 1004 5548 est,
1053 5483 1120 5534 ut
1164 5496 1272 5551 ego
1320 5479 1588 5547 arbitror,
1645 5482 1978 5550 πνευματικοὶ
2021 5484 2138 5538 sin-

513 5571 779 5642 gularum
822 5566 1211 5636 ecclesiarum,
1250 5585 1379 5640 qua
1408 5585 1472 5624 ea
1511 5569 1683 5624 etiam
1731 5575 1893 5628 atate
1933 5589 2137 5628 secun-

511 5662 652 5719 dum
682 5659 936 5716 civitates
977 5657 1293 5714 distributa
1329 5664 1480 5714 sunt.
1513 5660 1596 5714 Ita
1631 5660 1875 5733 denique
1917 5666 2137 5734 postre-

511 5766 742 5811 morum
785 5753 1110 5824 temporum
1160 5747 1418 5821 pradicti
1466 5753 1599 5805 sunt
1643 5766 1864 5808 errores
1891 5752 1931 5825 (Ι
1975 5755 2134 5823 Tim.,

2253 4544 2391 4599 dum
2451 4544 2827 4616 suspicionem
2878 4546 3112 4616 attinet,
3172 4547 3536 4604 alienissima
3585 4554 3703 4604 erat
3744 4547 3849 4602 atas

2253 4654 2582 4709 puerorum,
2614 4655 2758 4710 quos
2800 4639 3065 4711 Cypriani
3110 4641 3317 4696 saculo
3357 4643 3727 4715 prophetasse
3753 4641 3852 4712 jam

2249 4731 2512 4787 vidimus.

2320 4825 2353 4896 §
2382 4828 2470 4880 25.
2503 4855 2571 4865 ——
2601 4825 2818 4881 Fraude
2864 4826 3056 4898 itaque
3093 4831 3336 4891 remota,
3371 4829 3487 4885 alia
3531 4833 3720 4885 tamen
3741 4843 3849 4898 sup-

2247 4917 2517 4989 petebant
2558 4924 2900 4991 argumenta
2941 4921 3146 4992 quibus
3172 4938 3206 4975 a
3233 4923 3348 4977 Deo
3390 4927 3628 4978 auctore
3674 4921 3851 4994 proﬂu-

2247 5011 2393 5067 xisse
2422 5011 2762 5083 probaretur
2791 5029 2860 5068 ea
2890 5014 3211 5085 prophetia,
3255 5015 3340 5070 vel
3373 5016 3538 5072 enim
3579 5017 3687 5072 alio
3725 5013 3850 5070 edito

2249 5105 2527 5160 miraculo
2564 5121 2624 5160 se
2659 5122 2691 5160 a
2717 5107 2832 5161 Deo
2866 5107 3104 5162 missum
3145 5108 3451 5180 prophetia
3483 5108 3849 5171 conﬁrmabat,

2246 5199 2399 5271 quod
2439 5200 2669 5271 signum
2697 5200 2993 5272 propheta
3033 5201 3238 5258 veteris
3277 5203 3612 5259 testamenti
3639 5201 3853 5274 scripto-

2243 5309 2336 5348 res
2373 5293 2694 5364 appellant;
2725 5295 2814 5349 vel
2855 5294 3181 5350 intrinsecis
3215 5296 3542 5367 prophetia
3581 5309 3856 5366 argumen-

2243 5385 2314 5441 tis
2353 5403 2387 5440 a
2415 5389 2526 5442 Deo
2583 5386 2738 5442 illam
2794 5404 3088 5443 emanasse
3134 5389 3431 5460 probabat.
3487 5389 3547 5446 Si
3603 5386 3857 5445 miraculo

2242 5496 2302 5534 se
2322 5482 2730 5537 commendare
2750 5481 2942 5549 vellet,
2965 5481 3120 5536 aliud
3140 5482 3352 5537 donum
3380 5482 3630 5537 haberet
3652 5494 3860 5536 necesse

2241 5573 2368 5641 erit,
2397 5575 2550 5646 quod
2579 5578 2774 5630 tamen
2816 5591 2935 5630 non
2967 5578 3072 5644 est,
3101 5591 3166 5630 ex
3197 5575 3492 5646 Evangelii
3528 5571 3856 5641 aconomia,

2239 5668 2645 5724 necessarium.
2675 5668 3118 5725 Intrinsecorum
3145 5672 3333 5724 autem
3361 5672 3856 5739 argumentorum,

2237 5776 2362 5833 qua
2389 5777 2459 5818 eo
2486 5761 2776 5836 pracipue
2803 5761 3140 5836 spectabant
3174 5765 3236 5819 ut
3269 5761 3676 5820 revelationem
3710 5758 3858 5818 illam
