4082 6194
243 169 384 225 1129

250 382 390 437 inde
430 385 648 439 auctori
704 387 809 441 soli
867 388 1252 458 tribuendam,
1298 391 1409 446 duo
1454 398 1614 449 erant
1652 410 1880 465 genela.

244 472 345 525 Vel
392 473 545 528 enim
584 476 826 531 occultas
873 477 1170 533 hominum
1217 482 1588 552 cogitationes
1636 483 1886 554 profere-

246 559 412 631 bant,
442 562 531 616 vel
561 563 753 619 fntura
779 567 1193 639 contingentia.
1224 570 1438 625 Horum
1465 577 1794 643 utrumque,
1816 589 1882 627 ex

247 648 403 704 illius
451 654 779 722 praesertim
835 656 1023 710 steculi
1072 658 1388 730 principiis,
1435 661 1540 715 soli
1585 662 1701 716 Deo
1752 678 1883 732 pro;-

246 741 444 811 prium
481 784 495 809 ,
571 760 888 815 omnesque
965 752 1354 803 creaturarum
1434 749 1582 805 vires
1658 768 1881 823 supera-

247 828 369 884 bat.
443 831 605 886 Prius
666 833 992 904 equidem;
1063 837 1196 907 quia
1257 838 1304 892 is
1372 839 1520 894 solus
1572 840 1881 919 καρδιογνώ-

251 949 399 997 στης,
443 945 638 984 rerum
682 935 852 1003 atque
901 933 1158 988 cordium
1206 941 1505 1007 scrutator,
1550 938 1643 993 cui
1686 939 1879 993 omnia

247 1028 386 1079 sunt
437 1024 591 1079 nuda
635 1031 807 1097 atque
859 1033 1328 1107 τετραχηλισμένα.
1384 1035 1622 1090 Proinde
1671 1052 1879 1094 arcana

243 1123 345 1179 Dei
414 1140 587 1178 nemo
640 1124 981 1197 investigare
1046 1133 1270 1198 poterat
1317 1130 1422 1185 nisi
1486 1132 1725 1203 Spiritus
1780 1135 1876 1189 Dei

248 1214 290 1281 (Ι
332 1214 478 1275 Cor.,
520 1230 577 1283 ιι,
614 1216 721 1282 Η).
764 1215 1038 1285 Spiritum
1082 1218 1258 1273 etiam
1310 1220 1677 1276 discretorem
1725 1224 1876 1295 cogi-

242 1302 533 1357 talionum
561 1305 619 1356 et
647 1301 1035 1359 intentionum
1068 1307 1257 1361 cordis
1296 1310 1541 1380 appellat
1575 1313 1874 1382 Apostolus

243 1393 455 1463 (Habt,
483 1409 559 1460 1v,
609 1395 713 1463 l2).
755 1394 859 1456 Qui
896 1411 1033 1466 ergo
1078 1396 1296 1452 alienas
1330 1399 1704 1469 cogitationes
1745 1418 1874 1472 ape«

241 1487 477 1547 ruerat,
536 1481 583 1534 is
642 1480 737 1535 ubi
798 1482 1013 1536 fraudis
1090 1485 1275 1539 omnis
1338 1487 1584 1559 suspicio
1653 1493 1873 1546 remota

242 1576 388 1640 erat,
417 1587 532 1625 non
558 1571 666 1625 alio
695 1587 870 1643 quam
912 1572 1103 1627 divino
1146 1574 1363 1647 Spiritu
1414 1578 1639 1633 afflatus
1682 1581 1869 1636 crede-

237 1660 431 1716 batur.

314 1750 348 1822 §
395 1753 482 1805 '26.
530 1782 597 1792 —
653 1753 843 1806 Fuisse
905 1758 1096 1809 autem
1153 1755 1304 1811 inter
1354 1767 1721 1836 πνευματικοὺς
1776 1762 1873 1815 Ec-

240 1848 426 1903 clesiae
457 1850 554 1920 qui
585 1867 650 1904 eo
679 1850 849 1905 etiam
885 1859 1078 1909 essent
1110 1853 1262 1909 dono
1289 1857 1541 1927 praediti,
1563 1862 1778 1913 constat
1809 1876 1874 1913 ex

240 1944 509 2013 Apostolo
559 1946 578 1998 Ι
618 1945 767 2014 Cor.,
813 1962 925 2013 xxv,
967 1947 1056 2014 24,
1098 1951 1164 2002 25
1196 1964 1208 2003 :
1243 1969 1271 1998 ‹‹
1323 1948 1380 2005 Si
1423 1957 1634 2019 autem,
1666 1952 1869 2024 inquit,

244 2052 453 2091 omnes
484 2038 851 2109 prophetent,
878 2040 1057 2096 intret
1095 2048 1290 2098 autem
1332 2046 1460 2116 quis
1501 2046 1748 2101 infidelis
1783 2047 1873 2101 vel

239 2130 418 2186 idiota
474 2149 488 2186 :
544 2132 905 2188 convincitur
950 2137 1020 2189 ab
1075 2138 1364 2206 omnibus,
1411 2139 1753 2210 dijudicalur
1794 2140 1867 2195 ab

249 2226 541 2281 omnibus.
572 2226 802 2281 Occulta
830 2229 981 2283 enim
1009 2231 1195 2284 cordis
1212 2231 1334 2302 ejus
1355 2233 1657 2288 manifesta
1688 2235 1867 2290 ﬁunt:

242 2321 301 2373 et
328 2319 404 2373 ita
431 2320 637 2375 cadens
667 2321 722 2375 in
744 2322 947 2378 faciem
975 2323 1238 2378 adorabit
1261 2328 1460 2393 Deum,
1492 2328 1873 2398 pronuntians

240 2413 396 2485 quod
427 2430 553 2468 vere
582 2415 725 2469 Deus
751 2415 811 2469 in
839 2416 995 2471 vobis
1023 2418 1113 2471 sit.
1140 2440 1167 2469 ››
1199 2421 1260 2474 In
1290 2420 1396 2474 hoc
1428 2422 1668 2476 infidelis
1689 2438 1874 2476 exem-

241 2507 339 2578 plo
368 2513 588 2563 certum
617 2510 909 2565 eratnihil
945 2511 1039 2583 agi
1084 2514 1335 2583 potuisse
1375 2531 1443 2569 ex
1491 2515 1778 2585 condicto,
1812 2520 1874 2570 ut

245 2602 489 2672 proinde
543 2604 922 2660 certissimum
979 2612 1163 2675 esset,
1218 2609 1315 2680 qui
1376 2610 1457 2665 ita
1505 2610 1871 2682 cogitationes

244 2696 369 2767 ejus
425 2697 850 2769 manifestaret,
906 2717 1020 2755 non
1073 2702 1185 2756 alio
1236 2703 1394 2773 illas,
1451 2722 1625 2776 quam
1679 2704 1869 2759 divino

242 2788 461 2860 Spiritu
511 2791 739 2846 afﬂante
785 2792 1067 2849 didicisse.
1122 2796 1298 2866 llujus
1345 2798 1543 2869 gratia)
1602 2799 1871 2869 frequens

240 2883 306 2938 fit
334 2883 391 2938 in
430 2884 731 2941 Salvatoris
777 2886 1013 2943 historia
1054 2892 1271 2945 mentio
1319 2891 1563 2962 (Matth,
1592 2909 1669 2960 ιιι,
1703 2897 1757 2959 2,
1789 2894 1867 2961 4;

241 2993 342 3046 x11,
385 2982 483 3047 25;
525 2982 678 3043 Luc.,
725 2997 778 3047 v,
825 2985 925 3049 22;
960 3000 1033 3053 γι,
1086 2986 1159 3053 8;
1210 3001 1285 3053 ιιι,
1334 2985 1439 3057 17),
1480 3004 1510 3039 a
1555 3003 1666 3058 quo
1708 2993 1868 3065 χάριν

241 3076 361 3132 ἀντὶ
387 3084 603 3156 χάριτος
652 3079 869 3150 accepit
928 3080 1197 3137 Ecclesia.
1247 3081 1463 3137 Eadem
1505 3100 1644 3139 usus
1684 3088 1771 3139 est
1811 3084 1872 3139 in

243 3175 476 3229 Ananiae
532 3183 588 3231 et
641 3177 933 3249 Sapphirae
988 3185 1047 3233 ut
1092 3180 1151 3234 in
1204 3180 1457 3236 Simonis
1503 3183 1674 3237 etiam
1729 3185 1874 3255 Magi

243 3285 412 3323 causa
465 3270 520 3325 S.
567 3272 778 3327 Petrus.
832 3275 908 3327 De
971 3273 1204 3329 Simone
1260 3273 1337 3329 ita
1380 3291 1393 3328 :
1453 3282 1483 3339 ἡ
1535 3276 1723 3356 καρδία
1780 3301 1874 3336 σου

242 3373 337 3428 οὐκ
392 3377 530 3428 ἔστιν
580 3374 743 3429 εὐθεῖα
787 3375 997 3430 ἐνώπιον
1055 3384 1145 3430 τοῦ
1192 3384 1321 3431 Θεοῦ
1372 3374 1543 3447 (Λοι.,
1594 3392 1708 3444 VIII,
1757 3377 1871 3447 21).

240 3472 461 3527 Rursus
511 3487 523 3524 :
596 3475 679 3535 Εἰς
749 3478 849 3550 γὰρ
914 3476 1076 3547 χολήν
1146 3484 1350 3554 πικρίας
1418 3485 1504 3532 καὶ
1586 3477 1872 3555 σὺνδεσμον

238 3568 444 3634 ἀδικίας
492 3575 589 3648 ὁρῶ
643 3593 702 3627 σε
745 3579 890 3630 ὄντα.
940 3575 998 3627 ln
1050 3590 1219 3629 causa
1274 3576 1487 3646 Etyma:
1557 3576 1741 3648 magis
1806 3577 1863 3633 S.

238 3668 451 3724 Paulus
484 3668 650 3740 (Ach,
679 3687 792 3737 xm,
822 3674 873 3735 9,
918 3672 1025 3741 10).
1061 3675 1111 3726 ls
1149 3672 1305 3727 enim
1347 3674 1552 3744 plenus
1592 3673 1690 3746 Sp.
1720 3692 1874 3731 sanc-

245 3763 329 3830 to,
385 3778 496 3816 non
541 3762 681 3818 illud
724 3764 895 3819 modo
943 3766 1153 3835 Etyma:
1194 3766 1430 3837 factum)
1474 3768 1573 3823 sed
1621 3768 1873 3825 dolosam

242 3853 416 3910 etiam
431 3855 683 3911 indolem
711 3858 1103 3929 reprehendit,
1119 3876 1447 3932 quanquam
1473 3867 1643 3917 antea
1665 3862 1869 3934 ignoti.

242 3949 422 4003 Usum
455 3951 632 4006 etiam
673 3951 921 4007 vidimus
974 3954 1281 4025 lgnatium,
1315 3971 1444 4010 cum
1493 3956 1873 4013 schismaticoo

241 4059 378 4098 rum
406 4044 624 4100 occulta
649 4045 885 4102 consilia
926 4047 1146 4119 primus
1173 4048 1233 4103 in
1281 4048 1473 4105 lucem
1520 4050 1776 4121 protulit.
1807 4053 1875 4108 Et

242 4137 482 4209 quidem
503 4140 695 4195 nescio
722 4157 911 4196 annon
931 4140 1043 4197 hoc
1068 4142 1307 4198 fortasse
1329 4143 1505 4199 fuerit
1521 4144 1737 4199 donum
1757 4144 1874 4202 δια-

241 4244 456 4316 κρὶσεως
515 4245 816 4316 πνευμάτων
874 4241 1032 4311 cujus
1092 4240 1356 4296 meminit
1401 4244 1719 4314 Apostolus.
1778 4244 1869 4299 Af-

239 4335 455 4391 ﬁnibus
498 4341 649 4392 certe
693 4337 881 4393 verbis
927 4338 1013 4393 usi
1067 4342 1203 4395 sunt
1256 4339 1563 4413 scriptores
1612 4342 1760 4397 sacri
1813 4343 1873 4398 in

242 4431 355 4487 hoc
416 4432 539 4503 ipso
608 4432 851 4503 Spiritus
912 4435 1170 4515 negotio.
1237 4434 1450 4490 Dicitur
1507 4445 1725 4515 κριτικὸς
1779 4439 1874 4494 ἕν-

242 4531 529 4603 θνμὴσεων,
577 4532 711 4601 610.,
766 4532 957 4594 Hebr.,
1012 4549 1086 4595 IV,
1134 4535 1220 4602 12,
1263 4534 1604 4614 ἀνακριτικὸς,
1657 4538 1674 4591 Ι
1724 4537 1867 4603 Con,

240 4640 359 4692 xxv,
387 4626 478 4695 24,
510 4630 566 4682 et
599 4643 737 4683 vero
767 4627 1011 4700 Spiritus
1040 4647 1144 4702 pro
1184 4633 1357 4688 corde
1394 4634 1869 4707 cogitationibus-

241 4735 359 4791 que
389 4736 522 4775 usus
553 4720 912 4795 frequentior
942 4729 1028 4780 est
1053 4740 1234 4797 quam
1257 4730 1319 4782 ut
1350 4728 1418 4785 de
1447 4746 1512 4785 eo
1540 4730 1873 4787 monendus

241 4812 319 4869 sit
342 4812 541 4872 lector.

317 4905 348 4979 §
395 4911 482 4963 27.
528 4940 597 4950 —
652 4911 771 4966 Duo
823 4916 1019 4968 autem
1078 4920 1248 4971 erant
1307 4916 1605 4973 hominum
1663 4936 1877 4993 genera

242 5017 490 5072 quorum
556 5004 930 5075 cogitationes
985 5007 1065 5062 ita
1138 5010 1499 5081 pateﬁerent.
1553 5015 1647 5069 Vel
1718 5015 1874 5070 enim

239 5095 483 5151 aliorum
513 5098 923 5169 prOphetarum
940 5102 1320 5173 cogitationes
1338 5107 1734 5177 patefecerunt
1744 5125 1877 5164 cum

243 5190 454 5261 quibus
481 5192 705 5247 nullum
736 5194 843 5265 ipsi
880 5198 1295 5254 commercium
1336 5200 1646 5270 habebant,
1668 5219 1735 5257 ex
1762 5219 1877 5275 quo

242 5299 461 5355 magna
496 5287 732 5343 accessit
776 5288 862 5344 rei
911 5291 1199 5362 praedictas
1243 5294 1623 5352 confirmatio.
1676 5299 1759 5354 lta
1809 5297 1878 5353 de

241 5378 541 5436 Timotheo
595 5398 710 5437 non
774 5401 890 5440 una
935 5392 1058 5441 erat
1100 5387 1199 5443 sed
1248 5390 1445 5445 multte
1502 5391 1771 5464 interque
1821 5410 1880 5448 se

242 5476 672 5531 consentientes
724 5480 1043 5551 prophetiae
1098 5483 1168 5537 de
1230 5483 1287 5539 S.
1346 5485 1521 5541 Paulo
1574 5493 1878 5566 πνευμάτων

238 5582 380 5635 κατὰ
425 5581 613 5648 πόλεις,
660 5581 724 5634 ιιι
756 5596 931 5651 supra
980 5580 1243 5636 vidimus.
1301 5582 1396 5637 His
1446 5587 1639 5641 autem
1695 5587 1883 5660 major

242 5681 369 5732 erat
392 5677 719 5734 adhibenda
745 5679 887 5734 ﬁdes
913 5681 1069 5753 quod
1094 5699 1210 5738 non
1248 5684 1632 5742 humanorum
1678 5688 1881 5745 dunta-

240 5773 361 5845 xat,
390 5772 489 5830 sed
516 5772 837 5830 divinorum
876 5790 1106 5849 quoque
1157 5793 1499 5838 arcanorum
1540 5782 1753 5840 conscii
1797 5784 1881 5840 vi-

565 5871 845 5943 PATROL.
891 5873 995 5942 Ν.

1429 177 1518 233 DE
1556 176 1930 236 VISIONIBUS
1954 176 2419 235 PROPHETICIS.

240 294 580 365 probarent,
615 300 838 352 naturas
863 299 1012 353 vires
1049 316 1340 373 superare,
1374 306 1715 376 naturaeque
1757 321 1886 377 pro—

3460 185 3599 242 1130

1905 304 2281 388 Aderentur.
2331 304 2719 359 Humanarum
2776 306 2973 361 autem
3028 305 3435 379 cogitationum
3498 310 3610 364 duo

1986 401 2152 451 erant
2179 413 2396 468 genera
2434 413 2562 468 quae
2605 398 2715 453 hoc
2759 399 2907 454 dono
2943 408 3135 456 essent
3174 403 3608 459 manifestanda.

1984 491 2083 546 Vel
2114 491 2272 545 enim
2299 489 2557 545 fidelium
2583 496 2751 545 erant
2774 490 2907 561 illae,
2928 494 3017 548 vel
3046 494 3387 551 infidelium.
3414 498 3610 553 Inﬁds-

1982 585 2125 639 lium
2149 584 2416 656 equidem
2446 582 2492 637 si
2518 583 2645 654 quis
2674 584 2826 639 malo
2853 587 3046 642 animo
3095 588 3154 642 in
3198 590 3606 647 ecclesiasticos

1954 678 2287 732 conventus
2351 677 2686 748 irrepsisset,
2752 679 2841 732 vel
2906 680 3189 749 prodendi
3256 698 3443 753 causa,
3513 686 3605 740 vel

1978 770 2229 826 ludibrio
2271 771 2616 842 exponendi,
2656 771 2744 825 vel
2796 776 2861 826 ut
2895 772 3185 827 mundano
3216 774 3438 831 affectui
3482 795 3605 850 gra-

1978 864 2312 935 tiﬁcaretur,
2371 864 2428 919 id
2484 864 2676 936 ipsum
2725 865 2935 937 Spiritu
2986 867 3270 923 revelante
3319 870 3599 940 prodeba-

1977 962 2108 1026 tnr;
2156 958 2306 1012 unde
2346 957 2522 1013 ﬁebat
2552 964 2612 1013 ut
2652 960 2700 1014 si
2741 977 2809 1014 ex
2852 975 3049 1015 eorum
3090 976 3334 1016 numero
3384 962 3599 1033 fuisset,

1979 1068 2119 1123 quos
2181 1051 2360 1106 Graeci
2418 1059 2858 1129 εύγνωμονοῦντας
2919 1054 3232 1124 appellant,
3297 1073 3415 1112 non
3480 1060 3601 1114 tam

1975 1155 2331 1206 succenseret
2384 1151 2779 1222 prodentibus,
2833 1167 3005 1223 quam
3053 1152 3112 1207 in
3162 1170 3362 1211 eorum
3416 1159 3602 1228 potius

1973 1246 2412 1301 admirationem
2458 1248 2779 1316 raperetur,
2820 1250 2885 1300 ut
2927 1246 2987 1300 in
3039 1248 3311 1311 praedicto
3352 1252 3470 1306 loco
3514 1253 3598 1308 in-

1974 1339 2174 1394 nuitur
2226 1340 2489 1411 Epistolas
2540 1339 2615 1395 ad
2674 1340 3018 1397 Corinthios.
3070 1342 3352 1398 Fidelium
3407 1352 3601 1403 autem

1974 1434 2349 1505 cogitationes
2388 1434 2799 1505 prodebantur,
2831 1434 2878 1487 si
2917 1433 3010 1505 qui
3053 1442 3243 1491 essent
3280 1437 3339 1491 in
3379 1439 3596 1497 clerum

1973 1528 2360 1596 adscribendi,
2395 1531 2457 1582 ut
2495 1527 2553 1581 in
2600 1528 2868 1598 exemplo
2901 1528 3217 1599 Timothei;
3260 1532 3351 1586 vel
3391 1533 3439 1586 si
3480 1551 3596 1606 qua

1970 1622 2169 1676 fraude
2211 1621 2294 1676 usi
2333 1624 2542 1690 essent,
2585 1626 2646 1675 ut
2683 1621 2742 1675 in
2781 1623 3000 1677 Anania
3046 1627 3103 1677 et
3146 1624 3462 1696 Sapphira;
3508 1631 3597 1683 vel

1891 1700 1948 1771 Β
1972 1716 2149 1770 etiam
2171 1715 2414 1783 insidiis,
2443 1720 2506 1768 ut
2534 1714 2737 1769 ludam
2768 1715 3021 1785 prodidit
3058 1715 3433 1775 insidiantem
3471 1721 3595 1793 ipse

1972 1809 2285 1879 Dominus;
2315 1810 2398 1864 vel
2429 1809 2541 1864 alio
2577 1808 2822 1880 denique
2849 1809 3089 1864 fortasse
3131 1813 3330 1882 quovis
3377 1816 3595 1871 occulto

1971 1903 2206 1973 ﬂagitio.
2238 1902 2300 1959 Id
2325 1903 2483 1958 enim
2524 1903 2713 1974 ipsum
2754 1903 3126 1974 reprehendit
3172 1905 3232 1960 in
3272 1907 3493 1962 Anania
3541 1913 3597 1964 et

1974 1997 2261 2068 Sapphira
2318 2000 2483 2067 (Act.,
2514 2014 2565 2063 v,
2608 1999 2661 2065 4,
2702 1997 2756 2067 9)
2795 1999 2849 2053 S.
2894 1999 3114 2068 Petrus,
3146 2000 3299 2071 quod
3345 2002 3467 2056 ausi
3506 2020 3596 2058 es-

1974 2094 2102 2145 sent
2128 2107 2245 2145 non
2275 2090 2605 2146 hominibus
2631 2090 2886 2159 mentiri,
2915 2091 3014 2147 sed
3043 2094 3191 2162 Deo;
3236 2095 3387 2165 quod
3418 2086 3595 2169 Spiri-

1972 2191 2097 2243 tum
2126 2189 2351 2244 Domini
2381 2192 2691 2244 tentarent.
2721 2190 2889 2256 Quasi
2914 2189 2968 2244 id
2997 2191 3406 2264 exprobrasset,
3439 2196 3599 2267 quod

1972 2299 2103 2337 cum
2142 2283 2210 2336 iis
2256 2300 2315 2336 se
2353 2283 2588 2337 cmti‘bus
2631 2283 3043 2354 adjunxissent,
3074 2284 3131 2339 in
3173 2287 3381 2357 quibus
3425 2290 3599 2361 Spiri-

1972 2379 2062 2430 tus
2090 2375 2236 2430 dona
2266 2376 2375 2448 ipsi
2415 2382 2771 2447 agnoverant
2799 2394 2812 2445 ;
2862 2378 3125 2449 interque
3155 2380 3268 2434 alia
3294 2381 3433 2435 illud
3462 2399 3599 2454 quo-

1972 2486 2083 2541 que
2126 2487 2239 2541 quo
2278 2487 2485 2524 arcana
2527 2471 2944 2538 revelarentur;
2990 2471 3096 2542 ipsi
3141 2475 3338 2528 tamen
3379 2477 3599 2532 occulta

1974 2580 2074 2618 sua
2101 2563 2326 2635 ﬂagitia
2355 2565 2531 2619 latere
2562 2580 2729 2635 posse
2756 2563 3245 2638 sperarint,seque
3271 2585 3339 2623 ea
3363 2568 3600 2641 impune

1971 2656 2207 2712 laturos.
2240 2657 2410 2728 quue
2447 2657 2635 2728 ipsum
2665 2674 2942 2728 magnum
2975 2660 3175 2729 procul
3202 2657 3377 2717 dubio
3404 2661 3596 2718 incus-

1972 2756 2044 2810 sit
2108 2757 2456 2811 occultorum
2523 2756 2699 2811 etiam
2754 2756 3104 2828 flagitiorum
3166 2764 3410 2830 metum,
3468 2778 3600 2818 cum

1972 2851 2154 2904 nullas
2211 2850 2416 2905 deinde
2484 2850 2735 2905 latebras
2795 2867 3019 2906 securas
3098 2853 3217 2907 fore
3295 2852 3600 2912 intellexis-

1971 2954 2117 3018 sent,
2184 2965 2236 3015 v,
2298 2952 2348 3004 5.
2410 2949 2519 3002 Nec
2576 2952 2660 3002 est
2713 2948 2863 3019 quod
2914 2949 2975 3004 in
3040 2950 3145 3004 hac
3198 2951 3323 3023 ipsa
3377 2954 3603 3010 ratioci-

1976 3042 2152 3097 nandi
2180 3042 2369 3098 forma
2393 3043 2483 3097 vel
2511 3041 2621 3114 ipsi
2649 3042 2803 3098 athei
2845 3046 3120 3114 poterunt
3177 3048 3381 3104 merito
3410 3067 3602 3123 repre-

1975 3136 2247 3193 hendere.

2047 3226 2076 3297 §
2112 3228 2201 3281 28.
2243 3257 2311 3266 —
2358 3227 2487 3280 Erat
2530 3228 2723 3281 tamen
2772 3229 2829 3281 et
2872 3227 3027 3283 aliud
3072 3240 3505 3303 argumentum,
3545 3240 3601 3292 et

1974 3320 2206 3392 quidem
2234 3320 2342 3391 ipsi
2369 3319 2687 3391 prophetiae
2714 3320 2861 3376 dono
2900 3321 3303 3396 intrinsecum,
3334 3346 3447 3401 quo
3476 3348 3601 3403 pro-

1973 3415 2298 3486 phetiarum
2350 3431 2584 3469 suarum
2647 3413 2822 3469 ﬁdem
2877 3423 3095 3472 veteres
3148 3422 3598 3498 confirmabant,

1973 3508 2296 3563 futurorum
2336 3524 2545 3579 nempe
2594 3508 3057 3580 contingentium
3105 3515 3421 3585 praedictio.
3467 3520 3599 3585 Qua:

1973 3602 2206 3675 quidem
2260 3609 2414 3658 certa
2459 3618 2598 3671 esse,
2629 3608 2686 3658 et
2720 3621 2753 3657 a
2791 3605 2903 3659 Deo
2939 3612 3167 3663 auctore
3213 3609 3386 3667 fuisse
3436 3614 3601 3670 intel-

1973 3702 2117 3757 lecta
2144 3705 2248 3770 est,
2278 3719 2407 3757 cum
2439 3702 2619 3774 ipsam
2646 3702 3041 3760 confirmasset
3068 3714 3320 3763 eventus.
3352 3713 3598 3786 Eratque

1972 3796 2095 3851 hinc
2126 3797 2554 3868 argumentatio
2582 3812 2647 3849 ex
2676 3796 3132 3853 Christianorum
3158 3802 3455 3875 principiis
3481 3825 3599 3863 cer-

1974 3890 2210 3946 tissima.
2240 3893 2365 3963 Ipse
2410 3892 2556 3945 Deus
2604 3907 2671 3946 eo
2716 3898 2986 3962 provocat
3022 3893 3172 3963 apud
3216 3897 3411 3953 Isaiam
3442 3901 3595 3972 (Isa.,

1972 4002 2079 4054 xu,
2109 3984 2220 4056 23).
2258 3986 2371 4040 Nec
2410 4001 2544 4040 vero
2585 3985 2752 4041 alteri
2789 4002 2963 4057 quam
2995 3987 3109 4042 Deo
3136 3989 3309 4045 tribui
3337 3993 3409 4048 de
3449 3996 3597 4055 facto

1973 4080 2158 4150 potuit
2196 4079 2319 4134 haec
2359 4079 2687 4135 futurorum
2732 4080 3196 4153 contingentium
3238 4088 3600 4158 praescientia

1972 4190 2038 4229 ex
2067 4173 2361 4244 principiis
2401 4173 2874 4229 Christianorum.
2902 4176 2972 4231 Ut
3009 4176 3166 4232 enim
3203 4178 3408 4237 demus
3454 4191 3601 4241 mul-

1971 4273 2060 4325 tos
2087 4284 2210 4323 esse
2237 4273 2473 4323 eventus
2511 4268 2610 4340 qui
2650 4268 2793 4325 vires
2835 4274 3227 4328 creaturarum
3275 4291 3390 4332 non
3432 4295 3597 4337 exce-

1972 4363 2202 4433 derent;
2234 4379 2496 4418 concessa
2521 4367 2719 4419 tamen
2756 4364 2876 4434 illa,
2910 4381 3083 4437 quam
3118 4366 3428 4426 Christiani
3470 4378 3596 4430 tue-

1892 4454 2199 4527 Dbantur,
2242 4457 2627 4529 providentia,
2669 4461 2835 4513 erant
2876 4460 3252 4517 nihilominus
3296 4467 3433 4521 certi
3479 4470 3602 4540 qui-

1976 4551 2105 4607 dem
2133 4558 2372 4606 eventus
2398 4551 2495 4624 qui
2520 4552 2734 4607 nullam
2765 4552 3050 4609 habebant
3078 4571 3308 4612 causam
3336 4576 3368 4612 a
3394 4568 3603 4619 natura

1974 4646 2444 4714 determinatam,
2470 4663 2538 4701 ex
2567 4663 2678 4718 qua
2708 4652 2975 4719 poterant
3018 4655 3185 4705 antea
3215 4656 3517 4727 cognosci;
3545 4664 3604 4714 et

1973 4757 2106 4797 vero
2136 4742 2234 4813 qui
2269 4758 2385 4797 non
2420 4759 2486 4795 ex
2514 4758 2629 4797 una
2654 4742 2844 4814 aliqua
2887 4759 3077 4813 causa,
3112 4745 3213 4801 sed
3241 4764 3313 4802 ex
3342 4752 3601 4808 omnium

1976 4851 2254 4893 consensu
2318 4836 2734 4909 complexuque
2798 4837 3086 4893 orirentur
3155 4839 3373 4913 (quales
3441 4851 3607 4903 erant

1975 4931 2073 5002 qui
2102 4930 2391 5003 publicum
2420 4930 2757 5002 spectabant
2803 4932 3110 5008 plerique),
3142 4935 3265 4993 illos
3310 4938 3399 4994 vel
3438 4940 3606 4997 unius

1978 5042 2161 5081 causae
2205 5024 2479 5095 defectus,
2527 5027 2615 5082 vel
2668 5028 2839 5082 etiam
2881 5029 3045 5084 unius
3091 5030 3469 5107 interpositio,
3515 5036 3606 5091 in-

1977 5123 2161 5176 certos
2203 5120 2359 5190 fecit,
2399 5127 2460 5176 ut
2500 5120 2742 5191 proinde
2792 5139 2904 5177 non
2951 5130 3185 5195 possent
3235 5128 3343 5184 nisi
3393 5147 3461 5186 ex
3513 5131 3611 5187 illa

1979 5230 2147 5270 causa
2173 5214 2417 5286 intelligi
2444 5215 2620 5270 futuri
2646 5216 2735 5271 cui
2763 5216 3001 5273 aliarum
3031 5221 3287 5277 omnium
3312 5240 3609 5281 causarum

1981 5310 2293 5381 complexio
2320 5309 2392 5364 de
2422 5310 2566 5366 facto
2605 5316 2752 5365 esset
2796 5310 3056 5368 obnoxia.
3089 5316 3227 5370 Eam
3270 5323 3457 5375 autem
3491 5336 3609 5376 non

1979 5404 2149 5459 aliam
2195 5404 2566 5460 crediderunt
2600 5404 2919 5475 Christiani,
2950 5424 3116 5480 quam
3159 5411 3427 5484 primum,
3462 5414 3610 5485 opti-

1980 5515 2138 5554 mum
2166 5497 2600 5570 maximumque
2626 5500 2827 5555 Deum.

2053 5592 2198 5666 §29.
2231 5622 2300 5633 —
2335 5593 2706 5650 Crediderunt
2750 5594 3037 5669 imprimis
3071 5614 3190 5653 non
3234 5615 3363 5653 casu
3407 5600 3623 5655 factum

1983 5703 2103 5744 esse
2131 5686 2433 5755 mundum,
2469 5690 2534 5743 ut
2557 5690 2824 5746 volebant
2856 5690 3135 5762 Epicurei,
3165 5693 3268 5748 sed
3297 5695 3454 5746 certa
3478 5704 3629 5759 qua-

1984 5782 2115 5839 dam
2141 5781 2517 5856 providentia,
2550 5784 2888 5861 factumque
2916 5783 3246 5844 etiamnum
3286 5784 3492 5842 eadem
3515 5786 3655 5859 regi

3287 5883 3376 5952 36

1894 3070 1949 3145 C
