4096 6186
526 230 658 285 1131

1551 228 1754 284 IIENR.
1796 228 2150 285 DODWELLI
2187 231 2485 287 DISSERT.
2524 232 2834 290 CYPRIAN.
2866 236 2909 289 Ι.

3705 245 3817 297 1132

520 352 877 425 providentia
903 368 1013 424 qua
1052 352 1236 407 factus
1268 354 1371 406 est.
1401 352 1775 407 Crediderunt
1827 352 2035 408 deinde
2084 355 2154 409 li-
2177 379 2234 450 Α
2258 373 2357 411 sua
2379 374 2501 412 non
2531 363 2894 429 superarent,
2926 374 3042 414 non
3074 361 3270 413 tamen
3293 366 3509 430 possent
3533 378 3562 414 a
3582 367 3819 431 creatura,

519 448 722 503 herum
752 446 1053 501 arbitrium
1080 445 1224 501 nulli
1265 463 1389 501 esse
1437 463 1622 501 causae
1663 445 1830 501 alteri
1882 448 1992 502 nisi
2038 449 2152 503 Deo

522 543 625 597 soli
649 540 978 596 obnoxium.
1008 540 1254 595 Proinde
1279 541 1384 596 fati
1415 557 1620 596 omnes
1660 540 1787 596 illos
1830 532 2029 597 sensus
2056 542 2153 614 qui

520 638 768 691 essenta
796 635 1054 707 supremi
1092 635 1191 690 Dei
1230 636 1457 691 decreto
1491 634 1761 706 distincti,
1792 637 2023 707 penitus
2061 653 2152 692 re-

511 729 802 802 jiciebant,
844 730 962 785 sive
1016 729 1425 801 Epicureorum
1468 729 1637 784 illum
1690 746 1723 784 a
1767 730 2155 786 materialium

518 841 821 880 causarum
874 824 1176 879 influentis.
1232 825 1500 895 petitum,
1558 824 1673 879 sive
1728 825 2154 895 astrologorum

517 919 683 973 illum
720 936 754 973 a
780 919 1095 974 caelestium
1136 918 1413 983 siderum,
1460 919 1575 972 sive
1621 923 1781 973 metu
1830 919 2153 983 deductum,

519 1013 635 1068 sive
680 1012 856 1068 etiam
902 1012 1246 1067 causalitate.
1297 1013 1355 1067 Si
1406 1029 1544 1083 ergo
1598 1012 1700 1066 soli
1749 1016 1860 1068 Deo
1913 1014 2155 1068 liberum

519 1106 821 1161 arbitrium
856 1107 1168 1162 obnoxium
1204 1107 1461 1174 fecerint,
1491 1108 1661 1177 plane
1704 1107 1963 1178 sequitur
1991 1125 2154 1162 even-

520 1210 688 1262 tuum
734 1223 935 1261 eorum
979 1206 1378 1262 certiludinem
1427 1206 1524 1277 qui
1568 1206 1656 1260 vel
1696 1206 1766 1260 ab
1806 1207 1929 1278 ipso
1972 1208 2153 1262 libero

519 1305 781 1373 arbitrio,
812 1305 900 1360 vel
932 1322 965 1359 a
995 1303 1316 1359 conditione
1359 1304 1546 1375 aliqua
1585 1321 1691 1375 per
1736 1304 1979 1359 liberum
2012 1305 2157 1359 arbi-

520 1399 695 1453 trium
730 1398 994 1469 ponenda
1024 1398 1361 1468 penderent,
1388 1416 1420 1452 a
1442 1399 1559 1453 Deo
1592 1399 1709 1452 solo
1741 1415 1861 1453 esse
1900 1398 1969 1454 de
2010 1399 2154 1453 facto

521 1493 932 1547 deducendam.
966 1492 1130 1556 Quod
1166 1508 1300 1548 vero
1330 1493 1400 1546 ad
1439 1492 1823 1547 materialium
1850 1509 2154 1548 causarum

520 1590 753 1642 eventus
780 1587 1002 1654 attinet,
1036 1590 1302 1657 poterant
1333 1586 1417 1640 illi
1452 1592 1646 1641 motus
1674 1586 2014 1642 universalis
2041 1587 2156 1641 vim

520 1680 776 1750 aliquam
802 1679 1195 1735 mechanicam
1223 1697 1552 1751 agnoscere.
1588 1682 1698 1736 Sed
1738 1698 1844 1735 nec
1875 1682 1952 1735 ita
1981 1682 2151 1735 talem

2255 450 2363 506 nisi
2390 452 2500 507 Deo
2532 452 2834 521 revelante,
2867 452 3133 523 cognosci
3159 470 3172 520 ;
3205 453 3261 508 id
3288 470 3463 508 unum
3489 453 3690 510 abunde
3727 459 3823 512 suf-

2258 545 2400 612 ﬁcit,
2431 549 2495 600 ut
2515 546 2736 618 quoties
2760 547 3093 602 hominibus
3123 547 3517 617 innotuissent,
3538 549 3640 603 Deo
3664 553 3826 606 tamen

2255 656 2481 695 summo
2512 643 2704 696 essent
2736 640 2949 697 merito
2978 641 3303 697 tribuenda.
3334 643 3447 697 Nec
3470 643 3613 697 enim
3636 644 3682 698 id
3703 660 3825 714 qua:-

2254 734 2517 801 rendum,
2559 736 2780 790 Deusne
2818 736 2957 807 ipse,
2996 751 3069 789 an
3122 735 3243 806 ejus
3279 736 3442 806 jussu
3488 737 3827 809 permissuque

2254 832 2512 883 creatura
2542 829 2746 900 aliqua,
2780 829 2833 883 ei
2856 834 3047 885 tamen
3076 830 3304 884 subdita
3334 829 3639 885 hominibus
3662 848 3719 885 ea
3754 849 3824 886 re-

2253 923 2509 977 velaret‘?
2537 923 2656 991 sed,
2690 940 2783 991 an,
2815 940 2880 979 eo
2912 925 3165 995 nolente,
3194 924 3278 978 vis
3321 925 3510 994 aliqua
3551 926 3826 980 contraria?

2258 1018 2319 1071 In
2349 1033 2417 1071 eo
2450 1018 2604 1072 enim
2632 1023 2885 1072 versatur
2911 1018 3119 1074 erroris
3162 1018 3497 1090 periculum.
3526 1020 3697 1089 Atqui,
3723 1019 3827 1073 data

2257 1111 2380 1179 hac,
2412 1128 2585 1182 quam
2617 1113 3178 1183 repraesentavimus,
3208 1112 3510 1184 hypothesi
3535 1128 3550 1179 ;
3575 1111 3629 1165 id
3653 1118 3828 1167 certum

2257 1207 2376 1259 erat
2411 1205 2736 1275 hujusmodi
2770 1207 3148 1262 revelationes
3187 1224 3221 1261 a
3257 1207 3310 1260 vi
3361 1206 3549 1276 aliqua
3590 1206 3830 1259 contraria

2258 1316 2379 1353 esse
2410 1316 2527 1353 non
2554 1316 2737 1371 posse.
2773 1301 2883 1355 Nec
2923 1301 3077 1355 enim
3121 1305 3246 1355 erat
3282 1305 3538 1355 creatura
3581 1316 3711 1371 quae,
3744 1302 3831 1354 Deo

2254 1394 2506 1461 nolente,
2538 1409 2605 1447 ea
2632 1399 2826 1464 posset
2858 1411 3238 1465 cognoscere;
3273 1411 3380 1449 nec
3406 1393 3691 1449 verisimile
3714 1399 3827 1461 erat,

2254 1486 2477 1557 angelis
2509 1489 2806 1543 contrariis
2830 1493 2887 1543 et
2918 1489 3034 1543 suis
3055 1505 3403 1560 suorumque
3425 1488 3667 1543 hostibus
3685 1486 3831 1541 infen-

2254 1582 2514 1651 sissimis,
2547 1584 2724 1637 Deum
2753 1600 2818 1636 ea
2845 1584 3254 1651 revelaturum,
3288 1600 3417 1654 quae
3460 1599 3571 1638 non
3599 1586 3762 1637 essent
3783 1582 3831 1633 il-

2255 1676 2443 1729 lorum
2494 1682 2713 1730 naturae
2759 1676 2969 1746 debita,
3021 1693 3125 1732 nec
3164 1680 3420 1748 possent,
3465 1676 3567 1731 nisi
3604 1691 3663 1729 eo
3705 1690 3831 1728 reve-

522 1774 678 1828 illam
732 1780 1110 1845 agnoverunt,
1164 1780 1225 1829 ut
1281 1781 1541 1829 creatura
1591 1774 1796 1846 aliqua,
1853 1792 1983 1829 eum
2046 1770 2428 1847 quaBlanle,
2479 1786 2839 1840 Cognoscere.
2889 1771 3156 1842 Sequitur
3209 1787 3370 1843 ergo,
3426 1774 3491 1825 ut
3544 1770 3833 1841 angelorum

518 1868 683 1922 nobis
709 1873 792 1921 est
817 1868 1249 1934 commercium,
1278 1870 1366 1921 vel
1406 1869 1482 1923 ita
1524 1869 1702 1939 possit
1743 1886 1807 1924 ex
1856 1869 2160 1923 universali

518 1963 617 2016 illo
671 1967 860 2016 motus
915 1978 1216 2030 consensu,
1266 1962 1461 2016 futura
1504 1963 1895 2033 contingentia
1942 1980 2155 2033 cogno-

519 2073 695 2124 scere,
719 2056 808 2110 vel
848 2056 1012 2109 nobis
1042 2056 1308 2110 indicare.
1346 2057 1603 2112 Indicare
1648 2062 1801 2112 certe
1845 2058 2002 2111 nulla
2050 2076 2155 2128 po-

522 2150 633 2204 tuit
681 2150 791 2203 nisi
846 2149 1263 2217 intellectualis,
1312 2166 1484 2221 quam
1530 2150 1833 2207 Christiani
1886 2152 2156 2222 angelum

522 2244 897 2314 appellamus.
931 2246 1000 2297 At
1044 2244 1142 2313 qui
1171 2260 1301 2297 eum
1346 2243 1510 2298 nobis
1563 2251 1861 2299 versantur
1901 2246 2155 2316 angelos,

523 2353 619 2392 eos
687 2338 853 2391 certis
919 2342 1309 2392 creaturarum
1373 2337 1680 2409 provinciis
1743 2339 2151 2410 assignabant,

524 2432 919 2486 universorum
971 2431 1393 2501 provinciarum
1451 2437 1618 2507 λόγον,
1687 2433 1988 2503 praesidem
2037 2432 2152 2487 exi-

522 2530 846 2599 stimabant,
872 2532 938 2583 nt
987 2530 1227 2599 proinde
1267 2531 1627 2603 angelorum,
1673 2548 1815 2602 quos
1860 2530 1993 2599 dixi,
2023 2546 2155 2585 cum

519 2625 682 2679 nobis
728 2625 1102 2693 versantium,
1151 2625 1340 2679 nullus
1392 2626 1576 2680 motui
1636 2625 1938 2680 universali
1988 2624 2157 2679 fuerit

521 2718 809 2785 admotus;
843 2721 907 2771 ut
934 2719 1110 2789 possit
1135 2735 1206 2773 ex
1235 2720 1569 2773 causalitate
1597 2736 1700 2773 sua
1729 2720 1798 2773 de
1829 2719 2154 2773 futurorum

524 2812 980 2882 contingentium
1031 2817 1238 2867 eventu
1287 2813 1569 2884 judicare.
1614 2812 1729 2867 Sed
1779 2830 1882 2867 nec
1927 2829 2021 2867 eos
2076 2814 2157 2867 ita

523 2907 896 2976 incorporeas
944 2909 1305 2976 agnoverunt
1351 2909 1412 2960 ut
1456 2912 1692 2978 possent
1728 2907 1922 2961 omnia
1969 2912 2156 2962 creata

519 3001 581 3054 in
646 3000 871 3071 speculo
937 3000 1210 3054 creatoris
1266 3000 1495 3055 intueri.
1547 3002 1657 3054 Nec
1723 3000 1915 3054 omnia
1964 3004 2154 3055 creata

524 3094 633 3149 illis
672 3094 1032 3149 innotescere
1082 3093 1475 3158 crediderunt,
1518 3094 1626 3148 nisi
1672 3110 1799 3165 quae
1854 3096 2000 3150 Deus
2042 3095 2153 3149 illis

521 3188 774 3243 revelare
837 3188 1101 3259 dignatus
1164 3192 1331 3258 esset,
1381 3206 1484 3243 nec
1549 3189 1724 3243 etiam
1791 3188 1985 3244 omnia
2049 3189 2158 3244 illis

525 3283 784 3338 revelare
835 3282 904 3338 de
957 3283 1106 3338 facto
1151 3300 1272 3338 esse
1330 3282 1649 3355 dignatum.
1709 3284 2034 3355 Mysterium
2088 3284 2157 3338 de

523 3376 920 3433 incarnatione
975 3376 1047 3430 ab
1097 3377 1346 3431 Ecclesia
1400 3377 1662 3432 didicisse
1715 3379 1946 3449 angelos
1998 3378 2159 3432 testis

525 3475 612 3528 est
636 3472 943 3543 Apostolus
977 3472 1219 3542 (Ephes.,
1249 3488 1330 3539 ιιι,
1369 3472 1473 3541 10).
1506 3472 1635 3526 Tria
1676 3472 1871 3539 etiam,
1901 3476 2032 3527 ante
2064 3472 2156 3526 in-

525 3567 914 3622 carnationem
933 3565 1263 3620 daemonem
1290 3566 1539 3634 latuisse,
1560 3568 1851 3621 auctorem
1877 3566 2157 3621 habemus

525 3660 811 3733 Ignatium
863 3662 1067 3731 (Ignat.
1115 3663 1216 3730 Ep.
1273 3660 1345 3714 ad
1389 3661 1609 3730 Ephes.,
1650 3663 1682 3731 §
1736 3660 1842 3729 19).
1888 3661 1997 3715 Sed
2036 3678 2153 3716 non

524 3759 683 3812 vacat
705 3754 860 3810 hisce
892 3757 954 3809 ut
979 3754 1221 3826 singulis
1249 3754 1651 3809 immoremur.

596 3846 741 3918 §30.
771 3874 840 3885 —
866 3843 1067 3915 Liquet
1103 3842 1358 3914 interim,
1393 3844 1526 3898 data
1568 3844 1672 3898 hac
1720 3844 2040 3916 hypothesi,
2065 3845 2153 3899 fu-

524 3945 657 3996 tura
699 3938 1114 4008 contingentia,
1166 3938 1281 3993 sive
1328 3955 1361 3992 a
1404 3938 1582 3994 libero
1625 3938 1876 4009 arbitrio,
1927 3939 2041 3995 sive
2085 3938 2156 3993 ab

527 4032 830 4089 universali
880 4036 1061 4099 metu,
1114 4032 1447 4103 pendentia,
1490 4033 1788 4089 neminem
1827 4051 2008 4105 posse,
2050 4033 2156 4088 nisi

527 4143 751 4182 summo
791 4126 885 4180 illo
928 4128 1044 4180 Deo
1086 4127 1381 4180 revelante
1426 4143 1789 4197 cognoscere.
1840 4128 1949 4183 Sed
1977 4143 2081 4182 nec
2112 4128 2157 4182 si

530 4224 754 4276 motum
810 4220 971 4274 illum
1037 4219 1415 4274 universalem
1471 4222 1889 4291 cognovissent,
1935 4224 2021 4277 vel
2081 4223 2157 4277 ita

438 4382 447 4389 .
528 4321 757 4388 possent
781 4315 848 4368 de
881 4316 1186 4367 eventuum
1220 4314 1385 4367 istius
1422 4316 1575 4369 modi
1619 4316 1957 4371 certitudine
1995 4318 2152 4387 judi-

526 4427 675 4467 care.
709 4411 818 4464 Nec
849 4408 1007 4463 enim
1036 4406 1114 4462 ita
1143 4408 1426 4463 mundum
1454 4409 1790 4464 universum
1827 4411 2155 4466 meclianice

2260 1865 2575 1921 ministerio
2608 1864 2665 1919 in
2724 1865 3079 1920 revelatione
3128 1864 3461 1920 hominibus
3500 1862 3838 1936 patefacienda

2260 1962 2539 2029 uteretur,
2579 1959 2687 2013 nisi
2738 1960 2904 2015 bonis
2956 1962 3151 2014 tamen
3193 1960 3432 2014 minime
3485 1975 3718 2013 usurum.
3754 1958 3836 2010 Nec

2261 2054 2631 2108 metuendum
2665 2053 2801 2124 quin
2844 2053 2928 2107 illi
2978 2070 3216 2109 munere
3265 2053 3371 2107 sibi
3426 2052 3711 2108 commisso
3746 2049 3837 2103 dili-

2263 2147 2594 2218 gentissime
2649 2147 3091 2219 fidelissimequc
3146 2148 3607 2218 contingentibus
3656 2145 3832 2200 revela-

2258 2241 2445 2296 tiones
2474 2242 2581 2296 nisi
2610 2259 2643 2295 a
2669 2244 2783 2297 Deo
2810 2246 3040 2298 auctore
3068 2259 3188 2297 esse
3222 2260 3336 2297 non
3370 2259 3551 2314 posse.

2329 2432 2472 2505 §32.
2506 2464 2573 2471 —
2618 2434 2956 2505 Quanquam
3000 2439 3191 2489 autem
3234 2435 3612 2506 hypotlieseos
3642 2432 3832 2499 veritas,

2256 2528 2415 2598 cujus
2467 2527 2649 2597 justas
2700 2529 2864 2583 hasce
2912 2528 3160 2583 diximus
3207 2545 3329 2583 esse
3385 2535 3555 2600 atque
3601 2527 3842 2598 legitimas

2256 2622 2709 2692 consequentias,
2762 2639 2829 2677 ex
2883 2623 3209 2677 docentium
3257 2624 3597 2678 auctoritate
3643 2620 3843 2692 probata

2258 2721 2360 2782 est,
2391 2732 2518 2786 qua:
2558 2721 2612 2770 et
2639 2716 2760 2786 ipsa
2790 2716 2913 2770 aliis
2942 2722 3064 2771 erat
3102 2717 3403 2772 miraculis
3445 2716 3842 2771 commendata:

2257 2810 2391 2864 facit
2415 2815 2609 2863 tamen
2638 2811 2903 2864 nonnihil
2931 2811 3003 2864 ad
3032 2810 3458 2881 praemissarum
3491 2825 3703 2881 quoque
3728 2806 3843 2861 veri-

2254 2906 2453 2973 tatem,
2488 2905 3028 2976 consequentiarum
3061 2921 3289 2975 quoque
3337 2905 3462 2977 ipsa
3499 2902 3844 2975 probabilitas,

2255 3003 2487 3068 tamque
2515 3003 2647 3070 apta
2671 2999 2821 3053 inter
2848 3017 2906 3053 se
2934 3003 2989 3054 et
3014 3016 3143 3053 cum
3173 2999 3571 3070 phaenomenis
3590 2995 3841 3052 connexio.

2257 3093 2395 3145 Nam
2426 3093 2485 3146 in
2524 3092 2856 3162 hujusmodi
2901 3093 3083 3147 causis
3123 3110 3264 3164 quas
3309 3093 3465 3164 ipsas
3510 3092 3657 3147 nulla
3691 3096 3847 3146 nostra

2260 3204 2293 3241 a
2317 3187 2491 3258 priori
2523 3188 2874 3242 ratiocinatio
2913 3188 3168 3259 attingit,
3200 3187 3257 3241 id
3291 3204 3478 3242 unum
3508 3186 3723 3241 student
3764 3184 3845 3236 ho-

2259 3283 2463 3349 mines,
2492 3286 2556 3335 ut
2600 3281 2703 3335 sibi
2750 3282 3065 3353 quamdam
3107 3282 3331 3352 fingant
3374 3281 3712 3353 hypothesin
3748 3292 3847 3349 qua:

2259 3392 2387 3429 cum
2416 3375 2813 3447 phaenomenis
2856 3382 2985 3447 apte
3015 3375 3330 3438 conveniat,
3367 3392 3477 3430 nec
3521 3375 3680 3429 aliam
3720 3376 3846 3442 qlia:-

2258 3477 2394 3525 runt
2438 3470 2561 3542 ejus
2610 3469 3027 3541 probationem,
3081 3485 3253 3540 quam
3302 3475 3499 3540 aptam
3547 3469 3698 3523 illam
3746 3479 3849 3520 cum

2259 3564 2657 3635 phasnomenis
2682 3564 3162 3631 convenientiam,
3191 3579 3440 3634 eamque
3480 3562 3747 3617 veriorem
3771 3558 3849 3627 ju-

2259 3658 2448 3714 dicant
2482 3676 2608 3731 quae
2654 3658 3047 3729 phaenomenis
3097 3657 3357 3728 pluribus
3414 3657 3713 3729 aptiusque
3756 3668 3850 3707 res-

2260 3753 2494 3823 pondet.
2526 3753 2603 3807 ita
2624 3753 2892 3823 judicant
2918 3753 2986 3807 de
3011 3752 3267 3807 motibus
3297 3752 3531 3807 orbium
3557 3749 3850 3812 caelestium,

2259 3847 2527 3916 marium,
2556 3853 2970 3919 ventorumque
3006 3863 3019 3901 ε
3051 3848 3120 3901 de
3166 3847 3462 3918 magnetis
3498 3850 3697 3901 natura
3734 3841 3851 3897 alio-

2257 3957 2499 4012 rumque
2525 3940 2583 3994 id
2616 3957 2794 4012 genus
2828 3940 3112 3995 omnium.
3142 3941 3250 3995 Nec
3296 3945 3497 3995 tamen
3532 3939 3712 3994 minus
3738 3938 3851 3989 asta

2258 4035 2420 4089 nobis
2444 4035 2663 4089 occulta
2692 4035 2838 4090 ratio
2868 4034 3264 4106 providentiae,
3292 4051 3471 4105 quam
3513 4034 3727 4090 orbium
3762 4045 3850 4084 coa-

2258 4129 2505 4184 lestium.
2532 4131 2640 4183 Nec
2669 4129 2862 4183 minus
2882 4132 3011 4200 apte
3036 4128 3309 4184 convenit
3332 4146 3467 4183 cum
3496 4123 3850 4201 phamomenis

2256 4226 2377 4278 htPC
2400 4224 2851 4280 Christianorum
2879 4224 2947 4278 de
2977 4223 3328 4294 providentia
3356 4223 3851 4296 hypothesis,qnam

2257 4319 2543 4374 Ptolema‘i
2589 4319 2705 4385 illa,
2755 4319 2871 4373 sive
2911 4318 3084 4373 etiam
3125 4318 3451 4389 Copernici,
3496 4318 3613 4373 sive
3652 4313 3851 4370 alterius

2256 4414 2496 4483 cujusvis
2537 4413 2854 4467 astronomi
2890 4428 3023 4466 eum
3062 4417 3331 4467 motuum
3376 4414 3609 4467 illorum
3662 4410 3853 4481 phamo—

524 4522 560 4561 a
610 4506 722 4559 Deo
774 4503 897 4574 regi
948 4502 1274 4572 credebant,
1320 4508 1382 4558 ut
1431 4520 1547 4558 non
1596 4503 1908 4575 aliquando
1965 4508 2467 4593 contraDmenis.
2496 4510 2700 4564 Contra
2750 4507 2936 4577 potius
2975 4508 3146 4579 longe
3192 4508 3467 4562 certiores
3511 4510 3670 4561 erant
3704 4500 3851 4560 Chris-

524 4602 752 4655 motum
796 4597 958 4653 illum
1012 4595 1408 4666 universalem,
1456 4597 1664 4668 sacpius
1705 4604 1903 4653 tamen
1947 4603 2158 4670 praeter

524 4695 710 4761 illum,
744 4695 891 4748 Deus
923 4694 1286 4764 interponere
1315 4696 1373 4747 et
1412 4692 1579 4747 vellet
1609 4697 1665 4747 et
1693 4694 1928 4760 soleret;
1962 4700 2157 4749 contra

525 4788 812 4859 equidem,
843 4788 901 4841 in
930 4787 1217 4842 miraculis
1250 4803 1263 4840 :
1312 4792 1520 4858 praeter
1560 4787 1742 4857 illum,
1776 4788 1998 4859 quoties
2045 4789 2156 4842 vel-

523 4883 602 4937 lct
651 4881 969 4936 ordinarias
1023 4881 1197 4934 etiam
1246 4881 1559 4935 electorum
1612 4898 1810 4952 preces
1864 4882 2152 4950 exaudire,

522 4980 753 5032 Frustra
777 4976 935 5031 enim
981 4977 1165 5030 essent
1208 4975 1433 5046 piorum
1472 4992 1671 5047 preces
1713 4979 1779 5031 ut
1816 4977 2151 5047 plurimum,

524 5086 628 5139 pro
656 5069 821 5125 bonis
844 5068 1158 5140 praesertim
1188 5069 1593 5141 temporalibus
1622 5087 1635 5125 :
1684 5070 1730 5124 si
1774 5070 1920 5125 nihil
1964 5077 2155 5142 posset

525 5164 670 5216 Deus
729 5168 941 5233 prazter
1014 5163 1350 5223 universalis
1415 5169 1635 5219 natura:
1699 5182 1961 5234 cursum,
2031 5166 2153 5221 sine

523 5254 820 5324 miraculo,
879 5260 1172 5329 prmstare.
1238 5258 1423 5313 Toties
1481 5259 1636 5313 enim
1699 5260 1919 5315 edenda
1963 5265 2154 5316 essent

524 5349 847 5405 istiusmodi
873 5352 1169 5421 miracula,
1193 5352 1413 5423 quoties
1442 5351 1722 5407 bonorum
1740 5358 1931 5409 essent
1955 5373 2151 5426 preces

521 5444 841 5498 audienda).
877 5445 1032 5508 Quod
1063 5444 1109 5498 si
1136 5448 1345 5515 praeter
1387 5445 1767 5502 universalem
1814 5449 1977 5504 illum
2022 5468 2149 5505 mo-

520 5544 642 5594 tum
708 5539 882 5593 multa
944 5539 1085 5593 Deus
1139 5545 1196 5594 et
1251 5540 1379 5595 velit
1445 5544 1714 5610 prmstare
1782 5545 2147 5616 soleretque;

520 5633 779 5705 sequitur
829 5650 897 5687 ex
950 5632 1066 5697 illo,
1103 5634 1147 5687 si
1189 5635 1276 5687 vel
1316 5635 1563 5689 maxime
1601 5636 1959 5708 innotuisset,
2009 5639 2150 5694 nihil

517 5744 636 5783 esse
669 5728 942 5783 defuturis
969 5728 1435 5797 contingentibus
1450 5736 1602 5785 certo
1632 5733 2147 5803 pronuntiandum.

584 5821 614 5897 ς
642 5826 730 5881 31.
763 5854 833 5866 -
862 5820 1023 5890 Quod
1057 5822 1103 5877 si
1125 5822 1266 5894 haec,
1298 5828 1359 5880 ut
1395 5830 1612 5881 creatas
1657 5826 1804 5882 vires
1831 5842 1898 5883 ex
1941 5831 2151 5885 natura

2258 4601 2544 4657 tianorum
2612 4602 2787 4657 etiam
2854 4606 3078 4656 natura:
3150 4602 3744 4672 imperitissimorum,
3799 4594 3852 4649 de

2256 4698 2460 4751 futuris
2509 4696 2973 4767 contingentibus
3028 4696 3361 4768 prophetizc,
3405 4713 3585 4768 quam
3624 4689 3852 4766 peritissi-

2256 4808 2486 4847 morum
2540 4792 2713 4846 etiam
2762 4792 3186 4864 astrologorum
3237 4792 3478 4863 judicia.
3542 4793 3620 4847 Ex
3672 4803 3772 4860 quo
3810 4781 3852 4837 id

2257 4885 2428 4940 etiam
2458 4887 2801 4958 sequebatur
2823 4887 2989 4957 longe
3012 4903 3133 4941 esse
3165 4885 3537 4941 verisimilius
3566 4902 3599 4939 a
3624 4885 3731 4938 Deo
3756 4892 3851 4935 esse

2254 4980 2396 5047 haec,
2416 4998 2588 5051 quam
2616 4997 2651 5035 a
2676 4980 2871 5052 quovis
2901 4981 3247 5036 naturalium
3272 4996 3579 5035 causarum
3607 4986 3852 5033 consensu

2254 5074 2586 5144 repetenda.

2322 5266 2469 5336 §33.
2498 5294 2567 5305 --
2612 5265 2855 5320 Probata
2906 5282 3042 5337 ergo
3082 5266 3518 5337 prephetiarum
3560 5260 3849 5335 praeterita-

2250 5376 2379 5414 rum
2406 5376 2475 5414 ex
2507 5362 2714 5414 eventu
2744 5360 2998 5427 veritate,
3028 5361 3108 5415 ita
3139 5360 3345 5416 deinde
3370 5359 3666 5431 prophetae
3693 5356 3858 5411 aucto-

2251 5455 2390 5509 ritas
2454 5455 2687 5509 accessit
2767 5454 2840 5509 ad
2919 5454 3161 5509 aliarum
3240 5453 3673 5526 prophetiarum
3746 5462 3856 5503 suc-

2251 5564 2472 5603 cessum
2535 5548 2794 5604 similiter
2850 5549 3314 5620 cxspectandum.
3364 5548 3604 5617 Quoque
3670 5541 3856 5613 saepius

2252 5643 2565 5715 prophetiis
2610 5643 2732 5713 ejus
2776 5648 3013 5698 eventus
3065 5644 3510 5714 respondissent,
3563 5657 3630 5695 eo
3669 5636 3855 5693 certius

2250 5737 2541 5793 constabat
2587 5754 2703 5793 non
2753 5737 2907 5793 casui
2953 5738 3095 5805 haec,
3142 5738 3243 5793 sed
3288 5753 3420 5792 vero
3477 5735 3643 5790 certis
3692 5727 3854 5787 causis

2250 5847 2370 5888 esse
2397 5832 2719 5889 tribuenda.
2748 5835 2889 5892 Cum
2920 5848 3056 5890 vero
3090 5831 3337 5890 duorum
3372 5834 3559 5889 essent
3597 5837 3849 5901 geneer
