4096 6186
258 271 400 325 1133

1438 270 1525 326 DE
1559 270 1936 326 VISIONIBUS
1970 269 2440 328 I’ROPHETICIS.

3482 281 3619 335 H34.-

256 394 596 468 prOphetiaa,
632 395 755 449 aliae
781 396 951 450 clarae
988 396 1293 468 facilesque
1330 397 1648 466 intellectu,
1682 398 1744 452 in
1770 398 1894 469 qui-
1925 419 1976 492 Α
2002 398 2565 470 theologico-politici
2619 406 2845 471 auctor,
2897 403 3102 459 horum
3159 405 3458 477 utriusque
3514 407 3633 463 dis-

254 490 367 544 bus
406 490 564 545 nulla
602 506 722 543 esse
763 493 954 561 posset
988 490 1056 546 de
1096 508 1231 547 vero
1267 492 1561 563 prephetze
1598 508 1761 547 sensu
1794 493 1899 546 du-

253 583 498 652 bitatio;
572 583 699 638 aliae
763 601 959 640 rursus
1024 602 1130 656 pro
1205 586 1414 665 usitato
1470 586 1905 658 prophetiarum

269 678 565 746 idiomate,
618 677 894 749 symbolis
939 680 1456 751 aenigmatibusque
1506 681 1794 749 involuta},
1846 683 1907 734 ut

262 787 421 841 aegre
450 771 704 844 intelligi
753 776 944 842 posset
987 790 1249 843 quaenam
1292 774 1587 845 prophetae
1622 779 1768 828 esset
1806 776 1906 828 aut

255 864 523 919 numinis
565 866 853 921 sententia
884 883 897 922 :
930 882 999 921 ex
1040 868 1297 937 priorum
1332 868 1571 923 veritate
1615 868 1685 922 de
1712 870 1905 938 poste-

254 959 510 1013 rioribus
561 962 680 1014 erat
742 960 1083 1015 solidissime
1134 961 1533 1031 judicandum.
1592 961 1647 1016 Si
1701 978 1902 1016 omnes

255 1053 516 1107 obscurae
568 1057 779 1120 essent,
828 1058 888 1108 ut
946 1054 1005 1108 in
1067 1055 1307 1109 oraculis
1359 1055 1637 1126 Apollinis
1692 1055 1900 1123 Loxire,

252 1150 699 1219 nostrorumque
717 1148 1129 1203 hodiernorum
1156 1150 1641 1204 enthusiastarum
1664 1148 1898 1219 deliriis,

256 1242 414 1295 nulla
438 1242 561 1311 jam
586 1246 752 1296 erant
780 1242 1093 1297 intrinseca
1120 1242 1517 1297 credibilitatis
1536 1246 1899 1313 argumenta,

254 1340 317 1388 ut
367 1335 476 1389 nisi
534 1336 678 1390 forte
733 1351 866 1389 eum
917 1337 1102 1390 locum
1155 1336 1475 1391 extrinseca
1528 1336 1899 1407 supplesscnt,

257 1428 631 1499 quantumvis
660 1446 811 1484 verae
838 1434 1027 1484 essent
1057 1447 1069 1484 :
1094 1432 1152 1484 at
1184 1430 1407 1484 nullum
1438 1436 1587 1485 certe
1613 1429 1904 1485 habebant

251 1523 531 1591 veritatis,
578 1539 692 1593 quo
739 1540 771 1577 a
810 1523 972 1577 falsis
1018 1524 1564 1591 internoscerentur,
1607 1524 1899 1578 characte-

255 1633 401 1683 rem,
434 1633 541 1670 nec
582 1616 722 1670 alios
761 1616 1021 1687 proinde,
1062 1622 1127 1671 ut
1166 1634 1300 1671 vera
1340 1617 1725 1684 crederentur,
1756 1617 1897 1671 obli-

254 1710 491 1780 gabant.
525 1710 622 1765 Sin
647 1710 855 1781 aliquae
880 1710 1230 1781 perspicuaz;
1258 1712 1384 1781 jam
1430 1712 1587 1765 facile
1611 1710 1897 1779 judicium

2008 492 2227 548 tinctio.
2272 496 2393 558 Quo
2440 495 2565 549 loco
2612 496 2937 552 cautionem
2980 499 3444 570 interposuerant
3489 503 3637 556 sacri

2008 585 2335 658 scriptores,
2372 604 2439 642 ea
2482 588 2605 658 ipsa
2636 590 2821 644 cautio
2858 592 3087 662 signum
3120 598 3257 662 erat,
3302 593 3637 665 excipienda

2006 696 2126 734 esse
2151 680 2272 735 sola
2303 681 2371 736 de
2399 682 2606 752 quibus
2644 682 2832 738 fuerat
2872 688 3122 753 cautum,
3158 687 3374 758 reliqua
3406 687 3477 743 de
3521 690 3633 743 alio

2006 790 2127 829 esse
2157 774 2359 845 spiritu
2388 776 2784 847 intelligenda.
2813 780 2898 832 Ita
2930 779 3064 848 quia
3086 780 3142 833 in
3175 782 3399 851 scriptis
3432 783 3637 852 cpisto-

2006 869 2094 934 lis,
2144 868 2189 921 si
2241 885 2353 940 qua
2403 886 2505 924 suo
2558 870 2765 941 spiritu
2821 872 3148 941 protulisset
3204 875 3523 944 Apostolus,
3577 876 3635 930 id

2006 962 2192 1033 ipsum
2250 963 2492 1018 duxerat
2543 980 2664 1018 esse
2716 965 3110 1033 monendum,
3166 968 3336 1037 plane
3381 969 3638 1041 sequitur

2002 1055 2355 1126 reliquorum
2408 1062 2701 1113 auctorem
2750 1058 3007 1113 divinum
3051 1060 3325 1130 Spiritum
3373 1078 3495 1116 esse
3538 1064 3640 1117 lia-

2001 1149 2275 1204 bendum.
2304 1151 2519 1205 Contra
2558 1150 2693 1222 quia
2736 1152 3016 1223 lgnatius,
3048 1170 3174 1224 quae
3203 1152 3396 1208 divino
3424 1154 3634 1225 Spiritu

2002 1249 2235 1298 auctore
2284 1244 2501 1311 edidit,
2560 1262 2759 1300 eorum
2828 1245 3057 1300 disertis
3110 1247 3299 1302 verbis
3357 1247 3636 1317 Spiritum

2003 1340 2298 1392 auctorem
2366 1338 2741 1408 praeferebat,
2799 1340 2852 1392 id
2919 1356 3149 1411 quoque
3209 1341 3512 1411 sequitur,
3572 1342 3637 1395 iis

2004 1431 2272 1502 exceptis,
2323 1433 2541 1502 reliqua
2581 1432 2802 1502 privato
2845 1449 2969 1487 esse
3022 1433 3223 1504 lgnatii
3270 1434 3494 1505 spiritui
3534 1436 3636 1489 tri-

2000 1524 2250 1581 buenda.

2069 1620 2101 1690 §
2129 1622 2215 1673 35.
2247 1649 2318 1660 —
2345 1620 2449 1674 Sed
2482 1623 2540 1673 et
2577 1620 2634 1674 id
2676 1619 3006 1676 existimant
3041 1621 3325 1688 nonnulli,
3353 1638 3517 1677 veros
3548 1625 3633 1678 af-

1998 1712 2273 1783 ﬂatosque
2325 1713 2419 1767 Dei
2472 1714 2691 1784 Spiritu
2746 1715 3054 1786 prophetas
3118 1714 3179 1769 in
3242 1715 3633 1771 revelatorum

255 1808 403 1873 erat,
432 1805 503 1859 de
530 1805 768 1876 reliquis
792 1805 927 1875 quid
970 1810 1116 1860 esset
1157 1805 1543 1859 statuendum.
1576 1805 1629 1859 Si
1659 1797 1970 1869 eventusB
1997 1806 2458 1862 manifestatione
2505 1825 2608 1861 suo
2654 1825 2773 1862 esse
2811 1808 3034 1879 spiritui
3074 1808 3400 1879 permissos,
3435 1816 3495 1864 ut
3531 1827 3634 1881 pro

252 1899 339 1951 vel
371 1898 541 1952 unius
582 1898 898 1970 perspicuae
938 1899 1260 1970 prophetia)
1300 1916 1414 1953 non
1457 1898 1888 1969 respondisset;

252 1993 423 2064 plane
454 1992 802 2063 sequebatur
838 2009 943 2047 nec
987 1993 1224 2064 reliquis
1254 2009 1373 2048 esse
1403 1993 1719 2061 fidendum,
1751 1992 1893 2063 quin

252 2086 446 2157 potius
491 2086 619 2140 illas
666 2088 751 2141 vel
789 2088 1041 2141 naturali
1096 2087 1514 2156 cnthusiasmo,
1571 2087 1655 2141 vel
1709 2086 1890 2153 alteri,

252 2180 447 2251 potius
475 2180 756 2235 diabolico
788 2181 1014 2251 spiritui
1059 2197 1229 2251 quam
1266 2181 1457 2235 divino
1487 2198 1606 2235 esse
1636 2180 1888 2235 tribuen-

250 2273 375 2328 das.
407 2276 493 2328 Ita
532 2274 853 2329 Maximilla;
884 2274 1216 2346 prophetias
1256 2274 1464 2329 refellit
1502 2274 1757 2329 Asterius
1789 2275 1888 2327 Ur-

248 2366 438 2422 banus
479 2368 604 2438 (Ap.
649 2368 877 2435 Euseb.,
917 2371 1064 2423 Hist.
1115 2369 1265 2431 eccl.,
1311 2385 1364 2437 v,
1402 2369 1508 2447 t6).
1540 2367 1893 2441 Praedixerat

250 2461 351 2516 illa
407 2461 712 2518 imminere
772 2469 1010 2532 πολέμους
1074 2467 1132 2517 et
1196 2468 1566 2528 ἀκαταστασίας,
1621 2478 1753 2516 cum
1807 2467 1888 2515 ta-

251 2572 390 2611 men
438 2562 565 2627 post
604 2573 819 2611 annum
866 2556 1096 2612 tertium
1138 2557 1425 2613 decimum
1448 2556 1571 2626 jam
1610 2555 1889 2627 elapsum,

250 2665 360 2705 nec
413 2650 758 2722 particulare
808 2650 1024 2705 bellum
1084 2654 1183 2705 aut
1234 2651 1554 2705 universale
1610 2650 1666 2705 in
1727 2650 1891 2704 terris

249 2743 485 2812 fuisset,
532 2744 869 2800 Christianis
923 2744 1093 2799 etiam
1159 2761 1269 2816 pax
1331 2744 1497 2798 firma
1561 2744 1890 2815 stabilisque

249 2839 680 2910 permansisset.
720 2838 862 2893 Inde
901 2839 1187 2893 concludit
1222 2839 1394 2893 fidem
1426 2838 1478 2892 ei
1508 2854 1737 2893 omnem
1770 2854 1890 2891 esse

251 2932 670 3004 derogandam.
701 2932 868 2997 Quod
887 2933 932 2987 si
953 2934 1422 3005 evenissentqua:
1446 2932 1712 3005 praedicta
1738 2934 1889 3002 sunt,

252 3043 363 3098 pro
402 3026 603 3081 talium
635 3031 904 3081 eventum
927 3027 1254 3098 frequentia
1285 3027 1578 3099 prophetae
1606 3026 1744 3081 fides
1773 3042 1892 3080 ma-

256 3122 345 3192 gis
370 3124 493 3176 erat
519 3122 778 3176 minusve
810 3120 1075 3175 stabilita.
1116 3121 1362 3177 Omnino
1400 3120 1746 3175 solidissima
1774 3125 1895 3175 erat

254 3215 589 3285 hujusmodi
630 3216 1074 3287 argumentatio,
1108 3232 1210 3270 nec
1239 3215 1402 3270 video
1438 3216 1572 3287 quid
1619 3215 1676 3268 in
1708 3232 1776 3270 ea
1803 3232 1889 3270 re-

253 3310 620 3381 prehendere
670 3311 906 3381 possint,
944 3310 1156 3365 nedum
1202 3310 1414 3376 riderc,
1448 3326 1659 3364 scurra:
1703 3309 1891 3380 athei;

254 3420 365 3459 nec
395 3403 535 3475 quid
580 3403 765 3459 simile
815 3404 1130 3459 obtendere
1171 3403 1393 3476 possint
1434 3421 1539 3476 pro
1580 3405 1715 3472 suis,
1754 3421 1895 3475 quas

262 3497 442 3552 hodie
479 3498 775 3552 venditant
801 3498 1137 3569 prophetiis,
1168 3498 1293 3553 heri
1326 3498 1533 3553 nudius
1579 3498 1896 3570 tertiusque

258 3592 381 3647 nati
408 3591 657 3659 fanatici,
688 3591 805 3646 sive
852 3608 1052 3647 eorum
1098 3591 1195 3663 qui
1239 3592 1532 3647 communi
1571 3595 1893 3664 protestan-

257 3687 410 3741 tium
459 3686 729 3740 vocabulo
776 3692 1100 3753 censentur,
1130 3686 1245 3740 sive
1288 3687 1464 3740 etiam
1508 3702 1708 3741 eorum
1753 3704 1896 3757 quos

258 3780 527 3851 mysticos
560 3780 854 3851 appellant
887 3781 1190 3852 theologos
1230 3779 1528 3851 pontificii.
1560 3780 1756 3835 Neutri
1803 3796 1894 3835 ar-

259 3874 556 3945 gumentis
582 3873 910 3928 extrinsecis
937 3877 1197 3941 utuntur,
1228 3876 1342 3929 sive
1372 3874 1684 3942 miraculis,
1707 3889 1895 3929 coram

260 3969 405 4024 etin
446 3970 767 4039 propatulo,
805 3969 979 4040 inque
1024 3968 1339 4022 infidelium
1382 3969 1525 4023 facie
1568 3969 1750 4037 editis,
1780 3969 1895 4024 sive

257 4063 531 4129 aliorum,
585 4080 617 4116 a
668 4062 833 4117 nobis
882 4063 1054 4116 etiam
1107 4064 1434 4133 agnitorum
1486 4064 1897 4134 prophetarum

260 4156 621 4211 testimoniis.
654 4156 852 4211 Neutri
890 4156 1231 4210 testimoniis
1262 4156 1603 4220 intrinsecis,
1632 4158 1747 4212 sive
1773 4174 1894 4211 cor-

258 4251 424 4306 dium
457 4250 779 4305 infidelium
806 4250 1102 4322 patefactis
1130 4250 1388 4317 occultis,
1423 4250 1535 4305 sive
1568 4250 1898 4305 futurorum

259 4344 717 4416 contingentium
755 4344 1290 4416 prazdietione,jam
1320 4344 1416 4398 diu
1454 4349 1585 4399 ante
1628 4349 1893 4400 eventum

260 4440 586 4507 manifesta,
618 4439 1019 4510 publicamque
1046 4440 1103 4493 in
1134 4439 1324 4493 lucem
1355 4438 1527 4493 edita.

1914 3170 1968 3244 C

1993 1917 2095 1954 suo
2133 1907 2297 1971 captu
2338 1919 2403 1955 ea
2445 1902 2567 1955 aliis
2611 1902 3042 1969 annuntiarent,
3084 1902 3182 1973 qui
3218 1903 3360 1957 alius
3399 1907 3525 1958 erat
3572 1905 3632 1958 in

1993 1994 2106 2048 alio
2136 1994 2409 2049 excultior
2433 2000 2603 2065 atque
2646 1996 2995 2049 exornatior.
3026 1996 3083 2049 Si
3128 1995 3322 2067 itaque
3361 1996 3422 2050 in
3462 1998 3633 2052 rebus

1993 2088 2178 2143 obiter
2219 2088 2503 2157 notandis,
2534 2105 2639 2143 nec
2666 2089 2735 2143 ad
2778 2088 3132 2160 praecipuum
3162 2090 3481 2160 prophetiae
3509 2108 3632 2145 sco-

1993 2198 2156 2252 pum,
2211 2182 2517 2253 quicquam
2573 2182 2934 2250 facientibus,
2993 2183 3108 2237 sive
3160 2200 3277 2237 suae
3336 2185 3633 2239 memoriae

1991 2276 2174 2346 lapsu,
2208 2276 2320 2331 sive
2344 2277 2479 2330 dum
2515 2293 2574 2330 se
2598 2276 2931 2330 auditorum
2951 2277 3207 2331 erroneis
3233 2277 3467 2349 quidem
3499 2278 3631 2346 illis,

1992 2369 2093 2422 sed
2119 2370 2363 2440 receptis
2390 2376 2586 2424 tamen
2631 2370 2979 2441 przrjudiciis
3005 2372 3470 2439 accommodant,
3504 2389 3635 2444 qua:

1992 2466 2180 2517 tamen
2203 2468 2369 2517 erant
2388 2464 3014 2534 argumentationibus,
3032 2464 3342 2535 quamipsa
3361 2466 3631 2533 revelata,

1992 2556 2171 2626 magis
2212 2557 2437 2624 idonea,
2484 2557 2620 2627 quia
2664 2558 2788 2611 hare
2833 2558 3127 2627 probanda
3169 2563 3359 2625 erant,
3403 2559 3511 2613 illis
3549 2560 3633 2614 uti

1992 2655 2252 2721 poterant
2284 2655 2346 2704 ut
2369 2652 2647 2705 concessis
2672 2668 2685 2704 ε
2718 2652 2761 2704 si
2785 2651 2846 2704 in
2873 2650 2986 2720 his,
3006 2651 3264 2722 inquam,
3289 2652 3628 2707 hallucinati

1994 2747 2203 2811 essent,
2238 2762 2309 2798 ne
2336 2745 2383 2799 is
2409 2745 2644 2815 quidem
2672 2761 2833 2800 error
2863 2749 3008 2799 esset
3041 2745 3265 2815 spiritui
3294 2746 3628 2816 prophetico

1993 2837 2381 2906 imputandus.
2414 2838 2579 2901 Quod
2623 2839 2814 2908 itaque
2855 2854 2958 2908 pro
2998 2838 3271 2893 Zacharia
3315 2838 3621 2893 Jeremiam

1992 2932 2184 2985 laudat
2221 2932 2599 3003 evangelista;
2642 2932 2796 3003 quod
2841 2933 2944 2987 450
2990 2947 3170 2987 annos
3207 2931 3517 3000 Iudicibus,
3560 2934 3629 2989 40

1994 3025 2145 3081 Sauli
2186 3025 2397 3079 tribuat
2438 3027 2760 3096 Apostolus.
2796 3025 2945 3097 quod
2986 3024 3268 3081 incertum
3312 3026 3630 3082 stadiorum

1993 3136 2298 3174 numerum
2354 3124 2639 3174 memorat
2685 3120 2744 3175 S.
2800 3121 2993 3188 Lucas,
3048 3120 3332 3175 incertum
3379 3120 3626 3191 baptiza-

1996 3220 2181 3269 torum
2213 3214 2268 3269 S.
2300 3215 2530 3282 Paulus;
2566 3214 2729 3284 plane
2761 3214 3015 3268 innuunt
3051 3216 3270 3269 relictas
3296 3232 3413 3269 esse
3446 3215 3626 3288 scrip-

1994 3314 2187 3363 torum
2234 3308 2503 3362 humanis
2542 3308 2802 3379 eaptibus
2838 3308 3169 3378 hujusmodi
3210 3308 3496 3377 minutias,
3522 3326 3632 3365 nec

1997 3420 2117 3457 esse
2142 3405 2448 3474 propterea
2472 3402 2624 3473 quod
2665 3402 2726 3456 in
2767 3401 3036 3472 Spiritum
3080 3402 3336 3457 divinum
3372 3403 3622 3458 referan-

1999 3502 2108 3551 tur.

2068 3591 2099 3661 §
2127 3593 2212 3645 36.
2247 3621 2315 3629 ——
2346 3590 2443 3643 Est
2472 3594 2529 3644 et
2552 3589 2708 3643 aliud
2736 3590 3072 3660 exemplum
3103 3590 3159 3643 in
3198 3606 3312 3660 quo
3355 3606 3471 3645 non
3497 3590 3628 3645 illo-

1997 3702 2122 3739 rum
2168 3684 2337 3739 modo
2382 3684 2480 3755 qui
2522 3683 2851 3755 prophetias
2890 3685 3196 3750 audissent,
3229 3683 3325 3737 sed
3374 3686 3431 3737 et
3477 3684 3631 3755 ipso-

1997 3795 2125 3833 rum
2157 3795 2384 3850 quoqne
2410 3777 2825 3849 prophetarum
2857 3777 3110 3849 irrepere
3138 3777 3354 3847 possint
3383 3793 3627 3845 errores,

1996 3873 2056 3928 in
2101 3872 2532 3944 prophetiarum
2592 3870 2808 3925 scilicet
2862 3871 3235 3924 obscurarum
3290 3871 3627 3941 interpreta-

1998 3966 2174 4022 tione.
2215 3967 2390 4020 Erant
2419 3965 2573 4020 enim
2622 3964 2916 4018 nonnullae
2955 3963 3273 4035 prophetiae
3305 3968 3458 4018 certo
3487 3980 3625 4033 quo-

1997 4061 2128 4115 dam
2173 4059 2413 4130 Spiritus
2454 4058 2684 4112 consilio
2733 4057 2812 4112 ita
2851 4057 3103 4112 obscura}
3143 4062 3208 4111 ut
3244 4073 3360 4111 non
3393 4060 3632 4128 possent

1998 4156 2119 4209 sine
2145 4153 2258 4207 alia
2285 4152 2624 4207 revelatione
2666 4152 2943 4222 intelligi;
2976 4154 3041 4205 ut
3077 4151 3281 4223 prima:
3311 4168 3425 4206 non
3454 4151 3627 4206 alium

1995 4248 2054 4303 in
2083 4249 2252 4301 tinem
2285 4247 2427 4302 datae
2456 4246 2807 4314 viderentur,
2840 4262 3014 4317 quam
3045 4252 3105 4301 ut
3142 4249 3467 4302 sanctorum
3492 4262 3626 4317 pro-

1997 4343 2301 4413 phetarum
2347 4340 2735 4395 curiositatem
2778 4339 3250 4411 diligentiamque
3291 4356 3395 4411 pro
3429 4355 3627 4395 secun-

2000 4436 2086 4490 dis
2116 4434 2491 4506 impetrandis
2519 4435 2861 4489 excitarent.
2908 4433 2971 4488 Id
3017 4433 3276 4488 videmus
3314 4434 3372 4487 in
3400 4434 3629 4489 Daniele

334 4533 367 4604 §
400 4535 486 4588 3i.
516 4562 583 4573 —
609 4532 877 4588 Monendi
904 4535 1035 4587 sunt
1070 4532 1301 4587 interim
1349 4533 1588 4588 lectores
1630 4550 1744 4587 non
1775 4550 1896 4588 esse
1916 4546 1975 4619 D
2000 4531 2303 4602 praseipue,
2326 4530 2382 4583 in
2410 4546 2523 4599 quo
2544 4530 2816 4600 frequens
2840 4531 2924 4581 est
2951 4527 3326 4583 secundarum
3346 4525 3628 4582 visionum

260 4632 459 4682 tamen
505 4627 654 4698 quod
700 4627 1109 4699 prophetarum
1164 4626 1359 4682 omnia
1397 4627 1736 4699 prophetico
1783 4628 1901 4681 sint

261 4721 491 4793 spiritui
523 4721 845 4775 tribuenda.
876 4722 955 4775 Ne
999 4722 1106 4776 hoc
1154 4720 1387 4793 quidem
1423 4721 1605 4776 Judzei
1647 4721 1719 4776 de
1760 4722 1895 4788 suis,

262 4832 371 4871 nec
418 4815 486 4869 de
518 4816 732 4887 Pythiis
774 4816 971 4882 Graeci,
1004 4833 1107 4870 nec
1147 4816 1217 4871 de
1264 4817 1559 4887 prophetis
1602 4816 1717 4871 suis
1764 4834 1899 4888 gen-

261 4910 391 4965 tiles
433 4909 549 4975 alii,
596 4910 887 4964 Phoenices
934 4914 1104 4982 atque
1147 4911 1416 4981 (Egyptii,
1466 4927 1567 4965 nec
1611 4910 1707 4981 qui
1764 4928 1896 4982 pro-

261 5005 465 5077 phetas
518 5008 909 5076 agnoverunt,
966 5006 1105 5059 ullos
1157 5005 1412 5060 docuisse
1468 5005 1735 5060 arbitror.
1788 5006 1895 5061 Eli-

265 5115 447 5153 sreum
514 5098 681 5153 latuit
740 5099 1108 5154 Sunamitidis
1176 5099 1575 5154 infortunium.
1640 5101 1897 5154 ilnmano

264 5190 442 5246 etiam
484 5191 684 5263 spiritu
712 5192 894 5247 edidit
932 5194 1205 5248 nonnulla
1245 5192 1630 5247 sanctissimus
1657 5197 1896 5263 Aposto-

264 5286 376 5341 lus.
434 5289 553 5341 Non
610 5292 693 5341 est
752 5286 931 5358 igitur
983 5288 1274 5358 prophetae
1336 5288 1476 5342 ﬁdes
1536 5287 1593 5340 in
1660 5286 1897 5340 dubium

264 5380 543 5449 vocanda,
585 5380 631 5434 si
680 5398 795 5451 qua
840 5382 920 5435 illi
976 5382 1307 5437 humanitus
1353 5382 1505 5437 dicta
1558 5380 1896 5449 exciderint,

263 5475 376 5530 hoc
406 5477 511 5541 est,
557 5475 612 5528 in
652 5474 717 5528 iis
756 5490 881 5545 qua:
924 5491 1028 5530 nec
1074 5474 1193 5546 ipse
1240 5475 1455 5547 Spiritu
1496 5476 1616 5542 Dei,
1657 5474 1756 5529 sed
1797 5490 1898 5528 suo

264 5568 477 5640 potius,
524 5567 745 5623 tribuit.
802 5569 874 5622 Ut
929 5569 975 5622 si
1032 5569 1329 5640 Apostolus
1379 5570 1438 5623 in
1491 5569 1559 5622 iis
1627 5584 1753 5640 quae
1806 5585 1897 5635 se,

261 5679 381 5719 non
411 5662 721 5717 Dominum
765 5663 987 5718 hortari
1030 5664 1273 5730 monuit,
1304 5666 1597 5733 errasset;
1643 5680 1761 5718 non
1801 5663 1896 5717 de~

262 5756 404 5813 buit.
420 5755 482 5811 id
508 5756 567 5811 in
594 5757 854 5812 fraudem
888 5757 1094 5814 cedere
1125 5757 1363 5813 aliarum
1396 5758 1521 5830 ejus
1544 5757 1903 5830 prophetica-

263 5867 422 5912 rum.
454 5850 654 5925 Neque
686 5867 821 5909 vero
849 5851 931 5909 ita
958 5852 1172 5909 incerta
1202 5856 1307 5923 est,
1338 5857 1397 5911 ut
1425 5852 1602 5910 voluit
1628 5852 1901 5926 profanus

1999 4642 2101 4696 pro
2145 4624 2465 4695 primarum
2515 4621 2984 4693 Interpretatioue
3034 4621 3266 4675 mentio.
3324 4621 3378 4675 Si
3428 4620 3627 4691 itaque

2001 4721 2132 4773 ante
2181 4717 2459 4772 secundas
2503 4716 2746 4770 visiones
2791 4717 2909 4786 ipse
2961 4714 3173 4785 primas
3216 4731 3384 4768 ausus
3422 4713 3626 4768 fuisset

2000 4812 2382 4883 interpretari,
2414 4812 2667 4865 humano
2714 4809 2967 4877 omnino,
3008 4825 3122 4862 non
3163 4806 3375 4876 divino,
3406 4807 3631 4879 spiritui

2001 4906 2302 4961 tribuenda
2331 4904 2529 4959 fuisset
2572 4902 2893 4958 istiusmodi
2938 4901 3359 4973 interpretatio,
3390 4905 3456 4956 ut
3495 4918 3628 4972 pro-

2001 4999 2133 5054 inde
2168 5000 2291 5071 ejus
2313 5016 2492 5067 error,
2526 4999 2571 5051 si
2597 4998 2722 5069 quis
2762 4996 2978 5059 fuisset,
3019 4995 3370 5067 iniquissime
3398 5000 3542 5050 esset
3570 4995 3631 5050 in

2003 5093 2281 5166 Spiritum
2304 5100 2565 5148 sanctum
2593 5091 2948 5146 referendus.

2073 5190 2105 5260 §
2150 5192 2237 5242 37.
2270 5218 2338 5229 —
2377 5188 2524 5241 Idem
2574 5185 2896 5241 statuebant
2944 5187 3163 5238 veteres
3208 5183 3516 5239 Christiani
3562 5184 3631 5238 de

2003 5282 2221 5353 scriptis
2260 5298 2487 5353 quoque
2538 5278 2875 5351 pl'OpheliiS,
2923 5276 3100 5332 sicubi
3146 5276 3387 5331 fuissent
3429 5277 3632 5332 obscu-

2002 5394 2101 5444 ναξ,
2132 5375 2239 5430 nisi
2266 5375 2468 5430 eodem
2496 5392 2609 5446 quo
2642 5373 2869 5429 dictata:
2896 5372 3139 5427 fuissent
3164 5372 3362 5443 spiritu
3388 5370 3460 5426 de
3487 5387 3632 5425 novo

2002 5470 2292 5526 revelante
2334 5469 2821 5540 neutiquamresse
2866 5484 2951 5521 cei
2968 5469 3022 5521 to
3054 5466 3480 5537 intelligendas.
3509 5465 3632 5519 Non

2002 5570 2088 5620 est
2136 5566 2326 5635 itaque
2372 5563 2527 5634 quod
2575 5562 2853 5617 miremur
2898 5566 3149 5615 veterum
3195 5560 3265 5614 de
3310 5559 3631 5630 propinquo

2003 5660 2201 5714 mundi
2230 5659 2342 5713 fine
2388 5656 2876 5712 lialluciuationes.
2913 5656 3024 5709 Nec
3061 5654 3215 5709 enim
3254 5655 3415 5707 illum
3444 5650 3627 5705 diser-

2004 5755 2073 5809 tis
2114 5752 2300 5808 verbis
2348 5752 2695 5807 revelaverat
2745 5749 3001 5821 Spiritus.
3046 5745 3397 5819 Colligebant
3444 5743 3631 5816 potius

2003 5864 2071 5905 ex
2097 5851 2219 5905 tam
2247 5845 2541 5920 frequenti
2564 5849 2953 5903 extremorum
2979 5849 3308 5915 temporum
3338 5837 3632 5896 mentione
