4082 6194
500 287 632 339 1135

1533 281 1737 336 HENR.
1773 280 2128 336 DODWELLI
2162 278 2461 336 DISSERT.
2493 277 2802 335 CYPRIAN.
2839 279 2881 333 Ι.

3688 281 3799 335 “36

496 408 555 463 in
585 407 799 463 Veteris
825 405 1175 461 Testamenti
1214 404 1548 477 prophetiis,
1581 406 1810 477 quoties
1848 405 1917 461 de
1957 406 2126 461 rebus
2148 414 2374 491 Αγείαις
2426 406 2495 459 de
2549 404 2719 476 hujus
2770 418 2997 475 quoque
3045 398 3289 456 membri
3342 399 3529 469 spiritu
3570 400 3796 469 judicare

502 500 836 572 evangelicis
866 500 1111 554 occurrit
1135 500 1372 567 mentio,
1406 516 1533 569 quae
1557 504 1749 553 tamen
1780 500 1849 555 de
1881 500 2127 555 Judaicae

499 594 831 650 oeconomiae
861 594 1075 649 ultimis
1104 593 1460 666 temporibus
1487 593 1619 665 satis
1649 595 1944 649 commode
1974 597 2126 665 pote-

500 694 627 744 rant
657 688 916 759 intelligi.
951 688 1199 743 Omnino
1242 705 1471 760 aequum
1502 704 1619 743 non
1647 694 1727 743 est
1769 692 1833 743 ut
1870 689 1994 744 illos
2024 690 2126 744 ho-

500 783 726 837 minum
768 799 992 836 errores
1022 782 1257 853 Spiritui
1294 784 1646 854 imputcmus
1685 798 1829 854 quos
1858 799 1961 838 nec
2007 783 2126 854 ipse

497 876 741 947 Spiritus
807 880 1135 947 susceperat
1199 877 1601 947 corrigendos;
1655 892 1761 930 nec
1825 876 1881 929 id
1942 876 2127 948 ipsum

497 970 832 1025 asserebant
876 970 974 1041 qui
1013 971 1081 1025 ab
1123 971 1220 1025 illo
1261 971 1463 1041 spiritu
1494 971 1668 1024 afﬂati
1713 972 1896 1038 erant,
1929 987 2045 1025 esse
2071 971 2127 1025 id

500 1081 535 1119 θ.
566 1065 765 1136 spiritu
796 1068 1143 1135 susceptum.
1172 1065 1521 1136 Suppetebat
1547 1064 1777 1119 interim
1809 1065 1941 1119 satis
1975 1070 2129 1119 certa

501 1158 600 1212 illa
652 1174 825 1229 quam
884 1158 1159 1227 diximus,
1189 1158 1487 1229 judicandi
1534 1160 1697 1214 ratio.
1743 1159 1803 1214 Si
1844 1160 1998 1213 enim
2040 1160 2129 1213 vel

496 1252 730 1307 illorum
759 1268 885 1324 quae
914 1253 1212 1324 perspicua
1250 1258 1427 1319 erant,
1470 1270 1576 1307 nec
1620 1254 1799 1307 ullum
1846 1254 2131 1308 habebant

503 1340 866 1401 obscuritatis
897 1346 1196 1417 effugium,
1228 1363 1470 1418 qumque
1512 1347 1741 1417 spiritus
1780 1348 2011 1403 nomine
2044 1364 2127 1401 es-

500 1446 623 1495 sent
680 1458 713 1493 a
762 1452 1096 1510 πνευματικοῖς
1146 1441 1466 1507 venditata,
1514 1445 1792 1511 perpetuo
1847 1441 2132 1495 constabat

498 1534 658 1600 tides,
692 1549 795 1588 nec
840 1552 873 1587 a
920 1551 977 1589 se
1018 1534 1176 1588 ullibi
1222 1535 1578 1603 dissentiens,
1624 1536 1679 1589 id
1729 1536 1916 1606 ipsum
1957 1552 2127 1607 argu-

500 1633 696 1683 mento
730 1631 850 1681 erat
894 1629 1026 1681 satis
1066 1629 1369 1683 manifesto
1400 1634 1456 1683 et
1500 1629 1702 1700 spiritu
1745 1629 1964 1684 afﬂatos
2010 1646 2129 1683 esse

499 1721 597 1793 qui
627 1738 692 1775 ea
731 1721 1139 1793 praedixerant,
1169 1726 1225 1777 et
1259 1722 1495 1793 quidem
1535 1722 1895 1778 veracissimo
1922 1724 2014 1778 illo
2042 1726 2125 1777 at-

501 1832 611 1887 que
640 1815 783 1870 adeo
813 1815 1024 1884 divino,
1052 1821 1116 1871 ut
1146 1817 1388 1886 proinde
1430 1821 1636 1883 essent,
1666 1819 1724 1871 in
1754 1819 1876 1871 aliis
1905 1833 2133 1889 quoque
2154 1796 2210 1866 Β

503 1909 838 1979 manifestis,
864 1910 1209 1981 spiritusque
1238 1911 1471 1966 nomine
1501 1911 1803 1965 manifesto
1831 1912 2132 1966 venditatis

506 2004 770 2058 similiter
812 2004 1111 2059 credendi.
1145 2004 1203 2058 Si
1244 2011 1439 2059 contra
1483 2006 1917 2076 perspicuorum
1961 2006 2135 2060 fidem

506 2100 740 2153 eventus
758 2097 1078 2165 fefellisset,
1098 2098 1157 2151 id
1187 2100 1318 2153 satis
1347 2104 1465 2154 erat
1491 2100 1563 2153 ad
1592 2100 1864 2154 similium
1886 2100 2135 2171 reliquo-

509 2209 641 2246 rum
673 2192 847 2246 tidem
875 2191 1290 2262 abrogandam.

578 2288 610 2356 §
641 2288 727 2340 38.
760 2315 829 2326 —
856 2288 1024 2340 Recte
1074 2285 1307 2356 quidem
1356 2287 1667 2359 hucusque,
1716 2288 1773 2341 ni
1816 2289 1999 2355 fallor,
2034 2289 2136 2343 ob-

507 2397 803 2435 scurarum
850 2381 1284 2451 prophetiarum
1333 2382 1505 2435 ﬁdem
1550 2399 1617 2435 ex
1662 2382 1972 2436 manifestis
2013 2400 2140 2437 con-

510 2474 892 2539 ﬁrmavimus,
940 2489 1068 2527 cum
1114 2473 1373 2543 ejusdem
1419 2476 1712 2545 propheta:
1759 2475 1998 2545 fuissent
2044 2477 2141 2530 ob-

513 2584 693 2623 scurae
719 2568 829 2621 illae
860 2568 1021 2638 cujus
1049 2568 1385 2623 manifestae.
1416 2570 1645 2633 Quaeret
1668 2575 1860 2624 autem
1886 2570 2137 2634 fortasse,

514 2679 617 2718 nec
646 2662 953 2729 immerito,
984 2662 1180 2730 lector,
1214 2678 1344 2716 cum
1375 2663 1444 2717 ad
1474 2663 1723 2718 diversos
1752 2665 1866 2717 illm
1892 2666 2137 2735 prophe-

513 2757 606 2809 tiae
654 2756 1030 2827 pertinerent,
1078 2762 1139 2810 ut
1181 2757 1414 2811 alterius
1452 2758 1768 2812 manifesta:
1810 2762 2019 2824 essent,
2055 2759 2139 2812 al-

517 2851 694 2904 terius
734 2850 987 2904 obscuraa
1024 2866 1240 2916 omnes,
1270 2851 1442 2904 nullae
1473 2852 1814 2919 manifestae,
1843 2869 1953 2923 quo
1978 2857 2142 2924 pacto

522 2949 732 3011 essent,
764 2943 821 2998 in
868 2960 933 2997 eo
979 2961 1129 3011 casu,
1170 2944 1425 2999 obscura:
1465 2963 1497 2999 a
1540 2946 1852 3000 manifestis
1890 2964 2141 3019 comprov

517 3038 764 3093 bandae?
790 3040 1020 3093 Poterat
1050 3038 1279 3108 quidem
1311 3056 1373 3093 ex
1402 3039 1461 3094 in
1489 3040 1643 3094 dubii
1666 3041 1966 3112 prophetae
1996 3044 2146 3096 testi-

2227 503 2467 572 poterat.
2501 498 2555 554 Si
2600 498 2783 553 bonus
2824 497 3024 551 fuisset
3067 495 3127 549 in
3163 492 3307 560 aliis,
3346 493 3513 547 malus
3552 493 3721 565 utique
3749 495 3794 549 in

2227 595 2339 649 hoc
2361 610 2478 648 esse
2503 609 2619 648 non
2640 591 2844 663 potuit.
2875 592 3009 660 Quae
3028 589 3177 644 forte
3201 588 3433 642 deerant
3456 588 3509 641 in
3535 587 3629 641 hoc
3650 604 3800 643 mem-

2227 689 2330 743 bro
2358 693 2700 760 argumenta
2732 685 2941 759 quibus
2969 681 3242 754 distingui
3271 683 3454 753 posset
3478 684 3713 735 utrumne
3740 683 3797 737 ad

2228 784 2508 838 bonorum
2540 786 2710 848 esset,
2762 797 2835 835 an
2880 779 3067 851 potius
3107 777 3386 832 malorum
3430 792 3641 829 censum
3676 776 3796 830 refe-

2228 879 2475 945 rendus;
2522 893 2589 931 ea
2620 879 2807 929 tamen
2852 875 2913 929 in
2952 872 3076 928 aliis
3119 871 3372 942 ejusdem
3420 870 3648 941 corporis
3670 887 3797 941 mys-

2228 973 2324 1028 tici
2348 970 2617 1027 membris
2650 987 2767 1025 non
2795 969 3055 1024 deerant.
3085 969 3165 1021 Ita
3192 966 3418 1020 tandem
3449 980 3509 1019 eo
3539 963 3797 1018 devenien-

2230 1068 2366 1122 dum
2396 1072 2515 1122 erat
2553 1071 2616 1121 ut
2651 1064 2844 1119 omnia
2886 1077 3243 1135 quaecunque
3281 1060 3514 1114 aliorum
3553 1058 3804 1113 membro-

2230 1178 2358 1217 rum
2413 1161 2581 1228 dona,
2636 1176 2739 1214 nec
2796 1159 2941 1212 dona
2995 1156 3185 1221 modo,
3234 1155 3333 1209 sed
3385 1160 3438 1207 et
3486 1157 3801 1224 argumenta,

2232 1256 2440 1327 quibus
2492 1256 2603 1309 hoc
2653 1253 2839 1325 ipsum
2885 1252 3099 1307 donum
3150 1251 3206 1303 in
3258 1249 3381 1303 aliis
3423 1247 3802 1318 comprobatum

2229 1351 2444 1419 fuerat;
2475 1366 2542 1404 ea
2571 1364 2794 1420 quoque
2824 1347 2895 1401 ad
2922 1346 3094 1417 hujus
3137 1344 3310 1399 etiam
3348 1342 3514 1397 {idem
3555 1341 3807 1395 referenda

2233 1446 2442 1513 essent,
2478 1446 2768 1513 utcunque
2798 1440 3048 1512 propriis
3078 1438 3279 1493 fuisset
3304 1435 3643 1508 argumentis
3667 1433 3806 1488 desti-

2230 1542 2419 1594 tutum
2432 1580 2444 1592 .

2304 1634 2335 1705 §
2391 1636 2477 1688 39.
2530 1662 2601 1673 —
2648 1632 2706 1685 Id
2754 1635 2948 1686 tamen
3001 1629 3179 1684 etiam
3229 1625 3583 1699 sequebatur,
3628 1622 3811 1678 nullum

2235 1745 2357 1783 esse
2386 1728 2585 1783 talium
2630 1726 2997 1780 obscurarum
3045 1722 3480 1795 prophetiarum
3516 1717 3617 1773 nisi
3654 1718 3707 1771 in
3741 1719 3815 1773 Ec-

2236 1823 2415 1877 clesiae
2449 1821 2663 1876 unitate
2697 1820 3051 1892 praesidium.
3084 1819 3153 1872 Ut
3197 1816 3353 1870 enim
3395 1814 3503 1868 illa:
3543 1829 3635 1867 suo
3672 1811 3816 1865 nomi-

2236 1933 2306 1971 ne
2355 1916 2495 1969 nihil
2542 1916 2772 1981 habent,
2814 1930 2927 1985 quo
2979 1910 3554 1976 commendarentur;
3606 1907 3694 1973 ita,
3729 1905 3818 1959 vio-

2237 2012 2348 2065 lata
2416 2010 2671 2077 unitate,
2729 2008 2875 2062 nihil
2939 2007 3008 2061 ad
3081 2021 3279 2060 earum
3344 2004 3515 2058 ﬁdem
3579 2000 3819 2055 faciebant

2239 2106 2555 2160 extrinseca
2607 2104 2750 2169 hmo,
2800 2119 2926 2173 quae
2983 2100 3120 2169 dixi,
3176 2100 3533 2170 argumenta.
3589 2095 3639 2150 Si
3680 2110 3817 2165 quem

2238 2199 2406 2254 alium
2437 2199 2781 2270 prophetam
2814 2201 3021 2251 testem
3062 2194 3439 2254 adhibuisset,
3472 2208 3542 2245 ne
3568 2190 3677 2260 ipse
3715 2187 3818 2258 qui-

2240 2296 2367 2349 dem
2422 2293 2613 2362 testis,
2669 2297 2826 2347 extra
2883 2290 3160 2344 unitatem
3222 2286 3544 2341 habebatur
3598 2283 3820 2337 idoneus.

2242 2389 2404 2453 Quod
2448 2404 2580 2442 vero
2626 2387 2873 2441 aliorum
2917 2385 3063 2439 dona
3106 2381 3697 2449 manifestationesque
3727 2375 3825 2429 atti-

2241 2486 2357 2547 net,
2400 2481 2545 2535 nihil
2590 2481 2683 2534 illa
2730 2481 2801 2534 ad
2842 2479 3183 2550 prophetam
3224 2481 3387 2530 extra
3433 2473 3693 2528 unitatem
3726 2469 3826 2523 atti-

2242 2578 2470 2632 nebant.
2511 2575 2657 2639 Quin
2699 2575 2908 2646 potius,
2938 2591 3003 2628 ea
3029 2572 3154 2643 ipsa
3191 2571 3419 2625 ratione
3448 2571 3688 2639 suspecta
3712 2566 3825 2632 erat,

2244 2688 2314 2727 ex
2357 2671 2445 2725 his
2490 2669 2806 2741 principiis,
2856 2667 3128 2740 qurelibet
3178 2670 3338 2720 extra
3389 2661 3685 2717 Ecclesiam
3724 2674 3829 2730 pro-

2245 2765 2460 2837 phetia,
2509 2780 2541 2818 a
2580 2764 2731 2817 bono
2778 2762 2979 2833 spiritu
3027 2778 3147 2815 esse
3192 2763 3505 2832 propterea
3547 2772 3653 2810 non
3699 2768 3828 2824 posse

2245 2860 2395 2932 quod
2442 2864 2586 2913 esset
2618 2864 2777 2911 extra
2809 2857 3105 2910 unitatem.
3148 2856 3288 2911 Cum
3321 2852 3479 2908 enim
3508 2853 3647 2906 Deus
3676 2845 3831 2902 media

2246 2952 2571 3010 conferendi
2606 2951 2838 3023 spiritus
2863 2950 3200 3005 instituisset
3226 2949 3600 3011 sacramenta,
3629 2943 3679 2997 id
3704 2941 3829 2995 illum

2247 3049 2489 3103 voluisse
2541 3064 2771 3101 necesse
2805 3050 2947 3112 erat,
2979 3044 3075 3116 qui
3106 3042 3292 3097 media
3325 3059 3360 3096 a
3388 3058 3448 3095 sc
3477 3039 3721 3094 instituta
3755 3034 3829 3089 ad-

517 3133 715 3187 monio
761 3132 966 3187 dubius
1023 3134 1435 3188 commendari.
1498 3136 1631 3187 Erat
1674 3140 1865 3190 tamen
1919 3141 1974 3190 et
2039 3136 2445 3243 aliaChibcre
2491 3137 2658 3203 nolit,
2714 3152 2846 3190 cum
2899 3151 3005 3189 nec
3049 3132 3353 3199 beneficia,
3396 3148 3499 3202 per
3545 3130 3637 3183 illa
3678 3124 3833 3181 media

624 3227 681 3243 εν
758 3227 795 3243 1-
897 3227 928 3243 .-
1367 3227 1377 3237 ·
1492 3227 1501 3237 -
1544 3228 1573 3243 ιι
1778 3230 1807 3243 ο.
1858 3233 1866 3243 .
2027 3230 2082 3243 .σ.
2284 3234 2298 3243 .
2329 3232 2361 3243 ..
2501 3232 2515 3243 ι
2861 3236 2869 3243 .
3132 3228 3188 3243 I1
3292 3226 3302 3236 -
3439 3226 3451 3243 ι
3504 3225 3625 3243 ',,-L
3707 3218 3829 3243 _--Il-

518 3227 801 3298 probandi
828 3227 971 3281 ratio
1013 3243 1045 3280 a
1087 3227 1380 3281 communi
1421 3227 1649 3298 spiritus
1692 3230 1909 3283 unitate
1950 3230 2144 3301 petita.

518 3324 604 3377 Ita
630 3321 784 3375 enim
822 3337 890 3375 ex
918 3320 1068 3374 illius
1099 3321 1201 3375 aevi
1230 3321 1523 3393 principiis
1548 3323 1710 3377 licuit
1735 3325 2146 3394 argumentari,

517 3414 617 3487 qui
645 3415 715 3469 ad
760 3431 941 3469 unam
974 3415 1355 3486 eamdemque
1401 3417 1862 3471 communionem
1903 3419 2151 3489 pertine-

517 3514 666 3577 rent,
710 3526 906 3563 eorum
936 3525 1115 3563 unum
1151 3526 1272 3564 esse
1307 3510 1591 3579 spiritum,
1620 3528 1684 3566 ex
1728 3512 1926 3566 iisdem
1968 3530 2148 3567 sacra-

519 3603 752 3673 mentis,
783 3603 983 3657 iisdem
1028 3602 1238 3657 scilicet
1276 3604 1481 3674 gratiae
1516 3604 1830 3673 canalibus,
1874 3606 2151 3677 ejusdem—

524 3714 635 3770 que
678 3698 918 3752 instituti
962 3697 1173 3752 virtute
1217 3696 1562 3754 derivatum.
1597 3700 1706 3754 Nec
1748 3716 1813 3754 ea
1854 3700 2154 3757 dumtaxat

527 3792 775 3864 generali
825 3791 1049 3846 ratione
1098 3791 1512 3848 concludebant
1571 3810 1751 3849 unum
1806 3811 1927 3849 esse
1983 3796 2153 3850 unius

525 3886 944 3942 communionis
993 3885 1281 3957 spiritum,
1328 3887 1483 3957 quod
1528 3888 1651 3959 pari
1689 3888 1906 3944 ratione
1958 3889 2156 3946 fuisset

525 3980 727 4036 iisdem
789 3981 1161 4035 sacramentis
1218 3981 1483 4049 collatus,
1535 3998 1664 4053 quae
1718 4000 1849 4037 cum
1900 3983 2156 4054 symbola

525 4080 717 4131 essent
763 4079 1053 4129 certorum
1097 4075 1472 4145 quorumdam
1522 4076 1913 4148 legaliumque
1966 4082 2158 4148 pacto-

530 4186 682 4235 rum,
717 4168 786 4222 de
815 4168 938 4239 ipso
971 4168 1066 4222 illo
1096 4168 1367 4223 nimirum
1410 4169 1610 4241 spiritu
1639 4171 2006 4240 conferendo,
2040 4189 2156 4227 non

531 4267 798 4334 poterant
854 4278 988 4315 sane
1045 4262 1186 4317 alios
1235 4262 1493 4333 obligare
1546 4281 1718 4335 quam
1768 4282 2012 4336 quorum
2060 4267 2158 4320 illa

535 4362 722 4412 essent
773 4356 1053 4427 symbola,
1108 4359 1170 4409 ut
1214 4373 1330 4411 non
1373 4358 1551 4427 possit
1591 4360 1772 4413 malus
1824 4360 2053 4431 spiritus
2102 4360 2157 4414 in

532 4450 793 4505 homines
838 4448 1110 4521 irrepere,
1144 4450 1252 4504 nisi
1296 4450 1392 4521 qui
1434 4452 1678 4506 vicissim
1714 4470 1843 4507 cum
1894 4471 1959 4508 eo
2011 4454 2160 4525 pacti

2249 3232 2554 3288 obtinenda
2612 3236 3073 3285 consecuturum.
3132 3228 3193 3281 ld
3247 3226 3307 3281 ni
3360 3225 3662 3292 voluisset,
3707 3218 3834 3274 nulla

2250 3328 2452 3383 fuisset
2482 3326 2807 3381 mediorum
2840 3322 3295 3378 adhibendorum
3327 3320 3622 3391 obligatio.
3650 3319 3833 3371 Etcum

2251 3424 2343 3477 illa
2391 3421 2578 3477 media
2637 3438 2669 3474 a
2719 3421 2834 3474 Deo
2890 3419 3151 3472 instituta
3204 3434 3323 3472 non
3384 3416 3495 3470 alia
3546 3416 3654 3468 sint
3700 3424 3834 3482 quam

2250 3517 2486 3571 unitatis
2539 3515 2793 3587 symbola
2842 3514 2919 3581 (in
2963 3530 3145 3568 unum
3194 3512 3349 3566 enim
3387 3525 3593 3581 corpus
3628 3504 3833 3577 baptiza-

2253 3628 2403 3679 mur,
2449 3612 2630 3681 deque
2666 3625 2784 3663 uno
2815 3608 2913 3662 illo
2955 3624 3104 3678 pane
3144 3605 3562 3677 participantes
3597 3603 3653 3656 in
3691 3612 3837 3654 unum

2254 3722 2457 3777 corpus
2501 3702 2916 3772 coalescimus),
2958 3702 3012 3756 id
3055 3701 3310 3755 innuisse
3356 3700 3584 3754 videtur
3628 3694 3759 3750 nolle
3796 3705 3838 3743 se

2256 3800 2379 3854 aliis
2419 3799 2684 3870 spiritum
2722 3814 2888 3852 suum
2920 3796 3182 3851 conferre
3223 3795 3335 3849 nisi
3385 3794 3442 3849 in
3486 3792 3697 3847 unitate
3738 3802 3839 3841 con-

2257 3892 2483 3948 stitutis.
2528 3895 2825 3963 Utcunque
2852 3891 2912 3945 id
2961 3892 3203 3958 certum,
3234 3889 3304 3944 de
3343 3888 3496 3943 facto
3532 3886 3679 3941 illam
3721 3879 3838 3937 obti-

2255 3988 2442 4043 nuisse
2482 3987 2635 4058 apud
2676 3989 2898 4040 veteres
2940 3984 3307 4052 sententiam,
3349 3999 3467 4037 non
3500 3982 3726 4036 aliorum
3750 3988 3841 4030 esse

2259 4081 2356 4137 Dei
2393 4081 2669 4152 Spiritum
2703 4097 2876 4152 quam
2918 4079 3236 4134 unitorum.
3266 4080 3345 4133 Ita
3381 4077 3440 4132 in
3481 4077 3592 4132 hoc
3632 4074 3740 4145 ipso
3762 4069 3838 4124 do-

2258 4193 2462 4231 norum
2490 4175 2872 4246 spiritualium
2920 4176 3263 4245 argumento
3294 4172 3572 4237 inferunt,
3613 4183 3733 4223 eum
3769 4160 3843 4234 qui

2258 4271 2318 4324 in
2347 4288 2463 4324 non
2492 4270 2668 4324 unitis
2695 4274 2954 4323 versatur
2981 4267 3249 4339 spiritum
3290 4283 3411 4322 non
3449 4281 3572 4321 esse
3602 4263 3749 4318 illum
3772 4253 3842 4311 Dei

2260 4364 2531 4435 Spiritum
2605 4364 2703 4435 qui
2771 4362 3006 4418 unitatis
3074 4368 3159 4417 est
3225 4362 3542 4416 vinculum.
3606 4356 3701 4413 Illa
3754 4352 3843 4423 ipsa

2261 4458 2476 4513 ratione
2544 4458 2873 4529 Apostolum
2944 4473 3114 4511 usum
3179 4454 3606 4510 observavimus
3675 4450 3728 4503 in
3780 4460 3843 4497 se-

537 4547 760 4613 essent;
790 4560 893 4597 nec
924 4560 1057 4599 vero
1078 4560 1205 4598 cum
1234 4544 1326 4599 illo
1353 4546 1558 4616 pacisci
1586 4546 1844 4601 homines
1871 4564 1974 4618 per
2004 4565 2156 4618 sym-
2178 4548 2238 4619 Ι)
2262 4552 2444 4607 cnnda
2495 4555 2688 4606 nostra
2740 4551 2811 4605 de
2860 4551 3166 4606 schismate
3210 4554 3371 4621 parte
3424 4546 3675 4603 nondum
3711 4539 3846 4596 edita.

535 4639 669 4694 bola
718 4656 749 4692 a
801 4638 950 4692 bono
1001 4638 1203 4708 spiritu
1250 4640 1591 4707 constituta;
1642 4641 1739 4694 sed
1792 4642 1946 4712 quod
1992 4642 2162 4697 etiam

537 4733 769 4803 spiritus
800 4731 986 4802 ipsum
1015 4737 1162 4786 esset
1189 4733 1421 4786 unitatis
1444 4733 1501 4787 in
1531 4734 1728 4788 eadem
1761 4736 2162 4791 communione

537 4826 850 4881 vinculum.
892 4828 961 4881 Ut
1000 4826 1179 4895 igitur
1220 4844 1287 4881 ex
1330 4826 1422 4880 illa
1459 4828 1723 4883 exteriori
1761 4830 2165 4885 communione

540 4926 660 4976 erat
690 4921 756 4974 de
788 4920 1011 4974 interna
1039 4920 1210 4974 etiam
1238 4923 1647 4977 communione
1678 4925 2163 4995 przesumendum,

538 5016 619 5070 ita
639 5015 813 5069 etiam
846 5013 1190 5085 sequebatur
1214 5015 1313 5085 qui
1345 5018 1679 5071 eorumdem
1703 5018 1944 5072 fuissent
1975 5035 2164 5073 sacra-

540 5112 868 5163 mentorum
914 5107 1234 5180 participes,
1276 5110 1451 5164 fuisse
1513 5112 1681 5166 etiam
1734 5112 1950 5184 pariter
2001 5113 2168 5167 unius

545 5202 914 5273 ejusdemque
958 5203 1188 5273 spiritus
1220 5205 1539 5276 participes.
1575 5207 1710 5260 Data
1754 5223 1889 5277 ergo
1932 5210 2166 5278 praeter-

541 5297 790 5351 naturali
817 5297 1002 5367 aliqua
1022 5298 1296 5369 motione,
1325 5316 1451 5371 quae
1477 5316 1583 5354 nec
1610 5318 1642 5354 a
1669 5317 1946 5373 corporeo
1975 5303 2168 5373 aliquo

548 5390 772 5458 aﬂ'ectu,
805 5407 909 5445 nec
948 5407 980 5444 a
1009 5393 1250 5445 naturali
1296 5393 1685 5448 enthusiasmo
1708 5396 1983 5466 proﬁcisci
2013 5400 2171 5467 pote-

546 5489 652 5551 rat,
678 5483 771 5537 sed
799 5486 945 5538 esset
969 5485 1135 5554 plane
1159 5486 1214 5539 in
1238 5487 1500 5556 spiritum
1526 5489 1773 5560 aliquem
1804 5491 2168 5561 conferenda;

544 5578 606 5632 id
649 5577 706 5633 in
760 5577 961 5648 primis
1007 5582 1445 5650 supponendum
1494 5588 1632 5647 erat,
1671 5601 1786 5639 non
1834 5586 2005 5639 alium
2052 5603 2171 5642 esse

542 5672 703 5728 illum
740 5670 1002 5741 spiritum
1043 5690 1216 5745 quam
1249 5675 1346 5746 qui
1390 5674 1447 5730 in
1482 5677 1711 5748 reliquis
1739 5679 1996 5749 ejusdem
2026 5697 2172 5734 com-

536 5766 833 5825 munionis
900 5770 1175 5824 membris
1241 5775 1593 5840 operaretur.
1662 5774 1741 5827 Ita
1818 5778 1970 5828 recte
2044 5775 2171 5846 quis

531 5875 595 5920 ex
623 5863 979 5933 reliquorum
1012 5862 1416 5925 membrorum
1449 5866 1879 5945 operationibus
1904 5868 2019 5927 sive
2049 5875 2176 5943 ἐνερ-

2269 4647 2639 4718 Baptismum,
2689 4662 2800 4718 quo
2853 4644 3098 4717 Spiritus
3156 4644 3472 4712 confertur,
3519 4633 3849 4712 regeneratio-

2264 4741 2352 4795 nis
2380 4742 2662 4795 lavacrum
2690 4739 3000 4811 appellant.
3040 4739 3240 4811 Ecquis
3268 4737 3495 4792 dubitet
3530 4734 3741 4790 nullum
3760 4740 3847 4783 esse

2268 4836 2324 4890 in
2363 4852 2478 4889 non
2530 4835 2742 4889 renatis
2788 4833 3095 4905 spiritualis
3136 4833 3265 4887 vitae
3308 4828 3692 4903 principium?
3736 4822 3849 4888 ὓιιίῐι

2268 4928 2611 4984 exorcismos
2642 4928 2996 5000 baptizandis
3021 4927 3372 4982 adhibebant
3414 4926 3585 4998 paulo
3622 4914 3850 4977 recentio—

2268 5041 2376 5091 res,
2422 5024 2476 5078 id
2514 5024 2682 5094 planc
2720 5039 2915 5077 rursus
2958 5023 3264 5077 innitentes
3302 5021 3364 5075 in
3406 5037 3523 5075 non
3571 5015 3731 5073 unitis
3773 5008 3851 5080 spi‘

2269 5118 2443 5173 ritum
2497 5135 2615 5173 esse
2657 5118 2823 5188 plane
2871 5116 3232 5171 diabolicum.
3272 5117 3401 5170 Haec
3443 5113 3657 5170 utinam
3698 5117 3850 5162 secum

2270 5213 2416 5267 serio
2454 5212 2818 5284 perpendant
2843 5212 2942 5283 qui
2978 5211 3148 5265 hodie
3189 5211 3266 5265 ita
3311 5209 3565 5264 sentiunt
3594 5200 3851 5273 magniﬁce

2271 5308 2340 5362 de
2373 5323 2474 5361 suo
2516 5312 2672 5361 extra
2708 5308 2985 5361 unitatem
3031 5305 3255 5377 spiritu.
3301 5305 3357 5359 id
3402 5303 3603 5357 saltem
3638 5294 3854 5351 viderent

2270 5417 2385 5455 non
2430 5418 2551 5454 esse
2597 5401 2754 5455 illam
2785 5416 2913 5455 cum
2961 5397 3248 5471 primaevis
3285 5396 3617 5453 Christianis
3656 5385 3856 5445 affinita-

2274 5498 2389 5549 tem
2428 5512 2605 5567 quam
2649 5499 2948 5566 tantopere
2972 5494 3189 5565 jactant
3222 5492 3649 5560 venditantque,
3675 5484 3728 5538 in
3763 5475 3855 5534 suis

2273 5590 2383 5644 illis
2411 5590 2477 5643 de
2507 5589 2706 5660 spiritu
2749 5589 3136 5660 prmtcxtibus.
3166 5588 3270 5652 Qui
3298 5587 3424 5641 aliis
3461 5587 3692 5639 utuntur
3714 5586 3853 5648 quam

2276 5701 2309 5737 a
2354 5686 2468 5738 Deo
2502 5684 2780 5739 institutis
2825 5683 3064 5755 Spiritus
3096 5680 3429 5737 conferendi
3464 5676 3679 5743 mediis,
3710 5670 3852 5724 alium

2273 5776 2380 5831 illis
2420 5794 2541 5832 esse
2580 5795 2751 5849 quam
2799 5777 3055 5832 divinum
3093 5776 3367 5849 Spiritum
3406 5774 3559 5845 justa
3601 5772 3681 5824 est
3711 5759 3853 5831 suspi-

2275 5872 2386 5942 cio,
2424 5872 2816 5929 deticientibus
2851 5872 3173 5947 praesertim
3216 5870 3344 5942 illis,
3387 5884 3516 5943 quae
3556 5863 3681 5933 dixi,
3718 5867 3851 5927 argu-
