4096 6186
246 281 388 334 1137

1430 277 1517 333 DE
1558 276 1931 335 VlSlONlBUS
1972 280 2437 339 PROPIIETICIS.

3478 294 3611 347 1138
3670 290 3671 299 “

240 406 454 463 mentis
502 404 612 478 ipsi
652 404 972 476 prophetiae
1018 404 1358 459 intrinsecis.
1405 405 1588 476 Atque
1630 406 1753 461 haec
1802 408 1874 462 de
1897 408 2029 492 Aid
2085 409 2240 463 enim
2297 410 2543 466 innuunt
2590 414 2709 485 ejus
2760 416 2928 471 verba
2978 416 3239 488 superius
3278 420 3591 492 exscripta,

238 507 504 559 veterum
552 501 990 572 prophetiavum
1040 500 1190 567 ﬁde;
1242 500 1301 555 in
1354 500 1556 570 quibus
1604 500 1746 555 nihil
1794 502 1874 555 vi-

244 598 353 653 deo
384 596 716 668 quod'athei
743 594 1007 650 hodierni
1028 595 1159 665 jure
1190 594 1405 665 possint
1436 595 1880 666 reprehendere.

318 694 471 764 §40.
512 722 581 731 ——
621 692 700 745 De
732 689 1043 745 visionibus
1085 692 1276 744 tamen
1318 689 1375 743 id
1408 689 1589 744 obiter
1619 690 1883 744 animad-

244 787 608 853 vertendum,
642 785 833 840 nescio
878 800 951 839 an
993 784 1063 839 ab
1110 784 1237 839 aliis
1272 784 1753 854 animadversum,
1788 786 1886 855 ju-

245 899 460 938 venum
504 880 628 935 illas
671 878 844 934 fuisse
888 879 1166 949 proprias.
1204 879 1268 934 Id
1307 895 1336 934 e
1377 879 1751 934 celeberrimo
1792 880 1887 934 illo

243 977 420 1033 Joelis
444 976 565 1031 loco
596 974 801 1044 colligo
827 990 840 1028 :
868 973 1277 1044 Prophetabunt
1302 974 1407 1043 ﬁlii
1435 978 1486 1028 et
1510 975 1637 1043 ﬁlia
1662 981 1883 1041 vestras;

245 1087 397 1128 senes
451 1071 621 1126 vestri
667 1070 872 1124 somnia
916 1068 1299 1131 somniabunt,
1357 1072 1406 1122 et
1456 1068 1677 1137 juvenes
1726 1071 1889 1124 vestri

242 1174 478 1228 visiones
522 1170 788 1225 videbunt
835 1168 990 1239 (Joel,
1039 1184 1110 1235 ιι,
1156 1167 1268 1237 28).
1310 1167 1481 1222 Plane
1528 1167 1759 1222 senibus
1808 1167 1886 1223 ita

252 1265 479 1320 somnia
506 1266 799 1335 aptantur,
840 1267 901 1316 ut
933 1261 1244 1332 juvenibus
1277 1260 1538 1316 visiones.
1566 1262 1887 1316 Vehemens

244 1360 527 1415 nimirum
572 1358 672 1412 illa
717 1358 1025 1411 humerum
1070 1355 1311 1427 agitatio
1346 1371 1464 1410 non
1510 1358 1636 1409 erat
1680 1355 1788 1409 nisi
1826 1356 1885 1409 in

244 1453 433 1510 aetatis
460 1453 662 1523 vigore
692 1450 1006 1506 toleranda.
1047 1450 1322 1505 Maximus
1353 1450 1507 1504 enim
1545 1450 1886 1504 imminebat

241 1549 303 1604 in
349 1547 659 1602 visionibus
697 1562 732 1600 a
767 1544 900 1599 visis
944 1550 1149 1611 terror,
1192 1560 1363 1615 quem
1402 1544 1726 1599 etiamnum
1766 1548 1887 1598 tan-

242 1648 370 1698 tum
412 1634 797 1711 experiuntur
825 1639 925 1710 qui
960 1654 1085 1693 rem
1122 1638 1335 1693 habent
1362 1654 1492 1693 cum
1521 1639 1882 1709 phantasma-

240 1736 419 1805 tibus,
452 1739 515 1789 ut
543 1733 757 1788 macies
802 1733 925 1787 illos
965 1738 1024 1788 et
1059 1732 1240 1804 pallor
1269 1736 1527 1803 occupet,
1559 1732 1884 1804 sensimque

1991 502 2208 572 Spiritu
2237 506 2430 558 sancto
2470 505 2715 576 impleri,
2748 516 3090 582 raptumque
3131 528 3165 565 a
3201 512 3476 583 sensibus,
3509 517 3607 586 qui

1989 598 2048 651 in
2080 597 2189 651 illis
2216 597 2472 653 Ecclesia:
2504 604 2703 656 contra
2735 604 3090 659 Montanistas
3128 606 3612 678 disputationibus

1989 692 2221 745 exstasis
2288 692 2624 763 appellatur.
2691 698 2759 750 Ut
2808 697 2980 767 igitur
3040 700 3322 770 Cypriano
3391 704 3611 758 somnia

1988 787 2090 841 sub
2128 786 2257 841 vita:
2307 787 2480 842 ﬁnem
2526 788 2746 859 objecta
2793 806 2912 844 esse
2964 792 3233 847 discimus
3275 810 3338 848 ex
3384 797 3607 863 Pontio,

1988 881 2067 937 ita
2110 881 2154 935 si
2203 880 2445 948 illarum,
2492 898 2738 953 quarum
2776 885 3060 955 meminit,
3095 888 3376 943 visionum
3405 891 3612 961 aliqua:

1987 976 2093 1045 ipsi
2136 976 2400 1031 revelatee
2444 976 2678 1044 fuerint,
2723 982 2994 1049 sequetur
3034 981 3199 1050 paulo
3237 988 3363 1052 post
3402 985 3610 1054 juven-

1990 1074 2191 1139 tutem,
2221 1074 2494 1141 vergente
2523 1072 2645 1142 jam
2685 1073 2744 1126 in
2784 1073 3007 1128 senium
3039 1077 3204 1129 aztate
3236 1092 3466 1146 passum
3493 1094 3612 1133 esse

1986 1170 2311 1236 provectam
2362 1165 2663 1235 attigisset,
2707 1168 2829 1221 fieri
2879 1167 2965 1222 vix
3011 1168 3196 1239 potuit
3240 1173 3302 1223 ut
3345 1187 3461 1225 non
3506 1172 3612 1242 ipsi

1987 1260 2136 1331 quod
2171 1264 2255 1315 est
2288 1277 2422 1314 sane
2451 1260 2947 1316 verisimillimum.
2982 1262 3036 1318 Si
3066 1263 3221 1317 enim
3253 1269 3613 1320 senectutem

1986 1357 2311 1426 provectam
2354 1355 2650 1425 attigisset,
2684 1355 2807 1409 ﬁeri
2851 1357 3039 1426 potuit
3075 1364 3140 1411 ut
3175 1375 3291 1412 non
3330 1357 3439 1430 ipsi
3474 1361 3613 1414 Ter-

1987 1449 2219 1503 tulliano
2252 1449 2583 1515 innotuerit,
2626 1466 2757 1504 cum
2794 1454 2989 1504 tamen
3030 1467 3317 1522 nusquam
3357 1453 3613 1524 legamus

1985 1542 2095 1597 nisi
2123 1542 2180 1597 in
2211 1542 2367 1597 libris
2398 1544 2515 1613 ejus
2544 1543 2719 1598 fuisse
2746 1548 3054 1599 versatum.

2057 1636 2087 1707 §
2129 1638 2215 1692 41.
2248 1669 2313 1676 —-
2352 1638 2548 1692 Fateor
2580 1638 2845 1709 equidem
2882 1639 3052 1695 fuisse
3090 1639 3262 1694 etiam
3307 1642 3475 1695 aetate
3513 1642 3612 1712 Cy-

1986 1730 2195 1801 p’riani,
2233 1731 2331 1802 qui
2368 1732 2586 1787 somnia
2623 1732 2981 1804 visionesque
3021 1733 3265 1788 ludibrio
3309 1734 3607 1790 haberent.

242 1832 306 1886 in
359 1790 784 1884 vitiosissimam
843 1790 1095 1899 corporis
1142 1790 1541 1881 habitudinem
1590 1790 1873 1898 conjiciat.
1905 1790 1961 1863 Β
1986 1790 2095 1880 Sed
2139 1790 2333 1895 quales
2371 1824 2608 1880 fuissent
2642 1825 2743 1894 illi,
2786 1790 2978 1897 prodit
3016 1827 3135 1897 ipse
3172 1827 3230 1881 in
3263 1827 3502 1897 epistola
3540 1830 3611 1884 ad

242 1923 477 1979 Accedit
549 1934 773 1997 κατοχῆς
847 1922 1028 1993 ipsius
1104 1920 1511 1976 violentissima
1583 1921 1879 1988 distortio,

239 2024 438 2077 vultus
475 2027 622 2087 trux,
663 2020 809 2075 oculi
850 2019 1136 2086 ardentes,
1168 2036 1270 2073 ora
1311 2018 1657 2089 spumantia,
1696 2020 1879 2090 palpi-

243 2115 498 2171 tantium
548 2118 845 2186 pectorum
896 2113 1263 2184 gravissimus
1315 2112 1618 2168 anhelitus.
1672 2115 1757 2167 Ita
1823 2129 1881 2167 se

241 2210 481 2282 quidem
519 2209 721 2263 habuit
755 2207 813 2262 in
849 2208 1108 2277 gentium
1151 2207 1461 2278 prophetis,
1495 2211 1560 2262 ut
1599 2207 1882 2277 tripodem

240 2303 588 2358 invitissima
650 2302 946 2357 accesserit
1007 2302 1157 2373 apud
1209 2302 1498 2355 Lucanum
1550 2300 1770 2372 Pythia,
1824 2306 1882 2355 et

240 2398 540 2453 nonnullae
587 2396 804 2452 fuerint
844 2397 965 2467 ipsa
1007 2395 1330 2467 agitationis
1368 2395 1633 2450 violentia
1673 2395 1883 2449 extinc-

242 2496 338 2548 tae.
369 2494 454 2547 lta
480 2492 635 2547 enim
667 2495 923 2547 Lucanus
956 2492 1086 2561 (Bel.
1117 2494 1243 2557 ciu,
1277 2490 1375 2544 lib.
1410 2506 1464 2557 v,
1492 2506 1543 2543 υ.
1580 2492 1696 2558 116)
1731 2507 1743 2543 :

428 2595 555 2642 Nam
585 2589 628 2639 si
656 2604 757 2653 qua
784 2590 913 2639 deus
940 2589 1035 2638 sub
1064 2591 1281 2651 pectora
1313 2587 1473 2647 venit,

367 2663 604 2715 Numinis
636 2666 724 2711 aut
754 2675 910 2726 paena
938 2664 1015 2710 est
1040 2675 1181 2710 mors
1205 2660 1481 2709 immatura
1508 2660 1725 2722 recepti,

368 2739 471 2787 Aut
497 2735 724 2798 pretium
755 2748 767 2781 :
795 2734 989 2796 quippe
1021 2732 1231 2781 stimulo
1258 2732 1521 2793 ﬂuctuque
1552 2730 1740 2779 furoris

369 2812 658 2872 Compages
685 2806 911 2856 humana
938 2807 1099 2865 labat,
1127 2806 1408 2869 pulsusque
1442 2804 1660 2853 deorum

375 2880 686 2931 Concutiunt
712 2878 921 2941 fragiles
948 2878 1161 2926 animas.

318 2973 387 3026 Et
413 2971 666 3025 Valerius
685 2967 960 3024 Maximus
982 2967 1053 3021 de
1080 2966 1351 3036 Delphico
1380 2965 1642 3019 oraculo:
1671 2984 1698 3015 «
1721 2963 1882 3019 Unde

242 3068 307 3120 ut
368 3067 540 3119 certae
602 3061 1029 3117 consulentibus
1083 3062 1261 3115 sortes
1316 3065 1606 3130 petuntur,
1659 3059 1740 3113 ita
1792 3059 1879 3112 ni-

1983 1918 2327 1974 Florentium
2368 1919 2705 1990 Pupianum.
2749 1940 2776 1969 «
2815 1921 3170 1992 Quanquam,
3196 1921 3385 1993 inquit
3416 1922 3603 1993 (epist.

1983 2016 2071 2085 69)
2110 2013 2279 2067 sciam
2324 2014 2549 2067 somnia
2579 2012 2815 2068 ridicula
2856 2018 2911 2069 et
2950 2014 3192 2069 visiones
3230 2016 3451 2087 ineptas
3492 2016 3609 2087 qui-

1980 2107 2217 2161 busdam
2251 2107 2447 2173 vidcri,
2478 2107 2575 2161 sed
2622 2107 2820 2178 utique
2864 2108 2973 2162 illis
3013 2108 3109 2180 qui
3150 2110 3375 2163 malunt
3410 2115 3610 2165 contra

1984 2200 2307 2256 sacerdotes
2337 2202 2570 2257 credere
2602 2218 2779 2271 quam
2810 2202 3106 2258 sacerdoti.
3143 2223 3170 2252 »
3208 2204 3381 2258 Plane
3422 2204 3612 2258 innuit
3668 2190 3680 2199 ’

1984 2296 2082 2366 qui
2137 2296 2213 2349 ita
2280 2295 2624 2361 sensissent,
2677 2296 2860 2349 alieno
2940 2296 3112 2350 fuisse
3177 2297 3238 2350 in
3296 2298 3608 2353 Ecclesiam

1982 2390 2195 2443 animo.
2239 2388 2401 2451 Quod
2449 2392 2639 2442 autem
2690 2390 2827 2443 tales
2870 2389 2950 2443 ita
2996 2390 3291 2458 sentirent,
3330 2408 3444 2446 non
3487 2396 3611 2447 erat

1985 2483 2177 2553 utique
2208 2483 2553 2536 mirandum.
2589 2484 2833 2536 Fuerunt
2869 2483 3023 2537 enim
3063 2483 3168 2554 ipsi
3210 2485 3330 2539 fere
3365 2487 3611 2557 prophe-

1983 2577 2077 2629 tia:
2143 2576 2337 2642 coaevi,
2406 2575 2464 2629 id
2526 2576 2828 2630 hominum
2892 2594 3068 2647 genus
3120 2594 3262 2648 quos
3324 2580 3610 2649 Scriptura

1982 2659 2122 2739 Πηῃὸ
2179 2670 2456 2740 appellat,
2513 2670 2610 2739 qui
2674 2671 2826 2741 quod
2890 2673 3247 2742 argumentis
3310 2689 3609 2744 nunquam

1982 2770 2262 2824 coniicere
2317 2771 2642 2840 potuerunt,
2699 2768 2755 2823 id
2809 2770 2923 2823 risu
2976 2772 3171 2824 tamen
3214 2775 3384 2842 atquc
3431 2773 3606 2842 jocis,

1984 2863 2388 2918 scommatibus
2424 2866 2595 2932 atquc
2637 2862 2885 2918 dicteriis
2922 2866 3267 2919 conarentur
3292 2869 3355 2920 ut
3384 2866 3610 2936 religio-

1983 2978 2118 3016 nem
2167 2962 2411 3015 ludibrio
2475 2968 2839 3031 exponerent.
2897 2963 2963 3016 Et
3014 2979 3145 3018 vero
3200 2962 3258 3017 in
3313 2965 3608 3035 prophetis

1985 3062 2172 3127 gestus
2214 3058 2379 3109 erant
2422 3056 2492 3108 ab
2533 3071 2637 3109 usu
2677 3056 2977 3110 hominum
3021 3058 3311 3112 communi
3351 3058 3610 3113 nonnihil

243 3160 401 3215 mins
459 3158 635 3213 divini
678 3156 919 3228 Spiritus
965 3156 1200 3210 haustus
1248 3153 1619 3208 reddentibus
1657 3152 1963 3233 pestifero
1988 3149 2175 3217 alieni,
2204 3166 2345 3220 quos
2376 3148 2537 3203 facile
2580 3154 2699 3204 erat
2736 3150 2984 3204 ridiculis
3022 3151 3351 3207 hominibus
3392 3169 3607 3223 reprm-

243 3253 464 3310 exsistit
506 3252 626 3321 (lib.
682 3268 719 3318 ι,
770 3267 819 3305 c.
871 3251 925 3317 8,
975 3253 1200 3319 Ecemp.
1254 3252 1403 3304 Rom.
1460 3250 1565 3316 l0).
1600 3268 1627 3296 ››
1684 3249 1874 3316 Longe

242 3347 515 3419 equidem
552 3345 856 3401 violentior
908 3349 1029 3398 erat
1068 3342 1719 3414 pseudo-prophetarum
1772 3358 1873 3394 cn-

246 3440 768 3510 thusiastarumque
800 3442 1008 3504 motus,
1037 3439 1102 3491 ut
1128 3437 1235 3490 hoc
1267 3436 1388 3505 ipso
1420 3433 1683 3490 catholici
1714 3450 1875 3488 veros

241 3554 275 3591 a
323 3533 794 3589 Montanistarum
837 3531 953 3586 illis
998 3528 1437 3600 distinguendos
1483 3544 1604 3583 esse
1650 3543 1879 3581 censue-

244 3630 383 3684 rint.
434 3628 593 3682 Nulla
636 3630 759 3681 erat
806 3626 863 3680 in
908 3625 1053 3680 veris
1096 3623 1386 3695 prophetis
1430 3622 1670 3691 insania,
1722 3622 1879 3675 nulla

244 3733 477 3796 κατοχῆς
502 3722 600 3776 illa
627 3724 749 3775 tam
784 3720 1094 3774 vehemens
1132 3716 1384 3787 jactatio.
1418 3715 1532 3771 Sibi
1576 3715 1709 3786 ipsis
1741 3731 1875 3768 con-

244 3821 474 3876 stabant
513 3819 716 3890 potius,
762 3817 1072 3888 prudentes
1116 3815 1469 3885 scientesque
1514 3815 1879 3885 praedicenda

246 3913 632 3987 proferebant.
676 3913 809 3966 Erat
854 3918 1046 3965 tamen
1088 3909 1338 3963 visorum
1384 3914 1569 3963 terror
1606 3909 1878 3963 humanae

248 4012 470 4064 naturae
519 4005 811 4077 fragilitati
864 4003 1091 4059 difﬁcile
1148 4003 1441 4057 ferendus.
1504 4006 1730 4058 Horruit
1778 4004 1883 4056 Da-

248 4104 385 4158 nieli
420 4103 646 4171 spiritus
677 4100 859 4169 (Dum,
901 4115 997 4165 vn,
1032 4098 1148 4167 15);
1191 4098 1455 4167 collapsus
1493 4101 1570 4151 est
1598 4099 1655 4150 in
1686 4103 1883 4151 terram

247 4199 387 4268 (vui,
445 4196 566 4264 l9);
629 4209 733 4248 non
797 4195 1055 4248 remansit
1108 4194 1167 4245 in
1223 4207 1279 4246 eo
1333 4190 1619 4257 fortitudo,
1684 4192 1777 4245 sed
1834 4197 1882 4244 et

245 4292 449 4361 species
505 4288 618 4358 ejus
671 4290 958 4341 immutata
1004 4291 1079 4340 est
1129 4287 1189 4339 in
1234 4300 1310 4346 eo,
1360 4288 1410 4338 et
1457 4286 1740 4349 emarcuit,
1790 4299 1884 4337 nec

247 4386 443 4439 habuit
485 4384 776 4452 quicquam
820 4383 1019 4434 virium
1065 4380 1144 4450 (χ,
1186 4378 1260 4449 8);
1300 4378 1479 4447 jacm't
1520 4382 1884 4431 consternat-us

247 4495 412 4549 super
440 4479 634 4545 faciem
659 4490 814 4529 suam
836 4479 887 4529 et
911 4476 1095 4528 vultus
1120 4474 1230 4540 ejus
1256 4473 1491 4527 haerebat
1521 4476 1675 4525 terra
1700 4472 1882 4540 (1bid.,

1977 3248 2195 3298 sentare
2244 3249 2513 3313 tanquam
2562 3259 2711 3313 ipsos
2753 3244 2920 3298 etiam
2963 3245 3246 3300 ridiculos.
3288 3247 3595 3317 Josephum

1981 3340 2177 3393 fratres
2215 3337 2623 3392 somniatorem
2656 3338 3013 3407 appellarunt
3042 3341 3215 3409 (Gem,
3248 3357 3459 3406 xxxv”,
3491 3340 3600 3407 19),

1980 3432 2128 3503 quod
2168 3432 2288 3502 ipse
2334 3447 2562 3501 quoque
2605 3431 2928 3486 observaret
2971 3432 3304 3503 Cyprianus.
3348 3434 3598 3505 Prophe-

1984 3531 2099 3580 tam
2124 3526 2284 3580 illum
2316 3524 2412 3595 qui
2442 3524 2511 3577 ab
2542 3524 2740 3579 Elismo
2768 3526 2973 3580 missus
2997 3526 3141 3580 .lehu
3167 3544 3412 3598 regnum
3440 3530 3613 3583 Israe-

1980 3621 2194 3674 liticum
2236 3618 2608 3690 promiserat,
2655 3619 2926 3674 insanum
2974 3625 3245 3675 vocarunt
3288 3621 3608 3693 principes,

1984 3715 2276 3781 exercitus,
2316 3730 2420 3768 nec
2458 3718 2653 3768 tamen
2692 3714 2985 3769 oraculum
3028 3715 3099 3768 ab
3146 3731 3213 3769 eo
3258 3714 3476 3769 editum
3518 3732 3611 3770 ne-

1983 3810 2297 3881 glexerunt.
2338 3810 2418 3861 lta
2448 3825 2618 3879 quem
2661 3809 2889 3862 nomine
2929 3813 3094 3862 tenus
3125 3809 3386 3863 insanum
3422 3826 3609 3863 vocas-

1982 3907 2122 3969 sent,
2154 3902 2300 3956 serio
2330 3904 2523 3956 tamen
2555 3917 2660 3972 pro
2691 3902 2889 3955 insano
2918 3900 3252 3971 neutiquam
3280 3901 3609 3955 habendum

1985 3998 2279 4052 duxerant.
2304 3996 2369 4047 Et
2394 3995 2723 4064 frequentes
2749 3994 2860 4047 illa:
2883 3994 3235 4063 temporibus
3263 3994 3433 4048 etiam
3467 4011 3606 4065 apo-

1985 4089 2193 4144 stolicis
2236 4087 2469 4141 cautelae
2500 4087 2567 4141 de
2608 4103 2724 4140 non
2766 4087 3196 4141 contemnendis
3240 4087 3609 4158 exstinguen-

1985 4184 2136 4237 disve
2168 4180 2504 4253 prophetiis,
2544 4181 2598 4235 id
2644 4181 2778 4234 satis
2822 4181 3089 4248 innuunt,
3125 4197 3294 4251 quam
3341 4182 3612 4252 proclives

1985 4279 2173 4332 essent
2196 4276 2264 4330 ad
2292 4275 2347 4328 id
2374 4275 2701 4329 faciendum
2731 4274 2994 4328 homines
3017 4275 3084 4329 de
3112 4291 3226 4345 quo
3253 4276 3417 4329 toties
3449 4282 3614 4331 erant

1986 4371 2306 4425 necessario
2342 4368 2631 4423 monendi.
2663 4370 2775 4423 Nec
2817 4374 2937 4422 erat
2968 4384 3101 4423 sane
3134 4368 3285 4423 aliud
3328 4369 3434 4423 illis
3463 4374 3610 4423 tem-

1988 4465 2218 4536 poribus
2256 4463 2694 4534 exspcctandum
2734 4462 2940 4533 quibus
2970 4463 3109 4517 adeo
3142 4465 3331 4517 essent
3362 4464 3613 4534 prophe-

253 4531 546 4642 tt)‘:'st'etit
594 4574 819 4623 tremens
870 4568 1055 4639 (Ibid.,
1108 4531 1215 4635 li);
1266 4568 1325 4620 in
1368 4568 1570 4620 visione
1614 4531 2059 4620 di'ssolzttzeDtin
2106 4531 2371 4611 cervicosi
2422 4562 2593 4627 atque
2650 4531 2863 4610 ordinis
2908 4556 3115 4627 publici
3162 4531 3608 4626 perturbatores,

248 4672 379 4723 sunt
418 4678 698 4734 compages
727 4661 864 4731 ejus,
909 4666 959 4715 et
997 4661 1137 4713 nihil
1178 4662 1233 4713 in
1271 4675 1327 4713 eo
1368 4662 1627 4713 remansit
1664 4661 1882 4727 uirium,

249 4761 348 4817 sed
366 4767 417 4815 et
446 4758 658 4813 habitus
684 4756 800 4824 ejus
822 4756 1140 4810 interclusus
1173 4759 1249 4807 est
1277 4753 1458 4821 (Ibz‘d.,
1487 4752 1593 4821 l7).
1620 4754 1727 4807 Nec
1748 4752 1886 4806 alius

252 4870 433 4926 quam
480 4850 708 4905 visionis
746 4849 1094 4920 prophetiae
1136 4851 1319 4901 terror
1358 4847 1416 4900 in
1457 4846 1594 4899 Jobo
1643 4848 1780 4917 (Job,
1813 4863 1884 4913 1v,

264 4951 352 5015 l3,
386 4946 475 5016 14)
511 4942 867 5010 describitur,
906 4942 1047 4996 etin
1083 4940 1401 4994 Abrahamo
1437 4940 1613 5009 (Gen.,
1655 4957 1743 5006 xv,
1780 4941 1884 5007 l2).

252 5042 381 5095 Non
447 5041 533 5093 est
596 5038 789 5109 itaque
851 5035 1007 5107 quod
1066 5035 1347 5087 miremur
1406 5033 1715 5103 juvenibus
1768 5034 1887 5087 hanc

252 5150 431 5207 quam
484 5132 719 5187 senibus
767 5130 932 5185 fuisse
978 5127 1382 5183 tolerabiliora.
1431 5127 1673 5182 Proinde
1716 5128 1887 5181 etiam

256 5227 418 5299 apud
458 5226 715 5282 ethnicos
761 5224 1005 5280 Tiresias
1044 5223 1319 5294 jnvenum
1360 5237 1479 5275 esse
1528 5230 1753 5295 κατοχὴν
1794 5222 1889 5277 do-

252 5334 366 5384 cet.
413 5329 495 5382 lta
539 5327 693 5381 enim
740 5325 893 5397 apud
935 5326 1212 5381 Senecam
1254 5322 1345 5377 ille
1386 5324 1621 5393 ((Edip.,
1657 5339 1707 5390 v,
1746 5325 1832 5389 29)
1871 5340 1885 5378 :

659 5424 707 5474 Si
743 5424 874 5475 foret
900 5424 1079 5473 viridis
1108 5421 1318 5472 mihi....

443 5494 754 5560 Calidusque
783 5496 1016 5560 sanguis,
1046 5497 1257 5558 pectore
1288 5495 1588 5542 excuterem
1620 5491 1791 5541 deum.

252 5586 569 5658 Cyprianus
621 5592 814 5641 noster
864 5602 995 5640 cum
1052 5584 1401 5638 distinxisset
1457 5583 1701 5638 visiones
1752 5599 1887 5637 noc-

252 5688 472 5749 turnas,
518 5697 645 5753 quin
696 5685 830 5735 sunt
872 5680 942 5734 ad
992 5694 1193 5734 senum
1244 5678 1432 5749 potius
1477 5679 1699 5733 somnia
1746 5678 1891 5732 refe-

256 5775 463 5841 renda,
504 5792 538 5829 a
580 5775 801 5830 diurnis
852 5773 1183 5845 prophetiis,
1239 5773 1531 5828 innocenti
1579 5789 1891 5843 puerorum

266 5868 424 5925 aetati
467 5867 631 5925 hasce
672 5868 869 5926 tribuit
906 5869 1089 5940 (epist.
1140 5868 1225 5941 lO)
1271 5885 1281 5923 :
1330 5890 1556 5941 κατοχην
1592 5866 1890 5935 nimirum,

1987 4669 2113 4706 cum
2170 4652 2336 4705 simul
2386 4651 2576 4721 plures
2631 4651 3018 4721 loquerentur,
3067 4666 3195 4702 cum
3244 4650 3615 4720 pI‘OpllellSStl‘,

1990 4748 2043 4800 in
2089 4746 2325 4799 coetibus
2371 4746 2644 4810 virorum,
2679 4743 2954 4813 capitibus
3001 4742 3173 4796 etiam
3220 4742 3612 4813 discoopertis,

1990 4844 2196 4911 praeter
2255 4856 2415 4893 sexus
2472 4838 2854 4903 modestiam,
2920 4837 3427 4906 concinnarcntur;
3484 4854 3613 4891 cum

1990 4935 2137 4988 dona
2167 4951 2265 4987 sua
2303 4932 2421 4986 sine
2462 4931 2613 4986 omni
2659 4930 3042 4985 mdilicationis
3086 4930 3463 5002 utilitatisque
3499 4948 3613 4986 res-

1989 5033 2155 5099 pectu
2188 5027 2425 5081 ederent
2454 5026 2767 5096 prophetm,
2799 5030 3120 5096 essentque,
3159 5042 3229 5080 ne
3262 5025 3317 5078 in
3356 5026 3613 5080 futurum

1990 5122 2065 5174 ita
2109 5120 2375 5191 deinceps
2417 5121 2691 5181 facerent,
2734 5119 3128 5187 ecclesiastica,
3175 5119 3407 5174 tandem
3459 5119 3621 5175 disci-

1990 5216 2147 5286 plina
2198 5214 2512 5269 coercendi.
2570 5215 2745 5267 Eraut
2808 5213 3071 5284 equidem
3134 5214 3256 5268 hinc
3322 5214 3618 5286 prophetis

1990 5309 2147 5381 ipsis,
2179 5326 2294 5362 non
2324 5308 2485 5362 donis
2521 5323 2722 5362 eorum
2754 5307 3123 5378 propheticis,
3154 5308 3291 5363 vitio
3321 5309 3616 5363 vertenda.

1990 5406 2171 5468 Quem
2220 5402 2376 5457 enim
2426 5402 2753 5456 habuerunt
2808 5401 3108 5471 spiritum,
3168 5402 3453 5473 subjectus
3509 5402 3618 5456 illis

1994 5515 2115 5552 esse
2143 5497 2366 5566 dicitur,
2403 5513 2473 5551 ne
2511 5496 2662 5550 illius
2700 5496 2919 5566 impetu
2949 5496 3070 5549 haec
3104 5496 3227 5550 ﬁeri
3268 5497 3613 5551 dicerentur.

1994 5592 2334 5663 Experimur
2373 5597 2564 5645 tamen
2611 5589 2803 5658 hodie,
2850 5589 2911 5643 in
2954 5589 3124 5644 simili
3172 5590 3620 5645 adversariorum

1996 5701 2226 5757 genere,
2276 5700 2450 5756 quam
2494 5684 2654 5739 facile
2703 5683 3111 5738 officiariorum
3160 5686 3516 5753 contemptus
3559 5681 3618 5734 in

1995 5782 2390 5851 contemptum
2427 5780 2679 5833 vertatur
2705 5777 2877 5833 oflicii
2903 5797 2919 5848 ;
2955 5794 3123 5850 quam
3158 5777 3320 5831 facile
3349 5774 3620 5845 avideque

1996 5874 2272 5931 minutias
2306 5874 2448 5944 illas,
2482 5874 2526 5929 si
2565 5891 2691 5946 qua:
2735 5873 2868 5929 alibi
2907 5875 3114 5944 praeter
3137 5869 3291 5941 vulgi
3317 5868 3617 5941 Opiniones
