4082 6194
248 339 378 393 1141

1403 335 1490 389 DE
1526 331 1983 388 PRESBYTERIS
2010 333 2452 390 DOCTORIBUS.

3464 335 3596 389 1142

244 460 498 518 Meminit
545 457 717 513 variis
768 457 828 512 in
865 456 1005 512 locis
1053 459 1310 523 Hermas,
1371 456 1471 511 lib.
1524 473 1563 523 ι,
1616 455 1715 509 vis.
1769 460 1798 510 3
1860 472 1872 510 :
1899 455 2153 540 Aphani
2187 457 2572 524 antecesserit,
2600 458 3184 529 persecutionemque
3229 473 3298 512 ea
3324 456 3615 511 occasione

247 577 276 606 ιι
320 554 555 626 Lapides
586 552 822 625 quidem
852 552 933 606 illi
971 551 1228 623 quadrati
1266 554 1321 605 et
1361 550 1495 620 albi,
1529 551 1876 605 convenien-

247 654 337 705 tes
366 649 427 702 in
466 646 870 712 commissuris,
908 643 948 699 ii
978 649 1112 700 sunt
1135 644 1402 717 apostoli,
1432 648 1488 700 et
1518 644 1789 716 episcopi,
1822 647 1881 698 et

248 745 539 811 doctores,
591 746 647 796 et
702 740 984 809 ministri,
1039 740 1136 811 qui
1188 738 1430 810 ingressi
1478 742 1613 793 sunt
1664 739 1726 793 in
1773 739 1879 793 cle-

248 836 469 892 mentia
517 835 617 889 Dei
661 841 717 889 et
763 834 1148 905 episcopatum
1196 838 1509 904 gesserunt,
1566 837 1623 888 et
1669 833 1875 888 docue-

246 937 404 999 runt,
452 933 507 984 et
548 928 1030 983 ministraverunt.
1059 932 1246 983 sancte
1290 933 1347 982 et
1384 926 1644 982 modeste
1689 927 1880 982 electis

250 1025 349 1080 Dei
374 1024 474 1096 qui
503 1022 859 1077 dormierunt
897 1022 1108 1094 quique
1148 1022 1336 1076 adhuc
1374 1025 1526 1089 sunt,
1570 1024 1627 1076 et
1656 1036 1881 1092 semper

248 1135 384 1174 cum
425 1117 535 1171 illis
579 1120 972 1171 convenerunt
1012 1120 1070 1170 et
1114 1117 1175 1170 in
1213 1132 1273 1169 se
1318 1131 1514 1186 pacem
1554 1114 1882 1172 habuerunt

248 1219 304 1267 et
331 1228 392 1267 se
420 1211 666 1266 invicem
700 1209 1028 1264 audierunt.
1066 1231 1092 1259 ››
1129 1208 1333 1264 Mirum
1375 1214 1460 1263 est
1503 1209 1654 1281 quod
1700 1209 1807 1264 hoc
1848 1226 1878 1264 e

250 1308 375 1362 loco
425 1305 612 1361 eliciat
664 1303 1023 1371 Blondellus,
1074 1304 1300 1358 eosdem
1356 1302 1530 1357 fuisse
1584 1303 1880 1375 episcopos

251 1406 421 1471 atque
472 1400 763 1464 doctores;
806 1398 967 1468 quasi
1013 1413 1146 1451 vero
1186 1397 1358 1453 verba
1398 1398 1512 1467 illa,
1558 1402 1615 1452 et
1663 1400 1879 1469 episco-

250 1498 455 1566 patum
504 1495 823 1564 gesserunt,
867 1491 941 1545 ad
990 1492 1241 1546 doctores
1291 1491 1594 1547 referenda
1649 1492 1779 1560 sint,
1822 1497 1880 1546 et

249 1606 366 1643 non
408 1590 561 1658 ipsos
607 1587 796 1657 potius
840 1586 938 1656 qui
986 1585 1158 1639 etiam
1208 1591 1618 1657 praecesserant
1670 1586 1880 1657 episco-

241 1698 384 1754 pos;
416 1681 739 1752 praesertim
780 1696 912 1734 eum
958 1684 1256 1733 occurrant
1303 1680 1516 1735 ibidem
1557 1681 1729 1735 verba
1757 1681 1874 1751 illa,

247 1782 306 1831 et
344 1776 681 1839 docuerunt,
728 1790 855 1845 quae
907 1773 1234 1828 doctoribus
1282 1773 1594 1845 aptissimae
1638 1790 1874 1847 respon-

242 1871 443 1925 deant.
478 1869 670 1922 Fuisse
702 1839 967 1939 equidem
1006 1868 1113 1921 hoc
1146 1868 1296 1921 dono
1319 1839 1630 1923 instructos
1654 1839 1873 1940 episco-
1896 1839 1952 1911 B

241 1980 352 2035 pos
376 1968 441 2017 ut
470 1962 807 2034 plurimum,
844 1965 930 2017 est
955 1978 1088 2015 sane
1123 1961 1599 2017 verisimillimum
1645 1968 1876 2034 propter

241 2060 600 2129 praeceptum
662 2055 948 2127 Apostoli,
1008 2072 1122 2126 quo
1185 2057 1517 2127 episcopum
1570 2058 1694 2111 vult
1758 2074 1875 2113 esse

242 2151 563 2220 διδακτικόν,
599 2153 621 2205 I
649 2151 816 2219 Tim.,
846 2166 926 2216 ιιι,
956 2153 1018 2218 2;
1054 2152 1097 2205 ll
1126 2150 1298 2217 Tim.,
1330 2167 1385 2218 ιι,
1424 2153 1511 2219 24,
1540 2155 1708 2223 atque
1734 2152 1876 2207 adeo

246 2268 277 2306 e
311 2250 657 2322 presbyteris
691 2250 848 2304 illum
876 2250 1163 2321 praecipue
1204 2251 1272 2305 ad
1313 2253 1667 2323 episcopatus
1696 2253 1876 2308 hono-

242 2361 374 2400 rem
402 2360 522 2399 esse
559 2349 885 2415 provectum
930 2360 1097 2415 quem
1140 2361 1208 2398 eo
1252 2346 1403 2400 dono
1444 2347 1735 2401 constabat
1760 2363 1877 2402 esse

243 2439 579 2510 praeditum.
612 2441 684 2492 At
720 2438 1187 2509 presbyterorum
1217 2440 1391 2493 etiam
1434 2440 1732 2494 doctorum
1754 2441 1879 2511 jam

250 2533 522 2604 exempla
566 2532 832 2602 vidimus,
868 2538 927 2586 ut
964 2532 1205 2603 proinde
1244 2549 1469 2588 necesse
1507 2551 1621 2588 non
1668 2535 1740 2588 sit
1781 2535 1880 2605 qui

252 2627 448 2682 doctor
474 2627 662 2694 fuerit,
711 2643 842 2680 eum
878 2626 997 2680 fore
1044 2627 1216 2680 etiam
1258 2628 1605 2699 episcopum.
1655 2629 1882 2683 Frustra

253 2737 391 2775 vero
434 2738 535 2775 nos
578 2721 645 2774 ad
696 2719 823 2775 illos
872 2726 1130 2774 auctores
1175 2722 1350 2775 refert
1393 2722 1733 2792 Blondellus,
1783 2723 1882 2794 qui

252 2818 379 2886 post
408 2815 751 2869 exstinctum
788 2814 846 2869 in
885 2815 1130 2868 Ecclesia
1168 2815 1493 2870 doctoratus
1523 2816 1737 2870 donum
1774 2818 1877 2871 ilo-

254 2914 516 2963 ruerunt.
592 2909 698 2963 Sed
770 2908 842 2962 ad
907 2910 1177 2963 Hermam
1250 2915 1511 2964 nostrum
1581 2911 1883 2965 redeamus

250 3003 414 3059 ldem
470 3019 685 3071 rursus,
737 3003 830 3057 lib.
878 3018 946 3071 Il,
1013 3003 1198 3057 ltland.
1250 3004 1282 3057 4
1330 3020 1341 3057 :
1387 3024 1414 3051 «
1474 3004 1654 3059 Etiam
1708 3021 1881 3071 nunc,

257 3098 512 3165 Domine,
542 3096 734 3151 audivi
760 3114 795 3151 a
835 3097 1176 3169 quibusdam
1224 3097 1565 3164 doctoribus,
1596 3099 1747 3169 quod
1776 3099 1887 3153 alia

253 3190 588 3262 poenitentia
614 3208 730 3246 non
768 3197 871 3257 est,
906 3195 1013 3245 etc.
1046 3214 1073 3240 ››
1098 3191 1218 3245 Lib.
1254 3208 1332 3258 ιιι,
1358 3192 1541 3246 Simil.
1573 3196 1641 3246 9:
1675 3213 1701 3241 ί(
1732 3193 1881 3257 Qua-
1905 3208 1959 3281 ρ

256 3287 525 3356 draginta
567 3301 700 3339 vero
746 3285 986 3354 apostoli
1031 3287 1087 3338 et
1135 3285 1393 3339 doctores
1438 3290 1573 3339 sunt
1616 3287 1887 3357 praedica-

254 3380 433 3433 tionis
474 3379 599 3433 Filii
630 3380 747 3435 Dei.
778 3403 806 3429 »
851 3381 1054 3433 Postea
1087 3395 1099 3433 :
1139 3402 1163 3428 ιι
1194 3380 1261 3433 Et
1291 3378 1436 3433 dixit
1467 3396 1478 3432 :
1511 3381 1789 3443 Quoniam
1829 3381 1887 3435 hi

253 3474 498 3544 apostoli
561 3479 617 3527 et
676 3473 936 3527 doctores
1001 3474 1095 3543 qui
1154 3473 1605 3544 praedicaverunt
1677 3491 1888 3529 nomen

257 3567 383 3623 Filii
428 3566 545 3634 Dei,
590 3583 717 3620 eum
756 3567 1039 3622 habentes
1086 3568 1255 3621 fidem
1306 3568 1427 3639 ejus
1464 3574 1518 3622 et
1550 3574 1890 3639 potestatem

255 3661 512 3715 defuncti
559 3665 747 3714 essent
785 3662 1239 3731 praedicaverunt
1282 3663 1368 3715 his
1413 3662 1508 3733 qui
1566 3669 1696 3717 ante
1739 3664 1891 3717 obie-

254 3761 412 3809 runt.
446 3776 473 3804 η
510 3756 721 3809 lterum
768 3771 780 3808 :
815 3776 841 3804 ‹‹
880 3756 955 3808 De
1001 3759 1199 3811 octavo
1240 3772 1371 3811 vero
1413 3761 1629 3823 monte,
1672 3758 1729 3811 in
1777 3774 1889 3828 quo

254 3848 491 3921 plurimi
531 3852 694 3902 erant
725 3849 908 3902 fontes
938 3850 996 3902 in
1037 3849 1242 3920 quibus
1292 3850 1689 3921 adaquabatur
1721 3868 1891 3906 omne

258 3959 440 4014 genus
495 3945 774 3997 creaturae
831 3943 950 4008 Dei,
1002 3944 1143 3998 tales
1193 3948 1324 3998 sunt
1374 3944 1470 4015 qui
1526 3944 1895 4000 crediderunt

255 4036 547 4107 apostolis,
611 4053 752 4108 quos
808 4036 965 4090 misit
1013 4037 1283 4091 Dominus
1331 4038 1390 4091 in
1444 4041 1624 4092 totum
1690 4039 1891 4095 orbem

255 4131 565 4202 praedicare
614 4148 625 4184 :
665 4135 724 4185 et
763 4130 1001 4201 quidam
1046 4132 1305 4186 doctores
1352 4133 1449 4203 qui
1492 4137 1645 4187 caste
1691 4138 1749 4188 et
1786 4135 1893 4188 sin-

258 4242 389 4280 cere
417 4224 868 4296 praedicaverunt
898 4228 954 4279 et
996 4225 1332 4292 docuerunt,
1363 4229 1470 4280 etc.
1501 4249 1528 4276 ››
1566 4228 1641 4281 Ex
1687 4229 1894 4299 quibus

259 4319 531 4375 omnibus
563 4319 618 4373 id
645 4319 817 4374 etiam
848 4319 1250 4389 intelligimus,
1283 4336 1547 4390 quaenam
1592 4322 1687 4376 illa
1727 4321 1895 4376 fuerit

258 4414 519 4469 doctrina
564 4413 717 4467 unde
745 4414 1041 4468 doctorum
1069 4430 1281 4468 nomen
1311 4413 1655 4482 habuerunt,
1687 4432 1894 4469 munus

254 4508 402 4562 illud
448 4506 815 4579 praedicandi,
865 4510 925 4560 ut
964 4499 1218 4578 loquitur
1261 4509 1516 4576 Hermas,
1563 4513 1893 4581 tantamque

257 4603 430 4657 etiam
471 4601 640 4656 fuisse
680 4617 880 4656 eorum
916 4601 1286 4672 dignitatem,
1319 4606 1379 4655 ut
1426 4619 1555 4656 eum
1602 4603 1973 4675 apostolis,D

257 4701 325 4750 ut
352 4695 686 4767 plurimum,
713 4696 1155 4767 conjungantur.

333 4792 455 4861 §2.
492 4790 875 4861 —Frequeus
925 4790 1098 4844 etiam
1147 4792 1394 4845 occurrit
1444 4791 1651 4845 horum
1704 4792 1895 4845 docto-

260 4902 393 4939 rum
432 4886 491 4939 in
532 4885 709 4938 sacris
754 4884 981 4938 Litteris
1022 4884 1287 4940 mentio:
1328 4888 1448 4939 Aet.
1492 4901 1645 4953 xxm,
1676 4891 1725 4956 1,
1761 4903 1893 4957 pro-

260 4980 565 5052 phetarum
599 4984 654 5033 et
686 4979 1021 5047 doctorum;
1052 4980 1070 5031 l
1102 4980 1230 5033 Cor.
1279 4996 1372 5047 xu,
1416 4980 1564 5049 prim
1590 4997 1621 5035 o
1667 4985 1894 5051 aposto-

260 5076 491 5141 lorum,
544 5073 793 5128 secundo
848 5074 1302 5144 prephetarum,
1370 5074 1539 5128 tertio
1599 5075 1897 5129 doctorum

264 5171 399 5222 ante
455 5168 564 5222 alia
619 5167 865 5237 Spiritus
934 5167 1380 5221 extraordinaria
1454 5176 1783 5246 χαρίσματα,
1846 5186 1896 5222 v.

262 5268 353 5334 28,
399 5268 502 5333 20;
557 5264 696 5335 Eph.
729 5281 806 5332 ιγ,
876 5281 934 5332 ιι,
993 5266 1415 5337 apostolorum,
1463 5266 1897 5337 prophetarum,

265 5358 770 5429 evangelistarum,
806 5365 1092 5429 pastorum
1113 5363 1169 5414 et
1197 5360 1527 5414 doctorum.
1564 5360 1903 5413 Inseruntur

262 5453 355 5508 hic
387 5452 757 5523 evangelista:
800 5458 854 5508 et
894 5458 1186 5525 pastores;
1231 5455 1382 5508 dona
1428 5455 1493 5508 N.
1540 5454 1601 5508 Τ.
1648 5453 1900 5525 propria,

265 5564 373 5601 nec
421 5563 454 5599 a
502 5548 868 5616 Pentecoste,
913 5564 1026 5618 quo
1076 5552 1336 5620 tempore
1390 5546 1632 5618 Spiritus
1694 5548 1906 5603 effusus

268 5648 371 5709 est,
402 5640 757 5695 deducenda.
790 5641 1162 5711 Evangelistan
1192 5640 1342 5695 enim
1390 5657 1455 5696 eo
1500 5647 1762 5713 tempore
1800 5659 1904 5697 ne-

270 5735 500 5790 cessarii
530 5739 696 5789 erant
723 5752 835 5806 quo
866 5735 1235 5804 Evangelium
1274 5735 1343 5789 ad
1386 5738 1604 5792 exteros
1646 5735 1906 5791 derivan-

274 5832 411 5886 durn
448 5835 590 5898 erat,
623 5830 773 5901 quod
814 5828 1005 5883 nescio
1036 5846 1104 5882 an
1134 5831 1264 5883 ante
1305 5831 1553 5887 Cornelii
1604 5830 1909 5885 historiam

300 5925 593 5996 outigeril,
642 5924 767 5979 ﬁeri
810 5928 964 5978 certe
1014 5923 1099 5978 vix
1145 5926 1333 5996 potest
1382 5930 1444 5981 ut
1492 5930 1743 5981 mortem
1792 5925 1914 5980 Ste-

1979 551 2295 606 excitatam.
2368 553 2664 607 Pastorum
2740 570 2951 607 munus
3018 558 3154 607 tunc
3226 550 3611 607 necessarium

1980 648 2119 713 erat,
2153 661 2285 700 cum
2317 645 2579 700 Ecclesiae.
2606 647 2982 717 eleemosyna:
3026 649 3189 701 erant
3231 645 3293 700 in
3333 660 3613 716 pauperes

1982 739 2410 796 distribuendae.
2445 741 2540 795 Est
2571 740 2727 794 enim
2766 756 2832 793 ea
2874 741 2996 812 ipsa
3033 740 3353 796 distributio
3388 746 3612 815 ποιμαί-

1980 860 2101 907 νειν,
2133 840 2151 893 1
2182 841 2323 907 Pet.,
2349 855 2401 907 v,
2435 841 2487 905 2,
2513 838 2672 907 juxta
2709 854 2777 892 ea
2802 854 2930 908 quae
2966 854 3139 908 supra
3180 836 3608 908 disputavimus.

1980 938 2063 990 Ita
2093 936 2192 991 fiet
2222 941 2285 989 ut
2309 936 2590 990 donorum
2617 934 2987 1005 originalium
3014 935 3303 1006 proximus
3328 937 3455 1005 post
3481 951 3612 1006 pro-

1979 1030 2183 1102 phetas
2230 1031 2385 1084 locus
2428 1030 2502 1083 sit
2546 1028 2870 1084 doctoribus
2925 1028 3325 1100 assignandus.
3372 1032 3448 1084 Ex
3491 1029 3614 1098 ipsa

1981 1124 2132 1179 enim
2162 1140 2449 1196 synagoga
2489 1122 2807 1178 derivatum
2849 1129 2934 1177 est
2975 1123 3049 1177 ad
3092 1121 3397 1177 Ecclesiam
3440 1123 3612 1192 hujus

1979 1218 2235 1274 muneris
2263 1217 2608 1288 exemplum.
2640 1216 2931 1288 Siquidem
2958 1217 3041 1272 illi
3070 1232 3303 1289 quoque
3331 1220 3494 1271 erant
3524 1216 3613 1270 sui

1981 1312 2227 1368 Rabbini
2280 1316 2593 1388 καθηγηταὶ,
2662 1319 2948 1377 συζητηταί
3016 1322 3106 1368 τοῦ
3163 1315 3341 1375 αἰῶνος
3395 1316 3610 1383 τούτου,

1980 1411 2209 1479 Scribae,
2240 1419 2454 1487 νομικοὶ,
2507 1408 2939 1486 νομοδιδάσκαλοι
2985 1410 3095 1481 (his
3141 1411 3298 1464 enim
3348 1407 3617 1463 omnibus

1980 1509 2156 1563 titulis
2200 1508 2605 1579 iusigniuntur)
2662 1508 2760 1579 qui
2816 1512 2873 1562 et
2926 1508 3229 1564 διδάσκαλοι
3279 1505 3614 1576 simpliciter

1978 1607 2359 1680 appellantur,
2406 1608 2538 1662 Luc.
2585 1625 2645 1680 ιι,
2688 1609 2775 1661 46.
2822 1606 3014 1661 Fuisse
3061 1606 3233 1660 etiam
3275 1604 3425 1674 apud
3463 1605 3614 1674 ipsos

1979 1719 2192 1757 munus
2236 1702 2547 1757 admodum
2589 1701 2964 1755 honorificum
3008 1701 3230 1754 constat
3268 1715 3297 1751 e
3341 1700 3505 1751 Rom.
3548 1714 3608 1763 ιι,

1979 1799 2067 1864 18,
2113 1800 2198 1866 19,
2246 1800 2332 1865 20,
2382 1801 2469 1852 2t.
2520 1798 2588 1851 Ut
2638 1811 2862 1850 necesse
2910 1799 3058 1848 esset
3104 1791 3377 1848 Salvatori
3427 1790 3499 1845 de
3544 1807 3610 1845 eo

1978 1891 2283 1963 discipulos
2312 1908 2443 1947 suos
2472 1905 2731 1957 monere,
2756 1906 2830 1944 ne
2855 1889 3016 1943 illum
3044 1888 3274 1942 titulum
3303 1884 3609 1939 ambirent.

1978 1987 2165 2051 Quam
2208 1990 2424 2054 tamen,
2456 2001 2573 2039 una
2611 2000 2741 2039 cum
2782 1983 2987 2052 oflicio,
3020 1979 3391 2036 ambitionem
3436 1978 3612 2034 etiam

1976 2082 2309 2142 Christianis
2339 2082 2635 2153 irrepsisse
2660 2081 2904 2152 suspicio
2934 2082 3039 2147 est,
3069 2080 3124 2134 S.
3153 2076 3343 2146 Jacob,
3373 2091 3452 2143 ιιι,
3484 2078 3534 2129 l.

2049 2197 2159 2269 §3.
2200 2226 2268 2237 -ο
2307 2198 2376 2251 Ut
2416 2199 2605 2249 autem
2658 2193 2854 2248 omnia
2899 2190 3161 2248 Ecclesiae
3208 2206 3450 2244 munera
3492 2187 3611 2261 pri-

1978 2291 2087 2345 mis
2139 2289 2246 2344 illis
2292 2289 2609 2361 originibus
2654 2286 3103 2343 extraordinario
3151 2285 3392 2356 Spiritus
3433 2283 3614 2338 sancti

1982 2385 2191 2439 auxilio
2218 2383 2616 2439 administrata
2648 2386 2812 2450 sunt;
2862 2381 3013 2435 idem
3047 2383 3102 2435 et
3144 2378 3201 2433 in
3241 2379 3351 2433 hoc
3389 2394 3617 2450 quoque

1979 2496 2222 2534 munere
2266 2478 2566 2549 contigisse
2613 2480 2831 2531 eertum
2882 2479 2982 2530 est.
3033 2474 3095 2529 Id
3146 2473 3333 2528 innuit
3376 2472 3615 2527 verbum

1980 2574 2131 2630 ἔδωκε
2163 2572 2366 2642 Ephes.
2412 2587 2487 2637 1v,
2537 2573 2633 2636 tl;
2685 2568 3052 2623 referendum
3104 2567 3256 2623 enim
3307 2566 3380 2620 ad
3430 2566 3617 2619 locum

1982 2673 2127 2726 Psal.
2191 2686 2370 2739 ωιγιιι,
2424 2671 2511 2737 19,
2561 2685 2611 2721 v.
2664 2670 2716 2738 8,
2762 2667 3058 2722 laudatum
3108 2686 3121 2721 :

2151 2772 2451 2846 ἀνθρώποις.
2524 2766 2669 2821 Sunt
2741 2782 2879 2836 ergo
2952 2764 3121 2820 etiam
3192 2765 3446 2819 doctores
3507 2763 3618 2817 illis

1984 2870 2202 2944 δώμασιν
2256 2864 2613 2919 acecnsendi.
2663 2864 2906 2918 Proinde
2941 2863 3093 2916 inter
3136 2862 3376 2934 Spiritus
3424 2886 3617 2941 χαρισ-

1983 2991 2125 3045 ματα
2196 2966 2471 3019 habemus
2546 2963 2907 3032 διδασκαλίαν,
2988 2963 3153 3016 Bom.
3232 2978 3328 3028 xu,
3405 2964 3468 3029 6,
3546 2966 3613 3029 7;

1984 3074 2288 3147 προφητείαν
2337 3067 2392 3118 et
2444 3064 2690 3137 διδαχὴν.
2748 3064 2767 3117 Ι
2818 3062 2941 3116 Cor.
2983 3077 3095 3131 XIV,
3144 3077 3197 3116 v.
3244 3063 3295 3128 6,
3340 3060 3408 3114 ad
3456 3076 3614 3115 eam-

1986 3167 2117 3221 dem
2139 3166 2307 3235 plane
2335 3163 2581 3217 formam
2604 3179 2715 3233 qua
2741 3176 2911 3231 supra
2937 3160 3208 3232 conjungi
3229 3160 3471 3214 vidimus
3496 3183 3620 3237 προ-

1986 3268 2146 3343 φήτας
2230 3268 2399 3335 atque
2476 3262 2833 3325 διδασκάλους.
2931 3262 3145 3315 Rursus
3229 3259 3402 3326 ibid.,
3473 3258 3623 3316 διδα-

1987 3374 2112 3439 χὴν,
2166 3380 2216 3417 v.
2262 3366 2351 3417 26.
2396 3362 2509 3416 Nec
2554 3360 2726 3414 aliam
2772 3359 2941 3414 fuisse
2986 3358 3280 3412 doctorum
3321 3357 3620 3412 Africano-

1989 3480 2116 3519 rum
2163 3461 2440 3516 rationem
2480 3459 2789 3537 ostendunt
2832 3459 2924 3512 illa
2966 3474 3091 3528 quae
3132 3457 3390 3527 superius
3419 3473 3449 3512 e
3488 3458 3620 3512 Ter-

1990 3557 2227 3612 tulliano
2256 3553 2624 3626 produximus
2655 3553 2978 3623 (Praescrz'pt.
3004 3569 3052 3607 c.
3081 3554 3186 3622 lli);
3214 3551 3420 3622 quibus
3449 3552 3619 3623 quem

1990 3653 2279 3707 doctorem
2333 3649 2601 3720 appellat,
2654 3647 2923 3701 eumdem
2974 3646 3154 3717 gratia
3207 3645 3460 3700 scientiae
3520 3645 3622 3700 do-

1989 3752 2187 3801 natum
2252 3760 2372 3798 esse
2427 3742 2583 3796 dicit.
2630 3741 3000 3795 Probavimus
3047 3740 3201 3794 enim
3250 3739 3413 3794 istius
3468 3740 3622 3794 modi

1990 3835 2229 3907 Spiritus
2291 3842 2600 3909 χαρίσματα
2656 3832 2729 3885 ad
2794 3830 3061 3901 Cypriani
3126 3828 3304 3883 nostri
3365 3833 3625 3899 tempora

1991 3932 2397 4005 permansisse.
2441 3932 2643 3983 Fateor
2681 3927 2947 3997 equidem
2992 3926 3090 3979 illa
3131 3928 3295 3979 aetate
3338 3924 3624 3978 donorum

1992 4020 2582 4077 extraordinariorum
2614 4032 2780 4069 usum
2826 4014 2883 4068 in
2929 4014 3350 4068 ordinariorum
3392 4030 3624 4084 quoque

1992 4128 2298 4168 munerum
2343 4108 2828 4165 administratione
2874 4104 3063 4159 fuisse.
3104 4103 3214 4159 Sed
3255 4120 3385 4158 vero
3413 4120 3625 4157 munus

1992 4203 2102 4257 hoc
2152 4201 2454 4255 doctorum
2512 4214 2625 4251 non
2686 4195 2876 4250 minus
2939 4193 3107 4248 fuisse
3175 4208 3350 4263 quam
3410 4193 3626 4247 donum

1992 4292 2181 4362 ipsum
2227 4288 2501 4343 doctrinae
2551 4284 3087 4350 extraordinarium,
3129 4282 3261 4336 inde
3304 4282 3628 4354 colligimus

1994 4380 2149 4451 quod
2213 4376 2605 4433 deficientibus
2679 4374 3005 4445 hujusmodi
3083 4372 3276 4439 donis,
3354 4371 3626 4442 paulatim

1995 4470 2184 4539 ipsum
2235 4481 2457 4537 quoque
2526 4480 2731 4517 munus
2784 4464 2842 4515 in
2904 4460 3340 4515 desuetudinem
3405 4459 3628 4514 abierit.

1997 4559 2159 4612 Nulla
2201 4556 2351 4611 enim
2400 4554 2524 4625 ejus
2571 4551 2817 4606 occurrit
2860 4550 2921 4603 in
2966 4550 3346 4621 posteriorum
3392 4549 3627 4603 saeculo-

1998 4665 2125 4702 rum
2157 4644 2471 4699 canonibus
2502 4642 2736 4696 mentio.
2767 4641 2878 4693 Nec
2921 4638 3092 4693 etiam
3126 4639 3285 4694 ullibi
3316 4655 3445 4692 cum
3481 4637 3633 4691 ordi-

1995 4740 2171 4795 nariis
2204 4737 2475 4810 episcopi,
2507 4732 2823 4806 presbyteri
2869 4735 2968 4786 aut
3008 4731 3227 4785 diaconi
3267 4730 3466 4785 ofﬁciis
3494 4746 3629 4785 con-

1991 4830 2255 4901 jungitur
2282 4828 2337 4881 in
2370 4829 2432 4881 Ν.
2462 4826 2545 4891 Τ.,
2582 4823 2678 4877 sed
2708 4837 2837 4876 cum
2868 4820 3334 4876 extraordinariis
3362 4819 3472 4874 illis
3499 4836 3633 4891 apo-

2000 4919 2303 4982 stolorum,
2363 4913 2819 4985 prophetarum,
2886 4910 3437 4981 miraeulorumque,
3506 4925 3634 4979 quae

1991 5007 2214 5079 jamdiu
2248 5004 2518 5059 defecisse
2555 5018 2753 5057 omnes
2791 5001 3153 5054 conﬁtentur.
3186 5000 3294 5053 Nec
3324 5000 3635 5069 suppetunt

2000 5095 2259 5152 l’ntribus
2324 5098 2499 5164 quart
2577 5090 2766 5145 saeculi
2843 5092 2897 5143 et
2960 5088 3229 5159 deinceps
3296 5087 3367 5141 de
3433 5101 3634 5140 eorum

2003 5184 2189 5240 cilicio
2232 5184 2385 5254 quod
2426 5179 2676 5235 scribant
2706 5182 2762 5232 et
2806 5179 2891 5232 sui
2945 5178 3134 5232 saeculi
3179 5175 3416 5248 receptis
3456 5174 3635 5231 mori-

2000 5276 2105 5330 bus
2152 5275 2235 5327 vel
2289 5270 2526 5327 evanida
2578 5269 2832 5339 vestigia,
2885 5269 2981 5322 sed
3031 5268 3269 5339 perinde
3316 5284 3380 5321 ac
3434 5283 3556 5334 nos,
3606 5282 3636 5319 e

2002 5365 2159 5418 textu
2202 5363 2384 5416 solum
2430 5364 2799 5429 veterumque
2839 5359 3058 5428 scriptis
3104 5358 3510 5428 conjectantur.
3542 5357 3634 5410 Vi-

2005 5454 2176 5508 deant
2203 5452 2375 5523 igitur
2404 5451 2605 5505 fratres
2648 5447 3099 5519 Independentes
3139 5464 3253 5519 qua
3283 5447 3506 5502 ratione
3533 5447 3637 5500 hoc

2008 5547 2257 5603 ofﬁcium
2288 5544 2740 5600 continuandum
2773 5546 3064 5603 censeant,
3100 5559 3229 5597 cum
3269 5546 3466 5596 tamen
3493 5541 3640 5595 dona

2008 5644 2120 5711 illa,
2150 5641 2353 5713 quibus
2382 5640 2642 5696 innixum
2672 5638 3059 5709 probavimus,
3089 5654 3196 5692 nec
3231 5636 3338 5708 ipsi
3366 5632 3639 5689 defecisse

2010 5735 2355 5790 inticieutur.

2083 5832 2112 5901 ξ
2163 5830 2215 5884 4.
2266 5861 2335 5870 -
2387 5829 2967 5886 Animadvertendum
3020 5831 3333 5898 praeterea,
3384 5835 3515 5877 cum
3578 5821 3649 5875 de

2011 5924 2355 5995 presbyteris
2398 5924 2722 5984 doctoribus
2770 5921 3035 5982 meminit
3082 5922 3426 5992 Cyprianus,
3468 5913 3531 5968 id
3590 5915 3665 5975 si—

3174 2667 3361 2722 Ἔόωκε
3415 2665 3617 2741 δὸματα

1982 2783 2085 2833 τοῖς
