4082 6194
516 267 657 325 1143

519 397 641 452 mul
677 396 937 464 innuero,
966 394 1139 451 fuisse
1184 395 1379 467 utique
1414 395 1559 451 alios
1595 413 1625 452 e
1655 396 2010 468 presbyterio
2042 412 2143 468 qui

516 508 633 546 non
658 491 902 547 fuissent
938 491 1219 546 doctores.
1250 491 1363 545 Nec
1402 490 1557 546 enim
1583 507 1724 561 opus
1750 497 1870 545 erat
1896 497 1957 545 ut
1982 507 2142 561 pres-

515 584 748 657 byteros
820 585 1077 640 doctores
1148 584 1218 639 ab
1292 585 1565 656 episcopis
1638 584 1834 640 itidem
1902 585 2144 640 doctori-

515 678 626 733 bus
671 684 1012 742 secerneret,
1056 679 1180 750 ipse
1222 680 1320 750 qui
1357 680 1478 734 hinc
1512 679 1783 734 scriberet
1826 679 2139 750 episcopus.

512 773 630 829 Nec
658 772 846 828 locum
893 773 1183 828 habebant
1218 772 1318 828 alii
1342 773 1400 827 in
1444 789 1643 829 eorum
1679 773 2014 844 probatione
2043 773 2143 843 qui

514 864 579 920 in
632 866 848 920 clerum
894 867 1271 939 promovendi
1324 873 1531 934 essent,
1586 884 1758 938 quam
1802 867 2139 938 presbyteri.

518 959 676 1016 Idem
707 960 965 1031 Saturus,
1009 978 1141 1017 cum
1180 963 1475 1034 Aspasium
1516 962 1910 1032 presbyterum
1942 962 2139 1016 docto-

514 1069 638 1109 rem
669 1056 940 1127 appellat.
980 1056 1124 1112 Cum
1159 1056 1335 1127 igitur
1374 1056 1612 1111 docendi
1655 1055 1795 1110 illud
1840 1073 2047 1110 munus
2075 1073 2141 1110 ex

516 1148 729 1204 Herma
768 1149 923 1205 idem
961 1150 1134 1205 fuisse
1173 1150 1562 1218 didicerimus,
1594 1150 1742 1221 quod
1772 1150 2139 1221 praedicandi,

516 1242 688 1313 plane
714 1244 988 1314 sequitur,
1027 1260 1139 1298 non
1169 1245 1427 1299 omnium
1456 1244 1630 1298 fuisse
1654 1244 2139 1315 presbyterorum,

513 1340 579 1390 ut
626 1336 687 1391 in
736 1337 980 1393 Ecclesia
1029 1338 1520 1406 concionarentur,
1571 1338 1786 1393 nedum
1833 1339 1911 1392 ita
1966 1338 2140 1392 fuisse

517 1430 703 1485 ofﬁcio
725 1431 1095 1503 presbyterali
1122 1432 1435 1499 essentiale,
1457 1448 1631 1503 quam
1651 1434 1855 1502 putant
1879 1430 2141 1485 hodierni

516 1524 886 1593 schismatici,
913 1530 978 1581 ut
1002 1526 1098 1597 qui
1137 1526 1279 1580 illud
1316 1543 1526 1580 munus
1567 1542 1681 1579 non
1720 1524 2066 1601 prmstiterit,
2094 1524 2141 1578 is

519 1632 591 1671 ne
619 1635 723 1689 pro
759 1619 1089 1690 presbytero
1128 1618 1426 1675 habendus
1464 1619 1537 1674 sit
1574 1619 1824 1690 quidem.
1858 1620 1969 1673 Nec
2008 1634 2141 1673 vero

515 1712 903 1768 recentiorum
931 1714 1271 1769 saeculorum
1308 1714 1363 1768 id
1395 1712 1574 1768 errori
1602 1712 1971 1766 tribuendum
1999 1716 2137 1766 erat.

1517 268 1723 328 HENR.
1754 269 2113 326 DODWELLI
2161 267 2464 324 DISSERT.
2498 269 2811 326 CYPBIAN.
2846 270 2911 326 II.

3704 282 3818 338 lt“

2241 409 2592 465 quemquam
2647 396 2719 450 ad
2772 395 3174 463 sobrietatem,
3229 399 3289 452 et
3351 396 3633 473 unicuique
3690 406 3811 465 sicut

2243 490 2389 543 Deus
2429 488 2616 543 divisit
2658 505 2994 544 mensuram
3034 490 3189 557 fidei,
3233 507 3284 544 v.
3320 494 3381 560 3;
3419 499 3561 549 certe
3595 500 3812 568 quodam

2245 582 2479 636 consilio
2506 583 2582 637 ita
2621 583 2976 638 distribuisse
3016 585 3218 651 Deum,
3248 589 3312 639 ut
3348 602 3510 642 nemo
3549 589 3685 645 dona
3708 610 3819 649 om-

2243 676 2338 729 nia
2383 676 2503 747 ipse
2547 677 2774 745 habeat,
2815 678 2961 732 alter
3000 684 3191 733 autem
3236 682 3301 733 ut
3341 679 3564 735 alterius
3604 685 3820 742 defectus

2244 770 2526 840 suppleat,
2577 771 2805 841 sintque
2850 772 2927 825 ita
2970 771 3076 826 sibi
3125 771 3371 827 invicem
3420 790 3606 832 omnes
3655 788 3821 838 mutuo

2245 864 2564 930 necessarii,
2604 870 2669 918 ut
2708 881 2820 918 non
2878 865 2952 919 sit
2989 881 3215 924 scmsua
3254 868 3313 921 in
3358 884 3583 938 corpore
3630 872 3667 939 (Ι
3702 876 3819 943 σωκ,

2242 972 2339 1024 xu,
2376 959 2460 1024 t8,
2493 959 2579 1025 '24,
2621 959 2729 1028 25).
2762 978 2789 1008 ι)
2819 958 2875 1014 Si
2923 961 3113 1031 itaque
3154 976 3360 1016 omnes
3399 963 3493 1033 qui
3534 963 3671 1019 dono
3707 984 3823 1037 quo-

2243 1050 2394 1120 piam
2435 1051 2769 1117 caruissent,
2801 1052 2945 1106 illud
2985 1070 3057 1107 ne
3101 1054 3334 1124 quidem
3377 1071 3629 1112 exercere
3652 1060 3821 1114 debue-

2241 1143 2374 1212 rint,
2407 1144 2669 1215 sequitur
2702 1144 2827 1199 illos
2866 1146 3072 1217 quibus
3116 1154 3398 1218 negatum
3439 1155 3579 1205 esset
3616 1152 3822 1209 docendi

2241 1237 2490 1304 donum,
2538 1254 2610 1292 ne
2661 1240 2863 1294 docere
2916 1239 3148 1311 quidem
3206 1242 3542 1312 oportuisse.
3593 1247 3819 1315 Agnosci-

2240 1347 2368 1385 mus
2411 1331 2643 1385 interim
2684 1347 2754 1387 ex
2794 1333 3043 1403 Apostoli
3074 1342 3288 1404 mente,
3328 1337 3378 1389 si
3417 1337 3515 1407 qui
3554 1337 3657 1392 sint
3697 1346 3822 1394 utro-

2243 1440 2354 1495 que.
2417 1424 2571 1479 dono
2626 1426 2854 1497 prmditi
2916 1432 2974 1481 et
3033 1438 3356 1505 προστασίας
3410 1434 3469 1485 et
3512 1431 3819 1504 διδασκαλίας,

2242 1520 2365 1574 illos
2406 1538 2524 1576 esse
2572 1523 2779 1578 merito
2828 1524 3039 1595 duplici
3082 1526 3205 1593 illo,
3252 1543 3429 1597 quem
3475 1528 3620 1595 dicit,
3645 1531 3825 1588 honore

2242 1614 2466 1684 dignos.
2516 1616 2710 1687 Neque
2769 1617 2892 1672 haec
2939 1635 2972 1673 a
3022 1619 3186 1674 nobis
3238 1637 3306 1674 eo
3353 1620 3543 1677 animo
3587 1624 3827 1694 disputata

2242 1712 2375 1762 sunt
2405 1714 2464 1763 ut
2492 1709 2732 1780 ignavia:
2782 1712 3231 1782 patrocinemur,
3260 1715 3307 1769 si
3347 1715 3474 1786 quis
3506 1732 3614 1771 non
3644 1720 3707 1771 sit
3729 1719 3827 1773 aliis

515 1805 669 1859 Idem
721 1806 895 1861 etiam
957 1807 1061 1861 sub
1107 1807 1369 1879 apostolis
1430 1806 1742 1861 obtinuisse
1806 1810 2026 1860 constat
2072 1791 2500 1862 exBEcclesia:
2546 1805 2881 1859 necessariis
2928 1807 3263 1862 muneribus
3309 1808 3625 1864 obstrictus.
3663 1813 3756 1865 Nec
3781 1812 3826 1866 id

516 1900 537 1955 Ι
570 1899 713 1955 Tim.
759 1917 812 1966 ν,
862 1904 946 1967 l7,
988 1917 1318 1973 quanquam
1359 1916 1664 1972 perperam
1704 1900 1982 1970 colligunt
2016 1922 2144 1976 προ-

516 2009 739 2062 cetera;
770 1998 895 2053 illos
931 2000 1317 2071 presbyteros,
1355 2000 1453 2070 qui
1491 1999 1585 2053 alii
1625 2000 1868 2053 essenta
1898 2010 2140 2054 κοπιῶσιν

517 2096 566 2149 ἐν
614 2098 745 2171 λόγῳ
789 2105 873 2153 καὶ
919 2097 1251 2171 διδασκαλίᾳ,
1304 2097 1477 2151 fuisse
1524 2098 1709 2151 laicos.
1758 2097 1869 2150 Cur
1906 2096 1982 2149 ita
2025 2096 2142 2149 col-

515 2193 742 2264 ligunt,
801 2195 943 2249 nihil
1012 2195 1225 2250 habent
1274 2211 1304 2250 e
1360 2201 1552 2260 textu,
1610 2195 1753 2249 nihil
1812 2211 1842 2249 e
1899 2194 2143 2265 receptis

514 2287 667 2342 illius
716 2288 911 2343 saeculi
957 2288 1249 2357 moribus,
1320 2288 1572 2343 subsidii.
1629 2288 1896 2359 Sequitur
1950 2289 2141 2359 itaque

514 2397 587 2435 ne
642 2381 794 2451 ipsos
843 2382 1079 2453 quidem
1138 2383 1419 2452 apostolos
1471 2382 1690 2436 donum
1743 2382 1880 2436 illud
1936 2382 1994 2435 in
2055 2398 2142 2435 or-

513 2474 779 2530 dinandis
827 2476 1085 2547 exegisse
1138 2477 1440 2547 praevium,
1486 2493 1593 2531 nec
1641 2476 1793 2531 inter
1832 2480 2141 2554 χαρίσματα

513 2572 635 2643 ipsa
665 2589 945 2629 manuum
984 2573 1346 2644 impositione
1374 2573 1577 2627 collata
1606 2573 1796 2628 locum
1842 2573 2136 2639 habuisse;

512 2668 614 2722 sed
646 2684 750 2722 nec
778 2669 954 2723 Deum
982 2668 1190 2738 ipsum,
1229 2668 1391 2739 cujus
1418 2669 1561 2721 nutu
1592 2667 1779 2721 omnia
1820 2669 1954 2721 tunc
1983 2671 2142 2738 gesta

512 2765 665 2829 sunt,
693 2761 906 2833 quique
958 2760 1225 2816 Ecclesiae
1255 2761 1315 2815 in
1356 2761 1691 2816 necessariis
1719 2778 1834 2815 non
1864 2765 1983 2815 erat
2009 2776 2137 2831 pro-

511 2855 599 2910 cul
632 2854 805 2909 dubio
852 2855 1171 2924 defuturus,
1212 2855 1328 2909 tale
1369 2855 1479 2909 hoc
1520 2854 1767 2909 ofﬁcium
1811 2854 2137 2923 instituisse,

509 2952 576 3003 ut
606 2948 678 3003 ad
704 2950 825 3019 ejus
851 2948 1405 3004 administrationem
1446 2953 1595 3003 esset
1626 2948 1731 3002 hoc
1759 2948 1973 3002 donum
2015 2965 2138 3001 om-

511 3042 649 3097 nino
679 3042 1081 3098 necessarium.

2245 1896 2484 1951 voluisse
2533 1899 2862 1968 Apostolum
2919 1900 3350 1970 existimamus,
3409 1907 3506 1957 aut
3569 1905 3825 1960 Ecclesiam

2242 1990 2591 2061 primaevam.
2630 1994 2822 2047 Potius
2866 1994 3240 2065 gaudendum
3283 1998 3662 2052 existimarem
3686 2002 3825 2069 atque

2242 2084 2671 2153 gratulandum,
2718 2086 2765 2140 si
2810 2103 2923 2157 qua
2962 2088 3204 2143 Ecclesia
3248 2089 3392 2144 tales
3441 2091 3663 2146 haberet
3707 2110 3809 2163 pris

2242 2177 2472 2247 byteros
2501 2179 2598 2249 qui
2641 2196 2840 2235 omnes
2879 2181 3010 2236 huic
3040 2182 3281 2237 docendi
3324 2184 3551 2239 muneri
3589 2186 3661 2239 ita
3698 2187 3824 2239 satis-

2242 2271 2429 2326 facere
2468 2280 2723 2343 possent,
2769 2281 2833 2328 nt
2877 2291 2981 2329 nec
3011 2275 3151 2330 illud
3197 2277 3386 2347 ipsum
3426 2278 3675 2334 indecore
3707 2296 3828 2334 exse-

2242 2368 2590 2435 querentur,
2662 2383 2767 2421 ncc
2832 2367 2941 2423 alia
3006 2370 3387 2440 negligerent.
3463 2374 3613 2437 Quod
3669 2378 3827 2427 tamen

2243 2458 2563 2513 schismatis
2617 2465 2957 2530 praetextum
3005 2462 3219 2517 faciant
3272 2466 3616 2534 adversarii,
3670 2467 3708 2520 si
3752 2468 3827 2537 qui

2243 2552 2396 2606 dono
2427 2552 2533 2606 hoc
2565 2552 2825 2607 destituti
2863 2555 2921 2608 in
2962 2572 3152 2611 sacros
3191 2558 3427 2613 ordines
3476 2560 3828 2628 admittantur,

2243 2645 2435 2700 aliisve
2470 2646 2729 2701 Ecclesiae
2758 2648 2905 2702 curis
2936 2649 3157 2720 pariter
3187 2654 3524 2707 necessariis
3552 2654 3823 2710 distinean-

2240 2742 2354 2800 tur,
2388 2755 2501 2810 quo
2534 2741 2726 2795 minus
2754 2741 2884 2797 huic
2910 2748 3126 2813 possint
3151 2761 3305 2799 curas
3355 2748 3514 2802 unice
3544 2748 3819 2818 invigilare;

2242 2834 2393 2902 quod
2449 2833 2622 2889 etiam
2688 2836 2907 2906 reliqua
2972 2838 3304 2909 negligant,
3359 2857 3556 2911 preces
3616 2842 3829 2913 publicas

2240 2928 2624 2998 quotidianas,
2673 2930 3059 3008 visitationem
3116 2933 3403 3001 fidelium,
3458 2935 3828 2990 institutionem

2240 3022 2812 3093 catechumenorum,
2860 3031 3355 3083 sacramentorum
3404 3029 3827 3095 celebrationem,

579 3137 611 3207 ἓ
642 3141 690 3191 δ’
722 3167 790 3177 _
816 3138 954 3190 Cum
986 3136 1152 3191 etiam
1191 3152 1259 3191 ex
1302 3136 1544 3207 receptis
1591 3136 1774 3189 multis
1816 3152 1931 3188 sum
1974 3136 2214 3229 mori-C
2239 3116 2717 3172 moribundorum
2749 3118 2968 3187 viatica,
3000 3121 3153 3192 quod
3197 3123 3368 3177 unius
3409 3124 3577 3195 hujus
3618 3124 3830 3177 muneris

507 3230 614 3285 bus
640 3246 772 3285 suas
797 3230 1133 3301 plerumque
1174 3230 1616 3284 consuetudines
1651 3233 1851 3283 mutuo
1901 3246 2132 3300 accepe-

508 3325 625 3381 rint
663 3324 1007 3390 Christiani;
1050 3323 1138 3378 vix
1182 3330 1318 3394 puto
1368 3324 1549 3378 ullum
1597 3323 1767 3377 fuisse
1810 3324 2135 3393 exemplum

511 3436 623 3490 quo
653 3418 892 3473 docendi
920 3433 1130 3472 munus
1172 3434 1300 3471 cum
1342 3416 1657 3471 sacerdotio
1695 3422 1842 3470 esset
1881 3432 2134 3470 necessa-

507 3513 593 3567 rio
625 3513 1012 3583 conjunctum.
1032 3510 1241 3565 Judmis
1268 3511 1513 3565 diximus
1536 3510 1743 3564 scribas
1770 3509 1938 3564 fuisse
1965 3515 2135 3580 atque

503 3605 790 3672 rabbinos,
840 3621 870 3659 e
921 3604 1070 3659 tribu
1126 3604 1323 3676 procul
1378 3604 1552 3659 dubio
1606 3603 1931 3657 sacerdotali
1985 3604 2131 3657 illos.

506 3703 697 3770 Longe
746 3706 943 3755 tamen
992 3699 1185 3753 aberat
1228 3704 1291 3752 ut
1341 3704 1458 3753 tota
1506 3698 1726 3752 familia
1772 3697 2137 3751 sacerdotalis

507 3795 704 3850 scribae
730 3794 941 3849 fuerint
972 3799 1071 3848 aut
1111 3792 1353 3847 rabbini.
1392 3792 1711 3846 Scribarum
1756 3790 2018 3846 ordinem
2065 3791 2134 3845 ab

507 3889 783 3962 Aigyptiis
849 3887 1101 3943 fortassis
1170 3887 1492 3957 acceperint
1556 3886 1746 3941 Iudaei.
1802 3886 1914 3939 Illis
1979 3884 2133 3939 enim

505 3986 591 4041 sui
639 3986 803 4039 erant
853 3992 1287 4061 Ἱερογραμματεῖς
1333 3981 1437 4034 viri
1484 3996 1773 4034 sacrorum
1812 3977 2136 4051 peritissimi

506 4088 677 4151 atque
711 4080 1044 4146 doctissimi,
1091 4085 1151 4133 ut
1190 4079 1428 4149 proinde
1471 4078 1793 4132 sacerdotes
1830 4076 1999 4130 fuisse
2034 4092 2131 4130 ve-

503 4175 908 4229 risimillimum
941 4174 1032 4228 sit.
1071 4174 1182 4227 Nec
1223 4179 1418 4227 tamen
1463 4177 1767 4244 propterea
1812 4169 2135 4223 sacerdotes

507 4286 704 4324 omnes
753 4276 1187 4345 Ἰερογραμματεῖς
1240 4272 1424 4333 erant,
1481 4266 1619 4337 quin
1667 4279 1974 4335 paucorum
2030 4280 2131 4333 p0-

500 4368 616 4423 tius
643 4366 814 4421 fuisse
842 4365 1065 4421 videtur
1109 4364 1228 4418 haec
1266 4364 1534 4435 dignitas,
1574 4378 1702 4415 cum
1744 4367 1931 4415 tamen
1971 4362 2134 4414 tertia

500 4461 694 4534 populi
738 4459 985 4531 Egyptii
1032 4475 1162 4530 pars
1209 4456 1572 4512 sacerdotalis
1619 4454 1810 4509 fuerit.
1867 4454 2020 4508 Idem
2066 4455 2133 4508 de

500 4554 934 4610 Atheniensium
958 4552 1129 4607 etiam
1156 4552 1530 4623 gentiumque
1560 4550 1825 4614 aliarum,
1848 4558 2135 4625 Ἰερογραμ-

500 4663 719 4729 ματεῦσι
756 4654 815 4706 et
852 4659 1198 4730 Ἱερομνήμοσι
1244 4648 1627 4714 statuendum,
1671 4652 1730 4700 ut
1779 4647 1898 4700 sine
1944 4662 2131 4699 exem-

500 4750 594 4821 plo
621 4749 791 4804 fuisse
825 4765 1055 4805 necesse
1075 4749 1166 4819 sit,
1195 4747 1239 4802 si
1268 4748 1390 4802 haec
1412 4747 1523 4801 duo
1555 4761 1814 4812 munera,
1842 4749 1955 4799 tam
1983 4743 2132 4797 inter

500 4860 560 4898 se
601 4843 843 4912 diversa,
888 4842 1241 4897 censuissent
1281 4845 1476 4896 tamen
1532 4840 1636 4894 sibi
1676 4839 1921 4894 invicem
1963 4836 2130 4891 fuisse

494 4937 922 5008 conjungenda.
952 4938 1123 4991 Erant
1154 4941 1350 4991 tamen
1378 4934 1693 4989 admodum
1724 4948 1918 5004 pauca,
1951 4931 2129 5002 siqua

414 5090 421 5097 ,
493 5032 609 5085 sint
639 5031 903 5097 omnino,
947 5046 1072 5102 qua:
1117 5047 1149 5084 a
1189 5028 1522 5084 Christianis
1559 5028 1790 5082 inducta
1831 5028 1965 5079 sunt
2008 5025 2128 5079 sine

496 5127 779 5195 exemplo.

568 5214 676 5283 §6.
707 5243 777 5255 --
804 5218 944 5269 Cum
980 5215 1173 5286 itaque
1213 5213 1597 5285 probavimus,
1630 5227 1818 5282 neque
1858 5227 1927 5263 ex
1967 5207 2125 5263 insti-

497 5307 640 5368 tuto,
700 5320 885 5373 neque
949 5304 1121 5358 etiam
1171 5306 1240 5359 de
1284 5306 1464 5368 facto,
1514 5301 1873 5372 presbyteros
1931 5312 2128 5352 omnes

499 5390 672 5445 fuisse
704 5391 942 5445 docendi
982 5392 1130 5447 dono
1175 5393 1473 5464 praeditos;
1514 5392 1681 5461 plane
1730 5388 2003 5459 sequitur,
2032 5386 2127 5456 qui

502 5480 655 5534 dono
697 5480 793 5534 illo
831 5481 1159 5549 caruissent,
1203 5482 1281 5535 ita
1318 5498 1433 5535 non
1479 5480 1651 5535 fuisse
1692 5480 1763 5534 ad
1803 5476 2128 5533 docendum

497 5568 816 5635 obstrictos,
848 5574 908 5623 ut
936 5570 1122 5638 potius
1146 5570 1217 5623 ab
1263 5587 1328 5623 eo
1357 5570 1598 5625 docendi
1632 5586 1874 5625 munere
1906 5574 2129 5643 tempe-

498 5673 621 5712 rare
675 5656 998 5714 debuerint.
1055 5658 1117 5714 ld
1167 5658 1323 5712 enim
1372 5658 1629 5714 hortatur
1669 5659 1992 5731 Apostolus,
2044 5664 2125 5723 ut,

495 5763 607 5816 quo
647 5750 803 5805 dono
833 5747 1119 5819 quispiam
1161 5746 1358 5802 fuisset
1397 5749 1727 5819 instructus,
1762 5750 1815 5803 ei
1846 5749 2007 5805 unice
2036 5751 2123 5805 in-

484 5839 812 5906 cumberet,
869 5837 1035 5897 Rom.
1086 5852 1197 5907 xu,
1251 5841 1305 5908 6,
1357 5843 1421 5910 7,
1477 5842 1537 5911 8,
1588 5841 1695 5895 etc.
1754 5855 1768 5894 :
1832 5860 1860 5890 ‹‹
1913 5842 2117 5912 Sapere

2238 3214 2538 3280 prtetextu,
2590 3227 2664 3265 ne
2712 3215 2939 3283 tempus
2982 3215 3214 3285 quidem
3261 3216 3371 3271 sibi
3428 3234 3659 3273 vacuum
3698 3217 3831 3272 relin-

2237 3306 2417 3373 quant
2443 3305 2676 3375 reliquis
2706 3308 3045 3363 muneribus
3072 3310 3449 3381 expediendis
3483 3329 3496 3366 :
3533 3330 3596 3366 ea
3624 3328 3743 3366 sane
3767 3312 3827 3365 ita

2234 3413 2350 3452 non
2377 3404 2510 3453 sunt
2537 3402 2865 3470 apostolica,
2893 3402 2974 3456 ita
2996 3419 3109 3457 non
3138 3405 3431 3475 primaevae
3463 3404 3829 3462 Christianitati

2236 3492 2573 3560 conformia,
2609 3498 2670 3548 ut
2696 3511 2767 3549 ne
2798 3495 3091 3566 probanda
3117 3498 3232 3551 sint
3253 3500 3515 3570 quidem.

2306 3587 2417 3656 §7.
2439 3587 2791 3642 —Videmus
2821 3606 2992 3659 porro
3023 3590 3082 3644 in
3113 3592 3219 3646 hoc
3250 3594 3614 3649 audientium
3637 3594 3828 3649 doctore

2235 3678 2532 3748 probando
2565 3697 2681 3735 non
2721 3682 2861 3736 alios
2897 3700 2929 3736 a
2968 3684 3248 3755 Cypriane
3292 3688 3658 3759 presbyteros
3691 3702 3828 3759 quam

2235 3772 2487 3828 doctores
2544 3790 2665 3828 esse
2716 3777 3015 3831 consultos.
3070 3778 3347 3849 Idemque
3397 3782 3470 3836 ab
3522 3798 3587 3836 eo
3638 3783 3690 3836 in
3731 3780 3829 3833 aliis

2234 3881 2463 3937 quoque
2494 3868 2675 3921 causis
2706 3868 3071 3924 observatum
3109 3888 3228 3926 esse
3258 3881 3345 3928 est
3384 3891 3523 3929 sane
3558 3874 3829 3928 admodum

2234 3958 2570 4027 verisimile,
2610 3967 2674 4015 ut
2718 3979 2829 4032 qua
2878 3962 2935 4016 in
2999 3980 3060 4017 re
3120 3965 3361 4037 quisque
3410 3968 3742 4035 eminuissct,
3782 3965 3828 4019 in

2234 4069 2302 4108 ea
2352 4052 2516 4108 illum
2560 4055 2781 4110 duxerit
2837 4073 2957 4112 esse
3012 4059 3456 4116 consulendum.
3505 4061 3730 4116 Proinde
3769 4061 3828 4114 ita

2233 4147 2643 4217 intelligendus
2706 4153 2791 4203 est
2857 4166 2987 4205 cum
3044 4154 3340 4208 communi
3405 4155 3827 4227 presbyterorum

2234 4241 2468 4295 consilio
2522 4258 2624 4296 sua
2677 4243 2871 4297 omnia
2929 4262 2962 4297 a
3024 4246 3207 4315 primo
3268 4265 3447 4319 usque
3514 4250 3829 4320 episcopatus

2235 4334 2505 4403 exordio,
2569 4339 2731 4406 gesta
2794 4353 2915 4393 esse
2963 4345 3407 4407 commemorat,
3466 4348 3526 4395 ut
3591 4342 3647 4396 in
3694 4341 3829 4395 rebus

2236 4428 2474 4500 singulis
2501 4430 2817 4494 neminem,
2848 4430 2918 4485 ad
2948 4448 3120 4502 quem
3163 4434 3399 4504 quidem
3446 4452 3515 4490 ea
3555 4453 3641 4490 res
3667 4435 3830 4489 attine-

2154 4524 2339 4598 Dret,
2389 4539 2422 4576 a
2469 4523 2699 4578 consilio
2744 4540 2846 4578 suo
2902 4525 3223 4595 excluserit,
3286 4545 3605 4600 omnesque
3653 4530 3827 4587 etiam.

2232 4633 2361 4670 cum
2391 4633 2481 4671 res
2527 4618 2784 4672 omnium
2836 4620 3156 4686 interesset,
3188 4620 3514 4678 admiserit.
3546 4623 3603 4678 Id
3633 4621 3829 4693 quidem

2231 4710 2499 4781 exigebat
2558 4712 2867 4782 apostolica
2916 4713 3011 4768 illa
3069 4713 3139 4768 de
3196 4714 3359 4769 donis
3422 4717 3624 4786 regula
3685 4715 3829 4785 (cujus

2229 4803 2403 4859 modo
2454 4805 2850 4878 meminimus)
2894 4811 2957 4861 ut
3008 4824 3121 4878 quo
3180 4807 3334 4862 dono
3379 4809 3617 4881 quisque
3667 4810 3828 4863 fuisset

2229 4897 2518 4967 praeditus,
2563 4899 2684 4969 ejus
2722 4899 2990 4954 exercitio
3034 4902 3200 4956 unice
3241 4901 3622 4964 incumberet.
3670 4913 3825 4955 nesse

2230 4990 2353 5044 aliis
2380 4990 2732 5048 immisceret
2759 4993 2827 5047 ad
2858 4993 3074 5048 donum
3103 5010 3272 5049 suum
3293 4995 3437 5050 nihil
3468 4994 3826 5051 attinentibus.

2229 5083 2492 5155 Sequitur
2543 5085 2715 5140 etiam
2768 5086 2923 5141 idem
2970 5104 3090 5142 esse
3143 5088 3361 5144 donum
3406 5106 3523 5160 quo
3570 5088 3827 5144 audientes

2229 5181 2402 5248 atque
2455 5179 2594 5234 illud
2638 5196 2752 5250 quo
2804 5180 2997 5237 ﬁdeles
3048 5188 3234 5237 essent
3297 5182 3577 5250 docendi,
3622 5182 3742 5254 quia
3779 5180 3825 5233 in

2228 5271 2586 5327 audientium
2619 5275 2850 5330 doctore
2899 5276 3294 5332 constituendo
3347 5276 3693 5347 presbyteros
3715 5273 3824 5327 doc-

2228 5370 2379 5421 tores
2409 5367 2709 5422 consuluit.

2297 5460 2330 5531 §
2355 5462 2410 5517 8.
2441 5491 2509 5501 —
2535 5462 2713 5517 Erant
2743 5462 3010 5534 equidem
3043 5462 3133 5518 alii
3163 5463 3462 5520 audientes
3492 5464 3548 5518 in
3576 5459 3822 5534 paeniten-

2230 5553 2372 5609 tium
2419 5571 2609 5624 censu,
2661 5557 2759 5627 qui
2808 5555 2903 5611 ubi
2945 5556 3264 5628 Scripturas
3304 5562 3479 5631 atque
3516 5557 3820 5613 διδασκαλίαν

2226 5650 2554 5720 audiissent,
2584 5669 2615 5706 e
2656 5652 2967 5724 synaxibus
3007 5658 3166 5709 erant
3215 5654 3574 5709 excludendi.
3616 5655 3677 5709 Et
3711 5649 3817 5722 qui-

2227 5745 2359 5800 dem
2398 5746 2481 5800 illi
2516 5747 2796 5818 Cypriano
2834 5753 3025 5803 nostro
3065 5748 3257 5817 coaevi,
3296 5749 3339 5802 si
3380 5747 3633 5819 Gregorii
3656 5746 3814 5801 Thau-

2224 5839 2477 5912 maturgi
2504 5840 2752 5913 epistolae
2779 5842 3069 5898 canonica:
3109 5842 3462 5899 credendum
3490 5842 3577 5896 sit.
3604 5839 3704 5897 Sed
3724 5837 3811 5891 ho-
