4082 6194
236 189 378 246 1145

1394 191 1481 248 DE
1516 191 1973 251 PRESBYTEBIS
2014 194 2457 255 DOCTORIBUS.

3463 207 3596 263 H-iﬁ

229 337 362 376 rum
415 318 640 374 nullum
702 319 762 375 in
820 319 1074 376 Ecclesia
1127 319 1382 376 africana
1436 324 1649 391 exstat,
1716 323 1866 395 quod
1889 338 2140 411 Aquam
2195 326 2570 396 assignatum.
2637 330 2970 385 Pantaenum
3038 328 3210 403 vulgo
3269 334 3600 389 existimant

232 413 470 485 quidem
503 413 677 468 sciam
715 430 781 468 ea
818 415 1134 486 praesertim
1174 418 1363 477 aetate,
1401 416 1725 487 vestigium.
1755 420 1869 473 Nec

230 507 373 561 alios
403 507 665 562 doctores
704 508 994 563 habebant
1020 524 1191 580 quam
1231 508 1447 565 ﬁdeles.
1491 511 1669 565 Erant
1712 512 1870 566 enim

230 600 498 655 omnium
525 601 784 656 ﬁdelium
812 618 1151 656 communes
1191 603 1324 673 illa),
1355 603 1562 675 quibus
1595 604 1655 659 hi
1688 605 1865 660 inter-

232 699 420 762 erant,
481 694 818 751 auditiones.
878 696 1075 767 Neque
1132 712 1265 751 vero
1322 714 1391 753 ex
1448 715 1551 753 usu
1606 699 1868 755 Ecclesiae

232 790 505 844 africanze
550 788 643 844 alii
683 789 979 844 audientes
1024 795 1189 845 erant
1234 807 1406 862 quam
1448 793 1866 849 catechumeni.

229 884 354 939 Jam
396 900 570 955 supra
603 882 847 938 vidimus
893 882 989 954 qui
1035 884 1436 939 catechumeni
1480 890 1672 942 essent
1717 888 1867 944 clero

232 978 517 1047 Romano,
549 976 714 1048 epist.
745 979 797 1045 3,
827 977 1057 1033 eosdem
1091 978 1386 1034 audientes
1415 996 1535 1035 esse
1563 981 1865 1052 Cypriane,

233 1071 400 1142 epist.
470 1074 553 1126 13.
610 1072 950 1142 Constatque
1006 1071 1177 1127 etiam
1232 1089 1263 1125 e
1313 1073 1695 1144 Tertulliano,
1753 1092 1865 1147 quo

231 1181 406 1219 nemo
450 1163 654 1220 melior
697 1168 782 1220 est
832 1164 1097 1236 Cypriani
1144 1164 1447 1238 interpres.
1489 1169 1656 1239 Apud
1706 1169 1868 1225 illum

234 1258 539 1314 audientes
581 1258 830 1314 intinctis
864 1263 1255 1331 opponuntur,
1307 1277 1420 1332 quo
1462 1278 1631 1317 sensu
1681 1263 1867 1336 tingui

230 1353 387 1424 apud
418 1352 687 1409 eumdem
722 1353 869 1409 valet
912 1354 1064 1425 quod
1108 1353 1384 1425 baptizari
1427 1357 1517 1423 (De
1561 1359 1783 1422 Premit,
1813 1375 1863 1414 c.

232 1450 283 1515 6,
328 1447 402 1518 7).
440 1446 676 1502 Eosdem
716 1448 1009 1503 auditores
1047 1447 1313 1519 appellat,
1346 1465 1593 1521 quorum
1631 1455 1687 1507 et
1709 1457 1863 1524 tyro-

230 1541 380 1595 cinia
428 1547 732 1610 memorat,
778 1558 848 1598 ne
897 1540 1022 1613 quis
1070 1540 1290 1596 debitet
1337 1541 1473 1598 alios
1523 1561 1644 1600 esse
1693 1562 1866 1617 quam

230 1635 691 1691 catechumenos.

1971 418 2138 472 fuisse
2161 419 2580 491 presbyterum,
2604 424 2865 493 quamvis
2893 425 3081 480 nescio
3109 443 3244 481 sane
3273 432 3604 484 veterumne

1970 512 2251 585 quispiam
2303 530 2439 569 eum
2483 517 2562 568 ita
2604 518 2849 586 appellet
2896 519 3145 589 (Euseb.,
3192 524 3330 577 Hist.
3379 525 3501 577 eccl.
3547 540 3598 591 v,

1975 609 2071 675 10;
2102 623 2170 673 vx,
2204 610 2255 674 3,
2289 608 2363 679 6).
2407 608 2766 663 Clementem
2804 611 2926 681 ejus
2971 613 3032 666 in
3080 630 3148 669 eo
3196 631 3435 671 munere
3482 634 3602 672 suc-

1970 716 2278 768 cessorem,
2312 701 2709 772 presbyterum
2750 708 2909 758 vocat
2946 707 3259 762 Alexander
3295 710 3604 783 Hierosoly-

1968 793 2217 848 mitanus
2260 794 2551 866 episcopus
2579 796 2825 866 (Euseb.,
2857 800 2998 854 Hist.
3028 802 3177 868 eccl.,
3208 818 3281 870 γι,
3339 805 3444 876 11).
3490 805 3601 861 Sed

1968 888 2201 960 quando
2248 887 2456 959 scripta
2494 892 2579 943 est
2625 886 2696 944 ab
2735 890 3056 947 Alexandro
3096 910 3163 949 ea
3194 895 3445 968 epistola,
3478 900 3602 969 jam

1969 982 2301 1036 successisse
2354 982 2581 1038 videtur
2636 984 2697 1039 in
2747 985 2872 1055 ejus
2934 986 3126 1041 locum
3186 988 3486 1060 Origenes,
3542 997 3604 1048 ut

1970 1075 2207 1147 proinde
2230 1093 2348 1131 non
2373 1079 2594 1132 constet
2614 1077 2863 1133 fueritne
2886 1080 3185 1152 presbyter
3205 1097 3336 1137 cum
3362 1099 3603 1140 munere

1969 1170 2070 1224 illo
2116 1169 2238 1241 ipse
2283 1170 2644 1242 fungeretur.
2676 1172 2800 1227 Non
2846 1177 3037 1228 tamen
3087 1175 3504 1247 presbyteratui
3546 1178 3606 1234 id

1966 1263 2140 1318 fuisse
2166 1281 2375 1320 munus
2402 1264 2721 1319 necessario
2746 1282 3033 1321 annexum
3066 1271 3308 1338 constat,
3349 1271 3507 1343 quod
3532 1271 3605 1327 ad

1965 1356 2108 1411 illud
2142 1361 2370 1412 evectus
2412 1358 2585 1413 fuerit
2618 1374 2652 1412 a
2676 1359 2962 1414 Demetrio
2990 1359 3288 1432 Origenes,
3339 1366 3604 1419 octavum

1966 1450 2257 1506 decimum
2286 1452 2559 1506 duntaxat
2597 1453 2780 1507 astatis
2819 1468 3037 1509 annum
3075 1471 3274 1525 agens,
3317 1473 3429 1527 quo
3464 1464 3607 1512 tem-

1964 1560 2103 1615 pore
2160 1562 2272 1599 non
2333 1551 2550 1601 constat
2603 1546 2690 1600 vel
2744 1546 3107 1602 inferioribus
3162 1549 3393 1620 quidem
3460 1551 3601 1621 illis,

1968 1654 2108 1710 quos
2137 1655 2239 1710 pro
2267 1638 2439 1694 sacris
2478 1638 2713 1709 habent,
2749 1640 3044 1696 ordinibus
3081 1642 3251 1697 fuisse
3294 1642 3602 1699 initiatum.

300 1728 336 1801 §
363 1733 416 1784 9.
448 1760 518 1770 —
544 1730 611 1785 Et
635 1730 868 1802 quidem
898 1732 1084 1804 ipsum
1122 1734 1232 1790 hoc
1269 1733 1625 1790 audientium
1656 1750 1865 1789 nomen
1888 1712 1943 1784 Β
1970 1716 2426 1799 Presbyteratum
2469 1732 2688 1783 certum
2720 1735 2827 1797 est,
2855 1746 2974 1784 non
3001 1734 3133 1786 ante
3168 1732 3275 1787 iter
3299 1733 3604 1789 Achaicum

230 1822 766 1894 frequentissimum
796 1827 969 1882 fuisse
1005 1828 1246 1884 videtur.
1277 1830 1389 1883 Nec
1424 1831 1617 1883 tamen
1644 1827 1866 1897 desunt,
1969 1822 2072 1877 sub
2120 1822 2438 1878 Alexandro
2494 1823 2726 1886 Severo,
2775 1823 2844 1878 ab
2897 1841 2962 1879 80
3027 1825 3203 1879 inisse
3254 1830 3602 1898 susceptum-

234 1932 305 1970 ea
348 1933 579 1988 quoque
614 1921 798 1987 aetate,
838 1923 1100 1993 exempla
1135 1922 1340 1993 quibus
1378 1921 1556 1977 iidem
1598 1922 1867 1976 catechu-
1970 1916 2148 1988 quue
2206 1934 2272 1970 eo
2322 1919 2560 1971 fortasse
2608 1916 2843 1987 consilio
2892 1918 3220 1974 institutum
3277 1925 3396 1988 est,
3448 1920 3605 1992 quod

235 2011 398 2064 melli
431 2011 694 2081 audiunt,
720 2015 778 2067 et
806 2015 1043 2085 quidem
1073 2016 1226 2088 apud
1254 2017 1477 2071 Latinos
1503 2017 1675 2071 etiam
1700 2016 1871 2087 scrip-
1971 2011 2165 2064 ﬁdeles
2187 2027 2316 2065 cum
2338 2011 2461 2081 jam
2487 2011 2548 2065 in
2577 2010 2763 2065 sinum
2786 2011 3046 2067 Ecclesiae
3073 2014 3317 2085 suscepti
3343 2014 3598 2085 fuissent,

232 2106 409 2160 tores.
447 2106 571 2159 lam
612 2105 857 2162 diximus
906 2110 1013 2164 hoc
1052 2111 1594 2165 catechumenorum
1637 2109 1869 2164 nomine
1970 2104 2211 2177 proinde
2264 2104 2586 2172 doctorem,
2628 2105 2839 2160 habere
2888 2104 3220 2176 debuerint,
3272 2107 3371 2179 qui
3413 2109 3498 2163 vel
3544 2109 3605 2163 in

238 2214 406 2252 usum
456 2215 575 2254 esse
614 2201 834 2256 clerum
874 2205 1217 2259 Romanum.
1249 2205 1390 2258 Usus
1426 2204 1599 2258 etiam
1631 2208 1714 2259 est
1748 2203 1869 2275 ipse
1971 2198 2232 2253 Ecclesiae
2258 2199 2634 2253 aestimatione
2663 2204 2812 2254 esset
2848 2199 3130 2255 sacerdos.
3163 2201 3248 2255 Ad
3286 2202 3606 2258 sacerdotes

232 2291 552 2362 Cyprianus
594 2296 810 2349 Testim.
855 2295 953 2351 lib.
992 2314 1069 2365 III,
1102 2314 1226 2368 cap.
1260 2300 1356 2367 98;
1393 2303 1449 2351 et
1473 2296 1869 2365 Tcrtullianus,
1940 2293 2126 2367 _enim
2145 2292 2489 2364 pertinuisse
2507 2292 2661 2347 illam
2682 2293 2936 2348 scientiae
2960 2294 3234 2364 gratiam,
3256 2312 3369 2368 qua
3389 2296 3604 2351 donan-

236 2385 304 2440 de
338 2389 529 2443 Coron.
567 2388 709 2450 Μίῐ..
743 2405 790 2442 c.
834 2390 884 2460 2)
920 2393 977 2443 et
1008 2394 1232 2447 Praescr.
1265 2408 1312 2445 c.
1346 2392 1432 2446 41.
1474 2390 1637 2455 Quod
1668 2396 1869 2462 quarto
1971 2385 2106 2439 dum
2159 2384 2537 2440 Tertullianus
2589 2385 2733 2439 dixit
2779 2402 2900 2441 esse
2946 2386 3260 2455 doctorem,
3308 2391 3363 2442 et
3402 2389 3605 2444 veteris

239 2480 467 2534 tandem
496 2483 550 2536 S.
580 2481 873 2552 Augustini
907 2485 1112 2538 saeculo
1138 2490 1194 2539 et
1222 2485 1492 2556 deinceps
1519 2484 1706 2540 solum
1733 2484 1871 2539 obti-
1974 2495 2200 2551 quoque
2234 2479 2376 2549 legis
2403 2479 2750 2549 praescriptio
2782 2484 3019 2551 constat,
3040 2481 3298 2550 Malach.,
3328 2499 3387 2550 11,
3417 2488 3467 2537 7.
3503 2485 3605 2538 Illa

240 2574 389 2628 nuit.
437 2575 592 2639 Quod
639 2592 768 2629 vero
814 2578 885 2631 ad
924 2594 1138 2632 nomen
1186 2579 1547 2634 audientium
1580 2579 1807 2646 attinet,
1841 2595 1869 2634 e

1973 2573 2126 2627 enim
2170 2571 2290 2644 ipsa
2333 2573 2583 2627 scientiae
2626 2589 2760 2628 voce
2808 2591 2938 2628 usus
2980 2579 3064 2629 est
3103 2574 3162 2629 in
3200 2590 3267 2629 eo
3310 2576 3455 2643 loco,
3486 2592 3604 2631 non

237 2683 400 2723 sacro
430 2670 617 2724 codice
649 2671 884 2725 omnino
911 2672 1141 2726 ductum
1175 2678 1334 2743 puto,
1365 2690 1432 2727 ex
1461 2673 1569 2727 illis
1600 2672 1870 2727 nimirum
1972 2667 2144 2721 modo
2181 2672 2341 2722 vetus
2375 2667 2658 2739 interpres
2698 2666 3030 2735 hodiBmUS,
3077 2668 3173 2722 sed
3220 2668 3339 2740 ipse
3377 2685 3604 2741 quoque

240 2761 379 2816 locis
410 2761 615 2833 quibus
643 2763 786 2819 ﬁdes
811 2765 933 2836 ipsa
964 2766 1131 2820 toties
1160 2767 1285 2829 ἀκοὴ
1315 2766 1538 2836 dicitur,
1568 2783 1742 2837 quam
1767 2784 1871 2821 au-
1973 2761 2307 2831 Cyprianus.
2330 2761 2761 2817 Catechumenis
2789 2777 2919 2815 vero
2949 2760 3299 2831 erudiendis,
3325 2761 3423 2833 qui
3445 2766 3604 2817 extra

240 2858 427 2913 ditum
471 2860 849 2918 reddiderunt
887 2864 1104 2935 antiqui
1148 2865 1320 2919 etiam
1360 2864 1723 2935 interpretes.
1767 2866 1869 2934 Ita,

238 2951 378 3006 ﬁdes
414 2970 482 3007 ex
527 2954 749 3023 auditu,
789 2955 1019 3010 auditus
1057 2961 1249 3011 autem
1285 2974 1389 3028 per
1416 2957 1677 3024 verbum,
1706 2958 1868 3012 Rom.

1973 2853 2280 2908 Ecclesiam
2324 2854 2413 2909 siti
2456 2859 2664 2922 essent,
2711 2854 2841 2908 salis
2891 2858 3013 2909 erat
3056 2854 3143 2909 vel
3193 2854 3389 2921 laicus,
3432 2872 3604 2928 quem

1971 2952 2190 3014 tamen,
2234 2948 2466 3002 honoris
2506 2965 2695 3017 causa,
2734 2948 2883 3003 clero
2928 2948 3254 3020 proximum
3292 2948 3600 3020 eligebant.

236 3062 293 3114 x,
326 3049 418 3112 l7;
448 3048 681 3102 Auditus
706 3048 861 3111 ﬁdei,
902 3050 1077 3104 Galat.
1108 3067 1187 3118 III,
1231 3054 1284 3118 2,
1320 3054 1383 3120 5;
1427 3050 1675 3105 Verbum
1707 3050 1867 3105 audi-
1893 3083 1949 3156 Ο
1972 3042 2294 3096 Praesertim
2348 3059 2503 3111 cum,
2547 3042 2714 3097 exiis
2758 3059 2887 3114 quae
2938 3043 3008 3097 de
3062 3059 3263 3097 eorum
3315 3043 3605 3098 sententia

240 3142 252 3156 ι
378 3140 416 3156 n
462 3140 472 3150 ·
528 3143 545 3156 ι
576 3142 631 3156 nu
945 3148 995 3156 nn
1074 3145 1109 3156 νς
1279 3150 1286 3156 .
1368 3144 1376 3154 -
1506 3149 1514 3156 .
1668 3146 1688 3156 ι-
1764 3148 1773 3156 .
1979 3134 2236 3156 -___-_2___
2274 3135 2673 3156 J!__s_1-__!l--__-
2742 3140 2947 3156 A_A__1-L
2980 3137 3063 3156 _-I
3098 3136 3293 3156 ___.1AI-__
3328 3136 3560 3156 nL__3-l,'-

238 3142 329 3193 tus
378 3140 496 3207 Dei,
527 3143 545 3194 l
576 3142 764 3195 Thess.
824 3160 879 3210 η,
940 3148 1023 3199 13.
1072 3145 1150 3198 Ex
1202 3144 1380 3198 veteri
1425 3149 1619 3199 autem
1668 3146 1875 3200 Instru-

239 3240 434 3288 mento
460 3234 695 3289 deduxit
720 3237 1036 3306 Apostolus,
1069 3240 1197 3304 Isa.,
1227 3255 1343 3303 Lm,
1381 3241 1399 3291 1
1432 3254 1443 3292 :
1470 3238 1604 3301 Quis
1633 3238 1873 3292 credidit

235 3327 457 3382 auditui
485 3330 715 3384 nostro?
744 3332 826 3385 Ita
851 3332 1002 3385 enim
1031 3331 1223 3386 locum
1249 3331 1410 3386 illum
1440 3332 1710 3402 legerunt
1734 3333 1864 3386 Ter-

237 3420 465 3475 tulliani
507 3439 733 3494 quoque
779 3424 1159 3495 Cyprianique
1189 3424 1547 3495 interpretes.
1590 3425 1674 3479 Ad
1710 3425 1873 3480 illum

233 3520 434 3570 autem
482 3517 637 3571 Isaiae
679 3517 869 3572 locum
909 3534 1011 3572 nos
1052 3517 1435 3573 disertissimis
1460 3518 1643 3573 verbis
1681 3518 1874 3573 retulit

239 3611 565 3680 Apostolus,
607 3613 768 3666 Rom.
808 3629 863 3680 x,
904 3614 987 3666 16.
1030 3612 1179 3666 Nihil
1218 3612 1330 3666 huc
1366 3612 1579 3666 faciunt
1618 3612 1873 3683 vulgaria

239 3701 545 3771 gentilium
589 3701 912 3779 ἀκροάματα,
962 3717 1089 3772 quae
1142 3701 1358 3756 ludicra
1398 3702 1739 3773 plerumque
1781 3718 1871 3756 es-

241 3805 388 3854 sent.
438 3799 674 3854 Faciunt
726 3805 925 3854 tamen
975 3799 1210 3854 fortasse
1262 3800 1730 3870 philosotihorum
1774 3798 1872 3853 illa

240 3910 372 3965 quas
424 3909 539 3948 non
590 3892 715 3948 aliis
773 3893 1146 3948 crederentur
1204 3910 1375 3964 quam
1425 3894 1738 3964 initiandis,
1798 3893 1872 3948 ad

240 3988 488 4042 formam
522 3988 947 4059 mysteriorum.

317 4076 346 4147 ξ
399 4079 485 4130 10.
516 4106 584 4116 —
631 4076 789 4131 Illam
838 4079 987 4131 certe
1031 4076 1431 4147 mysteriorum
1479 4076 1724 4130 formam
1778 4093 1868 4130 re-

242 4169 626 4241 praesentabat
676 4174 797 4224 tota
846 4170 1385 4225 catechumenorum
1432 4168 1871 4223 erudiendorum

243 4264 413 4318 ratio.
443 4263 673 4317 Vivcndi
701 4281 899 4317 novam
926 4265 1164 4317 formam
1194 4262 1577 4333 suscipiebant
1608 4262 1869 4318 initiandi

243 4359 463 4427 (Meurs.
508 4358 774 4424 Eleusin.,
806 4375 853 4410 c.
889 4358 998 4425 17).
1038 4359 1103 4411 Et
1141 4356 1375 4428 quidem
1417 4355 1476 4409 in
1516 4373 1581 4410 ea
1607 4361 1757 4411 totus
1787 4360 1873 4411 est

1975 3134 2239 3205 superius
2268 3135 2701 3208 disputavimus,
2734 3140 2951 3192 constet
2980 3137 3067 3190 vel
3098 3136 3300 3208 vulgus
3326 3136 3603 3192 Christia-

1976 3246 2184 3284 norum
2228 3229 2304 3284 ita
2354 3231 2635 3285 extraneis
2678 3230 2972 3303 quibusvis
3022 3230 3319 3285 sanctitate
3373 3231 3606 3303 praecel-

1972 3323 2169 3391 luisse,
2214 3329 2275 3379 ut
2321 3329 2512 3378 essent
2553 3324 2776 3393 merito,
2810 3324 2856 3378 si
2895 3325 2967 3379 ad
2995 3325 3135 3397 .illos
3178 3326 3602 3395 conferrentur,

1977 3434 2076 3489 pro
2108 3417 2492 3472 sacerdotibus
2518 3418 2789 3474 habendi.

2045 3513 2077 3583 §
2121 3514 2210 3567 12.
2252 3541 2322 3552 -
2364 3512 2788 3567 Observandum
2834 3512 3086 3583 insuper,
3130 3528 3196 3568 ex
3248 3513 3449 3568 eodem
3497 3514 3607 3569 hoc

1971 3605 2240 3676 Cypriani
2274 3606 2417 3673 loco,
2465 3607 2702 3661 lectores
2744 3606 2920 3660 etiam
2967 3607 3385 3678 hypodiaconos
3430 3598 3604 3680 gene-

1974 3699 2076 3753 rali
2123 3699 2457 3754 clericorum
2500 3700 2660 3753 titulo
2701 3700 2938 3755 censeri.
2966 3701 3027 3754 Id
3054 3717 3189 3756 sane
3232 3701 3443 3769 innuit,
3476 3718 3606 3756 cum

1971 3810 2073 3863 per
2102 3793 2338 3847 clericos
2369 3793 2440 3847 ad
2481 3795 2806 3848 Romanum
2840 3794 3053 3847 clerum
3087 3793 3456 3848 scribendum
3485 3811 3607 3849 esse

1973 3886 2129 3951 dicit,
2175 3903 2351 3957 caque
2402 3886 2523 3956 ipsa
2568 3886 2635 3940 de
2683 3902 2872 3953 causa,
2911 3886 3183 3940 lectorem
3231 3886 3404 3941 fuisse
3444 3886 3607 3941 Satu-

1972 3997 2120 4049 rum,
2162 3979 2622 4050 hypodiaconum
2666 3996 2798 4034 vero
2837 3979 3110 4051 Optatum
3152 3998 3186 4035 a
3225 3997 3284 4035 se
3331 3980 3604 4036 constitu-

1973 4078 2117 4128 tum.
2151 4073 2330 4128 Simili
2366 4074 2631 4143 exemplo
2677 4073 2992 4129 Felicianns
3026 4074 3322 4146 acolythus
3368 4076 3608 4131 clericus

1972 4167 2176 4221 dicitur
2224 4166 2388 4238 epist.
2433 4170 2520 4221 55.
2559 4168 2722 4231 Quod
2765 4167 2940 4224 etiam
2990 4168 3064 4223 ad
3102 4169 3341 4225 lectores
3382 4171 3605 4238 attinet,

1974 4260 2071 4332 qui
2127 4264 2323 4315 tamen
2379 4260 2616 4315 inferior
2669 4269 2792 4316 erat
2846 4262 3300 4333 hypodiaconatu
3354 4264 3604 4335 gradus,

1972 4356 2187 4408 constat
2233 4354 2389 4408 idem
2432 4370 2498 4409 ex
2542 4355 2804 4425 ejusdem
2855 4356 3107 4425 epistolis
3151 4358 3220 4412 de
3274 4358 3499 4413 Aurelio
3552 4362 3610 4412 et

240 4452 505 4505 Clemens
533 4451 967 4519 Alexandrinus,
1005 4451 1063 4505 in
1099 4449 1492 4521 antiquissimo
1530 4449 1670 4519 ejus,
1712 4449 1946 4530 quodD
1970 4448 2228 4504 Celerino
2261 4448 2328 4502 ad
2371 4448 2652 4502 honorem
2694 4449 3006 4503 lectoratus
3037 4467 3068 4504 a
3104 4466 3161 4505 se
3194 4450 3494 4521 provectis.
3528 4451 3606 4504 De

240 4544 519 4597 habemus
545 4544 735 4612 hodie,
772 4561 943 4615 opere
971 4544 1337 4610 catechetico,
1370 4543 1687 4614 Pmdagogo
1712 4543 1869 4598 vide-

238 4638 392 4691 licet.
440 4638 617 4692 Erant
656 4638 827 4713 etiam
866 4637 924 4691 in
963 4639 1287 4692 Petromate
1327 4636 1459 4691 libri
1488 4637 1723 4691 rituales
1772 4636 1873 4692 ini-

239 4731 449 4785 tiandis
478 4731 709 4802 legendi
739 4730 1010 4801 primum,
1042 4731 1246 4785 deinde
1275 4730 1631 4785 describendi
1661 4731 1762 4800 (Id.
1798 4731 1869 4785 ib.

240 4838 289 4875 c.
324 4821 432 4887 10).
474 4822 540 4874 Et
580 4820 817 4892 quidem
843 4821 913 4875 de
944 4820 1211 4891 baptismi
1258 4820 1481 4888 ritibus,
1523 4821 1592 4875 de
1634 4825 1873 4887 συντάξει

242 4925 299 4973 et
327 4919 594 4987 ἀποτάξει,
643 4918 1006 4972 conversione
1050 4918 1121 4972 ad
1163 4918 1442 4972 orientem
1484 4918 1870 4973 occidentem-

240 5035 376 5090 que,
405 5020 533 5084 etc.,
567 5016 688 5088 agit
712 5015 769 5071 in
799 5015 1195 5072 Catechesibus
1218 5015 1333 5069 suis
1353 5014 1595 5085 Cyrillus
1623 5016 1874 5070 llieroso-

238 5111 548 5184 lymitanus
578 5110 806 5182 aliique.

310 5207 343 5278 §
378 5210 460 5261 11.
492 5236 560 5246 —-
590 5204 1021 5260 Observandum
1066 5204 1315 5275 denique
1353 5203 1422 5258 ad
1469 5203 1722 5258 officium
1767 5203 1874 5275 hy-

238 5300 646 5373 podiaconatus
685 5301 965 5371 spectasse
1008 5299 1169 5353 illum
1210 5296 1568 5352 audientium
1617 5297 1873 5352 ductora-

239 5399 382 5449 tum.
442 5394 596 5449 Idem
645 5394 848 5465 Optato
900 5393 1225 5449 ductoratus
1279 5391 1667 5459 audientium,
1722 5391 1876 5462 quod

235 5489 407 5544 lectio
470 5490 673 5544 Saturo
737 5487 807 5541 ad
873 5486 1119 5558 gradum
1168 5485 1394 5540 lectoris
1446 5485 1874 5558 promovendo,

234 5558 415 5632 futuri
466 5593 676 5649 nempe
724 5576 897 5630 officii
946 5575 1224 5646 praevium
1280 5573 1767 5645 experimentum.
1817 5574 1877 5627 In

236 5668 623 5725 Alexandrino
683 5674 1043 5741 κατηχήσεως,
1099 5664 1214 5719 sive
1268 5668 1409 5741 ἱερῶν
1466 5667 1647 5738 λόγων,
1707 5661 1869 5720 διδα-

234 5768 455 5843 σκαλείῳ
494 5765 645 5823 idem
684 5781 894 5823 munus
928 5760 1291 5839 praasbyteris
1328 5760 1563 5817 fortasse
1600 5777 1865 5817 nonnun-

1971 4540 2199 4596 Aurelio
2239 4542 2313 4596 ita
2357 4542 2575 4610 scribit,
2613 4543 2780 4613 epist.
2825 4544 2891 4597 33
2924 4558 2937 4595 :
2970 4564 2997 4591 ‹‹
3044 4545 3106 4597 In
3152 4542 3607 4597 ordinationibus

1972 4635 2207 4704 clericis,
2250 4636 2455 4690 fratres
2496 4635 2838 4703 charissimi,
2880 4636 3125 4691 solemus
3164 4653 3259 4690 vos
3301 4641 3434 4691 ante
3478 4653 3609 4690 con-

1974 4730 2179 4795 sulere,
2211 4731 2318 4784 etc.
2355 4750 2381 4781 »
2412 4731 2562 4799 Ergo
2588 4736 2644 4785 et
2683 4729 2913 4783 clericus
2960 4735 3085 4785 erat
3125 4730 3390 4785 Aurelius
3431 4736 3488 4786 et
3525 4747 3611 4785 or-

1975 4822 2222 4878 dinatus.
2260 4846 2287 4874 ‹‹
2324 4823 2657 4891 Merebatur,
2697 4823 2910 4896 inquit,
2956 4825 3084 4879 talis
3121 4824 3336 4880 clericae
3380 4824 3611 4879 ordina-

1972 4916 2147 4971 tionis
2210 4917 2510 4971 inferiores
2575 4918 2802 4989 gradus.
2864 4940 2892 4969 »
2959 4920 3090 4973 Erat
3154 4918 3334 4990 igitur
3401 4922 3483 4987 et,
3514 4916 3609 4972 hic

1976 5011 2184 5082 gradus
2240 5010 2455 5065 clericus
2504 5011 2895 5066 ordinationis.
2951 5034 2978 5063 »
3037 5013 3251 5067 Rursus
3302 5029 3316 5068 :
3373 5034 3401 5062 ‹‹
3450 5013 3610 5067 Ilunc

1974 5108 2189 5181 igitur,
2248 5110 2451 5165 fratres
2505 5110 2894 5179 dilectissimi,
2951 5129 2984 5167 a
3034 5128 3130 5167 me
3180 5116 3238 5168 et
3291 5130 3325 5167 a
3376 5112 3610 5184 collegis

1975 5202 2072 5274 qui
2130 5205 2440 5274 praesentes
2491 5204 2746 5273 aderant,
2806 5205 3137 5261 ordinatum
3192 5206 3413 5275 sciatis;
3456 5206 3611 5279 quod

1977 5313 2075 5352 vos
2140 5297 2258 5352 scio
2324 5304 2381 5353 et
2446 5298 2693 5354 libenter
2759 5300 3062 5371 amplecti,
3131 5306 3190 5356 et
3261 5306 3461 5373 optare
3524 5306 3610 5355 ta-

1975 5392 2055 5446 les
2109 5392 2168 5445 in
2220 5391 2471 5446 Ecclesia
2524 5398 2718 5448 nostra
2776 5393 3054 5464 plurimos
3114 5394 3385 5451 ordinari.
3448 5413 3476 5445 »
3531 5395 3612 5447 De

1976 5485 2235 5543 Celerino
2291 5485 2369 5539 ita
2417 5485 2582 5556 epist.
2631 5488 2720 5556 34,
2778 5487 3018 5559 dignum
3070 5505 3192 5544 esse
3238 5489 3424 5544 dicit:
3467 5508 3496 5537 ‹‹
3548 5488 3618 5541 Ut

1979 5579 2077 5651 qui
2122 5579 2442 5634 sublimiter
2488 5580 2779 5637 Christum
2826 5582 3121 5638 confessus
3162 5588 3339 5651 esset,
3398 5583 3621 5637 clerum

1978 5672 2346 5745 postmodum
2386 5673 2597 5730 Christi
2636 5675 2968 5732 ministeriis
3015 5675 3411 5733 ecclesiasticis
3455 5670 3629 5729 ador-

1981 5772 2158 5825 naret.
2200 5789 2228 5818 »
2262 5768 2476 5825 Rursus
2514 5772 2784 5829 eumdem
2816 5793 2844 5823 ‹‹
2873 5770 3198 5828 Celerinum
3233 5773 3490 5832 fratrem,
3531 5766 3638 5826 i11-
