4096 6186
535 278 671 332 1147

1533 284 1739 340 HENR.
1780 286 2140 342 DODWELLI
2182 285 2484 342 DISSERT.
2520 286 2830 343 CYPRIAN.
2875 287 2948 341 II.

3712 291 3824 345 liiB

531 402 675 474 quit,
710 409 992 473 nostrum,
1018 404 1320 460 virtutibus
1351 406 1566 478 pariter
1591 413 1648 464 et
1681 410 1931 464 moribus
1967 411 2171 483 glorio-
2192 423 2252 496 Α
2271 416 2581 477 versantes,
2608 426 2713 480 per
2741 409 3051 465 Victorium
3078 409 3495 465 Herenniauum
3526 410 3827 482 hypodiaco—

535 514 683 563 sum,
726 498 875 550 clero
919 504 1119 553 nostro
1164 517 1280 554 non
1324 502 1583 557 humana
1612 504 2040 575 suffragatione,
2072 506 2173 559 sed

535 590 723 643 divina
756 589 1085 659 dignatione
1128 594 1525 663 conjunetum.
1565 617 1592 649 »
1630 598 1784 652 Idem
1824 602 2012 653 tamen
2065 599 2174 654 hac

530 682 670 751 ipsa,
692 699 865 751 quam
892 685 950 738 in
983 686 1244 740 manibus
1276 688 1573 757 habemus,
1604 691 1863 761 epistola,
1892 694 2174 747 lectorem

532 776 799 844 Optatum
828 779 979 832 clero
1007 780 1282 835 duntaxat
1311 783 1638 853 proximum
1667 800 1786 838 esse
1816 784 1971 853 dicit,
2000 786 2175 841 inter-

533 885 646 939 que
678 886 772 923 eos
803 880 1063 928 numerat
1104 874 1200 945 qui
1227 876 1296 930 ad
1331 876 1550 931 clerum
1592 878 1961 948 parabantur.
2001 881 2069 934 Et
2112 881 2172 934 in

534 964 788 1033 epistolis
810 966 933 1036 ejus
959 968 1047 1021 vel
1073 969 1205 1024 cleri
1232 970 1486 1038 nomine,
1516 972 1603 1025 vel
1630 972 1701 1025 ad
1726 973 1966 1040 clerum,
1998 974 2167 1045 datis,

532 1074 819 1129 nusquam
882 1063 1129 1117 occurrit
1187 1063 1431 1118 aliorum
1496 1066 1711 1120 mentio
1781 1072 2172 1139 praeterquam

533 1152 1005 1223 presbyterorum
1047 1161 1215 1227 atque
1250 1158 1645 1214 diaconorum.
1686 1161 1819 1225 Quis
1859 1178 1976 1215 non
2015 1163 2170 1218 videt

535 1261 710 1316 quam
740 1248 874 1302 cleri
909 1251 1142 1304 nomine
1171 1267 1322 1306 nunc
1349 1254 1529 1307 laxius
1570 1259 1779 1317 utatur,
1822 1272 1973 1310 nunc
2008 1257 2168 1311 stric-

532 1339 663 1407 tius,
709 1358 815 1412 pro
874 1359 1034 1397 more
1088 1346 1296 1415 saeculi,
1354 1352 1419 1402 ut
1472 1348 1567 1419 qui
1606 1366 1722 1402 uno
1760 1366 1929 1404 sensu
1980 1350 2168 1405 clerici

534 1434 929 1505 appellantur,
977 1437 1121 1505 sint,
1169 1440 1239 1493 ad
1287 1440 1425 1494 alios
1469 1441 1514 1495 si
1560 1442 1957 1511 conferantur,
2014 1444 2168 1499 laicis

535 1529 908 1583 accensendi?
951 1532 1104 1586 Idem
1147 1534 1216 1587 de
1246 1535 1656 1591 recentioribus
1698 1537 1957 1592 Ecclesiae
2000 1556 2166 1592 cano-

534 1621 704 1675 nibus
744 1625 1046 1680 observare
1094 1632 1448 1698 poteramus.
1497 1630 1607 1684 Sed
1646 1648 1748 1685 nos
1789 1632 1856 1685 de
1901 1632 2166 1703 Cypriani

533 1718 909 1788 temporibus,
943 1726 1042 1775 aut
1070 1721 1240 1775 etiam
1274 1724 1711 1794 antiquioribus,
1746 1727 2164 1796 imprcesentia-

533 1827 662 1865 rum
695 1829 867 1883 agere
898 1815 1315 1871 constituimus.

604 1906 634 1977 ξ
668 1910 749 1961 l3.
782 1928 848 1947 -‘-
876 1910 969 1962 Est
997 1910 1168 1964 etiam
1202 1911 1593 1967 observatione
1624 1913 1835 1984 dignus
1867 1931 1986 1969 mos
2020 1916 2167 1970 illius

530 2001 721 2055 sreculi
771 2002 828 2055 in
878 2002 1261 2072 legationibus
1316 2007 1719 2062 ecclesiasticis.
1782 2010 1953 2064 Erant
2008 2011 2166 2064 enim

532 2095 849 2164 dignitatis,
883 2102 1005 2151 tum
1034 2115 1233 2152 eorum
1266 2117 1298 2153 a
1325 2100 1551 2171 quibus,
1584 2106 1705 2156 tum
1743 2103 1817 2156 ad
1842 2119 1987 2174 quos
2026 2104 2165 2158 mit-

534 2192 813 2256 terentur,
862 2190 1369 2248 observantissimi.
1421 2195 1605 2249 Prima
1652 2196 1915 2267 Cypriani
1960 2197 2166 2267 legatio

531 2281 602 2336 ad
640 2283 921 2338 Romanos
959 2302 1065 2356 per
1095 2285 1480 2342 Clementium
1510 2288 1967 2360 hypodiaconum
1995 2291 2168 2346 missa

531 2379 644 2442 est;
699 2377 861 2447 cujus
916 2378 1271 2434 mentionem
1325 2381 1600 2437 habemus
1646 2384 1808 2455 epist.
1856 2387 1909 2448 3,
1963 2385 2015 2451 4,
2074 2387 2162 2441 15.

531 2471 791 2526 Secunda
838 2471 960 2526 haec
1006 2476 1090 2527 est
1135 2475 1205 2529 ad
1243 2475 1459 2531 clerum
1509 2478 1824 2532 Romanum
1868 2495 1971 2550 per
2002 2479 2165 2535 Satu-

530 2580 661 2620 rum
690 2564 961 2621 lectorem
984 2569 1366 2640 Optatumque
1391 2570 1875 2642 hypodiaconum.
1914 2573 2168 2628 Meminit

529 2659 638 2713 hac
684 2659 805 2730 ipsa
854 2661 1016 2730 epist.
1068 2665 1135 2716 29
1174 2668 1229 2717 et
1269 2667 1356 2719 32.
1399 2666 1603 2734 Tertia,
1647 2666 1718 2720 ad
1751 2667 2019 2721 eumdem
2052 2668 2163 2721 cle-

531 2769 663 2807 rum
718 2769 819 2824 per
878 2756 1259 2811 Fortunatum
1311 2758 1793 2829 bypodiaconum,
1850 2762 2011 2831 epist.
2074 2764 2164 2817 30.

529 2849 746 2911 Quarta
773 2849 1068 2903 Novatiani
1102 2851 1169 2904 ad
1202 2851 1553 2922 Cyprianum
1583 2853 1651 2907 de
1678 2854 2037 2910 ordinatione
2065 2873 2167 2911 sua

531 2957 639 3011 per
674 2942 983 2997 Maximum
1026 2944 1442 3014 presbyterum,
1480 2952 1536 3001 et
1578 2949 1924 3018 Augendum
1971 2949 2163 3003 diaco-

530 3048 694 3103 num,
724 3037 1036 3091 Machaeum
1064 3038 1240 3092 etiam
1269 3040 1581 3110 quemdam
1612 3045 1783 3112 atque
1823 3043 2162 3113 Longinum,

2273 521 2436 573 num,
2466 507 2776 571 Lucanum,
2802 504 3107 559 Maximum
3134 509 3190 559 et
3216 504 3535 559 Amantium
3567 505 3824 577 acolythus,

2276 600 2439 670 epist.
2476 602 2562 666 78,
2605 602 2692 666 79,
2726 601 2812 653 80.
3820 590 3831 597 ’

2346 693 2375 765 §
2410 695 2493 746 14.
2518 724 2586 732 --
2613 693 2867 747 Notanda
2895 696 3083 748 autem
3113 693 3209 747 illa
3235 691 3491 764 Cypriani
3518 694 3669 749 verba
3694 710 3705 749 :
3733 716 3755 744 ‹‹
3779 699 3831 753 Et

2274 788 2547 858 quoniam
2595 786 2850 857 oportuit
2880 803 2969 842 me
3015 803 3115 857 per
3141 787 3376 841 clericos
3424 787 3717 857 scribere,»
3744 795 3825 845 etc.

2274 883 2349 936 Ex
2376 882 2583 953 quibus
2613 885 2850 948 constat,
2877 898 2979 952 pro
3000 882 3189 935 saeculi
3212 881 3365 935 illius
3384 882 3830 952 more,1egati0ues

2274 975 2673 1029 ecclesiasticas
2722 992 2836 1029 non
2892 975 3013 1030 aliis
3063 991 3235 1046 quam
3286 975 3499 1032 clericis
3548 976 3697 1030 fuisse
3741 994 3832 1031 cre-

2273 1068 2510 1122 dendas.
2556 1068 2618 1123 Id
2658 1068 2871 1122 factum
2915 1068 3157 1123 fortasse
3205 1073 3506 1140 propterea
3547 1085 3646 1140 quo
3688 1070 3832 1140 major

2270 1162 2409 1217 ﬁdes
2456 1162 2671 1216 nuntiis
2721 1162 2871 1217 ultro
2922 1162 3180 1233 citroque
3227 1162 3536 1217 referendis
3577 1164 3829 1218 accederet.

2272 1254 2333 1310 Id
2380 1255 2509 1310 tulit
2554 1258 2707 1309 certe
2753 1256 3051 1326 aegerrime
3101 1256 3439 1327 Cyprianus,
3485 1272 3605 1310 cum
3639 1255 3830 1327 epist.3

2270 1350 2406 1404 cleri
2474 1350 2712 1404 Romani
2776 1355 3095 1420 suspectam
3162 1350 3428 1417 haberet,
3492 1349 3719 1405 laborare
3776 1349 3836 1404 ita

2270 1444 2524 1515 epistolas
2551 1444 2773 1498 clericze
2794 1444 2992 1511 fidem,
3021 1460 3093 1499 ne
3125 1444 3426 1499 mendacio
3451 1444 3667 1498 fortasse
3685 1443 3832 1515 aliqua

2270 1540 2328 1591 et
2365 1538 2566 1592 fraude
2614 1544 2883 1610 corrupta
2920 1545 3082 1593 esset.
3129 1539 3253 1593 Scio
3296 1539 3556 1610 equidem
3598 1538 3839 1609 epistolam

2268 1632 2531 1686 clericam
2552 1638 2664 1686 tam
2694 1633 2883 1687 vocari
2916 1650 3075 1703 posse
3101 1632 3256 1687 illam
3283 1649 3413 1703 quae
3432 1650 3464 1686 a
3482 1633 3616 1685 clero
3631 1633 3833 1685 Romano

2266 1726 2474 1795 scripta
2502 1728 2651 1779 esset
2677 1728 2846 1797 (epist
2875 1728 2948 1797 4),
2993 1743 3169 1797 quam
3211 1744 3335 1797 quas
3366 1725 3662 1783 Clementio
3689 1726 3831 1796 hypo-

2187 1796 2243 1867 Β
2270 1819 2525 1885 diacono,
2584 1796 2693 1890 ipsi
2734 1796 2963 1891 quoque
3012 1796 3238 1888 clerico,
3282 1821 3471 1891 legato
3515 1821 3715 1874 tradita.
3754 1818 3833 1873 Sed

2267 1930 2400 1968 vero
2433 1914 2619 1968 nuntii
2661 1914 2768 1968 hoc
2807 1914 2866 1968 in
2898 1916 3021 1969 loco
3059 1914 3198 1970 ﬁdes
3238 1914 3432 1983 solius,
3477 1930 3589 1969 non
3620 1913 3735 1969 item
3767 1914 3837 1966 illa

2266 2007 2656 2075 scribentium,
2708 2008 2770 2062 in
2815 2007 3052 2062 dubium
3104 2011 3302 2063 vocata
3352 2012 3458 2063 est.
3508 2009 3644 2078 Ergo
3691 2006 3835 2061 clerici

2267 2107 2432 2157 erant
2456 2102 2539 2155 illi
2568 2118 2797 2173 quoque
2832 2103 3018 2172 legati
3055 2102 3123 2156 de
3153 2118 3401 2174 quorum
3428 2102 3686 2173 dignitate
3713 2100 3839 2155 aliter

2266 2211 2384 2250 non
2412 2199 2654 2250 constat.
2695 2197 2764 2249 Et
2803 2195 3070 2266 acolythi,
3113 2202 3169 2251 et
3206 2197 3252 2250 si
3284 2196 3385 2266 qui
3420 2196 3515 2249 alii
3554 2195 3837 2249 inferiorum

2267 2289 2535 2344 ordinum
2563 2289 2830 2356 ministri,
2856 2290 3179 2361 legationes
3210 2289 3482 2357 obierint,
3513 2289 3630 2344 illos
3655 2304 3839 2360 quoque

2265 2383 2420 2437 inter
2436 2383 2692 2446 clericos,
2717 2383 2823 2438 hoc
2844 2384 2967 2454 ipso
2989 2384 3161 2439 etiam
3182 2388 3550 2454 argumento,
3568 2388 3841 2438 numeratos

2264 2477 2437 2531 fuisse
2468 2493 2699 2531 necesse
2730 2480 2835 2532 est.
2875 2478 3112 2531 Notatur
3144 2476 3315 2531 etiam
3354 2477 3620 2548 plurimas
3650 2475 3839 2546 legatio-

2266 2586 2369 2626 nes
2421 2571 2642 2625 duobus
2697 2571 2897 2642 legatis
2950 2572 3124 2626 fuisse
3178 2571 3527 2637 commissas,
3578 2568 3839 2641 praesertim

2266 2665 2705 2719 transmarinas.
2737 2665 2899 2728 Quod
2939 2666 3095 2719 enim
3135 2664 3479 2720 Novatianus
3511 2668 3731 2736 quatuor
3760 2661 3840 2715 mi-

2267 2760 2424 2829 serit,
2456 2760 2511 2813 id
2540 2758 2958 2814 benevolentize
2985 2759 3285 2830 captandas
3316 2758 3501 2830 gratia
3530 2758 3716 2812 factum
3751 2772 3841 2809 esse

2268 2853 2567 2926 probabile
2611 2857 2713 2907 est.
2768 2853 2920 2907 Idem
2947 2853 3184 2907 fortasse
3219 2854 3289 2907 de
3328 2853 3617 2924 legatione
3650 2851 3710 2905 ad
3734 2866 3843 2904 mar-

2270 2956 2420 3019 tyres
2446 2946 2841 3013 statuendum,
2876 2952 3125 3017 quatuor
3150 2946 3274 3001 illos
3300 2948 3521 3018 legatos
3548 2946 3630 3000 vel
3653 2946 3702 2999 in
3727 2959 3841 2997 mar-

2267 3049 2458 3113 tyrum
2492 3042 2774 3095 honorem
2802 3057 2922 3095 esse
2948 3040 3170 3110 missos,
3204 3041 3289 3097 vel
3318 3042 3473 3112 quod
3493 3041 3651 3094 variis
3667 3039 3715 3094 in
3737 3036 3843 3092 locis

533 3130 631 3201 qui
676 3131 837 3201 cujus
887 3131 1098 3185 ordinis
1148 3133 1365 3187 fuerint
1407 3152 1521 3188 non
1573 3141 1811 3203 constat,
1859 3137 2020 3207 epist.
2076 3139 2163 3191 41.
2188 3167 2242 3240 C
2270 3141 2546 3207 martyres
2576 3135 2869 3189 constituti
2909 3142 3115 3203 essent,
3158 3135 3241 3189 vel
3271 3151 3385 3205 quo
3415 3136 3600 3206 plures
3630 3134 3844 3187 adessent

527 3224 737 3286 Quinta
766 3225 1037 3295 Cypriani
1064 3244 1192 3281 cum
1234 3228 1449 3297 synodo
1480 3229 1549 3282 ad
1591 3230 1993 3299 explorandam
2031 3232 2162 3285 Cor-

528 3317 664 3370 nelii
696 3319 1118 3373 ordinationem
1160 3339 1262 3392 per
1299 3321 1636 3377 Caldonium
1682 3327 2165 3395 Fortunatumque

528 3410 841 3483 episcopos,
875 3413 1037 3483 epist.
1084 3416 1172 3482 41,
1206 3417 1293 3481 42,
1325 3418 1412 3470 45.
1462 3419 1629 3471 Sexta
1669 3418 1938 3488 Cypriani
1985 3418 2165 3488 priva-

527 3504 634 3558 tim
689 3506 762 3559 ad
814 3507 1145 3565 Cornelium
1195 3526 1295 3579 per
1339 3510 1694 3565 Primitivum
1740 3512 2160 3582 presbyterum,

529 3597 693 3668 epist.
730 3601 821 3654 41.
857 3601 1109 3671 Septima
1157 3603 1412 3673 ejusdem
1449 3604 1518 3657 ad
1567 3605 1832 3659 eumdem
1880 3622 1981 3676 per
2026 3608 2160 3661 Met-

528 3691 674 3746 tium
721 3694 1221 3767 hypodiaconum,
1270 3702 1327 3751 et
1368 3698 1757 3768 Nicephorum
1803 3700 2161 3769 acolythum,

527 3787 693 3857 epist.
743 3790 832 3857 42,
884 3791 975 3858 43,
1022 3792 1110 3844 44.
1154 3791 1359 3846 Octava
1408 3792 1650 3846 Cornelii
1696 3793 1765 3846 ad
1814 3792 2161 3863 Cyprianum

525 3897 629 3951 per
652 3884 997 3953 Augendum
1043 3886 1449 3951 confessorem,
1498 3886 1658 3957 epist.
1708 3888 1795 3941 48.
1847 3887 2030 3950 Quem
2080 3892 2161 3941 ta-

528 3992 664 4030 men
694 3977 786 4031 ille
832 3979 1019 4032 locum
1064 3978 1121 4032 in
1164 3980 1412 4034 Ecclesia
1450 3980 1762 4035 obtinuerit
1804 3997 1918 4035 non
1957 3981 2158 4052 liquet.

525 4069 679 4121 Noua
708 4071 1021 4124 Autoniani
1064 4072 1137 4125 ad
1172 4074 1519 4143 Cyprianum
1555 4091 1654 4144 per
1692 4074 1965 4138 Quintum
2011 4091 2165 4145 pres-

524 4161 825 4231 byterum,
877 4164 1040 4234 epist.
1097 4169 1182 4218 52.
1236 4168 1463 4220 Decima
1515 4168 1758 4221 Cornelii
1806 4168 1878 4222 ad
1926 4168 2160 4239 Cypria-

528 4270 669 4307 num
699 4272 800 4324 per
835 4257 1105 4311 Saturum
1136 4259 1481 4329 acolythum,
1514 4261 1677 4330 epist.
1721 4266 1805 4314 55.
1848 4262 2163 4316 Undecima

525 4348 795 4418 Cypriani
824 4350 895 4403 ad
920 4352 1252 4406 Cornelium
1288 4369 1395 4422 per
1424 4353 1768 4408 Feliciunum
1807 4355 2158 4426 acolythnm,

526 4442 626 4513 Ep.
656 4444 780 4498 cad.
813 4444 1151 4499 Duodecima
1191 4446 1483 4517 Pomponii
1527 4447 1775 4519 episcopi
1819 4448 1892 4503 ad
1938 4448 2163 4520 Cypria-

2268 3230 2402 3283 tidei
2448 3232 2618 3283 testes
2660 3228 2718 3282 in
2760 3228 3019 3282 Ecclesiae
3051 3228 3435 3298 eleemosynis
3476 3224 3842 3282 distribuendis.

2265 3325 2440 3379 Erant
2497 3323 2674 3388 enim,
2733 3321 2790 3376 in
2835 3323 2932 3376 illa
2982 3322 3153 3377 etiam
3199 3328 3392 3390 astate,
3443 3322 3643 3393 alioqui
3690 3333 3842 3383 aurea,

2265 3418 2428 3471 malae
2467 3416 2605 3470 ﬁdei
2635 3417 2900 3486 exempla
2936 3415 2995 3470 in
3031 3431 3093 3470 re
3127 3416 3483 3487 pecuniaria.
3522 3415 3657 3469 Talis
3679 3413 3842 3479 fuerat,

2264 3510 2322 3565 in
2352 3512 2474 3581 ipsa
2514 3510 2684 3565 etiam
2716 3510 2967 3564 Ecclesia
2999 3508 3206 3565 Alriex
3235 3526 3269 3563 a
3304 3527 3324 3579 ι·
3346 3509 3605 3580 resbyter
3634 3509 3844 3567 Novatus,

2266 3605 2430 3675 epist.
2477 3606 2565 3659 49.
2600 3604 2751 3658 Talis
2798 3602 3195 3670 Felicissimus,
3228 3603 3396 3673 epist.
3444 3606 3529 3659 38‘.
3556 3602 3687 3657 Talis
3721 3598 3848 3654 deui-

2265 3716 2373 3769 que
2434 3698 2584 3769 (quis
2632 3698 2937 3767 crederet!)
2985 3698 3332 3751 Nicostratus
3378 3698 3499 3770 ipse
3543 3697 3784 3751 diaconus
3807 3696 3846 3744 et

2265 3792 2570 3861 confessor,
2613 3791 2775 3861 epist.
2817 3793 2904 3859 48,
2939 3793 3027 3846 49.
3076 3792 3137 3845 Id
3182 3791 3358 3846 etiam
3410 3789 3846 3845 animadversione

2266 3886 2530 3957 dignum,
2576 3885 2932 3956 praecipuum
2964 3886 3305 3957 plerumque
3346 3887 3660 3957 legatorum
3702 3884 3845 3953 hypo-

2264 3980 2562 4034 diacouum
2610 3979 2805 4043 fuisse,
2850 3996 2951 4033 nec
2994 3996 3123 4033 cum
3168 3980 3417 4050 gradum
3456 3978 3747 4034 excessisse.
3784 3975 3845 4027 Ita

2260 4074 2369 4128 fuit
2407 4074 2465 4127 in
2507 4073 2815 4144 legatione,
2848 4073 3051 4144 prima,
3085 4075 3355 4141 secunda,
3405 4074 3587 4141 tertia,
3630 4076 3845 4143 septima,

2262 4174 2421 4223 sexta
2489 4166 2736 4221 decima.
2800 4167 2960 4231 Quod
3001 4167 3046 4221 si
3086 4168 3397 4238 aliquando
3444 4166 3688 4239 superior
3725 4161 3844 4235 quis-

2262 4261 2418 4334 piam
2454 4262 2526 4315 sit
2559 4260 2784 4328 missus,
2813 4260 2871 4315 id
2914 4264 3048 4315 tunc
3091 4261 3441 4333 plerumque
3484 4260 3711 4331 contigit
3747 4270 3844 4310 cum

2266 4354 2464 4410 unicus
2493 4354 2842 4421 mitteretur,
2876 4361 2937 4409 ut
2964 4355 3194 4409 numeri
3216 4355 3504 4410 defectum
3534 4355 3607 4409 ita
3633 4363 3844 4424 persona

2264 4448 2540 4521 dignitate
2592 4452 3050 4520 compensarent.
3107 4450 3190 4503 Ita
3250 4449 3308 4504 in
3371 4449 3670 4521 legatione,
3716 4458 3844 4505 noua.

525 4553 667 4591 num
691 4554 820 4592 cum
848 4539 1062 4610 synodo
1095 4556 1196 4610 per
1222 4541 1535 4595 Paconium
1566 4542 1824 4610 fratrem,
1859 4542 2023 4613 epist.
2054 4546 2118 4597 6'2
2141 4560 2157 4611 ;
2182 4534 2241 4606 D
2264 4546 2467 4614 quarta
2512 4541 2751 4608 decima,
2786 4543 2983 4613 quinta
3014 4541 3256 4598 decima.
3302 4544 3466 4607 Quod
3510 4544 3667 4597 aliter
3691 4539 3843 4608 singu-

523 4631 620 4686 sed
674 4649 778 4687 nec
827 4634 952 4704 ejus
997 4633 1244 4705 dignitas
1288 4642 1660 4690 memoratur.
1708 4637 1898 4691 Tertia
1943 4636 2167 4691 decima

522 4728 903 4783 Ecclesiarum
929 4729 1305 4784 Asturicensis
1333 4735 1389 4783 et
1420 4731 1783 4784 Emeritensis
1816 4747 1918 4801 per
1946 4731 2166 4800 episco-

522 4838 628 4892 pos
685 4837 818 4875 suos
871 4822 1111 4876 Felicem
1168 4826 1223 4876 et
1280 4823 1574 4889 Sabinum,
1627 4824 1792 4893 epist.
1841 4827 1931 4891 68,
1981 4824 2040 4877 in
2099 4839 2165 4877 ea

523 4931 695 4970 causa
733 4932 848 4986 qua
890 4916 962 4970 de
1004 4916 1123 4986 ipso
1164 4916 1354 4971 fuerat
1393 4917 1717 4987 episc0patu
1760 4918 2164 4988 disceptatum.

524 5010 828 5079 Subrogati
892 5010 1050 5063 enim
1112 5017 1274 5066 erant
1335 5011 1393 5064 hi
1458 5012 1516 5064 iu
1578 5012 1732 5065 locos
1795 5011 2061 5065 Martialis
2112 5016 2168 5066 et

524 5102 782 5156 Basilidis
839 5104 1318 5159 Libellaticorum.
1373 5104 1585 5168 Quarta
1634 5105 1856 5159 decima
1906 5122 1918 5156 :
1961 5104 2157 5168 Quinti

525 5195 776 5266 episcopi
826 5198 1179 5252 Mauritania:
1224 5199 1297 5252 ad
1334 5198 1681 5269 Cyprianum
1713 5199 2016 5269 primatem
2060 5216 2162 5270 per

526 5288 840 5344 Lucianum
894 5292 1044 5345 forte
1100 5292 1524 5362 presbyterum,
1582 5292 1746 5361 epist.
1809 5296 1897 5346 71.
1955 5292 2169 5355 Quinta

525 5381 748 5435 decima
782 5400 794 5437 :
828 5384 1110 5453 Cypriani,
1159 5385 1260 5439 sed
1292 5384 1487 5453 totius,
1531 5391 1591 5437 ut
1626 5384 1863 5447 videtur,
1900 5385 2167 5438 Ecclesiae

522 5474 802 5530 Africanas
829 5477 1085 5547 nomine,
1115 5478 1187 5532 ad
1217 5478 1609 5532 Firmiliauum
1653 5478 2025 5548 Cappadociae
2057 5479 2170 5548 pri-

530 5570 802 5638 marium,
834 5574 899 5624 ut
940 5570 1187 5639 videtur,
1230 5571 1583 5642 episc0pum,
1630 5589 1735 5642 per
1780 5572 2164 5642 Rogatiauum

530 5664 859 5734 diaconum,
897 5664 1062 5736 epist.
1085 5669 1151 5718 75
1195 5665 1366 5719 Sexta
1394 5665 1916 5720 decimaz'l‘andem
1936 5667 2168 5720 eadem-

525 5775 635 5828 que
669 5759 877 5814 ultima
902 5758 1167 5831 Cypriani
1196 5758 1375 5830 ipsius
1406 5759 1464 5813 in
1494 5760 1692 5814 exsilio
1715 5760 1835 5829 jam
1872 5758 2166 5813 constituti

522 5852 591 5906 ad
621 5854 865 5925 collegas
897 5854 1097 5910 itidem
1128 5853 1421 5926 episcopos
1449 5853 1803 5924 eosdemque
1832 5851 1890 5905 in
1925 5853 2170 5908 metallis

2268 4637 2455 4691 lorum
2485 4635 2740 4702 nomina,
2772 4635 2948 4690 etiam
2977 4635 3258 4690 inferioris
3297 4637 3536 4704 ordinis,
3564 4636 3844 4695 habeamus,

2267 4747 2384 4784 non
2439 4734 2523 4785 est
2575 4732 2766 4783 tamen
2817 4732 3042 4784 certum
3089 4729 3349 4795 singulos
3403 4731 3674 4785 duntaxat
3717 4724 3847 4779 fuisse

2271 4824 2495 4878 missos.
2561 4823 2717 4877 Idem
2781 4823 3047 4892 obtinuit,
3105 4840 3220 4878 non
3286 4824 3659 4895 legationibus
3714 4816 3845 4873 modo

2270 4915 2684 4985 transmarinis,
2719 4916 2819 4970 sed
2869 4922 2926 4970 et.
2971 4916 3027 4970 in
3073 4916 3181 4971 illis
3229 4934 3456 4989 quoque
3501 4934 3626 4989 qua:
3667 4910 3845 4985 provin-

2271 5009 2500 5064 cialium
2539 5014 2726 5063 essent
2762 5009 3161 5080 episcoporum
3208 5012 3277 5065 ad
3318 5011 3724 5082 provinciarum
3763 5001 3849 5075 pri-

2271 5110 2504 5170 matem,
2537 5103 2724 5174 qualis
2751 5106 2873 5158 erat
2893 5103 3104 5174 legatio
3127 5104 3221 5159 illa
3249 5110 3452 5176 quarta
3475 5104 3699 5159 decima.
3723 5092 3845 5161 Ουοά

2270 5214 2402 5251 vero
2465 5196 2713 5267 episcopi
2776 5196 2881 5266 ipsi
2944 5197 3293 5268 legationem
3359 5198 3620 5263 obierint,
3677 5196 3846 5249 factum

2268 5290 2327 5344 id
2379 5306 2493 5344 non
2542 5295 2626 5344 est
2664 5289 2774 5343 nisi
2820 5289 3130 5358 rarissime,
3184 5291 3478 5362 causisque
3520 5287 3711 5360 alioqui
3752 5298 3848 5355 gra-

2270 5383 2535 5438 vissimis.
2587 5385 2649 5437 In
2690 5383 2982 5455 legatione
3031 5384 3199 5439 tertia
3242 5385 3478 5452 decima,
3510 5399 3667 5438 causa
3701 5374 3846 5433 mani-

2272 5477 2421 5532 festa
2451 5480 2553 5532 est.
2593 5478 2649 5530 In
2682 5478 2884 5548 quinta
2925 5478 3102 5532 etiam
3144 5478 3349 5533 facilis.
3382 5481 3510 5534 Erat
3549 5476 3693 5531 enim
3733 5473 3849 5526 inter

2272 5568 2564 5642 episcopos
2623 5569 3057 5642 disceptandum
3112 5572 3435 5627 Cornelium
3494 5574 3655 5641 atque
3711 5567 3850 5621 Nova-

2272 5665 2515 5727 tianum,
2550 5666 2682 5719 Erat
2704 5665 2878 5719 etiam
2907 5664 2979 5720 de
3009 5664 3210 5720 litteris
3238 5665 3490 5721 formatis
3517 5664 3572 5718 iu
3598 5663 3849 5735 posterum

2274 5758 2476 5813 dandis
2504 5759 2838 5827 cavendum,
2887 5776 3129 5831 quarum
3168 5777 3341 5816 omne
3378 5756 3755 5814 commercium
3778 5751 3847 5805 in-

2271 5856 2360 5907 ter
2413 5852 2554 5909 alios
2608 5869 2722 5907 non
2775 5858 2901 5909 erat
2948 5871 3126 5927 quam
3183 5855 3487 5927 episcopos.
3540 5849 3672 5916 Quid
3724 5846 3847 5921 quod
