4082 6194
272 199 410 254 1149

1418 212 1502 267 DE
1530 214 1613 269 PR
1624 215 1986 272 ESBYTERIS
2011 218 2452 274 DOCTORIBUS.

3495 223 3628 277 H50

268 326 475 398 synodi
530 328 810 385 Africana
861 331 1032 387 etiam
1078 332 1268 389 missae
1299 337 1451 405 sunt,
1507 343 1560 393 et
1606 340 1680 394 ad
1732 357 2093 430 syno-Aros
2125 346 2351 399 Bassum
2380 351 2435 399 et
2461 346 2883 416 Appollonium,
2927 353 2982 402 et
3003 346 3304 401 diaconum
3337 347 3633 402 Sotionem

272 420 434 488 dum,
469 423 777 493 provinciae
828 426 1100 482 nimirum
1140 429 1451 502 episcopos,
1477 434 1545 487 ad
1599 451 1742 505 quos
1770 454 1895 507 spe-

269 515 459 570 ctabat
510 518 761 589 episcopi
824 521 1067 575 Romani
1114 524 1418 580 ordinatio.
1475 528 1683 599 Synodi
1740 532 1899 586 enim

270 609 533 679 nomine,
564 612 643 665 uti
697 629 728 665 a
769 615 1067 684 gentilium
1093 633 1194 671 usu
1251 620 1322 673 ad
1370 620 1720 679 Christianos
1745 642 1900 680 ema—

270 703 449 772 navit,
498 706 852 761 sacerdotum
905 709 1140 780 collegia
1183 728 1424 785 quaeque
1472 715 1586 770 sive
1638 718 1898 774 fraterni-

267 802 417 852 tates
467 800 846 871 appellantur,
888 803 1001 857 sive
1047 805 1104 859 in
1137 808 1524 877 conventibus,
1567 811 1682 867 sive
1723 813 1897 869 etiam

268 890 501 962 singuli.
529 894 644 947 Nec
664 893 869 948 desunt
895 896 1064 951 etiam
1093 900 1244 970 apud
1272 902 1573 957 Ecclesiam
1623 905 1795 976 hujus
1822 907 1895 961 si-

265 985 646 1055 gniﬁcationis
667 988 941 1060 exempla,
963 991 1007 1046 si
1028 992 1082 1046 id
1102 993 1619 1064 impraesentiarum
1639 1016 1892 1070 agerem.

341 1079 488 1150 §15.
521 1082 601 1134 lta
645 1083 873 1152 quidem
914 1101 974 1138 se
1004 1102 1093 1140 res
1150 1088 1349 1144 habuit
1398 1091 1673 1162 legatoria
1728 1100 1896 1151 zetate

265 1174 550 1244 Cypriani.
577 1176 749 1230 Erant
769 1177 945 1233 etiam
974 1182 1265 1236 nonnullas
1303 1184 1580 1255 Cypriane
1610 1188 1893 1259 antiquio-

269 1282 360 1321 res
387 1267 704 1339 legationes
736 1272 810 1325 ad
843 1274 1106 1329 eamdem
1136 1276 1383 1332 formam
1431 1296 1738 1352 expressae.
1791 1285 1893 1338 Le-

269 1370 437 1430 gatus
499 1362 569 1416 ab
637 1365 959 1420 Alexandro
1050 1369 1557 1443 Hierosolymitano
1636 1377 1892 1432 antistite

269 1455 497 1523 Euseb.,
553 1460 691 1513 Hist.
738 1462 958 1529 Ecclcs.,
989 1479 1068 1530 vi,
1124 1464 1209 1534 11)
1241 1467 1439 1522 missus
1485 1473 1570 1523 est
1629 1471 1893 1526 Ecclesiae

2003 450 2191 489 secum
2225 435 2392 488 fuisse
2436 436 2715 505 Smyrnae.
2751 438 2933 504 Rogat
2973 437 3067 491 ille
3093 438 3303 508 saepius
3342 437 3633 502 Ecclesias,

2004 529 2066 579 ut
2089 527 2341 596 legatum
2367 525 2614 596 aliquem
2644 527 2945 581 mitterent
2964 528 3364 581 conﬁrmandte
3384 527 3497 581 sedi
3521 544 3636 580 suae

2000 615 2373 669 Antiochenaz
2430 615 2695 686 episcopo
2754 616 3062 671 destitutae.
3121 619 3278 671 [tunc
3343 618 3442 671 ille
3486 632 3636 670 nunc

2006 711 2275 788 οεοδρὸμον
2335 710 2583 781 appellat
2637 711 2757 780 (Ep.
2807 711 2882 764 ad
2930 712 3230 780 Polycarp.
3277 712 3309 781 ξ
3353 711 3444 780 7),
3487 726 3639 764 nunc

1999 815 2390 891 θεοπρεσϐευτὴν
2454 816 2574 884 (Ep.
2613 814 2686 867 ad
2730 812 2953 881 Smyrn.
3006 814 3111 883 11),
3172 813 3333 883 cujus
3370 812 3638 866 meminit

2000 912 2171 967 etiam
2223 912 2282 966 in
2332 914 2432 984 Ep.
2495 913 2566 967 ad
2616 913 3006 984 Philippenses
3059 912 3427 981 Polycarpus.
3478 913 3632 975 Quos

1998 1019 2129 1056 vero
2158 1002 2267 1055 illae
2325 1003 2543 1073 legatos
2594 1001 2949 1070 destinariut,
3000 1000 3249 1055 ostendit
3293 1000 3445 1053 idem
3500 1016 3632 1053 san-

1996 1090 2277 1145 ctissimus
2343 1096 2565 1163 martyr
2627 1092 2880 1163 lgnatius
2931 1091 2991 1143 in
3044 1091 3146 1161 Ep.
3206 1088 3281 1142 ad
3355 1087 3639 1142 Philadel-

1996 1180 2267 1252 phienses
2320 1198 2333 1236 ε
2390 1188 2451 1237 Αἰ
2520 1182 2715 1257 ἓγγστα
2779 1179 3023 1252 (inquit)
3069 1182 3333 1241 ἐκκλησίαι
3405 1178 3634 1253 ἔπεμψαν

1996 1288 2320 1349 ὲπίσκόπους,
2414 1287 2469 1335 σὶ
2557 1279 2612 1335 δέ
2716 1280 3090 1357 πρεσϐυτερους
3176 1285 3261 1332 καί
3376 1276 3638 1340 ὃιακὸνους

1997 1384 2117 1455 (Ep.
2150 1385 2224 1439 ad
2260 1384 2611 1453 Philudelph.
2639 1382 2669 1453 §
2702 1381 2805 1451 l0).
2854 1381 3177 1452 Dubitaque
3211 1380 3269 1435 in
3302 1397 3429 1434 eam
3464 1396 3636 1450 quam

1997 1478 2244 1533 diximus
2272 1478 2345 1532 ad
2378 1478 2775 1547 Philippenses
2820 1474 3068 1545 Epistula
3096 1475 3220 1545 ipse
3271 1475 3638 1545 Polycarpus,

269 1550 633 1605 Antiochense
674 1553 845 1608 totius
888 1556 1063 1626 Syria:
1108 1559 1395 1629 primariae
1454 1563 1565 1634 (cui
1617 1570 1673 1619 et
1705 1566 1894 1621 Judwa
1992 1573 2190 1644 ipsene
2222 1571 2577 1644 legationem
2609 1570 2812 1637 obiret,
2846 1588 2919 1623 an
2945 1570 3123 1623 alium
3159 1568 3347 1639 potius
3378 1568 3636 1621 mitteret

263 1644 537 1699 attributa
563 1646 665 1715 est)
696 1648 957 1704 Clemens
981 1652 1394 1709 Alexandrinus
1436 1658 1759 1729 presbyter,
1792 1662 1889 1716 sed

1999 1668 2285 1738 legatum.
2320 1669 2403 1721 Ita
2430 1682 2549 1719 non
2582 1669 2703 1718 erat
2731 1681 2764 1717 a
2807 1663 2932 1718 loco
2965 1663 3132 1717 etiam
3157 1661 3461 1734 episcopali
3491 1661 3631 1714 alie-

262 1736 434 1790 solus.
464 1739 648 1793 Plaute
682 1742 752 1795 ad
799 1746 1130 1815 exemplum
1170 1748 1478 1819 legationis
1523 1755 1751 1823 quartae
1803 1734 1977 1810 de-B
2005 1734 2141 1815 num
2172 1765 2235 1814 ut
2280 1760 2385 1830 ipsi
2420 1758 2781 1829 legationum
2828 1772 3063 1811 munere
3091 1756 3491 1826 fungerentur.
3551 1756 3633 1808 Ex

264 1830 450 1886 cimae.
522 1834 763 1904 Legatus
826 1840 949 1893 erat
1030 1845 1352 1912 martyrum
1424 1844 1901 1916 Lugdunensium

263 1925 789 2000 Viennensiumque
832 1931 905 1986 ad
930 1933 1300 1990 Eleutherum
1328 1938 1655 1994 Romanum
1713 1942 1902 2012 ponti-

262 2018 432 2073 ﬁcem
479 2022 779 2094 presbyter
822 2026 1070 2081 Irenaeus
1118 2029 1245 2100 (nec
1277 2031 1432 2085 enim
1473 2039 1557 2087 est
1598 2035 1755 2105 quod
1782 2036 1901 2107 epi-

261 2128 503 2183 scopum
534 2115 697 2171 illum
727 2125 858 2173 tunc
885 2122 1157 2191 temporis
1186 2124 1350 2178 faciat
1387 2126 1729 2198 Blondellus)
1761 2130 1903 2200 ipse-

264 2206 465 2261 itidem
496 2210 646 2264 solus
675 2213 902 2279 (Euseb.
935 2218 1076 2270 Hist.
1106 2218 1232 2271 εισι.
1261 2235 1315 2284 v,
1358 2219 1432 2288 4).
1454 2221 1712 2276 Aliarum
1742 2224 1901 2295 legas

264 2303 509 2371 tionum,
543 2310 604 2359 ut
629 2309 791 2376 puto,
820 2324 935 2362 non
984 2309 1262 2365 habemus
1291 2314 1555 2384 exempla
1599 2333 1777 2387 usque
1832 2319 1902 2372 ad

264 2402 526 2466 tempora
570 2399 863 2472 Polycarpi
891 2404 1061 2472 atque
1093 2404 1294 2475 Ignatii
1326 2407 1477 2476 (Viti.
1528 2409 1730 2476 Vales,
1760 2412 1895 2466 Not.

264 2492 323 2543 in
347 2492 517 2546 locum
545 2492 801 2565 Eusebii).
846 2496 960 2549 Illae
1007 2496 1195 2567 itaque
1230 2503 1292 2553 ut
1337 2515 1395 2553 se
1431 2500 1756 2572 habuerint,
1791 2521 1899 2575 age

268 2583 673 2655 despiciemus.

339 2673 493 2747 §l6.
548 2676 614 2730 Et
666 2676 902 2748 quidem
963 2680 1197 2750 epistola
1260 2683 1522 2737 Ecclesite
1564 2683 1899 2755 Smyruensi

264 2768 339 2822 ad
378 2769 845 2827 Philomelienses
881 2772 949 2828 de
1003 2775 1276 2846 martyrio
1328 2777 1636 2848 Polycarpi,
1688 2781 1899 2850 scripta

266 2868 355 2917 est
402 2881 508 2934 per
548 2865 794 2920 Marcum
854 2868 1163 2938 quemdam
1214 2870 1467 2938 fratrem,
1519 2873 1589 2926 ad
1650 2873 1897 2928 formam

262 2958 569 3027 legationis
598 2958 951 3015 duodecimae
980 2979 1152 3033 quem
1176 2964 1407 3018 Latinus
1432 2970 1590 3021 vetus
1617 2967 1897 3039 interpres

262 3051 606 3106 Martianum
636 3054 909 3124 appellat,
940 3056 1009 3110 de
1036 3058 1196 3127 cujus
1222 3058 1283 3111 in
1326 3059 1574 3114 Ecclesia
1599 3061 1726 3115 loco
1756 3063 1898 3118 nihil

265 3149 512 3200 constat.
569 3149 674 3200 Par
736 3154 818 3202 est
896 3149 967 3203 de
1023 3152 1334 3206 Crescentis
1389 3153 1514 3206 loco
1576 3155 1893 3226 silentium,

265 3256 383 3310 quo
414 3240 619 3295 nuntio
648 3258 781 3296 usus
820 3248 905 3297 est
935 3243 991 3297 in
1024 3245 1139 3315 illa,
1171 3263 1341 3317 quam
1375 3248 1445 3301 ad
1499 3248 1896 3321 Philippenses

267 3333 446 3403 dedit,
501 3335 753 3405 Epistola
794 3336 915 3408 ipse
968 3339 1329 3411 Polycarpus.
1374 3341 1636 3412 Epistolas
1691 3345 1895 3415 Ignatii

268 3431 463 3501 (Epist.
512 3431 588 3484 ad
633 3433 849 3500 Smyrn.
921 3433 953 3504 §
1008 3437 1107 3503 l2;
1179 3435 1251 3488 ad
1304 3436 1511 3507 Ephes.
1562 3438 1592 3509 §
1672 3440 1760 3511 12)
1826 3440 1896 3494 ad

267 3522 626 3594 Smyrnzeos,
680 3525 976 3596 Ephesios,
1054 3529 1613 3601 Philadelphienses,
1678 3534 1894 3588 Burrho

266 3617 526 3687 diacono,
551 3618 647 3673 sed
679 3619 776 3691 qui
829 3622 1123 3676 communi
1155 3623 1583 3694 Smyrnazorum
1626 3627 1896 3696 Ephesio-

267 3728 512 3783 rumque
556 3713 789 3768 nomine
840 3715 910 3768 ad
963 3716 1126 3770 illum
1166 3718 1367 3771 missus
1406 3720 1612 3786 fuerat,
1672 3721 1896 3775 traditae

270 3806 556 3861 videntur.
598 3808 853 3879 Reliquae
906 3809 996 3863 cui
1038 3811 1259 3865 traditae
1306 3812 1441 3881 sint,
1474 3830 1591 3867 non
1646 3818 1893 3882 constat;

268 3899 371 3953 sed
402 3900 617 3954 Burrho
662 3903 836 3957 etiam
877 3904 1132 3971 traditas,
1161 3912 1244 3959 est
1288 3923 1420 3960 sane
1470 3909 1775 3961 admodum
1804 3924 1896 3963 ve-

270 3994 532 4049 risimile.
578 3997 837 4050 Notanda
892 3999 1041 4051 enim
1090 4000 1296 4070 Ignatii
1344 4002 1515 4054 verba
1567 4002 1627 4055 in
1680 4004 1779 4073 Ep.
1824 4003 1898 4056 ad

272 4089 640 4158 Smyrnzees,
680 4093 734 4145 ὃν
789 4094 1122 4147 ἀπεστείλατε
1168 4105 1282 4169 μετ’
1325 4101 1472 4170 ἐμοῦ.
1532 4096 1654 4149 Non
1720 4096 1899 4167 igitur

271 4191 344 4244 ad
402 4193 690 4262 lgnatium
743 4194 1048 4262 duntaxat,
1108 4196 1203 4249 sed
1256 4213 1384 4250 cum
1440 4215 1506 4251 eo
1559 4198 1760 4251 missus
1815 4202 1899 4252 cst

268 4286 521 4340 lturrhus
548 4287 692 4357 (Vid.
745 4292 916 4358 Epist.
936 4290 1009 4342 ad
1035 4291 1250 4358 Ephes.,
1285 4290 1313 4362 ξ
1339 4290 1412 4359 2),
1455 4307 1652 4344 comes
1678 4292 1897 4346 itineris

270 4379 533 4448 futurus,
584 4383 929 4453 nuntiosque
982 4383 1364 4453 legationibus
1420 4385 1724 4439 obeundis.
1776 4385 1898 4449 Quo

2003 1872 2116 1928 quo
2148 1855 2318 1909 etiam
2359 1853 2540 1908 obiter
2565 1855 2791 1906 constat
2825 1867 2999 1921 quam
3038 1866 3153 1903 non
3196 1848 3389 1911 fuerit,
3412 1864 3479 1903 eo
3529 1865 3631 1902 sae-

2003 1950 2151 2017 culo,
2182 1948 2432 2020 episcopi
2462 1947 2717 2003 ofﬁcium
2748 1946 2829 2000 ita
2856 1946 3056 2006 ﬁxum,
3088 1949 3150 1998 ut
3174 1942 3394 2015 putavit
3425 1942 3634 1996 Salma-

2004 2044 2136 2099 sius.
2166 2046 2355 2114 lpsum
2389 2041 2582 2114 potius
2628 2039 2883 2111 episcOpi
2936 2054 3148 2093 nomen
3182 2054 3216 2093 a
3262 2036 3636 2108 peregrinan-

2005 2139 2149 2192 tium
2178 2137 2236 2191 in
2267 2136 2472 2192 Graecis
2500 2134 2821 2190 civitatibus
2849 2133 3035 2187 ofﬁcio
3064 2132 3438 2202 desumptum
3491 2132 3631 2184 erat.

2002 2234 2072 2286 Et
2114 2230 2554 2301 chorepiscopos
2608 2227 2937 2305 περιοδεὺτας
2988 2226 3282 2297 appellant
3354 2240 3630 2291 canones,

2002 2350 2246 2406 quorum
2271 2334 2423 2387 idem
2468 2348 2599 2386 rure
2630 2331 2884 2384 ofﬁcium
2916 2333 3090 2399 atque
3139 2328 3201 2382 in
3240 2326 3475 2381 urbibus
3508 2325 3630 2396 epi-

2002 2443 2331 2498 scoporum.
2376 2428 2465 2481 Est
2518 2427 2712 2479 autem
2765 2422 2996 2502 περίοδος
3027 2422 3230 2477 eadem
3260 2422 3355 2474 illa
3386 2436 3495 2474 vox
3518 2436 3632 2491 qua

2001 2525 2387 2596 apostolorum
2412 2522 2903 2594 peregrinationes
2950 2520 3009 2574 in
3049 2518 3471 2591 antiquioribus
3524 2519 3628 2571 Ec-

2000 2619 2185 2674 clesiae
2225 2617 2611 2673 monumentis
2640 2616 2900 2671 denotari
2931 2614 3253 2669 observavit
3282 2612 3402 2684 ipse
3420 2611 3633 2667 Salma-

1999 2714 2135 2769 sius.
2162 2714 2311 2768 Nihil
2358 2713 2553 2784 itaque
2584 2715 2739 2765 vetat
2783 2710 3015 2765 eosdem
3059 2714 3114 2763 et
3148 2706 3424 2779 apostolos
3457 2704 3630 2759 fuisse

2000 2811 2058 2863 et
2104 2809 2395 2880 episcopos
2434 2813 2491 2861 et
2534 2804 2889 2877 peregrinari
2929 2802 3177 2874 potuisse
3231 2807 3286 2856 et
3329 2800 3499 2855 certis
3542 2803 3629 2853 ta-

2001 2920 2136 2957 men
2166 2900 2423 2957 Ecclesiis
2452 2916 2711 2971 praeesse.
2759 2898 3084 2954 Praesertim
3112 2913 3240 2951 cum
3276 2912 3393 2949 non
3434 2893 3507 2948 sit
3560 2892 3630 2948 de

1997 2998 2245 3052 aliorum
2296 2996 2679 3065 apostolorum
2708 2990 3261 3065 peregrinationibus
3290 3006 3321 3044 e
3367 2990 3422 3044 S.
3457 2987 3620 3042 Pauli

1921 3092 2260 3175 Cexemplo
2304 3088 2689 3144 statuendum.
2752 3085 2977 3157 Reliqui
3033 3087 3185 3139 certe
3234 3084 3387 3138 intra
3450 3085 3629 3136 certas

1996 3202 2115 3241 sese
2151 3189 2213 3239 ut
2246 3183 2559 3255 plurimum
2604 3181 2926 3252 provincias
2965 3178 3353 3245 continebant,
3400 3176 3503 3230 sub
3562 3175 3627 3228 il-

1995 3281 2104 3336 lius
2146 3278 2334 3333 szeeuli
2354 3278 2548 3345 ﬁnem,
2577 3292 2707 3331 cum
2730 3276 2852 3346 jam
2880 3273 3207 3328 constitutae
3228 3274 3416 3325 essent
3446 3268 3626 3323 eccle-

1998 3374 2117 3437 siae,
2152 3379 2209 3427 et
2244 3373 2303 3426 in
2333 3369 2582 3426 ecclesiis
2606 3368 2875 3441 episcopi.
2908 3369 3029 3422 Non
3060 3367 3229 3436 longe
3262 3365 3333 3419 ab
3364 3364 3625 3417 Hieroso-

1996 3468 2162 3539 lymis
2188 3466 2587 3538 peregrinatus
2612 3463 2844 3518 videtur
2863 3463 2915 3518 S.
2944 3462 3203 3528 Jacobus,
3237 3460 3281 3513 si
3324 3458 3468 3513 veris
3504 3474 3626 3510 mo-

1996 3556 2283 3610 numentis
2305 3555 2610 3620 credimus,
2645 3553 2819 3608 etiam
2849 3554 3120 3606 Actorum
3153 3546 3280 3605 illis.
3308 3551 3420 3603 Nec
3456 3548 3628 3616 longe

1999 3651 2068 3704 ab
2092 3650 2379 3721 llierapoli
2425 3649 2772 3718 Philippum,
2804 3664 2906 3700 nec
2946 3646 3016 3699 ab
3057 3644 3185 3699 Asia
3242 3639 3628 3714 proconsulari

1995 3747 2275 3800 Joannem
2302 3742 2623 3797 discessisse
2652 3742 2901 3795 innuunt
2934 3740 3249 3809 Polycrates
3277 3741 3333 3789 et
3364 3737 3627 3789 Clemens

1996 3837 2428 3892 Alexandrinus.
2466 3838 2526 3889 In
2565 3836 2651 3888 his
2684 3834 2960 3888 limitibus
2998 3831 3141 3885 nihil
3172 3833 3326 3882 vetat
3354 3829 3411 3881 in
3444 3828 3628 3882 Eccle-

1997 3933 2090 3985 size
2112 3932 2396 4001 primaevae
2413 3928 2714 3999 disciplina
2733 3926 2870 3998 quin
2893 3925 2990 3979 alii
3014 3940 3245 3994 quoque
3265 3920 3628 3992 peregrinari

1997 4026 2214 4096 possint
2272 4022 2536 4094 episcopi.
2578 4021 2723 4086 Quid
2776 4019 2930 4092 quod
2997 4018 3169 4073 etiam
3222 4017 3275 4072 S.
3330 4015 3540 4070 Paulus
3583 4014 3627 4085 (Ι

2001 4120 2145 4183 Cor.,
2174 4134 2263 4186 xv,
2296 4120 2380 4187 10)
2430 4132 2562 4169 cum
2614 4133 2671 4170 se
2713 4115 2965 4186 reliquos
3003 4112 3293 4184 apostolos
3324 4111 3383 4165 in
3429 4109 3627 4163 labore

2000 4227 2300 4282 superasse
2358 4210 2687 4277 contendit,
2726 4210 2786 4263 id
2846 4215 2997 4263 certe
3046 4206 3347 4261 manifeste
3397 4202 3624 4271 innuit,

2000 4324 2113 4362 non
2140 4323 2258 4361 esse
2310 4306 2671 4376 reliquorum
2741 4304 3133 4375 apostolorum
3181 4300 3408 4365 labores,
3451 4315 3481 4352 ο
3527 4313 3626 4350 suo
3708 4364 3714 4369 _

1999 4401 2172 4455 unius
2204 4400 2465 4470 exemplo
2495 4398 2884 4452 mstimandos.
2915 4396 3181 4465 Singulos
3212 4396 3281 4448 ab
3333 4394 3433 4446 illo
3462 4407 3626 4461 supe-

274 4474 506 4528 nomine
559 4476 733 4528 etiam
788 4478 1060 4546 Ephesios
1090 4478 1215 4532 illos
1269 4479 1411 4533 alios
1450 4479 1580 4549 (Ep.
1617 4480 1692 4533 ad
1740 4483 1890 4536 Rom.

1998 4500 2149 4549 ratos
2200 4510 2319 4548 esse
2366 4492 2621 4564 apertius
2674 4498 2759 4546 est
2802 4508 2975 4562 quam
3026 4495 3089 4544 ut
3132 4489 3201 4543 de
3258 4504 3324 4541 eo
3373 4482 3625 4538 dubitari

269 4566 298 4637 ξ
336 4570 437 4635 10),
486 4570 743 4634 Crocum,
774 4572 1126 4639 Onesimum,
1164 4573 1407 4643 Euplum
1450 4580 1620 4643 atque
1664 4574 1896 4628 Fronto-

268 4677 427 4727 nem,
458 4660 660 4715 missos
689 4668 850 4732 puto,
888 4667 1058 4734 atque
1090 4665 1232 4719 adeo
1265 4682 1380 4721 non
1413 4667 1549 4721 alios
1576 4684 1749 4738 quam
1770 4668 1894 4721 illos

268 4755 567 4824 pertulisse
612 4755 918 4826 epistolam
956 4758 1024 4811 ad
1060 4758 1364 4814 Romanos.
1398 4761 1610 4816 Eodem
1654 4777 1893 4815 munere

264 4845 494 4899 functus
515 4847 598 4897 est
614 4844 767 4898 Philo
792 4846 961 4899 etiam
985 4847 1277 4913 diaconus,
1307 4849 1445 4903 Cilix
1468 4850 1585 4920 (Ep.
1613 4852 1688 4905 ad
1710 4851 1893 4904 Philu-

268 4939 449 5008 delph.
479 4938 508 5008 ξ
542 4938 644 5009 ll).
670 4939 781 4993 Sed
810 4956 913 4993 nec
936 4941 1153 4994 diaconi
1172 4942 1291 5007 soli,
1322 4943 1412 4996 alii
1436 4944 1607 4997 etiam
1638 4944 1892 4998 diaconis

265 5032 619 5103 superiores,
666 5034 979 5103 legationes
1034 5041 1229 5089 tamen
1295 5037 1559 5091 obierunt
1627 5043 1890 5108 tempore

267 5127 494 5197 Ignatii.
557 5128 923 5182 Honorabant
976 5129 1242 5183 Sanctum
1304 5130 1592 5201 (inquiunt
1631 5138 1893 5184 auctores

266 5222 473 5291 Ignatii
522 5224 761 5293 martyri
818 5224 1006 5293 coaevi)
1061 5241 1168 5295 per
1211 5224 1534 5294 episcopos,
1590 5226 1890 5295 presbyte—

258 5333 354 5369 ros
395 5322 448 5369 et
476 5316 767 5371 diaconos.
818 5317 961 5372 Asiae
1007 5318 1244 5372 civitatis
1283 5322 1339 5371 et
1402 5317 1665 5373 Ecclesiae
1716 5318 1888 5389 (Edit.

264 5412 452 5477 L'sser,
492 5426 549 5480 p.
610 5412 681 5479 Ei).
736 5410 844 5474 Qui
891 5414 1046 5466 certe
1085 5413 1203 5482 ipse
1244 5412 1547 5482 legationis
1600 5428 1726 5467 mos
1782 5429 1888 5467 sae-

261 5505 451 5558 culum
505 5503 741 5558 omnino
768 5504 1127 5574 Ignatianum
1164 5505 1330 5575 sapit,
1365 5523 1479 5559 non
1523 5506 1755 5577 aliquod
1796 5522 1885 5560 re-

261 5598 502 5653 centius.
535 5598 598 5653 Id
656 5598 868 5652 factum
898 5613 930 5650 a
964 5597 1264 5668 Magnesiis
1293 5600 1452 5653 testis
1479 5601 1600 5670 ipsa
1645 5606 1730 5655 est
1764 5615 1885 5653 am-

258 5690 544 5761 plissimus
595 5688 848 5760 Ignatius
886 5689 1020 5757 (Ep.
1087 5688 1162 5741 ad
1226 5691 1496 5756 Magnes,
1543 5690 1575 5759 §
1615 5692 1712 5760 2),
1773 5704 1887 5742 non

260 5785 501 5839 Damam
536 5783 702 5839 modo
733 5799 935 5840 eorum
964 5781 1313 5855 episcopum,
1345 5783 1442 5838 sed
1484 5786 1543 5838 et
1586 5782 1883 5854 presbyte-

1998 4588 2191 4660 possit.
2236 4590 2315 4644 Ita
2370 4589 2543 4642 etiam
2598 4588 2719 4656 ejus
2755 4584 2928 4640 verba
2972 4583 3215 4653 intelligi
3266 4584 3505 4652 possunt
3559 4579 3625 4629 ut

1996 4695 2195 4733 omnes
2249 4678 2507 4732 omnium
2552 4676 2793 4742 labores,
2863 4674 3038 4727 etiam
3096 4672 3392 4735 collectos,
3448 4668 3622 4736 longo

1995 4779 2124 4845 post
2150 4789 2208 4825 se
2238 4771 2527 4825 intervallo
2557 4768 2870 4839 reliquerit.
2918 4768 2979 4822 1d
3006 4766 3053 4821 si
3091 4782 3291 4820 verum
3336 4763 3425 4835 sit,
3489 4760 3619 4815 reli-

1994 4881 2241 4937 quorum
2300 4864 2688 4935 apostolorum
2758 4862 2982 4915 labores
3052 4874 3279 4931 requare
3353 4859 3622 4927 poterant

1993 4958 2264 5030 episcopi.
2324 4958 2585 5028 .I‘Equavit
2662 4956 2898 5009 fortasse
2978 4954 3339 5024 Polycarpus,
3403 4964 3536 5003 cum
3592 4963 3622 5001 e

1993 5054 2239 5120 Smyrna
2265 5066 2366 5101 sua
2389 5049 2628 5100 Romam
2664 5045 2765 5098 sub
2795 5044 3028 5098 Aniceto
3058 5039 3448 5108 contenderet,
3479 5038 3610 5093 inde

1992 5138 2239 5192 fortassis
2268 5138 2324 5191 in
2351 5137 2587 5191 Calliam
2628 5134 3093 5205 Lugdunensium
3124 5132 3281 5186 illam
3344 5131 3622 5185 Viennen-

1992 5228 2253 5298 siumque
2337 5226 2790 5283 Christianorum
2871 5221 3158 5278 coloniam
3253 5220 3617 5276 deducturus.

1993 5317 2157 5370 Nulla
2180 5321 2331 5370 certe
2360 5316 2650 5385 primaevae
2680 5312 2941 5370 Ecclesia:
2968 5311 3210 5367 indubia
3238 5314 3621 5366 monumenta

1992 5405 2230 5459 suadent
2260 5404 2429 5474 hujus
2462 5403 2628 5457 unius
2671 5403 2901 5457 labores
2940 5403 3294 5473 reliquorum
3332 5400 3617 5472 apostolo-

1991 5514 2121 5554 rum
2145 5497 2432 5552 laboribus
2457 5497 2628 5550 fuisse
2649 5496 2970 5551 inferiores.
3004 5497 3196 5566 Longe
3228 5499 3422 5549 tamen
3458 5491 3621 5545 abest

1991 5599 2053 5648 ut
2102 5591 2444 5662 episcopalis
2491 5590 2665 5645 ofﬁcii
2740 5589 2882 5644 ﬁnes
2938 5588 3272 5658 excesserit,
3314 5587 3402 5641 vel
3457 5587 3519 5636 ut
3554 5600 3623 5638 eo

1990 5686 2219 5742 nomine
2269 5685 2432 5741 illum
2496 5689 2753 5740 veterum
2805 5682 3092 5756 quispiam
3155 5676 3625 5754 reprehenderit.

1991 5782 2130 5846 Quae
2189 5796 2320 5834 cum
2365 5781 2442 5835 ita
2497 5797 2553 5837 se
2611 5781 2916 5849 haberent,
2963 5782 3085 5833 erat
3137 5776 3343 5853 utique
3390 5770 3641 5827 omnino
