4082 6194
542 258 667 316 1151

1516 258 1720 317 HENR.
1753 260 2106 318 DODWELLI
2150 258 2446 316 DlSSERT.
2481 258 2799 318 CYPRIAN.
2828 262 2897 318 II.

3715 276 3830 331 1152

534 385 983 441 consentaneum
1024 385 1223 438 utnon
1273 382 1411 438 alios
1453 384 1832 455 legationibus
1852 402 2024 457 quam
2065 401 2161 440 su-
2187 384 3157 469 Afrequentissimus.Quiigiture
3182 387 3831 466 principisvultuegressus

527 474 829 546 periorum
882 473 1153 528 ordinum
1189 474 1552 544 adhiberent,
1574 476 1832 531 nondum
1874 476 1931 530 in
1968 477 2162 532 Eccle-

532 566 675 620 siam
699 564 1042 620 introductis
1070 565 1180 619 illis
1210 565 1549 620 inferiorum
1584 566 1850 622 ordinum
1887 568 2164 623 ministris

534 654 740 724 quibus
782 671 882 709 usa
913 658 999 709 est
1032 656 1279 710 Ecclesia
1306 660 1554 727 aetasque
1577 656 1863 727 Cypriani.

609 742 639 815 §
695 747 781 797 1'7.
833 744 1004 798 Plane
1059 744 1391 799 referebant
1446 746 1566 799 haec
1628 745 1921 817 lgnatiana
1980 746 2164 800 mtatis

533 832 704 887 etiam
775 834 1101 904 apostolica:
1162 835 1551 889 recentissima
1607 835 1864 907 vestigia.
1927 837 2163 890 Illorum

530 938 701 994 opera
726 923 1016 995 praecipua
1044 924 1103 977 in
1136 923 1579 979 disseminandis
1618 926 1827 996 potius,
1870 942 2041 998 quam
2078 942 2165 981 re-

536 1017 740 1088 gendis
795 1017 1054 1072 Ecclesiis
1093 1018 1365 1073 collocata
1407 1022 1511 1073 est.
1575 1019 1815 1074 Proinde
1865 1025 2161 1075 consenta-

532 1128 709 1166 neum
732 1115 856 1166 erat
896 1116 960 1166 ut
997 1112 1169 1181 legati
1216 1129 1391 1183 quam
1423 1113 1981 1169 honorificentissimi
2019 1114 2161 1169 deli-

534 1207 831 1277 gerentur,
872 1205 1198 1276 praesertim
1222 1222 1353 1261 cum
1377 1207 1433 1261 id
1463 1207 1651 1278 ipsum
1687 1208 1997 1279 Evangelii,
2028 1225 2160 1279 pro-

532 1298 785 1371 pagandi
832 1316 1081 1367 munus,
1114 1316 1311 1355 eorum
1365 1301 1565 1357 fuisset
1617 1302 1904 1374 praecipue
1963 1302 2061 1373 qui
2102 1302 2163 1356 in

529 1393 811 1464 primaria
851 1397 1042 1448 essent
1070 1394 1328 1449 Ecclesia:
1366 1396 1646 1467 dignitate
1688 1397 1993 1465 constituti,
2022 1414 2159 1468 qua-

528 1487 610 1540 les
653 1489 823 1541 erant
868 1487 975 1557 ipsi
1028 1488 1299 1559 apostoli,
1349 1489 1743 1560 evangelista},
1795 1495 1912 1545 etc.
1982 1490 2158 1545 Habe-

520 1579 864 1650 bantigitur
916 1581 1200 1650 Ecclesiae,
1247 1586 1457 1653 praeter
1495 1583 1639 1651 illos,
1673 1583 1936 1655 primarii
1975 1584 2159 1638 nomi-

526 1674 637 1742 nis,
665 1673 871 1730 Christi
910 1675 1223 1745 apostolos,
1257 1677 1395 1747 ipsa:
1446 1693 1674 1749 quoque
1708 1694 1841 1731 suos
1891 1694 2031 1748 quos
2076 1677 2163 1731 iti-

2266 475 2571 543 diceretur,
2611 474 2774 529 illum
2812 475 2854 530 si
2896 477 3021 548 quis
3064 478 3258 532 minus
3297 479 3589 536 honoriﬁce
3635 489 3831 542 tractas-

2266 569 2368 631 set,
2428 563 2667 634 perinde
2729 567 2850 619 erat
2895 582 2959 619 ac
3004 565 3049 619 si
3090 567 3407 639 principem
3458 569 3633 642 ipsum
3676 590 3835 632 coram

2265 658 2533 723 agentem
2564 658 3025 726 praesentemque
3054 658 3504 729 contempsisset.
3522 663 3650 717 Cum
3674 664 3834 737 itaque

2265 758 2630 796 communem
2660 742 2765 796 sibi
2796 748 2963 813 atque
3018 748 3290 816 apostolis
3316 747 3579 804 honorem
3607 752 3710 807 fore
3735 771 3838 810 con-

2266 833 2670 903 temptumque
2708 831 2979 887 Dominus
3008 835 3328 905 proﬁtetur,
3362 837 3418 891 id
3469 855 3659 911 nempe
3684 842 3838 898 innuit

2264 920 2324 974 in
2382 937 2583 975 eorum
2612 921 2946 977 nuntiorum
2978 941 3225 981 numero
3266 926 3548 982 habendos
3569 930 3655 1000 qui
3679 935 3836 987 essent

2263 1021 2365 1071 ἀπὸ
2406 1024 2704 1093 προσὼπου.
2743 1019 2901 1080 Idem
2946 1036 3085 1090 ergo
3115 1021 3184 1075 de
3232 1020 3321 1074 his
3362 1021 3704 1078 ecclesiarum
3728 1041 3835 1095 apo~

2264 1118 2427 1185 stolis
2470 1117 2843 1172 statuendum
2890 1116 2960 1170 ab
3012 1114 3379 1169 ecclesiarum
3434 1116 3584 1185 quasi
3629 1119 3833 1174 vultibus

2262 1207 2459 1275 fuisse,
2511 1223 2643 1261 cum
2689 1207 2749 1262 in
2799 1210 3098 1276 utrosque,
3143 1210 3263 1259 tam
3310 1205 3567 1260 ecclesias
3609 1208 3834 1264 nimirum

2263 1301 2434 1372 ipsas,
2477 1317 2650 1371 quam
2700 1300 2898 1354 missos
2925 1299 2995 1354 ab
3021 1299 3271 1354 ecclesiis
3303 1300 3600 1370 apostolos,
3629 1317 3835 1358 commu-

2264 1411 2365 1449 nes
2395 1394 2790 1449 redundarent
2815 1394 3063 1449 honores
3106 1398 3275 1463 atque
3315 1394 3679 1461 contumeliae,
3705 1399 3832 1467 quasi

2264 1504 2438 1543 unam
2476 1490 2703 1560 utrique
2735 1487 3115 1559 eamdemque
3171 1502 3473 1558 personam
3521 1487 3832 1545 sustinerent.

2263 1582 2422 1647 Quod
2470 1582 2513 1635 si
2560 1598 2759 1637 verum
2799 1586 2968 1649 esset,
3005 1580 3162 1652 quod
3222 1580 3515 1635 contendit
3558 1580 3833 1651 Salmasius,

2266 1676 2633 1730 secundarios
2685 1678 2857 1730 hosce
2902 1675 3269 1729 ecclesiarum
3319 1674 3594 1746 apostolos
3627 1692 3727 1731 non
3747 1678 3831 1731 alia

530 1768 665 1822 dem
705 1769 1069 1839 appellabant
1101 1771 1416 1840 apostolos,
1460 1774 1787 1843 prOpterea,
1824 1774 1882 1825 ut
1916 1771 2159 1840 videtur,
2187 1766 2240 1838 B
2267 1769 2333 1823 de
2360 1786 2531 1823 causa
2561 1769 2734 1823 fuisse
2762 1769 3126 1824 ecclesiarum
3164 1784 3335 1839 quam
3390 1768 3518 1839 quia
3543 1769 3605 1823 ad
3626 1769 3833 1823 ecclesias

530 1862 686 1932 quod
706 1862 893 1917 nuntii
943 1864 1113 1933 vulgo
1145 1864 1540 1932 mitterentur,
1567 1870 1625 1919 ut
1663 1868 2160 1936 repraesentarent,

526 1972 559 2023 a
614 1956 819 2027 quibus
869 1957 1253 2027 mitterentur,
1313 1960 1611 2014 Ecclesias.
1663 1959 1726 2015 Id
1769 1959 1925 2014 enim
1975 1958 2165 2031 ipsum

527 2048 777 2104 innuere
825 2050 1070 2117 videtur,
1099 2068 1165 2105 ea
1208 2057 1402 2121 astate,
1432 2052 1619 2123 ipsum
1661 2053 2015 2124 apostolatus
2063 2069 2162 2107 no-

527 2159 680 2197 men.
734 2143 798 2197 Hi
850 2145 1091 2214 apostoli
1130 2145 1493 2217 appellantur
1544 2150 1825 2203 ἀπόστολοι
1883 2148 2158 2208 ἐκκλησιῶν

529 2247 596 2316 (ΙΙ
644 2246 789 2312 Cor.,
816 2263 934 2314 Vill,
980 2250 1093 2317 23).
1126 2249 1210 2327 Ita
1238 2249 1652 2320 Epaphroditus
1698 2249 2159 2321 Philippensium

527 2343 650 2394 erat
676 2342 965 2411 apostolus
1006 2342 1291 2413 (Philipp,
1324 2359 1381 2409 ιι,
1429 2345 1544 2413 25.)
1578 2344 1715 2408 Quae
1751 2349 1945 2399 autem
1990 2344 2161 2397 bene-

526 2432 651 2487 ficia
704 2433 815 2488 illis
860 2435 1065 2489 collata
1108 2439 1261 2502 sunt,
1309 2454 1371 2491 ea
1439 2454 1550 2492 non
1608 2439 1664 2493 in
1732 2439 1882 2500 illos.
1936 2442 2035 2496 sed
2094 2444 2159 2500 εἰς

524 2535 799 2605 πρόσωπον
868 2540 966 2585 τῶν
1033 2531 1303 2590 ἐκκλησιῶν
1362 2530 1684 2585 redundare
1764 2534 2143 2592 credebantur

528 2631 839 2699 propterea
872 2630 1022 2700 quod
1072 2632 1333 2689 ecclesias
1362 2632 1504 2701 illas,
1544 2639 1608 2689 ut
1662 2634 1800 2703 dixi,
1837 2654 2155 2709 repraesen-

526 2727 734 2777 tarent.
764 2725 843 2777 Ex
878 2739 990 2795 quo
1044 2723 1418 2797 intelligimus
1468 2731 1745 2799 quantum
1783 2730 2065 2788 aberrarit
2089 2735 2157 2789 ab

524 2818 759 2885 apostoli
780 2824 974 2872 mente
1003 2818 1061 2872 in
1102 2819 1305 2873 horum
1348 2822 1737 2890 apostolorum
1771 2825 2155 2896 explicatione

525 2910 685 2965 Walo
709 2912 1059 2979 Messalinus,
1087 2930 1217 2967 cum
1253 2915 1621 2970 secundarios
1668 2917 1834 2973 hosce
1868 2923 2155 2991 apostolos

522 3015 555 3051 a
582 2999 872 3069 primariis
902 3000 1100 3055 missos
1134 3003 1421 3058 existimat
1462 3005 1531 3059 ad
1573 3006 1852 3077 ecclesias,
1881 3025 1998 3063 non
2034 3010 2154 3065 vice

525 3110 692 3148 versa
726 3094 796 3148 ab
826 3096 1078 3149 ecclesiis
1110 3096 1181 3151 ad
1213 3098 1517 3168 apostolos.
1548 3099 1606 3153 Id
1635 3098 1679 3153 si
1709 3100 1907 3156 fuisset
1935 3120 2151 3173 verum,

524 3188 598 3241 ad
658 3196 930 3269 πρὸσωπον
988 3194 1261 3253 ἐκκλησιῶν
1315 3193 1554 3247 attinere
1610 3210 1727 3248 non
1790 3196 1973 3266 potuit
2026 3198 2151 3253 illo-

522 3305 653 3343 rum
676 3288 773 3342 ille
823 3288 1029 3355 cultus,
1053 3288 1151 3342 sed
1184 3306 1315 3343 vero
1341 3291 1408 3344 ad
1442 3308 1641 3345 eorum
1677 3294 1865 3363 potius
1887 3311 1919 3348 a
1951 3296 2154 3367 quibus

525 3382 677 3436 missi
728 3382 969 3436 fuissent
1002 3384 1411 3453 apostolorum.
1443 3385 1591 3449 Quid
1628 3388 1782 3457 quod
1823 3389 2021 3444 durior
2059 3391 2154 3446 illa

522 3476 710 3531 omnis
766 3476 1023 3530 videatur
1069 3478 1465 3548 interpretatio
1520 3497 1632 3551 qua
1673 3484 1950 3540 ἁπὸστολοι
1983 3488 2154 3548 ἐκκλη-

521 3590 645 3635 σιῶν
704 3578 929 3633 dicendi
982 3582 1145 3633 erant
1193 3580 1292 3652 qui
1357 3582 1425 3636 ad
1493 3583 1756 3640 ecclesias
1813 3587 2153 3658 plantandas

519 3680 677 3737 missi
726 3686 917 3738 essent
961 3683 1151 3754 potius
1189 3701 1361 3756 quam
1409 3686 1490 3740 illi
1530 3688 1629 3758 qui
1684 3689 1754 3743 ab
1811 3689 1945 3761 ipsis
1993 3693 2152 3747 missi

522 3775 765 3831 fuissent
792 3776 1063 3832 ecclesiis.
1101 3778 1202 3832 Dei
1239 3784 1393 3834 certe
1424 3781 1746 3853 Christique
1788 3785 2154 3855 appellantur

521 3872 766 3941 apostoli
810 3887 927 3926 non
951 3872 1048 3943 qui
1092 3873 1164 3927 ad
1203 3875 1381 3928 Deum
1421 3875 1795 3947 Christumve,
1830 3881 1927 3933 sed
1968 3880 2062 3951 qui
2082 3881 2151 3936 ab

520 3964 722 4021 iisdem
784 3964 1122 4034 mittuntur,
1181 3971 1242 4022 ut
1295 3985 1439 4023 nova
1478 3986 1708 4039 prorsus
1765 3975 2151 4044 exemploque

516 4059 676 4114 omni
704 4059 976 4115 destituta
1028 4060 1101 4115 sit
1144 4062 1429 4116 contraria
1487 4063 1581 4119 illa
1628 4065 1859 4121 locutio.
1894 4068 1978 4122 Ab
2045 4069 2152 4123 hac

523 4152 712 4225 potius
732 4152 1008 4207 mittentis
1029 4171 1285 4224 personas
1313 4160 1815 4226 repraesentatione
1849 4162 2152 4232 primario-

525 4263 654 4300 rnm
686 4262 911 4317 quoque
934 4247 1161 4302 videtur
1181 4251 1575 4319 apostolorum
1602 4253 1762 4324 origo
1793 4254 2150 4311 deducenda.

521 4339 849 4411 Principum
887 4341 1156 4396 satellites
1202 4342 1469 4399 dicuntur
1519 4362 1765 4417 quorum
1811 4348 1868 4403 id
1899 4350 2151 4404 ofﬁcium

523 4435 607 4486 est
632 4436 691 4487 ut
705 4433 1059 4506 principibus
1076 4452 1267 4491 coram
1291 4438 1495 4507 adsint,
1518 4442 1926 4512 semperqueiu
1949 4460 2151 4499 eorum

518 4530 828 4598 conspectu
899 4530 1295 4585 obversentur.
1368 4533 1500 4588 Inde
1561 4534 1747 4590 vultus
1826 4536 2148 4609 principum

518 4619 755 4689 intueri,
808 4624 979 4694 atque
1022 4623 1093 4678 ab
1163 4642 1363 4680 eorum
1414 4626 1659 4682 vultibus
1708 4630 2018 4700 procedere
2066 4632 2153 4687 di-

518 4721 747 4769 cuntur.
782 4715 936 4780 Quos
988 4718 1175 4772 vultus
1229 4719 1524 4791 appellant
1573 4721 1910 4795 interpretes
1965 4726 2150 4793 latini,

520 4833 619 4872 eos
663 4823 807 4877 nus
843 4826 947 4881 pro
978 4828 1079 4866 suo
1120 4812 1401 4868 idiomate
1461 4816 1712 4871 Hebraei.
1764 4819 1903 4872 Eam
1955 4837 2154 4875 vocem

514 4920 790 4989 πρόσωπον
850 4913 1467 4987 redduntinterpretes
1492 4918 1689 4973 Graeci.
1749 4921 1855 4975 Pro
1901 4938 1967 4977 eo
1997 4922 2156 4994 prin-

515 5014 732 5085 cipium
778 5032 941 5071 more
1005 5016 1099 5072 Dei
1170 5035 1403 5090 quoque
1450 5022 1756 5090 prmsentia
1804 5024 2152 5095 majestatica

515 5109 702 5164 vultus
749 5109 1034 5182 facieique
1088 5113 1443 5183 metaphoris
1492 5115 1550 5170 in
1608 5116 1901 5187 Scriptura
1939 5119 2149 5175 obum-

518 5200 735 5257 bratur.
778 5202 940 5258 Panis
994 5205 1402 5277 propositionis
1454 5209 1620 5278 panis
1652 5210 1926 5267 facierum
1962 5214 2154 5285 appel-

526 5295 693 5363 latur,
758 5311 960 5351 eorum
1031 5314 1240 5370 nempe
1315 5305 1582 5371 proprius
1649 5305 1747 5374 qui
1826 5307 2153 5379 principum

524 5386 941 5439 commensales
995 5385 1221 5442 ﬁerent.
1269 5390 1522 5460 Angelus
1563 5393 1879 5461 praesentia:
1924 5395 1983 5449 in
2021 5413 2151 5467 pro-

518 5471 694 5543 pheta
732 5471 882 5527 idem
909 5477 995 5529 est
1056 5475 1155 5547 qui
1218 5477 1318 5533 Dei
1337 5477 1543 5534 faciem
1587 5481 1801 5536 intueri
1847 5483 2052 5539 dicitur
2096 5486 2155 5541 in

530 5565 859 5639 Evangelio.
911 5567 977 5621 Ut
1002 5574 1192 5623 autem
1243 5587 1347 5641 pro
1380 5573 1714 5629 nuntiorum
1759 5576 2038 5649 dignitate
2083 5579 2153 5635 de

535 5660 858 5733 principum
879 5662 1004 5714 erat
1018 5664 1369 5720 contumelia
1393 5666 1799 5739 judicandum,
1822 5688 1887 5726 eo
1908 5672 2152 5743 graviori

512 5770 624 5824 quo
641 5754 881 5812 nuntius
899 5753 1107 5813 fuisset
1129 5756 1501 5834 honoratior;
1522 5760 1600 5817 ita
1624 5763 1672 5818 is
1689 5765 1923 5821 honoris
1940 5767 2154 5839 gradus

510 5864 771 5908 summus
797 5854 932 5914 erat,
962 5850 1009 5907 si
1042 5851 1175 5926 quis
1201 5858 1343 5912 esset
1366 5854 1427 5916 in
1456 5856 1787 5934 principum
1844 5864 2152 5934 conspectu

2268 1863 2605 1934 plantandas
2657 1862 3032 1917 mitterentur
3063 1877 3075 1915 :
3107 1878 3224 1916 non
3269 1868 3416 1916 esset
3457 1878 3587 1916 sane
3612 1878 3700 1916 cur
3735 1880 3833 1934 pos-

2264 1960 2453 2011 senta
2502 1956 2790 2028 primariis
2821 1956 3004 2011 etiam
3055 1955 3323 2026 apostolis
3352 1956 3458 2010 hoc
3502 1956 3611 2010 solo
3648 1957 3832 2011 nomine

2264 2050 2561 2120 distingui.
2597 2050 2707 2122 Ipsi
2739 2049 2999 2105 enimilli
3022 2049 3227 2105 Christi
3259 2049 3496 2121 apostoli
3538 2050 3604 2103 ad
3620 2050 3713 2104 hoc
3728 2066 3832 2122 quo-

2262 2160 2374 2214 que
2415 2143 2571 2197 idem
2606 2143 3051 2215 plantandarum
3101 2142 3464 2197 ecclesiarum
3506 2160 3682 2197 musus
3713 2144 3832 2197 missi

2261 2240 2454 2292 sunta
2498 2237 2722 2292 Christo
2761 2243 2933 2307 atque
2985 2236 3254 2291 destinati
3297 2238 3511 2307 (Ephes.
3561 2254 3629 2303 1v,
3670 2239 3830 2304 11,12,

2265 2332 2373 2403 13).
2400 2332 2596 2386 Certos
2650 2330 2805 2384 enim
2835 2334 2891 2385 et
2933 2331 3041 2401 ipsi
3081 2330 3377 2385 habebant
3404 2347 3470 2385 ex
3511 2333 3658 2401 pacto
3703 2340 3831 2387 mb-

2259 2434 2368 2503 νάς,
2401 2450 2507 2488 nec
2537 2433 2595 2488 in
2626 2434 2733 2488 hoc
2758 2433 3055 2489 inferiores
3098 2432 3495 2487 existimemus
3522 2432 3829 2487 secundarios

2258 2536 2427 2592 hosce
2481 2536 2652 2591 fuisse
2707 2538 3028 2608 apostolos.
3075 2536 3236 2601 Quod
3288 2552 3425 2592 vero
3476 2551 3667 2590 munus
3702 2536 3827 2589 illum

2260 2632 2379 2702 Epa
2396 2631 2655 2703 phroditi
2703 2631 3087 2702 apostolatum
3116 2630 3351 2701 proprie
3387 2630 3652 2701 spectarit,
3691 2645 3742 2683 ex
3764 2644 3836 2682 ea-

2258 2726 2386 2781 dem
2423 2725 2516 2779 illa
2547 2725 2619 2780 ad
2666 2724 3052 2796 Philippenses
3086 2724 3336 2795 Epistola
3380 2724 3540 2778 facile
3570 2723 3833 2793 colligimus

2259 2820 2522 2890 (Philipp.
2567 2836 2639 2886 1v,
2686 2819 2791 2890 18).
2823 2819 2998 2874 Habeo
3041 2823 3217 2872 autem
3274 2821 3479 2879 omnia,
3513 2825 3559 2872 et
3609 2817 3829 2871 abundo:

2255 2914 2490 2982 repletus
2545 2928 2692 2975 sum,
2736 2914 2964 2983 acceptis
3007 2912 3076 2965 ab
3143 2912 3512 2982 Epaphrodito
3563 2927 3672 2981 quap
3718 2912 3832 2963 misi-

2253 3009 2370 3074 stis,
2405 3010 2512 3060 etc.
2539 3007 2679 3061 Rem
2718 3005 2895 3077 igitur
2934 3005 3323 3075 pecuniariam
3367 3004 3643 3076 spectabat
3676 3003 3755 3057 illa
3775 3003 3829 3056 le-

2256 3100 2427 3170 gatio.
2452 3099 2613 3164 Quod
2641 3116 2754 3154 non
2773 3099 2854 3153 ita
2873 3102 3065 3153 tamen
3093 3098 3527 3171 intelligendum
3545 3103 3672 3164 erat,
3689 3095 3828 3168 quasi,

2260 3193 2484 3260 peracta
2508 3205 2575 3242 ea
2628 3188 3073 3258 dispensatione,
3108 3187 3179 3242 ad
3202 3205 3331 3241 suos
3358 3205 3388 3243 e
3426 3187 3648 3258 vestigio
3676 3201 3825 3239 rever-

2257 3284 2537 3335 terentur.
2573 3280 2676 3348 Qui
2709 3280 2785 3335 ita
2814 3280 2965 3335 missi
3002 3283 3211 3347 essent,
3244 3280 3384 3334 alias
3426 3280 3622 3335 deinde
3648 3278 3829 3349 legatio-

2256 3392 2376 3441 nes,
2409 3374 2531 3444 ejus
2560 3374 2634 3427 ad
2675 3391 2848 3445 quem
2880 3374 3037 3428 missi
3080 3379 3289 3442 essent,
3332 3375 3565 3429 nomine
3593 3372 3825 3427 obierunt.

2253 3468 2425 3541 idque
2445 3468 2504 3522 in
2521 3467 2881 3540 flonginquas
2915 3484 3338 3540 nonnunquam
3367 3469 3639 3539 regiones,
3658 3464 3829 3538 quoties

2254 3563 2310 3617 id
2333 3580 2363 3617 e
2411 3579 2471 3616 re
2505 3567 2650 3617 esset
2705 3562 2963 3618 Ecclesiae
3006 3562 3296 3617 catholicas
3351 3563 3593 3635 publica.
3625 3563 3693 3614 ιω
3725 3574 3827 3629 apo-

2253 3656 2423 3711 stolos
2453 3656 2579 3710 illos
2606 3656 2964 3710 ecclesiarum
3009 3657 3383 3711 commendat
3410 3655 3697 3712 Corinthiis
3729 3670 3753 3706 a
3788 3667 3829 3704 se

2252 3750 2447 3822 procul
2476 3748 2646 3803 dubio
2681 3766 2745 3803 eo
2776 3749 2975 3803 missos
3012 3748 3075 3819 (ll
3108 3750 3229 3805 Cor.
3265 3766 3386 3816 vm,
3434 3751 3538 3819 24).
3582 3751 3656 3803 Ita
3679 3746 3823 3817 Ephe-

2252 3844 2361 3897 sios
2394 3842 2468 3898 ad
2494 3859 2552 3896 se
2600 3843 2800 3897 missos
2830 3844 3072 3897 Romam
3125 3844 3438 3898 destinasse
3478 3842 3830 3910 videturlgna-

2251 3937 2364 3991 tius
2393 3938 2515 4007 (Ep.
2541 3936 2615 3990 ad
2639 3940 2789 3993 Rom.
2830 3937 2976 4006 ﬁn.)
3016 3939 3186 3991 Erant
3216 3936 3375 3991 enim
3398 3954 3464 3993 eo
3492 3937 3606 4008 ipso
3635 3931 3824 3988 consilio

2256 4029 2409 4086 missi
2458 4046 2601 4101 quos
2652 4035 3087 4108 χειροτοιοθέντας
3125 4035 3224 4088 ὑπὸ
3275 4044 3379 4088 τῶν
3436 4034 3688 4092 ἐκκλησιῶν
3732 4050 3827 4082 σνν-

2252 4131 2494 4208 εκδὴμους
2526 4134 2674 4190 dicto
2716 4134 2841 4188 loco
2871 4134 2915 4206 (1
2970 4134 3090 4189 Cor.
3137 4150 3250 4200 VIII,
3284 4137 3370 4205 19)
3418 4133 3685 4188 memorat
3722 4133 3827 4199 Apo-

2252 4236 2448 4290 stolus.
2488 4230 2627 4288 Inde
2674 4227 3054 4299 intelligimus
3114 4226 3349 4298 quinam
3394 4233 3584 4283 essent
3640 4220 3825 4295 apostoli

2252 4328 2551 4390 συνέκδηνοι
2595 4338 2844 4395 quorum
2872 4321 3228 4375 mentionem
3270 4321 3547 4376 habemus
3591 4320 3718 4390 (Act.
3746 4330 3825 4379 xix,

2255 4427 2344 4496 29)
2381 4442 2498 4481 non
2528 4426 2667 4479 alios
2693 4424 2887 4496 utique
2914 4439 3086 4494 quam
3115 4423 3237 4491 hos,
3267 4440 3419 4495 quos
3461 4422 3712 4487 diximus,
3732 4432 3827 4487 apo-

2254 4522 2452 4576 stolos.
2501 4519 2685 4576 Iidem
2727 4525 3028 4582 συνέποντες
3058 4519 3210 4586 (Act.
3265 4534 3365 4585 xx,
3425 4519 3510 4588 4);
3547 4516 3822 4580 συνεξελὼν-

2253 4646 2331 4688 τες
2362 4627 2619 4691 Act.xv1,
2648 4622 2733 4692 3);
2766 4625 3083 4685 συνελθὸντες
3139 4620 3285 4691 (Act.
3341 4637 3431 4684 xv,
3484 4620 3586 4691 38),
3636 4628 3827 4689 quorum

2255 4726 2327 4782 ad
2372 4724 2627 4780 ofﬁcium
2665 4725 2744 4779 ita
2774 4723 3094 4795 pertinebat
3111 4723 3242 4778 viris
3272 4723 3387 4778 illis
3400 4721 3671 4795 primariis
3696 4714 3824 4771 mini-

2255 4824 2458 4887 strare,
2516 4824 2612 4886 ut,
2641 4819 2687 4873 si
2736 4818 2833 4889 qui
2884 4822 3272 4885 recesserant,
3300 4817 3384 4871 illi
3433 4815 3614 4871 ofﬁcio
3655 4809 3822 4867 defuise

2257 4912 2740 4969 existimarentur.
2769 4911 2853 4965 Ab
2890 4911 3045 4965 hisce
3085 4928 3144 4965 se
3191 4911 3504 4977 desertum,
3533 4910 3589 4963 in
3632 4900 3824 4977 epistolis

2253 5022 2671 5077 nonnunquam
2725 5005 2985 5077 queritur
3028 5004 3348 5075 Apostolus.
3391 5005 3564 5059 lidem
3590 5001 3821 5057 διακθῦντες

2257 5112 2400 5181 (erat
2429 5108 2587 5163 enim
2626 5109 2749 5163 haec
2776 5109 3286 5178 ‘eleemosynarum
3331 5103 3685 5178 suppeditatis
3726 5114 3820 5171 pro-

2254 5203 2378 5275 prie
2443 5202 2525 5257 sic
2577 5201 2723 5257 dicta
2786 5201 3020 5258 διακονία
3075 5202 3219 5273 (Act.
3282 5217 3392 5268 xxx,
3446 5199 3582 5270 22);
3627 5200 3819 5271 ὑπηρέται

2261 5301 2403 5371 (Act.
2472 5316 2601 5367 χιιι,
2648 5303 2730 5369 5).
2792 5300 2862 5353 Et
2910 5315 3040 5354 vero
3102 5298 3512 5370 quamplurimi
3570 5298 3717 5350 erant
3750 5285 3819 5360 qui

2258 5395 2312 5449 S.
2370 5394 2543 5449 Paulo
2592 5393 2670 5448 ita
2710 5393 3135 5461 ministrarent,
3180 5393 3446 5449 nonnulli
3505 5389 3739 5462 equidem
3770 5380 3819 5435 ab

2255 5487 2379 5559 ipso
2421 5488 2717 5557 assumpti,
2741 5487 3008 5542 nonnulli
3051 5487 3120 5541 ab
3147 5487 3401 5542 ecclesiis
3428 5485 3495 5540 ad
3540 5483 3683 5537 illum
3700 5476 3815 5532 dele-

2261 5581 2400 5653 gati,
2439 5581 2702 5636 nonnulli
2737 5581 2909 5636 etiam
2940 5597 2974 5635 a
3004 5580 3204 5653 seipsis
3248 5580 3435 5635 devoti
3479 5582 3636 5649 atque
3668 5567 3816 5627 dicati.

2261 5675 2419 5731 Idem
2463 5675 2533 5729 ab
2566 5674 2840 5746 apostolis
2862 5675 2999 5746 ipsis
3019 5674 3376 5730 observatum
3409 5678 3509 5740 est,
3537 5672 3593 5724 ut
3613 5659 3818 5739 gravissi-

2257 5768 2367 5824 mis
2410 5768 2482 5823 de
2534 5768 2717 5824 causis
2743 5768 2967 5840 legatos
3007 5784 3125 5823 non
3173 5768 3311 5823 alios
3336 5765 3813 5830 adhibereutquam

2281 5861 2382 5936 qui
2432 5862 2670 5935 reliquis
2722 5862 3142 5935 praecellerent.
3187 5864 3272 5919 Ita
3298 5861 3500 5918 factum
3536 5857 3592 5913 in
3625 5847 3813 5909 concilia
