  <div class='ocr_page' id='page_1' title='image "/cluster/home/n/w/nwhite01/storage/ocr_20150623/4/hvd.32044073549446/580.png"; bbox 0 0 4082 6194; ppageno 0'>
   <div class='ocr_carea' id='block_1_1' title="bbox 239 328 378 383">
    <p class='ocr_par' dir='ltr' id='par_1_1' title="bbox 239 328 378 383">
     <span class='ocr_line' id='line_1_1' title="bbox 239 328 378 383; baseline 0.007 -1"><span class='ocrx_word' id='word_1_1' title='bbox 239 328 378 383; x_wconf 78' lang='grc'><strong>1153</strong></span> 
     </span>
    </p>
   </div>
   <div class='ocr_carea' id='block_1_2' title="bbox 1380 328 2436 387">
    <p class='ocr_par' dir='ltr' id='par_1_2' title="bbox 1380 328 2436 387">
     <span class='ocr_line' id='line_1_2' title="bbox 1380 328 2436 387; baseline 0 -2"><span class='ocrx_word' id='word_1_2' title='bbox 1380 329 1467 385; x_wconf 88' lang='lat' dir='ltr'><strong>DE</strong></span> <span class='ocrx_word' id='word_1_3' title='bbox 1507 328 1961 387; x_wconf 82' lang='lat' dir='ltr'>PRESBYTERIS</span> <span class='ocrx_word' id='word_1_4' title='bbox 2004 329 2436 387; x_wconf 82' lang='lat' dir='ltr'>DOCTORIBUS.</span> 
     </span>
    </p>
   </div>
   <div class='ocr_carea' id='block_1_3' title="bbox 3458 330 3595 388">
    <p class='ocr_par' dir='ltr' id='par_1_3' title="bbox 3458 330 3595 388">
     <span class='ocr_line' id='line_1_3' title="bbox 3458 330 3595 388; baseline 0.015 -2"><span class='ocrx_word' id='word_1_5' title='bbox 3458 330 3595 388; x_wconf 76' lang='grc'><strong>1154</strong></span> 
     </span>
    </p>
   </div>
   <div class='ocr_carea' id='block_1_4' title="bbox 230 449 1863 539">
    <p class='ocr_par' dir='ltr' id='par_1_4' title="bbox 230 449 1863 523">
     <span class='ocr_line' id='line_1_4' title="bbox 230 449 1863 523; baseline 0.002 -18"><span class='ocrx_word' id='word_1_6' title='bbox 230 449 764 523; x_wconf 83' lang='lat' dir='ltr'>Hierosolymitano,</span> <span class='ocrx_word' id='word_1_7' title='bbox 816 467 944 506; x_wconf 90' lang='lat' dir='ltr'>cum</span> <span class='ocrx_word' id='word_1_8' title='bbox 1002 452 1073 507; x_wconf 91' lang='lat' dir='ltr'>de</span> <span class='ocrx_word' id='word_1_9' title='bbox 1127 451 1574 509; x_wconf 86' lang='lat' dir='ltr'>circumcisionis</span> <span class='ocrx_word' id='word_1_10' title='bbox 1623 454 1863 510; x_wconf 90' lang='lat' dir='ltr'>necessi-</span> 
     </span>
    </p>
   </div>
   <div class='ocr_carea' id='block_1_5' title="bbox 1966 449 3594 539">
    <p class='ocr_par' dir='ltr' id='par_1_5' title="bbox 1968 453 3594 532">
     <span class='ocr_line' id='line_1_5' title="bbox 1968 453 3594 532; baseline 0 -21"><span class='ocrx_word' id='word_1_11' title='bbox 1968 464 2098 512; x_wconf 81' lang='grc' dir='ltr'>πᾶσι</span> <span class='ocrx_word' id='word_1_12' title='bbox 2125 466 2228 517; x_wconf 83' lang='grc' dir='ltr'>τοῖς</span> <span class='ocrx_word' id='word_1_13' title='bbox 2259 461 2308 510; x_wconf 85' lang='grc' dir='ltr'>ὲν</span> <span class='ocrx_word' id='word_1_14' title='bbox 2336 461 2492 532; x_wconf 81' lang='grc' dir='ltr'>χρείᾳ</span> <span class='ocrx_word' id='word_1_15' title='bbox 2521 455 2634 510; x_wconf 77' lang='grc' dir='ltr'>οὖσι</span> <span class='ocrx_word' id='word_1_16' title='bbox 2663 453 2891 531; x_wconf 76' lang='grc' dir='ltr'><em>κηδέμων</em></span> <span class='ocrx_word' id='word_1_17' title='bbox 2925 458 3065 521; x_wconf 87' lang='lat' dir='ltr'>erat,</span> <span class='ocrx_word' id='word_1_18' title='bbox 3112 456 3252 510; x_wconf 88' lang='lat' dir='ltr'>teste</span> <span class='ocrx_word' id='word_1_19' title='bbox 3289 456 3343 511; x_wconf 89' lang='lat' dir='ltr'>S.</span> <span class='ocrx_word' id='word_1_20' title='bbox 3374 456 3594 511; x_wconf 81' lang='lat' dir='ltr'>Iustino</span> 
     </span>
    </p>
   </div>
   <div class='ocr_carea' id='block_1_6' title="bbox 226 544 1865 605">
    <p class='ocr_par' dir='ltr' id='par_1_6' title="bbox 226 544 1865 605">
     <span class='ocr_line' id='line_1_6' title="bbox 226 544 1865 605; baseline 0.002 -4"><span class='ocrx_word' id='word_1_21' title='bbox 226 549 351 601; x_wconf 82' lang='lat' dir='ltr'>tate</span> <span class='ocrx_word' id='word_1_22' title='bbox 412 545 483 600; x_wconf 90' lang='lat' dir='ltr'>ad</span> <span class='ocrx_word' id='word_1_23' title='bbox 526 545 831 600; x_wconf 88' lang='lat' dir='ltr'>Ecclesiam</span> <span class='ocrx_word' id='word_1_24' title='bbox 876 544 1286 601; x_wconf 84' lang='lat' dir='ltr'>Antiochenam</span> <span class='ocrx_word' id='word_1_25' title='bbox 1331 547 1676 603; x_wconf 88' lang='lat' dir='ltr'>mittendum</span> <span class='ocrx_word' id='word_1_26' title='bbox 1722 556 1865 605; x_wconf 81' lang='lat' dir='ltr'>esset</span> 
     </span>
    </p>
   </div>
   <div class='ocr_carea' id='block_1_7' title="bbox 228 640 1864 716">
    <p class='ocr_par' dir='ltr' id='par_1_7' title="bbox 228 640 1864 716">
     <span class='ocr_line' id='line_1_7' title="bbox 228 640 1864 716; baseline 0.003 -23"><span class='ocrx_word' id='word_1_27' title='bbox 228 640 625 709; x_wconf 88' lang='lat' dir='ltr'>apostolorum</span> <span class='ocrx_word' id='word_1_28' title='bbox 674 640 989 706; x_wconf 89' lang='lat' dir='ltr'>decretum,</span> <span class='ocrx_word' id='word_1_29' title='bbox 1037 656 1154 695; x_wconf 91' lang='lat' dir='ltr'>non</span> <span class='ocrx_word' id='word_1_30' title='bbox 1201 641 1395 696; x_wconf 90' lang='lat' dir='ltr'>obvios</span> <span class='ocrx_word' id='word_1_31' title='bbox 1441 643 1721 713; x_wconf 90' lang='lat' dir='ltr'>quoslibet</span> <span class='ocrx_word' id='word_1_32' title='bbox 1764 644 1864 716; x_wconf 89' lang='lat' dir='ltr'>qui</span> 
     </span>
    </p>
   </div>
   <div class='ocr_carea' id='block_1_8' title="bbox 225 732 1859 800">
    <p class='ocr_par' dir='ltr' id='par_1_8' title="bbox 225 732 1859 800">
     <span class='ocr_line' id='line_1_8' title="bbox 225 732 1859 800; baseline 0.003 -14"><span class='ocrx_word' id='word_1_33' title='bbox 225 748 291 786; x_wconf 88' lang='lat' dir='ltr'>se</span> <span class='ocrx_word' id='word_1_34' title='bbox 320 733 468 787; x_wconf 92' lang='lat' dir='ltr'>ultro</span> <span class='ocrx_word' id='word_1_35' title='bbox 505 732 846 800; x_wconf 73' lang='lat' dir='ltr'>offerebant,</span> <span class='ocrx_word' id='word_1_36' title='bbox 889 733 991 787; x_wconf 89' lang='lat' dir='ltr'>sed</span> <span class='ocrx_word' id='word_1_37' title='bbox 1032 734 1242 790; x_wconf 90' lang='lat' dir='ltr'>electos</span> <span class='ocrx_word' id='word_1_38' title='bbox 1280 752 1309 790; x_wconf 91' lang='lat' dir='ltr'>e</span> <span class='ocrx_word' id='word_1_39' title='bbox 1354 751 1455 790; x_wconf 90' lang='lat' dir='ltr'>suo</span> <span class='ocrx_word' id='word_1_40' title='bbox 1495 753 1737 792; x_wconf 89' lang='lat' dir='ltr'>numero</span> <span class='ocrx_word' id='word_1_41' title='bbox 1778 738 1859 791; x_wconf 90' lang='lat' dir='ltr'>vi-</span> 
     </span>
    </p>
   </div>
   <div class='ocr_carea' id='block_1_9' title="bbox 222 826 1858 901">
    <p class='ocr_par' dir='ltr' id='par_1_9' title="bbox 222 826 1858 901">
     <span class='ocr_line' id='line_1_9' title="bbox 222 826 1858 901; baseline 0.003 -21"><span class='ocrx_word' id='word_1_42' title='bbox 222 842 324 880; x_wconf 87' lang='lat' dir='ltr'>ros</span> <span class='ocrx_word' id='word_1_43' title='bbox 377 826 796 881; x_wconf 88' lang='lat' dir='ltr'>constituerunt</span> <span class='ocrx_word' id='word_1_44' title='bbox 847 827 945 897; x_wconf 88' lang='lat' dir='ltr'>qui</span> <span class='ocrx_word' id='word_1_45' title='bbox 1007 828 1117 882; x_wconf 91' lang='lat' dir='ltr'>hoc</span> <span class='ocrx_word' id='word_1_46' title='bbox 1170 844 1409 883; x_wconf 87' lang='lat' dir='ltr'>munere</span> <span class='ocrx_word' id='word_1_47' title='bbox 1457 830 1858 901; x_wconf 79' lang='lat' dir='ltr'>fungerentur.</span> 
     </span>
    </p>
   </div>
   <div class='ocr_carea' id='block_1_10' title="bbox 222 918 1860 999">
    <p class='ocr_par' dir='ltr' id='par_1_10' title="bbox 222 918 1860 999">
     <span class='ocr_line' id='line_1_10' title="bbox 222 918 1860 999; baseline 0.004 -24"><span class='ocrx_word' id='word_1_48' title='bbox 222 918 401 985; x_wconf 75' lang='grc' dir='ltr'>Ἔδοξε</span> <span class='ocrx_word' id='word_1_49' title='bbox 428 964 441 988; x_wconf 89' lang='grc'><em>,</em></span> <span class='ocrx_word' id='word_1_50' title='bbox 516 924 645 985; x_wconf 89' lang='lat' dir='ltr'>etc.,</span> <span class='ocrx_word' id='word_1_51' title='bbox 722 921 1071 996; x_wconf 77' lang='grc' dir='ltr'>ἐκλεξαμένους</span> <span class='ocrx_word' id='word_1_52' title='bbox 1142 921 1331 999; x_wconf 75' lang='grc' dir='ltr'><em>ἀνδρας</em></span> <span class='ocrx_word' id='word_1_53' title='bbox 1401 925 1451 988; x_wconf 86' lang='grc' dir='ltr'>ἐξ</span> <span class='ocrx_word' id='word_1_54' title='bbox 1520 926 1685 979; x_wconf 68' lang='grc' dir='ltr'>αὐτῶν</span> <span class='ocrx_word' id='word_1_55' title='bbox 1764 931 1860 980; x_wconf 78' lang='grc' dir='ltr'>πέ-</span> 
     </span>
    </p>
   </div>
   <div class='ocr_carea' id='block_1_11' title="bbox 214 1017 1880 1095">
    <p class='ocr_par' dir='ltr' id='par_1_11' title="bbox 214 1017 1880 1095">
     <span class='ocr_line' id='line_1_11' title="bbox 214 1017 1880 1095; baseline -0.001 -22"><span class='ocrx_word' id='word_1_56' title='bbox 214 1018 376 1095; x_wconf 66' lang='grc' dir='ltr'>μψαι,</span> <span class='ocrx_word' id='word_1_57' title='bbox 426 1019 534 1072; x_wconf 88' lang='lat' dir='ltr'>etc.</span> <span class='ocrx_word' id='word_1_58' title='bbox 581 1018 750 1089; x_wconf 82' lang='lat' dir='ltr'>(Act.,</span> <span class='ocrx_word' id='word_1_59' title='bbox 799 1033 888 1083; x_wconf 86' lang='lat' dir='ltr'>xv,</span> <span class='ocrx_word' id='word_1_60' title='bbox 938 1017 1052 1087; x_wconf 77' lang='lat'>22),</span> <span class='ocrx_word' id='word_1_61' title='bbox 1097 1019 1249 1089; x_wconf 90' lang='lat' dir='ltr'>quod</span> <span class='ocrx_word' id='word_1_62' title='bbox 1297 1026 1352 1073; x_wconf 89' lang='lat' dir='ltr'>et</span> <span class='ocrx_word' id='word_1_63' title='bbox 1412 1020 1602 1092; x_wconf 89' lang='lat' dir='ltr'>reipsa</span> <span class='ocrx_word' id='word_1_64' title='bbox 1644 1020 1880 1092; x_wconf 81' lang='lat' dir='ltr'>prasti-.</span> 
     </span>
    </p>
   </div>
   <div class='ocr_carea' id='block_1_12' title="bbox 214 1114 1860 1189">
    <p class='ocr_par' dir='ltr' id='par_1_12' title="bbox 214 1114 1860 1189">
     <span class='ocr_line' id='line_1_12' title="bbox 214 1114 1860 1189; baseline 0.003 -20"><span class='ocrx_word' id='word_1_65' title='bbox 214 1118 435 1181; x_wconf 88' lang='lat' dir='ltr'>terunt,</span> <span class='ocrx_word' id='word_1_66' title='bbox 465 1133 517 1169; x_wconf 90' lang='lat' dir='ltr'>v.</span> <span class='ocrx_word' id='word_1_67' title='bbox 545 1119 633 1170; x_wconf 73' lang='lat'>23.</span> <span class='ocrx_word' id='word_1_68' title='bbox 675 1116 787 1170; x_wconf 88' lang='lat' dir='ltr'>Nec</span> <span class='ocrx_word' id='word_1_69' title='bbox 813 1114 980 1170; x_wconf 79' lang='lat' dir='ltr'>aliter</span> <span class='ocrx_word' id='word_1_70' title='bbox 1006 1116 1207 1184; x_wconf 85' lang='lat' dir='ltr'>Judai,</span> <span class='ocrx_word' id='word_1_71' title='bbox 1248 1134 1275 1171; x_wconf 87' lang='lat' dir='ltr'>a</span> <span class='ocrx_word' id='word_1_72' title='bbox 1320 1118 1524 1189; x_wconf 87' lang='lat' dir='ltr'>quibus</span> <span class='ocrx_word' id='word_1_73' title='bbox 1560 1120 1633 1173; x_wconf 89' lang='lat' dir='ltr'>ad</span> <span class='ocrx_word' id='word_1_74' title='bbox 1673 1119 1860 1174; x_wconf 86' lang='lat' dir='ltr'>Chris-</span> 
     </span>
    </p>
   </div>
   <div class='ocr_carea' id='block_1_13' title="bbox 223 1209 1860 1283">
    <p class='ocr_par' dir='ltr' id='par_1_13' title="bbox 223 1209 1860 1283">
     <span class='ocr_line' id='line_1_13' title="bbox 223 1209 1860 1283; baseline 0.004 -21"><span class='ocrx_word' id='word_1_75' title='bbox 223 1209 418 1264; x_wconf 89' lang='lat' dir='ltr'>tianos</span> <span class='ocrx_word' id='word_1_76' title='bbox 480 1226 775 1264; x_wconf 84' lang='lat' dir='ltr'>emanasse</span> <span class='ocrx_word' id='word_1_77' title='bbox 837 1210 1065 1264; x_wconf 88' lang='lat' dir='ltr'>videtur</span> <span class='ocrx_word' id='word_1_78' title='bbox 1125 1211 1469 1283; x_wconf 89' lang='lat' dir='ltr'>exemplum.</span> <span class='ocrx_word' id='word_1_79' title='bbox 1539 1214 1623 1268; x_wconf 68' lang='grc'><strong>1111</strong></span> <span class='ocrx_word' id='word_1_80' title='bbox 1686 1214 1860 1268; x_wconf 91' lang='lat' dir='ltr'>etiam</span> 
     </span>
    </p>
   </div>
   <div class='ocr_carea' id='block_1_14' title="bbox 223 1302 1857 1382">
    <p class='ocr_par' dir='ltr' id='par_1_14' title="bbox 223 1302 1857 1382">
     <span class='ocr_line' id='line_1_14' title="bbox 223 1302 1857 1382; baseline 0.003 -25"><span class='ocrx_word' id='word_1_81' title='bbox 223 1302 419 1382; x_wconf 76' lang='grc' dir='ltr'>ἄνδρας</span> <span class='ocrx_word' id='word_1_82' title='bbox 477 1306 732 1367; x_wconf 73' lang='grc' dir='ltr'>ἐκλεκτοὺς</span> <span class='ocrx_word' id='word_1_83' title='bbox 786 1303 1126 1375; x_wconf 75' lang='lat' dir='ltr'>delegerunt</span> <span class='ocrx_word' id='word_1_84' title='bbox 1189 1305 1247 1359; x_wconf 92' lang='lat' dir='ltr'>in</span> <span class='ocrx_word' id='word_1_85' title='bbox 1310 1322 1545 1361; x_wconf 88' lang='lat' dir='ltr'>omnem</span> <span class='ocrx_word' id='word_1_86' title='bbox 1611 1313 1857 1375; x_wconf 88' lang='lat' dir='ltr'>terram,</span> 
     </span>
    </p>
   </div>
   <div class='ocr_carea' id='block_1_15' title="bbox 224 1401 1858 1480">
    <p class='ocr_par' dir='ltr' id='par_1_15' title="bbox 224 1401 1858 1480">
     <span class='ocr_line' id='line_1_15' title="bbox 224 1401 1858 1480; baseline 0.004 -25"><span class='ocrx_word' id='word_1_87' title='bbox 224 1403 459 1476; x_wconf 64' lang='grc' dir='ltr'>λέγοντες</span> <span class='ocrx_word' id='word_1_88' title='bbox 504 1404 701 1478; x_wconf 80' lang='grc' dir='ltr'>αἵρεσιν</span> <span class='ocrx_word' id='word_1_89' title='bbox 757 1401 900 1458; x_wconf 74' lang='grc' dir='ltr'>ἄθεον</span> <span class='ocrx_word' id='word_1_90' title='bbox 947 1411 1275 1480; x_wconf 77' lang='grc' dir='ltr'>Χριστιανῶν</span> <span class='ocrx_word' id='word_1_91' title='bbox 1333 1412 1632 1480; x_wconf 70' lang='grc' dir='ltr'>πεφηνέναι,</span> <span class='ocrx_word' id='word_1_92' title='bbox 1696 1411 1858 1474; x_wconf 80' lang='lat' dir='ltr'>teste,</span> 
     </span>
    </p>
   </div>
   <div class='ocr_carea' id='block_1_16' title="bbox 224 1499 1859 1575">
    <p class='ocr_par' dir='ltr' id='par_1_16' title="bbox 224 1499 1859 1575">
     <span class='ocr_line' id='line_1_16' title="bbox 224 1499 1859 1575; baseline 0.005 -22"><span class='ocrx_word' id='word_1_93' title='bbox 224 1515 341 1553; x_wconf 91' lang='lat' dir='ltr'>non</span> <span class='ocrx_word' id='word_1_94' title='bbox 371 1515 484 1554; x_wconf 92' lang='lat' dir='ltr'>uno</span> <span class='ocrx_word' id='word_1_95' title='bbox 526 1499 585 1553; x_wconf 90' lang='lat' dir='ltr'>in</span> <span class='ocrx_word' id='word_1_96' title='bbox 628 1499 776 1567; x_wconf 92' lang='lat' dir='ltr'>loco,</span> <span class='ocrx_word' id='word_1_97' title='bbox 822 1499 880 1555; x_wconf 93' lang='lat' dir='ltr'>S.</span> <span class='ocrx_word' id='word_1_98' title='bbox 917 1499 1138 1555; x_wconf 84' lang='lat' dir='ltr'>Justino</span> <span class='ocrx_word' id='word_1_99' title='bbox 1186 1508 1433 1574; x_wconf 83' lang='lat' dir='ltr'>martyre</span> <span class='ocrx_word' id='word_1_100' title='bbox 1464 1504 1697 1575; x_wconf 75' lang='lat' dir='ltr'>(Dialog.</span> <span class='ocrx_word' id='word_1_101' title='bbox 1742 1522 1859 1561; x_wconf 89' lang='lat' dir='ltr'>cum</span> 
     </span>
    </p>
   </div>
   <div class='ocr_carea' id='block_1_17' title="bbox 230 1594 1059 1666">
    <p class='ocr_par' dir='ltr' id='par_1_17' title="bbox 230 1594 1059 1666">
     <span class='ocr_line' id='line_1_17' title="bbox 230 1594 1059 1666; baseline 0.002 -19"><span class='ocrx_word' id='word_1_102' title='bbox 230 1594 509 1663; x_wconf 78' lang='lat' dir='ltr'>Tryphon.</span> <span class='ocrx_word' id='word_1_103' title='bbox 542 1611 598 1665; x_wconf 89' lang='lat' dir='ltr'>p.</span> <span class='ocrx_word' id='word_1_104' title='bbox 634 1596 737 1648; x_wconf 80' lang='grc'>234-</span> <span class='ocrx_word' id='word_1_105' title='bbox 763 1611 812 1664; x_wconf 79' lang='grc' dir='ltr'>Ε,</span> <span class='ocrx_word' id='word_1_106' title='bbox 843 1597 966 1664; x_wconf 78' lang='lat'>335,</span> <span class='ocrx_word' id='word_1_107' title='bbox 986 1596 1059 1666; x_wconf 88' lang='lat' dir='ltr'>c).</span> 
     </span>
    </p>
   </div>
   <div class='ocr_carea' id='block_1_18' title="bbox 296 1757 1854 1831">
    <p class='ocr_par' dir='ltr' id='par_1_18' title="bbox 296 1757 1854 1831">
     <span class='ocr_line' id='line_1_18' title="bbox 296 1757 1854 1831; baseline 0.003 -19"><span class='ocrx_word' id='word_1_108' title='bbox 296 1757 328 1829; x_wconf 84' lang='lat'><strong>§</strong></span> <span class='ocrx_word' id='word_1_109' title='bbox 357 1761 442 1812; x_wconf 81' lang='grc'><strong>18.</strong></span> <span class='ocrx_word' id='word_1_110' title='bbox 485 1758 678 1829; x_wconf 88' lang='lat' dir='ltr'>Neque</span> <span class='ocrx_word' id='word_1_111' title='bbox 701 1774 836 1813; x_wconf 89' lang='lat' dir='ltr'>vero</span> <span class='ocrx_word' id='word_1_112' title='bbox 867 1758 1195 1814; x_wconf 89' lang='lat' dir='ltr'>mirandum</span> <span class='ocrx_word' id='word_1_113' title='bbox 1224 1760 1498 1831; x_wconf 78' lang='lat' dir='ltr'><strong>apostolis</strong></span> <span class='ocrx_word' id='word_1_114' title='bbox 1539 1760 1661 1815; x_wconf 85' lang='lat' dir='ltr'>hac</span> <span class='ocrx_word' id='word_1_115' title='bbox 1708 1777 1854 1831; x_wconf 88' lang='lat' dir='ltr'>pra-</span> 
     </span>
    </p>
   </div>
   <div class='ocr_carea' id='block_1_19' title="bbox 1964 554 2612 624">
    <p class='ocr_par' dir='ltr' id='par_1_19' title="bbox 1964 554 2612 624">
     <span class='ocr_line' id='line_1_19' title="bbox 1964 554 2612 624; baseline -0.003 -16"><span class='ocrx_word' id='word_1_116' title='bbox 1964 556 2215 624; x_wconf 83' lang='lat' dir='ltr'>martyre</span> <span class='ocrx_word' id='word_1_117' title='bbox 2249 554 2498 622; x_wconf 83' lang='lat' dir='ltr'>(Apolog.</span> <span class='ocrx_word' id='word_1_118' title='bbox 2532 555 2612 621; x_wconf 86' lang='grc' dir='ltr'><strong>ιι).</strong></span> 
     </span>
    </p>
   </div>
   <div class='ocr_carea' id='block_1_20' title="bbox 2036 644 3595 719">
    <p class='ocr_par' dir='ltr' id='par_1_20' title="bbox 2036 644 3595 719">
     <span class='ocr_line' id='line_1_20' title="bbox 2036 644 3595 719; baseline 0.001 -18"><span class='ocrx_word' id='word_1_119' title='bbox 2036 649 2068 719; x_wconf 90' lang='lat'>§</span> <span class='ocrx_word' id='word_1_120' title='bbox 2101 650 2185 702; x_wconf 83' lang='grc'><strong>19.</strong></span> <span class='ocrx_word' id='word_1_121' title='bbox 2216 649 2345 702; x_wconf 82' lang='lat' dir='ltr'>[Iac</span> <span class='ocrx_word' id='word_1_122' title='bbox 2374 644 2552 717; x_wconf 80' lang='lat' dir='ltr'>igitur</span> <span class='ocrx_word' id='word_1_123' title='bbox 2575 662 2709 716; x_wconf 85' lang='lat' dir='ltr'>erga</span> <span class='ocrx_word' id='word_1_124' title='bbox 2737 662 2937 701; x_wconf 90' lang='lat' dir='ltr'>omnes</span> <span class='ocrx_word' id='word_1_125' title='bbox 2967 650 3132 703; x_wconf 89' lang='lat' dir='ltr'>erant</span> <span class='ocrx_word' id='word_1_126' title='bbox 3159 648 3595 719; x_wconf 80' lang='lat' dir='ltr'>peregrinantes</span> 
     </span>
    </p>
   </div>
   <div class='ocr_carea' id='block_1_21' title="bbox 1962 738 3593 812">
    <p class='ocr_par' dir='ltr' id='par_1_21' title="bbox 1962 738 3593 812">
     <span class='ocr_line' id='line_1_21' title="bbox 1962 738 3593 812; baseline 0.001 -16"><span class='ocrx_word' id='word_1_127' title='bbox 1962 740 2293 797; x_wconf 90' lang='lat' dir='ltr'>communia</span> <span class='ocrx_word' id='word_1_128' title='bbox 2320 738 2688 794; x_wconf 85' lang='lat' dir='ltr'>ecclesiarum</span> <span class='ocrx_word' id='word_1_129' title='bbox 2712 739 2918 807; x_wconf 80' lang='lat' dir='ltr'>ofﬁcia,</span> <span class='ocrx_word' id='word_1_130' title='bbox 2941 757 3068 812; x_wconf 86' lang='lat' dir='ltr'>qua</span> <span class='ocrx_word' id='word_1_131' title='bbox 3099 742 3235 812; x_wconf 91' lang='lat' dir='ltr'>quin</span> <span class='ocrx_word' id='word_1_132' title='bbox 3260 742 3399 812; x_wconf 88' lang='lat' dir='ltr'><strong>ipsis</strong></span> <span class='ocrx_word' id='word_1_133' title='bbox 3419 743 3593 797; x_wconf 87' lang='lat' dir='ltr'>etiam</span> 
     </span>
    </p>
   </div>
   <div class='ocr_carea' id='block_1_22' title="bbox 1962 832 3597 907">
    <p class='ocr_par' dir='ltr' id='par_1_22' title="bbox 1962 832 3597 907">
     <span class='ocr_line' id='line_1_22' title="bbox 1962 832 3597 907; baseline 0.001 -18"><span class='ocrx_word' id='word_1_134' title='bbox 1962 835 2227 907; x_wconf 76' lang='lat' dir='ltr'><strong>apostolis</strong></span> <span class='ocrx_word' id='word_1_135' title='bbox 2275 832 2582 888; x_wconf 85' lang='lat' dir='ltr'>ofﬁciosius</span> <span class='ocrx_word' id='word_1_136' title='bbox 2637 838 3060 903; x_wconf 78' lang='lat' dir='ltr'>prastarentur,</span> <span class='ocrx_word' id='word_1_137' title='bbox 3120 835 3263 889; x_wconf 89' lang='lat' dir='ltr'>nihil</span> <span class='ocrx_word' id='word_1_138' title='bbox 3317 852 3455 890; x_wconf 88' lang='lat' dir='ltr'>sane</span> <span class='ocrx_word' id='word_1_139' title='bbox 3510 840 3597 891; x_wconf 90' lang='lat' dir='ltr'>est</span> 
     </span>
    </p>
   </div>
   <div class='ocr_carea' id='block_1_23' title="bbox 1964 925 3593 1000">
    <p class='ocr_par' dir='ltr' id='par_1_23' title="bbox 1964 925 3593 1000">
     <span class='ocr_line' id='line_1_23' title="bbox 1964 925 3593 1000; baseline 0.001 -19"><span class='ocrx_word' id='word_1_140' title='bbox 1964 928 2117 1000; x_wconf 90' lang='lat' dir='ltr'>quod</span> <span class='ocrx_word' id='word_1_141' title='bbox 2169 927 2516 982; x_wconf 79' lang='lat' dir='ltr'>dubitemus.</span> <span class='ocrx_word' id='word_1_142' title='bbox 2574 925 2770 980; x_wconf 90' lang='lat' dir='ltr'>Nescio</span> <span class='ocrx_word' id='word_1_143' title='bbox 2827 927 3214 999; x_wconf 81' lang='lat' dir='ltr'>quidquamne</span> <span class='ocrx_word' id='word_1_144' title='bbox 3267 929 3436 983; x_wconf 86' lang='lat' dir='ltr'>fuerit</span> <span class='ocrx_word' id='word_1_145' title='bbox 3479 944 3593 999; x_wconf 89' lang='lat' dir='ltr'>quo</span> 
     </span>
    </p>
   </div>
   <div class='ocr_carea' id='block_1_24' title="bbox 1962 1020 3592 1092">
    <p class='ocr_par' dir='ltr' id='par_1_24' title="bbox 1962 1020 3592 1092">
     <span class='ocr_line' id='line_1_24' title="bbox 1962 1020 3592 1092; baseline -0.001 -15"><span class='ocrx_word' id='word_1_146' title='bbox 1962 1023 2067 1077; x_wconf 90' lang='lat' dir='ltr'>viri</span> <span class='ocrx_word' id='word_1_147' title='bbox 2115 1022 2385 1088; x_wconf 86' lang='lat' dir='ltr'>illustres,</span> <span class='ocrx_word' id='word_1_148' title='bbox 2430 1037 2535 1091; x_wconf 90' lang='lat' dir='ltr'>pro</span> <span class='ocrx_word' id='word_1_149' title='bbox 2582 1020 2733 1075; x_wconf 91' lang='lat' dir='ltr'>illius</span> <span class='ocrx_word' id='word_1_150' title='bbox 2778 1020 2971 1075; x_wconf 74' lang='lat' dir='ltr'>saeculi</span> <span class='ocrx_word' id='word_1_151' title='bbox 3023 1037 3208 1091; x_wconf 87' lang='lat' dir='ltr'>more,</span> <span class='ocrx_word' id='word_1_152' title='bbox 3262 1022 3445 1092; x_wconf 84' lang='lat' dir='ltr'>excipi</span> <span class='ocrx_word' id='word_1_153' title='bbox 3501 1038 3592 1077; x_wconf 94' lang='lat' dir='ltr'>so-</span> 
     </span>
    </p>
   </div>
   <div class='ocr_carea' id='block_1_25' title="bbox 1962 1114 3591 1186">
    <p class='ocr_par' dir='ltr' id='par_1_25' title="bbox 1962 1114 3591 1186">
     <span class='ocr_line' id='line_1_25' title="bbox 1962 1114 3591 1186; baseline -0.001 -15"><span class='ocrx_word' id='word_1_154' title='bbox 1962 1117 2169 1185; x_wconf 88' lang='lat' dir='ltr'>lerent,</span> <span class='ocrx_word' id='word_1_155' title='bbox 2200 1115 2338 1186; x_wconf 90' lang='lat' dir='ltr'>quin</span> <span class='ocrx_word' id='word_1_156' title='bbox 2382 1115 2535 1169; x_wconf 90' lang='lat' dir='ltr'>idem</span> <span class='ocrx_word' id='word_1_157' title='bbox 2581 1114 2725 1169; x_wconf 92' lang='lat' dir='ltr'>illud</span> <span class='ocrx_word' id='word_1_158' title='bbox 2774 1114 2832 1168; x_wconf 91' lang='lat' dir='ltr'>in</span> <span class='ocrx_word' id='word_1_159' title='bbox 2878 1114 3147 1186; x_wconf 87' lang='lat' dir='ltr'><strong>apostolis</strong></span> <span class='ocrx_word' id='word_1_160' title='bbox 3190 1115 3591 1186; x_wconf 67' lang='lat' dir='ltr'>primat-iisque</span> 
     </span>
    </p>
   </div>
   <div class='ocr_carea' id='block_1_26' title="bbox 1960 1208 3596 1279">
    <p class='ocr_par' dir='ltr' id='par_1_26' title="bbox 1960 1208 3596 1279">
     <span class='ocr_line' id='line_1_26' title="bbox 1960 1208 3596 1279; baseline -0.001 -14"><span class='ocrx_word' id='word_1_161' title='bbox 1960 1210 2223 1265; x_wconf 82' lang='lat' dir='ltr'>Ecclesiae</span> <span class='ocrx_word' id='word_1_162' title='bbox 2272 1208 2405 1263; x_wconf 90' lang='lat' dir='ltr'>viris</span> <span class='ocrx_word' id='word_1_163' title='bbox 2469 1209 2817 1279; x_wconf 85' lang='lat' dir='ltr'>excipiendis</span> <span class='ocrx_word' id='word_1_164' title='bbox 2866 1208 3219 1263; x_wconf 88' lang='lat' dir='ltr'>observarint</span> <span class='ocrx_word' id='word_1_165' title='bbox 3274 1208 3445 1263; x_wconf 89' lang='lat' dir='ltr'>etiam</span> <span class='ocrx_word' id='word_1_166' title='bbox 3500 1210 3596 1263; x_wconf 82' lang='lat' dir='ltr'>Ec-</span> 
     </span>
    </p>
   </div>
   <div class='ocr_carea' id='block_1_27' title="bbox 1961 1302 3593 1374">
    <p class='ocr_par' dir='ltr' id='par_1_27' title="bbox 1961 1302 3593 1374">
     <span class='ocr_line' id='line_1_27' title="bbox 1961 1302 3593 1374; baseline -0.001 -16"><span class='ocrx_word' id='word_1_167' title='bbox 1961 1305 2178 1373; x_wconf 81' lang='lat' dir='ltr'>clesia;</span> <span class='ocrx_word' id='word_1_168' title='bbox 2208 1309 2265 1359; x_wconf 88' lang='lat' dir='ltr'>et</span> <span class='ocrx_word' id='word_1_169' title='bbox 2292 1302 2523 1374; x_wconf 89' lang='lat' dir='ltr'>quidem</span> <span class='ocrx_word' id='word_1_170' title='bbox 2553 1319 2620 1357; x_wconf 91' lang='lat' dir='ltr'>eo</span> <span class='ocrx_word' id='word_1_171' title='bbox 2658 1303 3004 1374; x_wconf 90' lang='lat' dir='ltr'>promptiori</span> <span class='ocrx_word' id='word_1_172' title='bbox 3045 1304 3266 1372; x_wconf 90' lang='lat' dir='ltr'>animo,</span> <span class='ocrx_word' id='word_1_173' title='bbox 3294 1302 3444 1374; x_wconf 91' lang='lat' dir='ltr'>quod</span> <span class='ocrx_word' id='word_1_174' title='bbox 3473 1319 3593 1356; x_wconf 90' lang='lat' dir='ltr'>non</span> 
     </span>
    </p>
   </div>
   <div class='ocr_carea' id='block_1_28' title="bbox 1961 1393 3594 1469">
    <p class='ocr_par' dir='ltr' id='par_1_28' title="bbox 1961 1393 3594 1469">
     <span class='ocr_line' id='line_1_28' title="bbox 1961 1393 3594 1469; baseline -0.001 -18"><span class='ocrx_word' id='word_1_175' title='bbox 1961 1399 2183 1453; x_wconf 84' lang='lat' dir='ltr'>illorum</span> <span class='ocrx_word' id='word_1_176' title='bbox 2214 1399 2385 1452; x_wconf 92' lang='lat' dir='ltr'>modo</span> <span class='ocrx_word' id='word_1_177' title='bbox 2419 1396 2681 1469; x_wconf 83' lang='lat' dir='ltr'>gratiam,</span> <span class='ocrx_word' id='word_1_178' title='bbox 2713 1397 2923 1468; x_wconf 87' lang='lat' dir='ltr'>quibus</span> <span class='ocrx_word' id='word_1_179' title='bbox 2957 1413 3023 1451; x_wconf 91' lang='lat' dir='ltr'>ea</span> <span class='ocrx_word' id='word_1_180' title='bbox 3050 1393 3456 1469; x_wconf 88' lang='lat' dir='ltr'>prastitcrant,</span> <span class='ocrx_word' id='word_1_181' title='bbox 3492 1396 3594 1450; x_wconf 86' lang='lat' dir='ltr'>sed</span> 
     </span>
    </p>
   </div>
   <div class='ocr_carea' id='block_1_29' title="bbox 1962 1491 3590 1563">
    <p class='ocr_par' dir='ltr' id='par_1_29' title="bbox 1962 1491 3590 1563">
     <span class='ocr_line' id='line_1_29' title="bbox 1962 1491 3590 1563; baseline -0.001 -17"><span class='ocrx_word' id='word_1_182' title='bbox 1962 1491 2060 1547; x_wconf 89' lang='lat' dir='ltr'>Dei</span> <span class='ocrx_word' id='word_1_183' title='bbox 2107 1492 2250 1546; x_wconf 88' lang='lat' dir='ltr'>adeo</span> <span class='ocrx_word' id='word_1_184' title='bbox 2294 1491 2491 1563; x_wconf 86' lang='lat' dir='ltr'>ipsius,</span> <span class='ocrx_word' id='word_1_185' title='bbox 2528 1491 2686 1560; x_wconf 85' lang='lat' dir='ltr'>cujus</span> <span class='ocrx_word' id='word_1_186' title='bbox 2735 1491 2792 1545; x_wconf 92' lang='lat' dir='ltr'>in</span> <span class='ocrx_word' id='word_1_187' title='bbox 2844 1508 3016 1563; x_wconf 91' lang='lat' dir='ltr'>opere</span> <span class='ocrx_word' id='word_1_188' title='bbox 3054 1498 3489 1561; x_wconf 82' lang='lat' dir='ltr'>occuparentur,</span> <span class='ocrx_word' id='word_1_189' title='bbox 3530 1507 3590 1544; x_wconf 90' lang='lat' dir='ltr'>se</span> 
     </span>
    </p>
   </div>
   <div class='ocr_carea' id='block_1_30' title="bbox 1962 1585 3624 1657">
    <p class='ocr_par' dir='ltr' id='par_1_30' title="bbox 1962 1585 3624 1657">
     <span class='ocr_line' id='line_1_30' title="bbox 1962 1585 3624 1657; baseline -0.002 -16"><span class='ocrx_word' id='word_1_190' title='bbox 1962 1587 2248 1642; x_wconf 82' lang='lat' dir='ltr'>demereri</span> <span class='ocrx_word' id='word_1_191' title='bbox 2276 1587 2595 1653; x_wconf 86' lang='lat' dir='ltr'>crederent,</span> <span class='ocrx_word' id='word_1_192' title='bbox 2624 1585 3052 1657; x_wconf 85' lang='lat' dir='ltr'>participesque</span> <span class='ocrx_word' id='word_1_193' title='bbox 3089 1602 3147 1640; x_wconf 86' lang='lat' dir='ltr'>se</span> <span class='ocrx_word' id='word_1_194' title='bbox 3193 1585 3420 1640; x_wconf 90' lang='lat' dir='ltr'>illorum</span> <span class='ocrx_word' id='word_1_195' title='bbox 3451 1601 3590 1656; x_wconf 87' lang='lat' dir='ltr'>quo-</span> <span class='ocrx_word' id='word_1_196' title='bbox 3616 1649 3624 1655; x_wconf 27' lang='grc' dir='ltr'>ν</span> 
     </span>
    </p>
   </div>
   <div class='ocr_carea' id='block_1_31' title="bbox 1962 1679 3590 1753">
    <p class='ocr_par' dir='ltr' id='par_1_31' title="bbox 1962 1679 3590 1753">
     <span class='ocr_line' id='line_1_31' title="bbox 1962 1679 3590 1753; baseline -0.002 -17"><span class='ocrx_word' id='word_1_197' title='bbox 1962 1699 2070 1753; x_wconf 89' lang='lat' dir='ltr'>que</span> <span class='ocrx_word' id='word_1_198' title='bbox 2092 1697 2331 1752; x_wconf 89' lang='lat' dir='ltr'>operum</span> <span class='ocrx_word' id='word_1_199' title='bbox 2364 1681 2609 1735; x_wconf 88' lang='lat' dir='ltr'>futuros.</span> <span class='ocrx_word' id='word_1_200' title='bbox 2638 1680 2909 1751; x_wconf 86' lang='lat' dir='ltr'>Apostolo</span> <span class='ocrx_word' id='word_1_201' title='bbox 2938 1681 3184 1735; x_wconf 83' lang='lat' dir='ltr'>Romam</span> <span class='ocrx_word' id='word_1_202' title='bbox 3214 1679 3457 1734; x_wconf 89' lang='lat' dir='ltr'>venienti</span> <span class='ocrx_word' id='word_1_203' title='bbox 3488 1679 3590 1733; x_wconf 87' lang='lat' dir='ltr'>ob-</span> 
     </span>
    </p>
   </div>
   <div class='ocr_carea' id='block_1_32' title="bbox 1958 1768 3598 1840">
    <p class='ocr_par' dir='ltr' id='par_1_32' title="bbox 1958 1768 3598 1840">
     <span class='ocr_line' id='line_1_32' title="bbox 1958 1768 3598 1840; baseline -0.001 -17"><span class='ocrx_word' id='word_1_204' title='bbox 1958 1770 2105 1824; x_wconf 84' lang='lat' dir='ltr'>viam</span> <span class='ocrx_word' id='word_1_205' title='bbox 2135 1769 2297 1824; x_wconf 78' lang='lat' dir='ltr'>ellusi</span> <span class='ocrx_word' id='word_1_206' title='bbox 2337 1776 2468 1824; x_wconf 91' lang='lat' dir='ltr'>sunt</span> <span class='ocrx_word' id='word_1_207' title='bbox 2505 1770 2732 1838; x_wconf 79' lang='lat' dir='ltr'>fratres,</span> <span class='ocrx_word' id='word_1_208' title='bbox 2765 1786 2941 1840; x_wconf 92' lang='lat' dir='ltr'>usque</span> <span class='ocrx_word' id='word_1_209' title='bbox 2984 1769 3058 1823; x_wconf 90' lang='lat' dir='ltr'>ad</span> <span class='ocrx_word' id='word_1_210' title='bbox 3102 1768 3267 1839; x_wconf 85' lang='lat' dir='ltr'>Appii</span> <span class='ocrx_word' id='word_1_211' title='bbox 3308 1769 3494 1822; x_wconf 90' lang='lat' dir='ltr'>forum</span> <span class='ocrx_word' id='word_1_212' title='bbox 3540 1774 3598 1822; x_wconf 90' lang='lat' dir='ltr'>et</span> 
     </span>
    </p>
   </div>
   <div class='ocr_carea' id='block_1_33' title="bbox 227 1852 3595 1935">
    <p class='ocr_par' dir='ltr' id='par_1_33' title="bbox 227 1852 3595 1935">
     <span class='ocr_line' id='line_1_33' title="bbox 227 1852 3595 1935; baseline 0.001 -28"><span class='ocrx_word' id='word_1_213' title='bbox 227 1852 442 1907; x_wconf 88' lang='lat' dir='ltr'>stitisse</span> <span class='ocrx_word' id='word_1_214' title='bbox 471 1852 757 1921; x_wconf 87' lang='lat' dir='ltr'>ecclesias,</span> <span class='ocrx_word' id='word_1_215' title='bbox 780 1869 912 1909; x_wconf 90' lang='lat' dir='ltr'>cum</span> <span class='ocrx_word' id='word_1_216' title='bbox 941 1854 1112 1908; x_wconf 88' lang='lat' dir='ltr'>etiam</span> <span class='ocrx_word' id='word_1_217' title='bbox 1140 1853 1377 1925; x_wconf 88' lang='lat' dir='ltr'>plebeiis</span> <span class='ocrx_word' id='word_1_218' title='bbox 1402 1853 1734 1911; x_wconf 86' lang='lat' dir='ltr'>Christianis</span> <span class='ocrx_word' id='word_1_219' title='bbox 1760 1871 1856 1910; x_wconf 84' lang='lat' dir='ltr'>ea-</span> <span class='ocrx_word' id='word_1_220' title='bbox 1880 1853 1935 1925; x_wconf 88' lang='lat' dir='ltr'>B</span> <span class='ocrx_word' id='word_1_221' title='bbox 1959 1865 2094 1918; x_wconf 71' lang='lat' dir='ltr'>Tres</span> <span class='ocrx_word' id='word_1_222' title='bbox 2131 1864 2420 1918; x_wconf 73' lang='lat' dir='ltr'>Tabernas</span> <span class='ocrx_word' id='word_1_223' title='bbox 2466 1864 2637 1935; x_wconf 47' lang='lat' dir='ltr'>(Act,</span> <span class='ocrx_word' id='word_1_224' title='bbox 2684 1880 2867 1933; x_wconf 68' lang='lat' dir='ltr'>xxvm,</span> <span class='ocrx_word' id='word_1_225' title='bbox 2919 1863 3027 1934; x_wconf 66' lang='grc'><strong>15),</strong></span> <span class='ocrx_word' id='word_1_226' title='bbox 3060 1862 3282 1934; x_wconf 69' lang='lat' dir='ltr'>Ignatio</span> <span class='ocrx_word' id='word_1_227' title='bbox 3308 1867 3498 1917; x_wconf 79' lang='lat' dir='ltr'>tamen</span> <span class='ocrx_word' id='word_1_228' title='bbox 3523 1861 3595 1916; x_wconf 83' lang='lat' dir='ltr'>ad</span> 
     </span>
    </p>
   </div>
   <div class='ocr_carea' id='block_1_34' title="bbox 228 1946 1860 2018">
    <p class='ocr_par' dir='ltr' id='par_1_34' title="bbox 228 1946 1860 2018">
     <span class='ocr_line' id='line_1_34' title="bbox 228 1946 1860 2018; baseline 0.001 -18"><span class='ocrx_word' id='word_1_229' title='bbox 228 1946 366 2001; x_wconf 89' lang='lat' dir='ltr'>dem</span> <span class='ocrx_word' id='word_1_230' title='bbox 397 1946 788 2018; x_wconf 77' lang='lat' dir='ltr'>praestiterint,</span> <span class='ocrx_word' id='word_1_231' title='bbox 820 1946 867 2000; x_wconf 92' lang='lat' dir='ltr'><strong>si</strong></span> <span class='ocrx_word' id='word_1_232' title='bbox 896 1948 1129 2018; x_wconf 84' lang='lat' dir='ltr'>quando</span> <span class='ocrx_word' id='word_1_233' title='bbox 1157 1947 1215 2001; x_wconf 90' lang='lat' dir='ltr'>in</span> <span class='ocrx_word' id='word_1_234' title='bbox 1244 1948 1415 2002; x_wconf 87' lang='lat' dir='ltr'>rebus</span> <span class='ocrx_word' id='word_1_235' title='bbox 1442 1965 1567 2002; x_wconf 90' lang='lat' dir='ltr'>rem</span> <span class='ocrx_word' id='word_1_236' title='bbox 1596 1948 1860 2004; x_wconf 82' lang='lat' dir='ltr'>Christia-</span> 
     </span>
    </p>
   </div>
   <div class='ocr_carea' id='block_1_35' title="bbox 224 2040 1855 2112">
    <p class='ocr_par' dir='ltr' id='par_1_35' title="bbox 224 2040 1855 2112">
     <span class='ocr_line' id='line_1_35' title="bbox 224 2040 1855 2112; baseline 0.001 -17"><span class='ocrx_word' id='word_1_237' title='bbox 224 2056 362 2095; x_wconf 87' lang='lat' dir='ltr'>nam</span> <span class='ocrx_word' id='word_1_238' title='bbox 398 2040 687 2111; x_wconf 89' lang='lat' dir='ltr'>publicam</span> <span class='ocrx_word' id='word_1_239' title='bbox 719 2041 1102 2096; x_wconf 89' lang='lat' dir='ltr'>attinentibus</span> <span class='ocrx_word' id='word_1_240' title='bbox 1132 2044 1568 2112; x_wconf 90' lang='lat' dir='ltr'>occuparentur.</span> <span class='ocrx_word' id='word_1_241' title='bbox 1598 2043 1731 2096; x_wconf 89' lang='lat' dir='ltr'>Erat</span> <span class='ocrx_word' id='word_1_242' title='bbox 1772 2042 1855 2096; x_wconf 85' lang='lat' dir='ltr'>ni-</span> 
     </span>
    </p>
   </div>
   <div class='ocr_carea' id='block_1_36' title="bbox 228 2123 1860 2208">
    <p class='ocr_par' dir='ltr' id='par_1_36' title="bbox 228 2123 1860 2208">
     <span class='ocr_line' id='line_1_36' title="bbox 228 2123 1860 2208; baseline 0.001 -20"><span class='ocrx_word' id='word_1_243' title='bbox 228 2135 441 2189; x_wconf 88' lang='lat' dir='ltr'>mirum</span> <span class='ocrx_word' id='word_1_244' title='bbox 466 2151 588 2189; x_wconf 86' lang='lat' dir='ltr'>non</span> <span class='ocrx_word' id='word_1_245' title='bbox 631 2134 876 2190; x_wconf 91' lang='lat' dir='ltr'>minima</span> <span class='ocrx_word' id='word_1_246' title='bbox 900 2123 1315 2190; x_wconf 85' lang='lat' dir='ltr'>communionis</span> <span class='ocrx_word' id='word_1_247' title='bbox 1358 2153 1493 2208; x_wconf 92' lang='lat' dir='ltr'>pars</span> <span class='ocrx_word' id='word_1_248' title='bbox 1534 2136 1593 2190; x_wconf 91' lang='lat' dir='ltr'>in</span> <span class='ocrx_word' id='word_1_249' title='bbox 1627 2136 1860 2207; x_wconf 88' lang='lat' dir='ltr'><strong>hospitii</strong></span> 
     </span>
    </p>
   </div>
   <div class='ocr_carea' id='block_1_37' title="bbox 219 2228 1856 2302">
    <p class='ocr_par' dir='ltr' id='par_1_37' title="bbox 219 2228 1856 2302">
     <span class='ocr_line' id='line_1_37' title="bbox 219 2228 1856 2302; baseline 0.001 -20"><span class='ocrx_word' id='word_1_250' title='bbox 219 2228 354 2300; x_wconf 86' lang='lat' dir='ltr'>jure</span> <span class='ocrx_word' id='word_1_251' title='bbox 380 2228 586 2298; x_wconf 89' lang='lat' dir='ltr'>posita,</span> <span class='ocrx_word' id='word_1_252' title='bbox 618 2244 730 2299; x_wconf 89' lang='lat' dir='ltr'>quo</span> <span class='ocrx_word' id='word_1_253' title='bbox 762 2234 1020 2300; x_wconf 85' lang='lat' dir='ltr'>spectant</span> <span class='ocrx_word' id='word_1_254' title='bbox 1046 2228 1218 2284; x_wconf 89' lang='lat' dir='ltr'>etiam</span> <span class='ocrx_word' id='word_1_255' title='bbox 1246 2234 1505 2285; x_wconf 84' lang='lat' dir='ltr'>veterum</span> <span class='ocrx_word' id='word_1_256' title='bbox 1530 2246 1701 2302; x_wconf 88' lang='lat' dir='ltr'>quam</span> <span class='ocrx_word' id='word_1_257' title='bbox 1731 2230 1856 2301; x_wconf 92' lang='lat' dir='ltr'>plu-</span> 
     </span>
    </p>
   </div>
   <div class='ocr_carea' id='block_1_38' title="bbox 228 2321 1861 2395">
    <p class='ocr_par' dir='ltr' id='par_1_38' title="bbox 228 2321 1861 2395">
     <span class='ocr_line' id='line_1_38' title="bbox 228 2321 1861 2395; baseline 0.001 -19"><span class='ocrx_word' id='word_1_258' title='bbox 228 2321 394 2376; x_wconf 88' lang='lat' dir='ltr'>rima</span> <span class='ocrx_word' id='word_1_259' title='bbox 423 2322 625 2376; x_wconf 89' lang='lat' dir='ltr'>littera</span> <span class='ocrx_word' id='word_1_260' title='bbox 671 2322 1172 2393; x_wconf 86' lang='lat' dir='ltr'>commendatitia,</span> <span class='ocrx_word' id='word_1_261' title='bbox 1202 2340 1445 2395; x_wconf 86' lang='lat' dir='ltr'>quarum</span> <span class='ocrx_word' id='word_1_262' title='bbox 1486 2324 1557 2379; x_wconf 90' lang='lat' dir='ltr'>ad</span> <span class='ocrx_word' id='word_1_263' title='bbox 1600 2323 1861 2378; x_wconf 86' lang='lat' dir='ltr'>imitatio-</span> 
     </span>
    </p>
   </div>
   <div class='ocr_carea' id='block_1_39' title="bbox 230 2416 1860 2489">
    <p class='ocr_par' dir='ltr' id='par_1_39' title="bbox 230 2416 1860 2489">
     <span class='ocr_line' id='line_1_39' title="bbox 230 2416 1860 2489; baseline 0.001 -19"><span class='ocrx_word' id='word_1_264' title='bbox 230 2432 371 2470; x_wconf 87' lang='lat' dir='ltr'>nem</span> <span class='ocrx_word' id='word_1_265' title='bbox 402 2416 608 2470; x_wconf 83' lang='lat' dir='ltr'>littera</span> <span class='ocrx_word' id='word_1_266' title='bbox 646 2417 817 2472; x_wconf 91' lang='lat' dir='ltr'>etiam</span> <span class='ocrx_word' id='word_1_267' title='bbox 858 2418 1252 2472; x_wconf 84' lang='lat' dir='ltr'>ecclesiastica</span> <span class='ocrx_word' id='word_1_268' title='bbox 1289 2418 1545 2472; x_wconf 84' lang='lat' dir='ltr'>formata</span> <span class='ocrx_word' id='word_1_269' title='bbox 1582 2423 1860 2489; x_wconf 83' lang='lat' dir='ltr'>suscepta</span> 
     </span>
    </p>
   </div>
   <div class='ocr_carea' id='block_1_40' title="bbox 230 2511 1857 2582">
    <p class='ocr_par' dir='ltr' id='par_1_40' title="bbox 230 2511 1857 2582">
     <span class='ocr_line' id='line_1_40' title="bbox 230 2511 1857 2582; baseline 0.001 -18"><span class='ocrx_word' id='word_1_270' title='bbox 230 2517 638 2581; x_wconf 86' lang='lat' dir='ltr'>conceptaque</span> <span class='ocrx_word' id='word_1_271' title='bbox 686 2516 838 2566; x_wconf 91' lang='lat' dir='ltr'>sunt.</span> <span class='ocrx_word' id='word_1_272' title='bbox 873 2511 1194 2582; x_wconf 83' lang='lat' dir='ltr'>Hospitibus</span> <span class='ocrx_word' id='word_1_273' title='bbox 1227 2517 1416 2567; x_wconf 89' lang='lat' dir='ltr'>autem</span> <span class='ocrx_word' id='word_1_274' title='bbox 1452 2512 1857 2567; x_wconf 89' lang='lat' dir='ltr'>commoranti-</span> 
     </span>
    </p>
   </div>
   <div class='ocr_carea' id='block_1_41' title="bbox 227 2604 1861 2676">
    <p class='ocr_par' dir='ltr' id='par_1_41' title="bbox 227 2604 1861 2676">
     <span class='ocr_line' id='line_1_41' title="bbox 227 2604 1861 2676; baseline 0 -17"><span class='ocrx_word' id='word_1_275' title='bbox 227 2604 336 2659; x_wconf 90' lang='lat' dir='ltr'>bus</span> <span class='ocrx_word' id='word_1_276' title='bbox 374 2607 633 2675; x_wconf 86' lang='lat' dir='ltr'>sumptus</span> <span class='ocrx_word' id='word_1_277' title='bbox 676 2604 851 2676; x_wconf 84' lang='lat' dir='ltr'>gratis</span> <span class='ocrx_word' id='word_1_278' title='bbox 887 2605 1233 2676; x_wconf 84' lang='lat' dir='ltr'>suppeditati</span> <span class='ocrx_word' id='word_1_279' title='bbox 1273 2610 1403 2659; x_wconf 91' lang='lat' dir='ltr'>sunt</span> <span class='ocrx_word' id='word_1_280' title='bbox 1440 2605 1861 2660; x_wconf 81' lang='lat' dir='ltr'>discedentibus</span> 
     </span>
    </p>
   </div>
   <div class='ocr_carea' id='block_1_42' title="bbox 229 2698 1862 2766">
    <p class='ocr_par' dir='ltr' id='par_1_42' title="bbox 229 2698 1862 2766">
     <span class='ocr_line' id='line_1_42' title="bbox 229 2698 1862 2766; baseline 0.001 -14"><span class='ocrx_word' id='word_1_281' title='bbox 229 2698 401 2752; x_wconf 82' lang='lat' dir='ltr'>xenia</span> <span class='ocrx_word' id='word_1_282' title='bbox 428 2698 658 2766; x_wconf 84' lang='lat' dir='ltr'>donata,</span> <span class='ocrx_word' id='word_1_283' title='bbox 684 2703 737 2753; x_wconf 88' lang='lat' dir='ltr'>et</span> <span class='ocrx_word' id='word_1_284' title='bbox 757 2699 803 2753; x_wconf 90' lang='lat' dir='ltr'>si</span> <span class='ocrx_word' id='word_1_285' title='bbox 831 2715 1058 2753; x_wconf 90' lang='lat' dir='ltr'>necesse</span> <span class='ocrx_word' id='word_1_286' title='bbox 1081 2704 1248 2765; x_wconf 88' lang='lat' dir='ltr'>esset,</span> <span class='ocrx_word' id='word_1_287' title='bbox 1272 2699 1507 2755; x_wconf 87' lang='lat' dir='ltr'>comites</span> <span class='ocrx_word' id='word_1_288' title='bbox 1528 2699 1748 2754; x_wconf 87' lang='lat' dir='ltr'>itineris</span> <span class='ocrx_word' id='word_1_289' title='bbox 1770 2700 1862 2754; x_wconf 90' lang='lat' dir='ltr'>ad-</span> 
     </span>
    </p>
   </div>
   <div class='ocr_carea' id='block_1_43' title="bbox 231 2790 1862 2865">
    <p class='ocr_par' dir='ltr' id='par_1_43' title="bbox 231 2790 1862 2865">
     <span class='ocr_line' id='line_1_43' title="bbox 231 2790 1862 2865; baseline 0.001 -20"><span class='ocrx_word' id='word_1_290' title='bbox 231 2791 357 2860; x_wconf 90' lang='lat' dir='ltr'>diti,</span> <span class='ocrx_word' id='word_1_291' title='bbox 386 2790 431 2846; x_wconf 92' lang='lat' dir='ltr'>si</span> <span class='ocrx_word' id='word_1_292' title='bbox 457 2792 607 2846; x_wconf 90' lang='lat' dir='ltr'>ultra</span> <span class='ocrx_word' id='word_1_293' title='bbox 634 2798 821 2847; x_wconf 86' lang='lat' dir='ltr'>essent</span> <span class='ocrx_word' id='word_1_294' title='bbox 848 2793 1176 2862; x_wconf 85' lang='lat' dir='ltr'>profecturi.</span> <span class='ocrx_word' id='word_1_295' title='bbox 1201 2794 1329 2848; x_wconf 82' lang='lat' dir='ltr'>Hac</span> <span class='ocrx_word' id='word_1_296' title='bbox 1357 2812 1420 2848; x_wconf 87' lang='lat' dir='ltr'>ex</span> <span class='ocrx_word' id='word_1_297' title='bbox 1448 2793 1862 2865; x_wconf 88' lang='lat' dir='ltr'>antiquissimis</span> 
     </span>
    </p>
   </div>
   <div class='ocr_carea' id='block_1_44' title="bbox 229 2885 1862 2958">
    <p class='ocr_par' dir='ltr' id='par_1_44' title="bbox 229 2885 1862 2958">
     <span class='ocr_line' id='line_1_44' title="bbox 229 2885 1862 2958; baseline 0.001 -19"><span class='ocrx_word' id='word_1_298' title='bbox 229 2885 458 2939; x_wconf 86' lang='lat' dir='ltr'>Homeri</span> <span class='ocrx_word' id='word_1_299' title='bbox 486 2885 749 2957; x_wconf 91' lang='lat' dir='ltr'><strong>hospitiis</strong></span> <span class='ocrx_word' id='word_1_300' title='bbox 770 2886 1074 2941; x_wconf 87' lang='lat' dir='ltr'>manifesta</span> <span class='ocrx_word' id='word_1_301' title='bbox 1100 2891 1249 2954; x_wconf 89' lang='lat' dir='ltr'>sunt,</span> <span class='ocrx_word' id='word_1_302' title='bbox 1274 2903 1400 2958; x_wconf 87' lang='lat' dir='ltr'>qua</span> <span class='ocrx_word' id='word_1_303' title='bbox 1418 2886 1477 2940; x_wconf 89' lang='lat' dir='ltr'>in</span> <span class='ocrx_word' id='word_1_304' title='bbox 1506 2903 1694 2941; x_wconf 88' lang='lat' dir='ltr'>mores</span> <span class='ocrx_word' id='word_1_305' title='bbox 1714 2887 1862 2942; x_wconf 83' lang='lat' dir='ltr'>Gra-</span> 
     </span>
    </p>
   </div>
   <div class='ocr_carea' id='block_1_45' title="bbox 234 2979 1862 3056">
    <p class='ocr_par' dir='ltr' id='par_1_45' title="bbox 234 2979 1862 3056">
     <span class='ocr_line' id='line_1_45' title="bbox 234 2979 1862 3056; baseline 0.002 -23"><span class='ocrx_word' id='word_1_306' title='bbox 234 2996 433 3033; x_wconf 90' lang='lat' dir='ltr'>corum</span> <span class='ocrx_word' id='word_1_307' title='bbox 462 2979 848 3035; x_wconf 89' lang='lat' dir='ltr'>recentiorum</span> <span class='ocrx_word' id='word_1_308' title='bbox 880 2980 1085 3035; x_wconf 89' lang='lat' dir='ltr'>deinde</span> <span class='ocrx_word' id='word_1_309' title='bbox 1125 2981 1496 3036; x_wconf 87' lang='lat' dir='ltr'>transierunt.</span> <span class='ocrx_word' id='word_1_310' title='bbox 1531 2983 1682 3035; x_wconf 82' lang='lat' dir='ltr'>lianc</span> <span class='ocrx_word' id='word_1_311' title='bbox 1710 2985 1862 3056; x_wconf 80' lang='grc' dir='ltr'>φιλο-</span> 
     </span>
    </p>
   </div>
   <div class='ocr_carea' id='block_1_46' title="bbox 230 3078 1861 3150">
    <p class='ocr_par' dir='ltr' id='par_1_46' title="bbox 230 3078 1861 3150">
     <span class='ocr_line' id='line_1_46' title="bbox 230 3078 1861 3150; baseline -0.001 -16"><span class='ocrx_word' id='word_1_312' title='bbox 230 3083 396 3147; x_wconf 79' lang='grc' dir='ltr'>ξενίαν</span> <span class='ocrx_word' id='word_1_313' title='bbox 439 3078 847 3134; x_wconf 89' lang='lat' dir='ltr'>commendant</span> <span class='ocrx_word' id='word_1_314' title='bbox 883 3078 1190 3150; x_wconf 89' lang='lat' dir='ltr'>aliquoties</span> <span class='ocrx_word' id='word_1_315' title='bbox 1228 3079 1490 3149; x_wconf 85' lang='lat' dir='ltr'>apostoli,</span> <span class='ocrx_word' id='word_1_316' title='bbox 1528 3085 1585 3133; x_wconf 86' lang='lat' dir='ltr'>et</span> <span class='ocrx_word' id='word_1_317' title='bbox 1623 3079 1861 3150; x_wconf 89' lang='lat' dir='ltr'>quidem</span> 
     </span>
    </p>
   </div>
   <div class='ocr_carea' id='block_1_47' title="bbox 235 3176 1865 3246">
    <p class='ocr_par' dir='ltr' id='par_1_47' title="bbox 235 3176 1865 3246">
     <span class='ocr_line' id='line_1_47' title="bbox 235 3176 1865 3246; baseline 0 -14"><span class='ocrx_word' id='word_1_318' title='bbox 235 3194 305 3232; x_wconf 87' lang='lat' dir='ltr'>eo</span> <span class='ocrx_word' id='word_1_319' title='bbox 331 3177 393 3231; x_wconf 92' lang='lat' dir='ltr'><strong>in</strong></span> <span class='ocrx_word' id='word_1_320' title='bbox 433 3178 554 3232; x_wconf 92' lang='lat' dir='ltr'>loco</span> <span class='ocrx_word' id='word_1_321' title='bbox 600 3176 759 3231; x_wconf 90' lang='lat' dir='ltr'>illam</span> <span class='ocrx_word' id='word_1_322' title='bbox 792 3176 1121 3231; x_wconf 87' lang='lat' dir='ltr'>habuerunt</span> <span class='ocrx_word' id='word_1_323' title='bbox 1154 3176 1412 3246; x_wconf 88' lang='lat' dir='ltr'>primavi</span> <span class='ocrx_word' id='word_1_324' title='bbox 1453 3176 1760 3233; x_wconf 90' lang='lat' dir='ltr'>Christiani</span> <span class='ocrx_word' id='word_1_325' title='bbox 1802 3182 1865 3232; x_wconf 92' lang='lat' dir='ltr'>ut</span> 
     </span>
    </p>
   </div>
   <div class='ocr_carea' id='block_1_48' title="bbox 228 3270 1865 3344">
    <p class='ocr_par' dir='ltr' id='par_1_48' title="bbox 228 3270 1865 3344">
     <span class='ocr_line' id='line_1_48' title="bbox 228 3270 1865 3344; baseline 0.001 -19"><span class='ocrx_word' id='word_1_326' title='bbox 228 3270 433 3344; x_wconf 88' lang='lat' dir='ltr'>privati</span> <span class='ocrx_word' id='word_1_327' title='bbox 474 3271 770 3342; x_wconf 86' lang='lat' dir='ltr'>aliquoties</span> <span class='ocrx_word' id='word_1_328' title='bbox 816 3271 1016 3325; x_wconf 84' lang='lat' dir='ltr'>divites</span> <span class='ocrx_word' id='word_1_329' title='bbox 1059 3287 1119 3325; x_wconf 87' lang='lat' dir='ltr'>se</span> <span class='ocrx_word' id='word_1_330' title='bbox 1156 3286 1372 3340; x_wconf 88' lang='lat' dir='ltr'>suaque</span> <span class='ocrx_word' id='word_1_331' title='bbox 1425 3271 1619 3326; x_wconf 90' lang='lat' dir='ltr'>omnia</span> <span class='ocrx_word' id='word_1_332' title='bbox 1658 3272 1865 3327; x_wconf 88' lang='lat' dir='ltr'>sanctis</span> 
     </span>
    </p>
   </div>
   <div class='ocr_carea' id='block_1_49' title="bbox 232 3364 1859 3437">
    <p class='ocr_par' dir='ltr' id='par_1_49' title="bbox 232 3364 1859 3437">
     <span class='ocr_line' id='line_1_49' title="bbox 232 3364 1859 3437; baseline 0 -18"><span class='ocrx_word' id='word_1_333' title='bbox 232 3365 607 3437; x_wconf 87' lang='lat' dir='ltr'>undequaque</span> <span class='ocrx_word' id='word_1_334' title='bbox 652 3364 1151 3436; x_wconf 85' lang='lat' dir='ltr'>peregrinantibus</span> <span class='ocrx_word' id='word_1_335' title='bbox 1196 3365 1546 3436; x_wconf 82' lang='lat' dir='ltr'>excipiendis</span> <span class='ocrx_word' id='word_1_336' title='bbox 1588 3365 1859 3420; x_wconf 90' lang='lat' dir='ltr'>dicarent.</span> 
     </span>
    </p>
   </div>
   <div class='ocr_carea' id='block_1_50' title="bbox 228 3459 1861 3531">
    <p class='ocr_par' dir='ltr' id='par_1_50' title="bbox 228 3459 1861 3531">
     <span class='ocr_line' id='line_1_50' title="bbox 228 3459 1861 3531; baseline 0 -17"><span class='ocrx_word' id='word_1_337' title='bbox 228 3460 374 3515; x_wconf 87' lang='lat' dir='ltr'>Talis</span> <span class='ocrx_word' id='word_1_338' title='bbox 410 3459 584 3514; x_wconf 87' lang='lat' dir='ltr'>fuisse</span> <span class='ocrx_word' id='word_1_339' title='bbox 619 3459 845 3515; x_wconf 89' lang='lat' dir='ltr'>videtur</span> <span class='ocrx_word' id='word_1_340' title='bbox 877 3459 1047 3514; x_wconf 85' lang='lat' dir='ltr'>Gaius</span> <span class='ocrx_word' id='word_1_341' title='bbox 1084 3475 1198 3514; x_wconf 90' lang='lat' dir='ltr'>non</span> <span class='ocrx_word' id='word_1_342' title='bbox 1234 3462 1290 3515; x_wconf 93' lang='lat' dir='ltr'>S.</span> <span class='ocrx_word' id='word_1_343' title='bbox 1339 3460 1495 3514; x_wconf 89' lang='lat' dir='ltr'>Pauli</span> <span class='ocrx_word' id='word_1_344' title='bbox 1534 3461 1706 3516; x_wconf 90' lang='lat' dir='ltr'>modo</span> <span class='ocrx_word' id='word_1_345' title='bbox 1746 3461 1861 3531; x_wconf 89' lang='lat' dir='ltr'>pri-</span> 
     </span>
    </p>
   </div>
   <div class='ocr_carea' id='block_1_51' title="bbox 232 3553 1861 3625">
    <p class='ocr_par' dir='ltr' id='par_1_51' title="bbox 232 3553 1861 3625">
     <span class='ocr_line' id='line_1_51' title="bbox 232 3553 1861 3625; baseline 0.001 -16"><span class='ocrx_word' id='word_1_346' title='bbox 232 3557 394 3609; x_wconf 88' lang='lat' dir='ltr'>vatus</span> <span class='ocrx_word' id='word_1_347' title='bbox 418 3554 646 3625; x_wconf 84' lang='lat' dir='ltr'>hospes,</span> <span class='ocrx_word' id='word_1_348' title='bbox 677 3553 770 3608; x_wconf 91' lang='lat' dir='ltr'>sed</span> <span class='ocrx_word' id='word_1_349' title='bbox 813 3554 987 3608; x_wconf 89' lang='lat' dir='ltr'>totius</span> <span class='ocrx_word' id='word_1_350' title='bbox 1029 3554 1198 3610; x_wconf 89' lang='lat' dir='ltr'>etiam</span> <span class='ocrx_word' id='word_1_351' title='bbox 1236 3555 1495 3609; x_wconf 88' lang='lat' dir='ltr'>Ecclesia</span> <span class='ocrx_word' id='word_1_352' title='bbox 1527 3557 1719 3625; x_wconf 74' lang='lat' dir='ltr'>(Rom,</span> <span class='ocrx_word' id='word_1_353' title='bbox 1749 3571 1861 3624; x_wconf 70' lang='lat' dir='ltr'>xvx,</span> 
     </span>
    </p>
   </div>
   <div class='ocr_carea' id='block_1_52' title="bbox 235 3647 1863 3719">
    <p class='ocr_par' dir='ltr' id='par_1_52' title="bbox 235 3647 1863 3719">
     <span class='ocr_line' id='line_1_52' title="bbox 235 3647 1863 3719; baseline 0.001 -17"><span class='ocrx_word' id='word_1_354' title='bbox 235 3648 347 3717; x_wconf 82' lang='lat'>23).</span> <span class='ocrx_word' id='word_1_355' title='bbox 381 3647 710 3719; x_wconf 89' lang='lat' dir='ltr'>Eodemque</span> <span class='ocrx_word' id='word_1_356' title='bbox 741 3648 979 3703; x_wconf 90' lang='lat' dir='ltr'>nomine</span> <span class='ocrx_word' id='word_1_357' title='bbox 1018 3648 1452 3703; x_wconf 89' lang='lat' dir='ltr'>commendatur</span> <span class='ocrx_word' id='word_1_358' title='bbox 1479 3666 1511 3703; x_wconf 89' lang='lat' dir='ltr'>a</span> <span class='ocrx_word' id='word_1_359' title='bbox 1536 3649 1592 3704; x_wconf 92' lang='lat' dir='ltr'>S.</span> <span class='ocrx_word' id='word_1_360' title='bbox 1624 3651 1863 3716; x_wconf 87' lang='lat' dir='ltr'>Joanne,</span> 
     </span>
    </p>
   </div>
   <div class='ocr_carea' id='block_1_53' title="bbox 232 3741 1867 3813">
    <p class='ocr_par' dir='ltr' id='par_1_53' title="bbox 232 3741 1867 3813">
     <span class='ocr_line' id='line_1_53' title="bbox 232 3741 1867 3813; baseline 0.001 -17"><span class='ocrx_word' id='word_1_361' title='bbox 232 3741 399 3796; x_wconf 86' lang='lat' dir='ltr'>tertia</span> <span class='ocrx_word' id='word_1_362' title='bbox 440 3742 563 3812; x_wconf 83' lang='lat' dir='ltr'>ejus</span> <span class='ocrx_word' id='word_1_363' title='bbox 601 3741 799 3813; x_wconf 59' lang='lat' dir='ltr'>Epist,</span> <span class='ocrx_word' id='word_1_364' title='bbox 845 3759 896 3796; x_wconf 91' lang='lat' dir='ltr'>v.</span> <span class='ocrx_word' id='word_1_365' title='bbox 951 3746 1010 3809; x_wconf 78' lang='grc'>5,</span> <span class='ocrx_word' id='word_1_366' title='bbox 1052 3745 1104 3810; x_wconf 89' lang='grc'>6,</span> <span class='ocrx_word' id='word_1_367' title='bbox 1152 3746 1203 3809; x_wconf 89' lang='grc'>7,</span> <span class='ocrx_word' id='word_1_368' title='bbox 1248 3742 1300 3797; x_wconf 82' lang='lat'>8.</span> <span class='ocrx_word' id='word_1_369' title='bbox 1342 3742 1489 3797; x_wconf 91' lang='lat' dir='ltr'>Talis</span> <span class='ocrx_word' id='word_1_370' title='bbox 1537 3742 1711 3797; x_wconf 89' lang='lat' dir='ltr'>etiam</span> <span class='ocrx_word' id='word_1_371' title='bbox 1758 3743 1867 3797; x_wconf 90' lang='lat' dir='ltr'>fuit</span> 
     </span>
    </p>
   </div>
   <div class='ocr_carea' id='block_1_54' title="bbox 230 3834 1864 3908">
    <p class='ocr_par' dir='ltr' id='par_1_54' title="bbox 230 3834 1864 3908">
     <span class='ocr_line' id='line_1_54' title="bbox 230 3834 1864 3908; baseline 0 -17"><span class='ocrx_word' id='word_1_372' title='bbox 230 3834 551 3903; x_wconf 88' lang='lat' dir='ltr'>Philemon,</span> <span class='ocrx_word' id='word_1_373' title='bbox 594 3837 695 3908; x_wconf 89' lang='lat' dir='ltr'>Ep.</span> <span class='ocrx_word' id='word_1_374' title='bbox 744 3836 815 3891; x_wconf 88' lang='lat' dir='ltr'>ad</span> <span class='ocrx_word' id='word_1_375' title='bbox 861 3836 1125 3903; x_wconf 90' lang='lat' dir='ltr'>Philem.,</span> <span class='ocrx_word' id='word_1_376' title='bbox 1170 3852 1221 3890; x_wconf 92' lang='lat' dir='ltr'>v.</span> <span class='ocrx_word' id='word_1_377' title='bbox 1268 3840 1321 3905; x_wconf 81' lang='lat'>5,</span> <span class='ocrx_word' id='word_1_378' title='bbox 1364 3840 1416 3906; x_wconf 88' lang='lat'>6,</span> <span class='ocrx_word' id='word_1_379' title='bbox 1462 3842 1514 3903; x_wconf 91' lang='lat'>7,</span> <span class='ocrx_word' id='word_1_380' title='bbox 1546 3842 1601 3891; x_wconf 89' lang='lat' dir='ltr'>et</span> <span class='ocrx_word' id='word_1_381' title='bbox 1635 3837 1864 3891; x_wconf 85' lang='lat' dir='ltr'>Mnason</span> 
     </span>
    </p>
   </div>
   <div class='ocr_carea' id='block_1_55' title="bbox 233 3929 1866 4002">
    <p class='ocr_par' dir='ltr' id='par_1_55' title="bbox 233 3929 1866 4002">
     <span class='ocr_line' id='line_1_55' title="bbox 233 3929 1866 4002; baseline -0.001 -17"><span class='ocrx_word' id='word_1_382' title='bbox 233 3929 490 4001; x_wconf 81' lang='lat' dir='ltr'>Cyprius,</span> <span class='ocrx_word' id='word_1_383' title='bbox 522 3931 646 3985; x_wconf 86' lang='lat' dir='ltr'>Act.</span> <span class='ocrx_word' id='word_1_384' title='bbox 681 3946 793 3997; x_wconf 65' lang='lat' dir='ltr'>xxx,</span> <span class='ocrx_word' id='word_1_385' title='bbox 832 3932 919 3984; x_wconf 83' lang='grc'><strong>16.</strong></span> <span class='ocrx_word' id='word_1_386' title='bbox 947 3930 1323 3986; x_wconf 89' lang='lat' dir='ltr'>Ecclesiarum</span> <span class='ocrx_word' id='word_1_387' title='bbox 1352 3935 1546 3985; x_wconf 89' lang='lat' dir='ltr'>tamen</span> <span class='ocrx_word' id='word_1_388' title='bbox 1573 3931 1866 4002; x_wconf 91' lang='lat' dir='ltr'>publicum</span> 
     </span>
    </p>
   </div>
   <div class='ocr_carea' id='block_1_56' title="bbox 233 4023 1868 4095">
    <p class='ocr_par' dir='ltr' id='par_1_56' title="bbox 233 4023 1868 4095">
     <span class='ocr_line' id='line_1_56' title="bbox 233 4023 1868 4095; baseline 0 -17"><span class='ocrx_word' id='word_1_389' title='bbox 233 4023 293 4078; x_wconf 90' lang='lat' dir='ltr'>id</span> <span class='ocrx_word' id='word_1_390' title='bbox 319 4023 489 4094; x_wconf 84' lang='lat' dir='ltr'>vulgo</span> <span class='ocrx_word' id='word_1_391' title='bbox 518 4023 693 4078; x_wconf 86' lang='lat' dir='ltr'>fuisse</span> <span class='ocrx_word' id='word_1_392' title='bbox 718 4023 947 4078; x_wconf 87' lang='lat' dir='ltr'>videtur</span> <span class='ocrx_word' id='word_1_393' title='bbox 968 4023 1241 4078; x_wconf 87' lang='lat' dir='ltr'>ofﬁcium.</span> <span class='ocrx_word' id='word_1_394' title='bbox 1272 4024 1374 4079; x_wconf 94' lang='lat' dir='ltr'>Illo</span> <span class='ocrx_word' id='word_1_395' title='bbox 1402 4040 1608 4095; x_wconf 88' lang='lat' dir='ltr'>nempe</span> <span class='ocrx_word' id='word_1_396' title='bbox 1633 4023 1868 4095; x_wconf 88' lang='lat' dir='ltr'>hospitii</span> 
     </span>
    </p>
   </div>
   <div class='ocr_carea' id='block_1_57' title="bbox 227 4116 1867 4190">
    <p class='ocr_par' dir='ltr' id='par_1_57' title="bbox 227 4116 1867 4190">
     <span class='ocr_line' id='line_1_57' title="bbox 227 4116 1867 4190; baseline 0.001 -19"><span class='ocrx_word' id='word_1_397' title='bbox 227 4116 361 4189; x_wconf 84' lang='lat' dir='ltr'>jure</span> <span class='ocrx_word' id='word_1_398' title='bbox 394 4132 520 4171; x_wconf 90' lang='lat' dir='ltr'>usas</span> <span class='ocrx_word' id='word_1_399' title='bbox 550 4117 798 4188; x_wconf 90' lang='lat' dir='ltr'>legimus</span> <span class='ocrx_word' id='word_1_400' title='bbox 828 4117 886 4171; x_wconf 86' lang='lat' dir='ltr'>in</span> <span class='ocrx_word' id='word_1_401' title='bbox 917 4133 976 4171; x_wconf 88' lang='lat' dir='ltr'>se</span> <span class='ocrx_word' id='word_1_402' title='bbox 1015 4116 1261 4173; x_wconf 87' lang='lat' dir='ltr'>invicem</span> <span class='ocrx_word' id='word_1_403' title='bbox 1290 4116 1515 4172; x_wconf 87' lang='lat' dir='ltr'>illorum</span> <span class='ocrx_word' id='word_1_404' title='bbox 1543 4122 1867 4190; x_wconf 90' lang='lat' dir='ltr'>temporum</span> 
     </span>
    </p>
   </div>
   <div class='ocr_carea' id='block_1_58' title="bbox 233 4210 1864 4283">
    <p class='ocr_par' dir='ltr' id='par_1_58' title="bbox 233 4210 1864 4283">
     <span class='ocr_line' id='line_1_58' title="bbox 233 4210 1864 4283; baseline 0 -17"><span class='ocrx_word' id='word_1_405' title='bbox 233 4210 492 4283; x_wconf 87' lang='lat' dir='ltr'>integras</span> <span class='ocrx_word' id='word_1_406' title='bbox 532 4211 707 4266; x_wconf 90' lang='lat' dir='ltr'>etiam</span> <span class='ocrx_word' id='word_1_407' title='bbox 751 4210 1024 4267; x_wconf 89' lang='lat' dir='ltr'>civitates.</span> <span class='ocrx_word' id='word_1_408' title='bbox 1060 4211 1324 4283; x_wconf 85' lang='lat' dir='ltr'>Exempla</span> <span class='ocrx_word' id='word_1_409' title='bbox 1363 4211 1538 4266; x_wconf 87' lang='lat' dir='ltr'>habet</span> <span class='ocrx_word' id='word_1_410' title='bbox 1569 4213 1864 4279; x_wconf 90' lang='lat' dir='ltr'>nonnulla,</span> 
     </span>
    </p>
   </div>
   <div class='ocr_carea' id='block_1_59' title="bbox 235 4304 1863 4377">
    <p class='ocr_par' dir='ltr' id='par_1_59' title="bbox 235 4304 1863 4377">
     <span class='ocr_line' id='line_1_59' title="bbox 235 4304 1863 4377; baseline -0.001 -17"><span class='ocrx_word' id='word_1_411' title='bbox 235 4306 297 4360; x_wconf 88' lang='lat' dir='ltr'>ni</span> <span class='ocrx_word' id='word_1_412' title='bbox 323 4305 508 4373; x_wconf 90' lang='lat' dir='ltr'>fallor,</span> <span class='ocrx_word' id='word_1_413' title='bbox 537 4304 596 4359; x_wconf 89' lang='lat' dir='ltr'><strong>in</strong></span> <span class='ocrx_word' id='word_1_414' title='bbox 632 4304 885 4360; x_wconf 87' lang='lat' dir='ltr'>Verrinis</span> <span class='ocrx_word' id='word_1_415' title='bbox 922 4305 1138 4360; x_wconf 91' lang='lat' dir='ltr'>Cicero.</span> <span class='ocrx_word' id='word_1_416' title='bbox 1172 4306 1243 4360; x_wconf 90' lang='lat' dir='ltr'>Ut</span> <span class='ocrx_word' id='word_1_417' title='bbox 1280 4305 1519 4377; x_wconf 90' lang='lat' dir='ltr'>proinde</span> <span class='ocrx_word' id='word_1_418' title='bbox 1560 4305 1634 4359; x_wconf 89' lang='lat' dir='ltr'>ad</span> <span class='ocrx_word' id='word_1_419' title='bbox 1683 4305 1863 4359; x_wconf 91' lang='lat' dir='ltr'>eccle-</span> 
     </span>
    </p>
   </div>
   <div class='ocr_carea' id='block_1_60' title="bbox 234 4398 1867 4472">
    <p class='ocr_par' dir='ltr' id='par_1_60' title="bbox 234 4398 1867 4472">
     <span class='ocr_line' id='line_1_60' title="bbox 234 4398 1867 4472; baseline 0.001 -19"><span class='ocrx_word' id='word_1_420' title='bbox 234 4398 367 4468; x_wconf 87' lang='lat' dir='ltr'>sias,</span> <span class='ocrx_word' id='word_1_421' title='bbox 399 4415 526 4471; x_wconf 81' lang='lat' dir='ltr'>qua</span> <span class='ocrx_word' id='word_1_422' title='bbox 571 4398 821 4454; x_wconf 87' lang='lat' dir='ltr'>civitates</span> <span class='ocrx_word' id='word_1_423' title='bbox 861 4399 1137 4470; x_wconf 89' lang='lat' dir='ltr'>integras,</span> <span class='ocrx_word' id='word_1_424' title='bbox 1172 4415 1277 4472; x_wconf 89' lang='lat' dir='ltr'>pro</span> <span class='ocrx_word' id='word_1_425' title='bbox 1316 4399 1467 4454; x_wconf 92' lang='lat' dir='ltr'>illius</span> <span class='ocrx_word' id='word_1_426' title='bbox 1504 4416 1734 4471; x_wconf 87' lang='lat' dir='ltr'>quoque</span> <span class='ocrx_word' id='word_1_427' title='bbox 1769 4415 1867 4454; x_wconf 83' lang='lat' dir='ltr'>sa-</span> 
     </span>
    </p>
   </div>
   <div class='ocr_carea' id='block_1_61' title="bbox 236 4492 1869 4565">
    <p class='ocr_par' dir='ltr' id='par_1_61' title="bbox 236 4492 1869 4565">
     <span class='ocr_line' id='line_1_61' title="bbox 236 4492 1869 4565; baseline 0 -17"><span class='ocrx_word' id='word_1_428' title='bbox 236 4494 347 4548; x_wconf 92' lang='lat' dir='ltr'>euli</span> <span class='ocrx_word' id='word_1_429' title='bbox 404 4510 581 4562; x_wconf 88' lang='lat' dir='ltr'>more,</span> <span class='ocrx_word' id='word_1_430' title='bbox 638 4494 1203 4565; x_wconf 88' lang='lat' dir='ltr'>complecterentur,</span> <span class='ocrx_word' id='word_1_431' title='bbox 1261 4510 1504 4565; x_wconf 85' lang='lat' dir='ltr'>quaque</span> <span class='ocrx_word' id='word_1_432' title='bbox 1552 4492 1869 4548; x_wconf 85' lang='lat' dir='ltr'>civitatibus</span> 
     </span>
    </p>
   </div>
   <div class='ocr_carea' id='block_1_62' title="bbox 1960 1957 3594 2030">
    <p class='ocr_par' dir='ltr' id='par_1_62' title="bbox 1960 1957 3594 2030">
     <span class='ocr_line' id='line_1_62' title="bbox 1960 1957 3594 2030; baseline -0.002 -18"><span class='ocrx_word' id='word_1_433' title='bbox 1960 1957 2296 2030; x_wconf 87' lang='lat' dir='ltr'>martyrium</span> <span class='ocrx_word' id='word_1_434' title='bbox 2321 1958 2651 2029; x_wconf 81' lang='lat' dir='ltr'>properanti</span> <span class='ocrx_word' id='word_1_435' title='bbox 2684 1974 2861 2028; x_wconf 92' lang='lat' dir='ltr'>usque</span> <span class='ocrx_word' id='word_1_436' title='bbox 2890 1957 2960 2011; x_wconf 89' lang='lat' dir='ltr'>ad</span> <span class='ocrx_word' id='word_1_437' title='bbox 2990 1960 3249 2028; x_wconf 88' lang='lat' dir='ltr'>portum,</span> <span class='ocrx_word' id='word_1_438' title='bbox 3290 1957 3594 2011; x_wconf 81' lang='lat' dir='ltr'>Melitenses</span> 
     </span>
    </p>
   </div>
   <div class='ocr_carea' id='block_1_63' title="bbox 1959 2052 3593 2113">
    <p class='ocr_par' dir='ltr' id='par_1_63' title="bbox 1959 2052 3593 2113">
     <span class='ocr_line' id='line_1_63' title="bbox 1959 2052 3593 2113; baseline -0.002 -6"><span class='ocrx_word' id='word_1_439' title='bbox 1959 2053 2314 2108; x_wconf 84' lang='lat' dir='ltr'>discedentem</span> <span class='ocrx_word' id='word_1_440' title='bbox 2338 2053 2525 2107; x_wconf 84' lang='lat' dir='ltr'>multis</span> <span class='ocrx_word' id='word_1_441' title='bbox 2554 2052 2844 2107; x_wconf 76' lang='lat' dir='ltr'>honoribus</span> <span class='ocrx_word' id='word_1_442' title='bbox 2882 2053 3304 2113; x_wconf 81' lang='lat' dir='ltr'>honoraverunt,</span> <span class='ocrx_word' id='word_1_443' title='bbox 3348 2055 3397 2105; x_wconf 86' lang='lat' dir='ltr'>et</span> <span class='ocrx_word' id='word_1_444' title='bbox 3438 2052 3593 2104; x_wconf 83' lang='lat' dir='ltr'>navi-</span> 
     </span>
    </p>
   </div>
   <div class='ocr_carea' id='block_1_64' title="bbox 1958 2143 3591 2216">
    <p class='ocr_par' dir='ltr' id='par_1_64' title="bbox 1958 2143 3591 2216">
     <span class='ocr_line' id='line_1_64' title="bbox 1958 2143 3591 2216; baseline -0.002 -17"><span class='ocrx_word' id='word_1_445' title='bbox 1958 2147 2216 2216; x_wconf 76' lang='lat' dir='ltr'>gantibus</span> <span class='ocrx_word' id='word_1_446' title='bbox 2244 2149 2615 2216; x_wconf 85' lang='lat' dir='ltr'>imposuerunt</span> <span class='ocrx_word' id='word_1_447' title='bbox 2647 2161 2768 2216; x_wconf 77' lang='lat' dir='ltr'>qua</span> <span class='ocrx_word' id='word_1_448' title='bbox 2809 2146 3112 2200; x_wconf 79' lang='lat' dir='ltr'>necessaria</span> <span class='ocrx_word' id='word_1_449' title='bbox 3138 2148 3293 2199; x_wconf 85' lang='lat' dir='ltr'>erant</span> <span class='ocrx_word' id='word_1_450' title='bbox 3320 2143 3487 2214; x_wconf 61' lang='lat' dir='ltr'>(Act,</span> <span class='ocrx_word' id='word_1_451' title='bbox 3517 2158 3591 2213; x_wconf 70' lang='lat' dir='ltr'>vr,</span> 
     </span>
    </p>
   </div>
   <div class='ocr_carea' id='block_1_65' title="bbox 1963 2236 3592 2312">
    <p class='ocr_par' dir='ltr' id='par_1_65' title="bbox 1963 2236 3592 2312">
     <span class='ocr_line' id='line_1_65' title="bbox 1963 2236 3592 2312; baseline -0.002 -17"><span class='ocrx_word' id='word_1_452' title='bbox 1963 2240 2070 2312; x_wconf 78' lang='grc'><strong>10).</strong></span> <span class='ocrx_word' id='word_1_453' title='bbox 2099 2241 2270 2294; x_wconf 89' lang='lat' dir='ltr'>Erant</span> <span class='ocrx_word' id='word_1_454' title='bbox 2314 2240 2435 2295; x_wconf 83' lang='lat' dir='ltr'>hac</span> <span class='ocrx_word' id='word_1_455' title='bbox 2480 2256 2683 2295; x_wconf 90' lang='lat' dir='ltr'>eorum</span> <span class='ocrx_word' id='word_1_456' title='bbox 2718 2238 2921 2310; x_wconf 89' lang='lat' dir='ltr'>procul</span> <span class='ocrx_word' id='word_1_457' title='bbox 2966 2238 3138 2293; x_wconf 92' lang='lat' dir='ltr'>dubio</span> <span class='ocrx_word' id='word_1_458' title='bbox 3179 2237 3365 2292; x_wconf 85' lang='lat' dir='ltr'>xenia.</span> <span class='ocrx_word' id='word_1_459' title='bbox 3404 2236 3592 2292; x_wconf 89' lang='lat' dir='ltr'>Disce-</span> 
     </span>
    </p>
   </div>
   <div class='ocr_carea' id='block_1_66' title="bbox 1962 2331 3596 2405">
    <p class='ocr_par' dir='ltr' id='par_1_66' title="bbox 1962 2331 3596 2405">
     <span class='ocr_line' id='line_1_66' title="bbox 1962 2331 3596 2405; baseline -0.001 -17"><span class='ocrx_word' id='word_1_460' title='bbox 1962 2334 2196 2388; x_wconf 91' lang='lat' dir='ltr'>dentem</span> <span class='ocrx_word' id='word_1_461' title='bbox 2219 2334 2291 2389; x_wconf 90' lang='lat' dir='ltr'>ad</span> <span class='ocrx_word' id='word_1_462' title='bbox 2316 2350 2521 2389; x_wconf 90' lang='lat' dir='ltr'>navem</span> <span class='ocrx_word' id='word_1_463' title='bbox 2539 2350 2724 2405; x_wconf 91' lang='lat' dir='ltr'>usque</span> <span class='ocrx_word' id='word_1_464' title='bbox 2746 2333 3001 2388; x_wconf 87' lang='lat' dir='ltr'>comitati</span> <span class='ocrx_word' id='word_1_465' title='bbox 3023 2335 3157 2388; x_wconf 89' lang='lat' dir='ltr'>sunt</span> <span class='ocrx_word' id='word_1_466' title='bbox 3177 2331 3403 2404; x_wconf 89' lang='lat' dir='ltr'>Ephesii</span> <span class='ocrx_word' id='word_1_467' title='bbox 3424 2331 3545 2401; x_wconf 86' lang='lat' dir='ltr'>(Act</span> <span class='ocrx_word' id='word_1_468' title='bbox 3560 2373 3596 2401; x_wconf 90' lang='lat'>.,</span> 
     </span>
    </p>
   </div>
   <div class='ocr_carea' id='block_1_67' title="bbox 1961 2425 3590 2505">
    <p class='ocr_par' dir='ltr' id='par_1_67' title="bbox 1961 2425 3590 2505">
     <span class='ocr_line' id='line_1_67' title="bbox 1961 2425 3590 2505; baseline -0.002 -21"><span class='ocrx_word' id='word_1_469' title='bbox 1961 2444 2058 2495; x_wconf 80' lang='lat' dir='ltr'>xx,</span> <span class='ocrx_word' id='word_1_470' title='bbox 2114 2428 2225 2499; x_wconf 91' lang='lat'>38).</span> <span class='ocrx_word' id='word_1_471' title='bbox 2290 2429 2421 2482; x_wconf 85' lang='lat' dir='ltr'>Hac</span> <span class='ocrx_word' id='word_1_472' title='bbox 2482 2432 2602 2482; x_wconf 91' lang='lat' dir='ltr'>erat</span> <span class='ocrx_word' id='word_1_473' title='bbox 2662 2435 2965 2505; x_wconf 79' lang='grc' dir='ltr'>προπομπή,</span> <span class='ocrx_word' id='word_1_474' title='bbox 3018 2427 3178 2497; x_wconf 88' lang='lat' dir='ltr'>cujus</span> <span class='ocrx_word' id='word_1_475' title='bbox 3231 2426 3404 2480; x_wconf 88' lang='lat' dir='ltr'>etiam</span> <span class='ocrx_word' id='word_1_476' title='bbox 3470 2425 3590 2496; x_wconf 88' lang='lat' dir='ltr'>ipse</span> 
     </span>
    </p>
   </div>
   <div class='ocr_carea' id='block_1_68' title="bbox 1961 2518 3595 2594">
    <p class='ocr_par' dir='ltr' id='par_1_68' title="bbox 1961 2518 3595 2594">
     <span class='ocr_line' id='line_1_68' title="bbox 1961 2518 3595 2594; baseline -0.002 -19"><span class='ocrx_word' id='word_1_477' title='bbox 1961 2521 2400 2594; x_wconf 89' lang='lat' dir='ltr'>quamplurimis</span> <span class='ocrx_word' id='word_1_478' title='bbox 2427 2520 2485 2575; x_wconf 91' lang='lat' dir='ltr'>in</span> <span class='ocrx_word' id='word_1_479' title='bbox 2512 2520 2651 2575; x_wconf 90' lang='lat' dir='ltr'>locis</span> <span class='ocrx_word' id='word_1_480' title='bbox 2679 2520 2946 2575; x_wconf 87' lang='lat' dir='ltr'>meminit</span> <span class='ocrx_word' id='word_1_481' title='bbox 2966 2518 3285 2590; x_wconf 86' lang='lat' dir='ltr'>Apostolus.</span> <span class='ocrx_word' id='word_1_482' title='bbox 3313 2518 3372 2572; x_wconf 92' lang='lat' dir='ltr'>Id</span> <span class='ocrx_word' id='word_1_483' title='bbox 3398 2520 3595 2572; x_wconf 89' lang='lat' dir='ltr'>autem</span> 
     </span>
    </p>
   </div>
   <div class='ocr_carea' id='block_1_69' title="bbox 1962 2612 3591 2685">
    <p class='ocr_par' dir='ltr' id='par_1_69' title="bbox 1962 2612 3591 2685">
     <span class='ocr_line' id='line_1_69' title="bbox 1962 2612 3591 2685; baseline -0.002 -16"><span class='ocrx_word' id='word_1_484' title='bbox 1962 2616 2031 2670; x_wconf 90' lang='lat' dir='ltr'>ad</span> <span class='ocrx_word' id='word_1_485' title='bbox 2065 2616 2345 2670; x_wconf 89' lang='lat' dir='ltr'>honorem</span> <span class='ocrx_word' id='word_1_486' title='bbox 2372 2614 2668 2679; x_wconf 84' lang='lat' dir='ltr'>venientis,</span> <span class='ocrx_word' id='word_1_487' title='bbox 2688 2630 2790 2685; x_wconf 87' lang='lat' dir='ltr'>pro</span> <span class='ocrx_word' id='word_1_488' title='bbox 2819 2614 2970 2667; x_wconf 88' lang='lat' dir='ltr'>illius</span> <span class='ocrx_word' id='word_1_489' title='bbox 3000 2629 3227 2684; x_wconf 87' lang='lat' dir='ltr'>quoque</span> <span class='ocrx_word' id='word_1_490' title='bbox 3256 2612 3439 2667; x_wconf 82' lang='lat' dir='ltr'>atatis</span> <span class='ocrx_word' id='word_1_491' title='bbox 3461 2628 3591 2667; x_wconf 89' lang='lat' dir='ltr'>con-</span> 
     </span>
    </p>
   </div>
   <div class='ocr_carea' id='block_1_70' title="bbox 1962 2705 3599 2780">
    <p class='ocr_par' dir='ltr' id='par_1_70' title="bbox 1962 2705 3599 2780">
     <span class='ocr_line' id='line_1_70' title="bbox 1962 2705 3599 2780; baseline -0.002 -17"><span class='ocrx_word' id='word_1_492' title='bbox 1962 2710 2281 2777; x_wconf 87' lang='lat' dir='ltr'>suetudine,</span> <span class='ocrx_word' id='word_1_493' title='bbox 2304 2708 2613 2780; x_wconf 88' lang='lat' dir='ltr'>spectabat,</span> <span class='ocrx_word' id='word_1_494' title='bbox 2639 2713 2700 2762; x_wconf 86' lang='lat' dir='ltr'>ut</span> <span class='ocrx_word' id='word_1_495' title='bbox 2736 2724 2848 2779; x_wconf 90' lang='lat' dir='ltr'>quo</span> <span class='ocrx_word' id='word_1_496' title='bbox 2870 2705 3107 2779; x_wconf 90' lang='lat' dir='ltr'>quisque</span> <span class='ocrx_word' id='word_1_497' title='bbox 3147 2705 3423 2775; x_wconf 85' lang='lat' dir='ltr'>dignitate</span> <span class='ocrx_word' id='word_1_498' title='bbox 3450 2708 3599 2760; x_wconf 88' lang='lat' dir='ltr'>esset</span> 
     </span>
    </p>
   </div>
   <div class='ocr_carea' id='block_1_71' title="bbox 1965 2797 3598 2869">
    <p class='ocr_par' dir='ltr' id='par_1_71' title="bbox 1965 2797 3598 2869">
     <span class='ocr_line' id='line_1_71' title="bbox 1965 2797 3598 2869; baseline -0.003 -12"><span class='ocrx_word' id='word_1_499' title='bbox 1965 2802 2260 2865; x_wconf 90' lang='lat' dir='ltr'>illustrior,</span> <span class='ocrx_word' id='word_1_500' title='bbox 2289 2819 2355 2858; x_wconf 89' lang='lat' dir='ltr'>eo</span> <span class='ocrx_word' id='word_1_501' title='bbox 2384 2803 2577 2857; x_wconf 82' lang='lat' dir='ltr'>forent</span> <span class='ocrx_word' id='word_1_502' title='bbox 2608 2802 2783 2857; x_wconf 89' lang='lat' dir='ltr'>etiam</span> <span class='ocrx_word' id='word_1_503' title='bbox 2811 2800 3147 2855; x_wconf 89' lang='lat' dir='ltr'>illustriores</span> <span class='ocrx_word' id='word_1_504' title='bbox 3179 2798 3221 2852; x_wconf 90' lang='lat' dir='ltr'>ii</span> <span class='ocrx_word' id='word_1_505' title='bbox 3250 2798 3347 2869; x_wconf 91' lang='lat' dir='ltr'>qui</span> <span class='ocrx_word' id='word_1_506' title='bbox 3383 2797 3443 2852; x_wconf 92' lang='lat' dir='ltr'>in</span> <span class='ocrx_word' id='word_1_507' title='bbox 3475 2798 3598 2869; x_wconf 86' lang='lat' dir='ltr'>ejus</span> 
     </span>
    </p>
   </div>
   <div class='ocr_carea' id='block_1_72' title="bbox 1964 2892 3595 2967">
    <p class='ocr_par' dir='ltr' id='par_1_72' title="bbox 1964 2892 3595 2967">
     <span class='ocr_line' id='line_1_72' title="bbox 1964 2892 3595 2967; baseline -0.004 -15"><span class='ocrx_word' id='word_1_508' title='bbox 1964 2914 2263 2952; x_wconf 88' lang='lat' dir='ltr'>occursum</span> <span class='ocrx_word' id='word_1_509' title='bbox 2290 2897 2686 2951; x_wconf 89' lang='lat' dir='ltr'>mitterentur.</span> <span class='ocrx_word' id='word_1_510' title='bbox 2730 2895 2903 2967; x_wconf 90' lang='lat' dir='ltr'>quue</span> <span class='ocrx_word' id='word_1_511' title='bbox 2932 2894 3107 2949; x_wconf 87' lang='lat' dir='ltr'>etiam</span> <span class='ocrx_word' id='word_1_512' title='bbox 3135 2892 3499 2948; x_wconf 88' lang='lat' dir='ltr'>observatum</span> <span class='ocrx_word' id='word_1_513' title='bbox 3536 2892 3595 2947; x_wconf 91' lang='lat' dir='ltr'>in</span> 
     </span>
    </p>
   </div>
   <div class='ocr_carea' id='block_1_73' title="bbox 1963 2986 3598 3062">
    <p class='ocr_par' dir='ltr' id='par_1_73' title="bbox 1963 2986 3598 3062">
     <span class='ocr_line' id='line_1_73' title="bbox 1963 2986 3598 3062; baseline -0.004 -15"><span class='ocrx_word' id='word_1_514' title='bbox 1963 2990 2313 3062; x_wconf 87' lang='lat' dir='ltr'>excipiendis</span> <span class='ocrx_word' id='word_1_515' title='bbox 2350 2991 2779 3062; x_wconf 88' lang='lat' dir='ltr'>provinciarum</span> <span class='ocrx_word' id='word_1_516' title='bbox 2826 2988 3189 3061; x_wconf 90' lang='lat' dir='ltr'>prasidibus,</span> <span class='ocrx_word' id='word_1_517' title='bbox 3234 2992 3296 3042; x_wconf 91' lang='lat' dir='ltr'>ut</span> <span class='ocrx_word' id='word_1_518' title='bbox 3327 3003 3499 3059; x_wconf 88' lang='lat' dir='ltr'>quem</span> <span class='ocrx_word' id='word_1_519' title='bbox 3524 2986 3598 3041; x_wconf 90' lang='lat' dir='ltr'>ad</span> 
     </span>
    </p>
   </div>
   <div class='ocr_carea' id='block_1_74' title="bbox 1960 3080 3600 3156">
    <p class='ocr_par' dir='ltr' id='par_1_74' title="bbox 1960 3080 3600 3156">
     <span class='ocr_line' id='line_1_74' title="bbox 1960 3080 3600 3156; baseline -0.002 -16"><span class='ocrx_word' id='word_1_520' title='bbox 1960 3086 2154 3141; x_wconf 91' lang='lat' dir='ltr'>locum</span> <span class='ocrx_word' id='word_1_521' title='bbox 2182 3085 2490 3156; x_wconf 87' lang='lat' dir='ltr'>provincia</span> <span class='ocrx_word' id='word_1_522' title='bbox 2521 3082 2772 3156; x_wconf 90' lang='lat' dir='ltr'>primum</span> <span class='ocrx_word' id='word_1_523' title='bbox 2796 3082 3173 3155; x_wconf 73' lang='lat' dir='ltr'>appulissent,</span> <span class='ocrx_word' id='word_1_524' title='bbox 3195 3097 3263 3137; x_wconf 92' lang='lat' dir='ltr'>eo</span> <span class='ocrx_word' id='word_1_525' title='bbox 3284 3080 3600 3152; x_wconf 86' lang='lat' dir='ltr'>legationes</span> 
     </span>
    </p>
   </div>
   <div class='ocr_carea' id='block_1_75' title="bbox 1922 3174 3600 3256">
    <p class='ocr_par' dir='ltr' id='par_1_75' title="bbox 1922 3174 3600 3256">
     <span class='ocr_line' id='line_1_75' title="bbox 1922 3174 3600 3256; baseline -0.004 -21"><span class='ocrx_word' id='word_1_526' title='bbox 1922 3238 1935 3256; x_wconf 36' lang='lat'><em>‘</em></span> <span class='ocrx_word' id='word_1_527' title='bbox 1965 3198 1999 3235; x_wconf 89' lang='lat' dir='ltr'>a</span> <span class='ocrx_word' id='word_1_528' title='bbox 2025 3180 2365 3248; x_wconf 87' lang='lat' dir='ltr'>civitatibus,</span> <span class='ocrx_word' id='word_1_529' title='bbox 2395 3179 2653 3234; x_wconf 90' lang='lat' dir='ltr'>virorum</span> <span class='ocrx_word' id='word_1_530' title='bbox 2696 3179 2755 3232; x_wconf 88' lang='lat' dir='ltr'>in</span> <span class='ocrx_word' id='word_1_531' title='bbox 2797 3194 2899 3232; x_wconf 90' lang='lat' dir='ltr'>sua</span> <span class='ocrx_word' id='word_1_532' title='bbox 2933 3176 3180 3248; x_wconf 91' lang='lat' dir='ltr'>quisque</span> <span class='ocrx_word' id='word_1_533' title='bbox 3225 3174 3447 3230; x_wconf 88' lang='lat' dir='ltr'>civitate</span> <span class='ocrx_word' id='word_1_534' title='bbox 3487 3174 3600 3245; x_wconf 88' lang='lat' dir='ltr'>pri-</span> 
     </span>
    </p>
   </div>
   <div class='ocr_carea' id='block_1_76' title="bbox 1921 3268 3598 3342">
    <p class='ocr_par' dir='ltr' id='par_1_76' title="bbox 1921 3268 3598 3342">
     <span class='ocr_line' id='line_1_76' title="bbox 1921 3268 3598 3342; baseline -0.004 -12"><span class='ocrx_word' id='word_1_535' title='bbox 1921 3275 2296 3342; x_wconf 78' lang='lat' dir='ltr'>‘mariorum,</span> <span class='ocrx_word' id='word_1_536' title='bbox 2341 3274 2727 3329; x_wconf 88' lang='lat' dir='ltr'>mitterentur.</span> <span class='ocrx_word' id='word_1_537' title='bbox 2779 3272 2932 3327; x_wconf 89' lang='lat' dir='ltr'>[dem</span> <span class='ocrx_word' id='word_1_538' title='bbox 2981 3271 3153 3325; x_wconf 90' lang='lat' dir='ltr'>etiam</span> <span class='ocrx_word' id='word_1_539' title='bbox 3202 3287 3236 3325; x_wconf 88' lang='lat' dir='ltr'>a</span> <span class='ocrx_word' id='word_1_540' title='bbox 3275 3268 3598 3325; x_wconf 83' lang='lat' dir='ltr'>civitatibus</span> 
     </span>
    </p>
   </div>
   <div class='ocr_carea' id='block_1_77' title="bbox 1962 3364 3602 3437">
    <p class='ocr_par' dir='ltr' id='par_1_77' title="bbox 1962 3364 3602 3437">
     <span class='ocr_line' id='line_1_77' title="bbox 1962 3364 3602 3437; baseline -0.004 -13"><span class='ocrx_word' id='word_1_541' title='bbox 1962 3369 2160 3424; x_wconf 88' lang='lat' dir='ltr'>vicinis</span> <span class='ocrx_word' id='word_1_542' title='bbox 2206 3368 2568 3423; x_wconf 88' lang='lat' dir='ltr'>observatum</span> <span class='ocrx_word' id='word_1_543' title='bbox 2620 3366 2679 3421; x_wconf 91' lang='lat' dir='ltr'>in</span> <span class='ocrx_word' id='word_1_544' title='bbox 2731 3364 3315 3437; x_wconf 85' lang='lat' dir='ltr'>peregrinationibus.</span> <span class='ocrx_word' id='word_1_545' title='bbox 3360 3364 3422 3418; x_wconf 92' lang='lat' dir='ltr'>Id</span> <span class='ocrx_word' id='word_1_546' title='bbox 3470 3379 3602 3418; x_wconf 89' lang='lat' dir='ltr'>cum</span> 
     </span>
    </p>
   </div>
   <div class='ocr_carea' id='block_1_78' title="bbox 1965 3457 3597 3532">
    <p class='ocr_par' dir='ltr' id='par_1_78' title="bbox 1965 3457 3597 3532">
     <span class='ocr_line' id='line_1_78' title="bbox 1965 3457 3597 3532; baseline -0.005 -12"><span class='ocrx_word' id='word_1_547' title='bbox 1965 3463 2275 3521; x_wconf 86' lang='lat' dir='ltr'>Christiani</span> <span class='ocrx_word' id='word_1_548' title='bbox 2335 3462 2395 3516; x_wconf 91' lang='lat' dir='ltr'>in</span> <span class='ocrx_word' id='word_1_549' title='bbox 2457 3461 2847 3532; x_wconf 87' lang='lat' dir='ltr'>apostolorum</span> <span class='ocrx_word' id='word_1_550' title='bbox 2904 3458 3271 3531; x_wconf 90' lang='lat' dir='ltr'>virorumque</span> <span class='ocrx_word' id='word_1_551' title='bbox 3334 3457 3597 3512; x_wconf 83' lang='lat' dir='ltr'>Ecclesia</span> 
     </span>
    </p>
   </div>
   <div class='ocr_carea' id='block_1_79' title="bbox 1965 3540 3607 3630">
    <p class='ocr_par' dir='ltr' id='par_1_79' title="bbox 1965 3540 3607 3630">
     <span class='ocr_line' id='line_1_79' title="bbox 1965 3540 3607 3630; baseline -0.004 -18"><span class='ocrx_word' id='word_1_552' title='bbox 1965 3559 2371 3630; x_wconf 88' lang='lat' dir='ltr'>primariorum</span> <span class='ocrx_word' id='word_1_553' title='bbox 2398 3553 2967 3627; x_wconf 85' lang='lat' dir='ltr'>peregrinationibus</span> <span class='ocrx_word' id='word_1_554' title='bbox 2987 3552 3372 3619; x_wconf 87' lang='lat' dir='ltr'>imitarentur,</span> <span class='ocrx_word' id='word_1_555' title='bbox 3391 3550 3448 3605; x_wconf 93' lang='lat' dir='ltr'>id</span> <span class='ocrx_word' id='word_1_556' title='bbox 3462 3540 3607 3623; x_wconf 45' lang='lat' dir='ltr'>quo;</span> 
     </span>
    </p>
   </div>
   <div class='ocr_carea' id='block_1_80' title="bbox 1967 3644 3604 3723">
    <p class='ocr_par' dir='ltr' id='par_1_80' title="bbox 1967 3644 3604 3723">
     <span class='ocr_line' id='line_1_80' title="bbox 1967 3644 3604 3723; baseline -0.005 -17"><span class='ocrx_word' id='word_1_557' title='bbox 1967 3668 2078 3723; x_wconf 91' lang='lat' dir='ltr'>que</span> <span class='ocrx_word' id='word_1_558' title='bbox 2104 3651 2356 3706; x_wconf 88' lang='lat' dir='ltr'>imitatos</span> <span class='ocrx_word' id='word_1_559' title='bbox 2383 3649 2693 3704; x_wconf 87' lang='lat' dir='ltr'>verisimile</span> <span class='ocrx_word' id='word_1_560' title='bbox 2722 3654 2826 3716; x_wconf 77' lang='lat' dir='ltr'>est,</span> <span class='ocrx_word' id='word_1_561' title='bbox 2847 3665 2920 3703; x_wconf 90' lang='lat' dir='ltr'>ne</span> <span class='ocrx_word' id='word_1_562' title='bbox 2940 3645 3298 3702; x_wconf 86' lang='lat' dir='ltr'>venientium</span> <span class='ocrx_word' id='word_1_563' title='bbox 3328 3644 3604 3716; x_wconf 84' lang='lat' dir='ltr'>dignitati</span> 
     </span>
    </p>
   </div>
   <div class='ocr_carea' id='block_1_81' title="bbox 1965 3739 3602 3816">
    <p class='ocr_par' dir='ltr' id='par_1_81' title="bbox 1965 3739 3602 3816">
     <span class='ocr_line' id='line_1_81' title="bbox 1965 3739 3602 3816; baseline -0.005 -16"><span class='ocrx_word' id='word_1_564' title='bbox 1965 3745 2226 3800; x_wconf 88' lang='lat' dir='ltr'>deessent</span> <span class='ocrx_word' id='word_1_565' title='bbox 2270 3744 2465 3816; x_wconf 90' lang='lat' dir='ltr'>legati.</span> <span class='ocrx_word' id='word_1_566' title='bbox 2517 3745 2853 3814; x_wconf 83' lang='lat' dir='ltr'>Quanquam</span> <span class='ocrx_word' id='word_1_567' title='bbox 2903 3741 3059 3796; x_wconf 91' lang='lat' dir='ltr'>enim</span> <span class='ocrx_word' id='word_1_568' title='bbox 3095 3740 3312 3794; x_wconf 86' lang='lat' dir='ltr'>fastum</span> <span class='ocrx_word' id='word_1_569' title='bbox 3361 3739 3602 3793; x_wconf 89' lang='lat' dir='ltr'>munda-</span> 
     </span>
    </p>
   </div>
   <div class='ocr_carea' id='block_1_82' title="bbox 1965 3831 3604 3910">
    <p class='ocr_par' dir='ltr' id='par_1_82' title="bbox 1965 3831 3604 3910">
     <span class='ocr_line' id='line_1_82' title="bbox 1965 3831 3604 3910; baseline -0.004 -17"><span class='ocrx_word' id='word_1_570' title='bbox 1965 3856 2102 3893; x_wconf 91' lang='lat' dir='ltr'>num</span> <span class='ocrx_word' id='word_1_571' title='bbox 2138 3838 2337 3910; x_wconf 89' lang='lat' dir='ltr'>procul</span> <span class='ocrx_word' id='word_1_572' title='bbox 2369 3836 2745 3893; x_wconf 87' lang='lat' dir='ltr'>amandarint</span> <span class='ocrx_word' id='word_1_573' title='bbox 2775 3834 3045 3907; x_wconf 83' lang='lat' dir='ltr'>apostoli,</span> <span class='ocrx_word' id='word_1_574' title='bbox 3081 3838 3245 3888; x_wconf 88' lang='lat' dir='ltr'>erant</span> <span class='ocrx_word' id='word_1_575' title='bbox 3282 3834 3478 3886; x_wconf 90' lang='lat' dir='ltr'>tamen</span> <span class='ocrx_word' id='word_1_576' title='bbox 3506 3831 3604 3886; x_wconf 91' lang='lat' dir='ltr'>de-</span> 
     </span>
    </p>
   </div>
   <div class='ocr_carea' id='block_1_83' title="bbox 1966 3924 3601 3997">
    <p class='ocr_par' dir='ltr' id='par_1_83' title="bbox 1966 3924 3601 3997">
     <span class='ocr_line' id='line_1_83' title="bbox 1966 3924 3601 3997; baseline -0.005 -9"><span class='ocrx_word' id='word_1_577' title='bbox 1966 3932 2082 3989; x_wconf 90' lang='lat' dir='ltr'>cori</span> <span class='ocrx_word' id='word_1_578' title='bbox 2126 3931 2308 3987; x_wconf 90' lang='lat' dir='ltr'>iidem</span> <span class='ocrx_word' id='word_1_579' title='bbox 2364 3928 2855 3987; x_wconf 87' lang='lat' dir='ltr'>observantissimi</span> <span class='ocrx_word' id='word_1_580' title='bbox 2911 3924 3481 3997; x_wconf 89' lang='lat' dir='ltr'>retinentissimique.</span> <span class='ocrx_word' id='word_1_581' title='bbox 3537 3925 3601 3980; x_wconf 90' lang='lat' dir='ltr'>Id</span> 
     </span>
    </p>
   </div>
   <div class='ocr_carea' id='block_1_84' title="bbox 1966 4019 3600 4092">
    <p class='ocr_par' dir='ltr' id='par_1_84' title="bbox 1966 4019 3600 4092">
     <span class='ocr_line' id='line_1_84' title="bbox 1966 4019 3600 4092; baseline -0.006 -9"><span class='ocrx_word' id='word_1_582' title='bbox 1966 4030 2118 4083; x_wconf 89' lang='lat' dir='ltr'>certe</span> <span class='ocrx_word' id='word_1_583' title='bbox 2157 4029 2211 4082; x_wconf 91' lang='lat' dir='ltr'>S.</span> <span class='ocrx_word' id='word_1_584' title='bbox 2255 4025 2413 4080; x_wconf 86' lang='lat' dir='ltr'>Pauli</span> <span class='ocrx_word' id='word_1_585' title='bbox 2450 4023 2623 4078; x_wconf 86' lang='lat' dir='ltr'>fuisse</span> <span class='ocrx_word' id='word_1_586' title='bbox 2654 4022 2881 4077; x_wconf 88' lang='lat' dir='ltr'>videtur</span> <span class='ocrx_word' id='word_1_587' title='bbox 2910 4019 3233 4092; x_wconf 90' lang='lat' dir='ltr'>ingenium,</span> <span class='ocrx_word' id='word_1_588' title='bbox 3262 4036 3331 4074; x_wconf 88' lang='lat' dir='ltr'>ea</span> <span class='ocrx_word' id='word_1_589' title='bbox 3357 4019 3600 4074; x_wconf 90' lang='lat' dir='ltr'>indoles.</span> 
     </span>
    </p>
   </div>
   <div class='ocr_carea' id='block_1_85' title="bbox 1966 4112 3604 4190">
    <p class='ocr_par' dir='ltr' id='par_1_85' title="bbox 1966 4112 3604 4190">
     <span class='ocr_line' id='line_1_85' title="bbox 1966 4112 3604 4190; baseline -0.005 -15"><span class='ocrx_word' id='word_1_590' title='bbox 1966 4122 2080 4176; x_wconf 88' lang='lat' dir='ltr'>Nec</span> <span class='ocrx_word' id='word_1_591' title='bbox 2112 4120 2165 4174; x_wconf 91' lang='lat' dir='ltr'>id</span> <span class='ocrx_word' id='word_1_592' title='bbox 2196 4119 2429 4190; x_wconf 85' lang='lat' dir='ltr'>quidem</span> <span class='ocrx_word' id='word_1_593' title='bbox 2458 4116 2768 4173; x_wconf 89' lang='lat' dir='ltr'>immerito.</span> <span class='ocrx_word' id='word_1_594' title='bbox 2806 4116 2951 4172; x_wconf 91' lang='lat' dir='ltr'>Cum</span> <span class='ocrx_word' id='word_1_595' title='bbox 2979 4113 3135 4170; x_wconf 89' lang='lat' dir='ltr'>enim</span> <span class='ocrx_word' id='word_1_596' title='bbox 3162 4113 3223 4169; x_wconf 90' lang='lat' dir='ltr'>in</span> <span class='ocrx_word' id='word_1_597' title='bbox 3250 4112 3331 4168; x_wconf 85' lang='lat' dir='ltr'>ita</span> <span class='ocrx_word' id='word_1_598' title='bbox 3357 4112 3604 4184; x_wconf 81' lang='lat' dir='ltr'>exceptis</span> 
     </span>
    </p>
   </div>
   <div class='ocr_carea' id='block_1_86' title="bbox 1966 4207 3597 4283">
    <p class='ocr_par' dir='ltr' id='par_1_86' title="bbox 1966 4207 3597 4283">
     <span class='ocr_line' id='line_1_86' title="bbox 1966 4207 3597 4283; baseline -0.006 -13"><span class='ocrx_word' id='word_1_599' title='bbox 1966 4215 2187 4270; x_wconf 88' lang='lat' dir='ltr'>nullum</span> <span class='ocrx_word' id='word_1_600' title='bbox 2218 4217 2385 4281; x_wconf 88' lang='lat' dir='ltr'>esset,</span> <span class='ocrx_word' id='word_1_601' title='bbox 2420 4211 2531 4265; x_wconf 90' lang='lat' dir='ltr'><strong>illis</strong></span> <span class='ocrx_word' id='word_1_602' title='bbox 2566 4211 2884 4283; x_wconf 87' lang='lat' dir='ltr'>prasertim</span> <span class='ocrx_word' id='word_1_603' title='bbox 2927 4207 3393 4281; x_wconf 88' lang='lat' dir='ltr'>persecutionem</span> <span class='ocrx_word' id='word_1_604' title='bbox 3421 4223 3597 4261; x_wconf 82' lang='lat' dir='ltr'>sacu-</span> 
     </span>
    </p>
   </div>
   <div class='ocr_carea' id='block_1_87' title="bbox 1967 4300 3602 4379">
    <p class='ocr_par' dir='ltr' id='par_1_87' title="bbox 1967 4300 3602 4379">
     <span class='ocr_line' id='line_1_87' title="bbox 1967 4300 3602 4379; baseline -0.006 -15"><span class='ocrx_word' id='word_1_605' title='bbox 1967 4310 2057 4377; x_wconf 88' lang='lat' dir='ltr'>lis,</span> <span class='ocrx_word' id='word_1_606' title='bbox 2102 4309 2282 4363; x_wconf 89' lang='lat' dir='ltr'>fastus</span> <span class='ocrx_word' id='word_1_607' title='bbox 2328 4305 2684 4379; x_wconf 84' lang='lat' dir='ltr'>periculum;</span> <span class='ocrx_word' id='word_1_608' title='bbox 2733 4304 2913 4360; x_wconf 84' lang='lat' dir='ltr'>multa</span> <span class='ocrx_word' id='word_1_609' title='bbox 2964 4308 3155 4358; x_wconf 91' lang='lat' dir='ltr'>tamen</span> <span class='ocrx_word' id='word_1_610' title='bbox 3201 4305 3363 4357; x_wconf 91' lang='lat' dir='ltr'>erant</span> <span class='ocrx_word' id='word_1_611' title='bbox 3410 4303 3471 4356; x_wconf 90' lang='lat' dir='ltr'>in</span> <span class='ocrx_word' id='word_1_612' title='bbox 3515 4300 3602 4356; x_wconf 87' lang='lat' dir='ltr'>his</span> 
     </span>
    </p>
   </div>
   <div class='ocr_carea' id='block_1_88' title="bbox 1969 4395 3606 4476">
    <p class='ocr_par' dir='ltr' id='par_1_88' title="bbox 1969 4395 3606 4476">
     <span class='ocr_line' id='line_1_88' title="bbox 1969 4395 3606 4476; baseline -0.006 -16"><span class='ocrx_word' id='word_1_613' title='bbox 1969 4402 2299 4476; x_wconf 76' lang='lat' dir='ltr'>adiaphoxis</span> <span class='ocrx_word' id='word_1_614' title='bbox 2328 4417 2455 4473; x_wconf 87' lang='lat' dir='ltr'>qua</span> <span class='ocrx_word' id='word_1_615' title='bbox 2485 4400 2556 4456; x_wconf 91' lang='lat' dir='ltr'>ad</span> <span class='ocrx_word' id='word_1_616' title='bbox 2577 4399 2938 4455; x_wconf 91' lang='lat' dir='ltr'>subditorum</span> <span class='ocrx_word' id='word_1_617' title='bbox 2966 4399 3180 4454; x_wconf 91' lang='lat' dir='ltr'>cultum</span> <span class='ocrx_word' id='word_1_618' title='bbox 3200 4395 3606 4453; x_wconf 85' lang='lat' dir='ltr'>reverentiam-</span> 
     </span>
    </p>
   </div>
   <div class='ocr_carea' id='block_1_89' title="bbox 1969 4494 3603 4572">
    <p class='ocr_par' dir='ltr' id='par_1_89' title="bbox 1969 4494 3603 4572">
     <span class='ocr_line' id='line_1_89' title="bbox 1969 4494 3603 4572; baseline -0.006 -18"><span class='ocrx_word' id='word_1_619' title='bbox 1969 4514 2079 4572; x_wconf 89' lang='lat' dir='ltr'>que</span> <span class='ocrx_word' id='word_1_620' title='bbox 2132 4496 2550 4553; x_wconf 89' lang='lat' dir='ltr'>conciliandam</span> <span class='ocrx_word' id='word_1_621' title='bbox 2597 4495 2875 4560; x_wconf 90' lang='lat' dir='ltr'>facerent,</span> <span class='ocrx_word' id='word_1_622' title='bbox 2923 4508 3052 4565; x_wconf 86' lang='lat' dir='ltr'>qua</span> <span class='ocrx_word' id='word_1_623' title='bbox 3100 4508 3218 4547; x_wconf 91' lang='lat' dir='ltr'>non</span> <span class='ocrx_word' id='word_1_624' title='bbox 3263 4494 3427 4547; x_wconf 83' lang='lat' dir='ltr'>erant</span> <span class='ocrx_word' id='word_1_625' title='bbox 3465 4506 3603 4545; x_wconf 88' lang='lat' dir='ltr'>sane</span> 
     </span>
    </p>
   </div>
   <div class='ocr_carea' id='block_1_90' title="bbox 234 4585 3604 4673">
    <p class='ocr_par' dir='ltr' id='par_1_90' title="bbox 234 4585 3604 4673">
     <span class='ocr_line' id='line_1_90' title="bbox 234 4585 3604 4673; baseline -0.001 -31"><span class='ocrx_word' id='word_1_626' title='bbox 234 4586 476 4660; x_wconf 90' lang='lat' dir='ltr'>proinde</span> <span class='ocrx_word' id='word_1_627' title='bbox 500 4588 875 4644; x_wconf 88' lang='lat' dir='ltr'>conferuntur</span> <span class='ocrx_word' id='word_1_628' title='bbox 899 4587 970 4642; x_wconf 91' lang='lat' dir='ltr'>ab</span> <span class='ocrx_word' id='word_1_629' title='bbox 998 4587 1248 4658; x_wconf 86' lang='lat' dir='ltr'>Origene</span> <span class='ocrx_word' id='word_1_630' title='bbox 1277 4589 1487 4657; x_wconf 84' lang='lat' dir='ltr'>(lib.m,</span> <span class='ocrx_word' id='word_1_631' title='bbox 1510 4592 1651 4643; x_wconf 85' lang='lat' dir='ltr'>cont.</span> <span class='ocrx_word' id='word_1_632' title='bbox 1686 4587 1864 4656; x_wconf 67' lang='lat'>0:15.),</span> <span class='ocrx_word' id='word_1_633' title='bbox 1884 4601 1946 4673; x_wconf 83' lang='lat' dir='ltr'>D</span> <span class='ocrx_word' id='word_1_634' title='bbox 1971 4591 2338 4665; x_wconf 77' lang='lat' dir='ltr'>negligenda,</span> <span class='ocrx_word' id='word_1_635' title='bbox 2375 4606 2506 4645; x_wconf 87' lang='lat' dir='ltr'>cum</span> <span class='ocrx_word' id='word_1_636' title='bbox 2533 4588 2851 4661; x_wconf 78' lang='lat' dir='ltr'>prasertim</span> <span class='ocrx_word' id='word_1_637' title='bbox 2882 4603 3000 4641; x_wconf 88' lang='lat' dir='ltr'>non</span> <span class='ocrx_word' id='word_1_638' title='bbox 3025 4586 3454 4657; x_wconf 88' lang='lat' dir='ltr'>imperarentur</span> <span class='ocrx_word' id='word_1_639' title='bbox 3482 4585 3604 4638; x_wconf 85' lang='lat' dir='ltr'>hac</span> 
     </span>
    </p>
   </div>
   <div class='ocr_carea' id='block_1_91' title="bbox 235 4681 1866 4753">
    <p class='ocr_par' dir='ltr' id='par_1_91' title="bbox 235 4681 1866 4753">
     <span class='ocr_line' id='line_1_91' title="bbox 235 4681 1866 4753; baseline -0.001 -16"><span class='ocrx_word' id='word_1_640' title='bbox 235 4681 525 4737; x_wconf 89' lang='lat' dir='ltr'>dimanare</span> <span class='ocrx_word' id='word_1_641' title='bbox 550 4682 818 4737; x_wconf 87' lang='lat' dir='ltr'>facillime</span> <span class='ocrx_word' id='word_1_642' title='bbox 844 4681 1120 4753; x_wconf 87' lang='lat' dir='ltr'>potuerit.</span> <span class='ocrx_word' id='word_1_643' title='bbox 1151 4682 1474 4737; x_wconf 89' lang='lat' dir='ltr'>Prasertim</span> <span class='ocrx_word' id='word_1_644' title='bbox 1513 4698 1645 4737; x_wconf 91' lang='lat' dir='ltr'>cum</span> <span class='ocrx_word' id='word_1_645' title='bbox 1681 4681 1866 4736; x_wconf 84' lang='lat' dir='ltr'>Judai</span> 
     </span>
    </p>
   </div>
   <div class='ocr_carea' id='block_1_92' title="bbox 236 4776 1869 4849">
    <p class='ocr_par' dir='ltr' id='par_1_92' title="bbox 236 4776 1869 4849">
     <span class='ocr_line' id='line_1_92' title="bbox 236 4776 1869 4849; baseline 0.001 -18"><span class='ocrx_word' id='word_1_646' title='bbox 236 4776 411 4831; x_wconf 89' lang='lat' dir='ltr'>etiam</span> <span class='ocrx_word' id='word_1_647' title='bbox 450 4776 945 4848; x_wconf 85' lang='lat' dir='ltr'>Hierosolymitani</span> <span class='ocrx_word' id='word_1_648' title='bbox 991 4793 1124 4831; x_wconf 92' lang='lat' dir='ltr'>cum</span> <span class='ocrx_word' id='word_1_649' title='bbox 1162 4776 1607 4849; x_wconf 81' lang='lat' dir='ltr'>provincialibus</span> <span class='ocrx_word' id='word_1_650' title='bbox 1647 4776 1869 4835; x_wconf 76' lang='grc' dir='ltr'>διασπο-</span> 
     </span>
    </p>
   </div>
   <div class='ocr_carea' id='block_1_93' title="bbox 234 4874 1867 4955">
    <p class='ocr_par' dir='ltr' id='par_1_93' title="bbox 234 4874 1867 4955">
     <span class='ocr_line' id='line_1_93' title="bbox 234 4874 1867 4955; baseline 0 -25"><span class='ocrx_word' id='word_1_651' title='bbox 234 4886 327 4955; x_wconf 80' lang='grc' dir='ltr'>ρᾶς</span> <span class='ocrx_word' id='word_1_652' title='bbox 360 4876 559 4931; x_wconf 73' lang='lat' dir='ltr'>eadem</span> <span class='ocrx_word' id='word_1_653' title='bbox 590 4876 794 4945; x_wconf 86' lang='lat' dir='ltr'>ofﬁcia,</span> <span class='ocrx_word' id='word_1_654' title='bbox 823 4878 959 4931; x_wconf 90' lang='lat' dir='ltr'>aute</span> <span class='ocrx_word' id='word_1_655' title='bbox 992 4876 1412 4933; x_wconf 89' lang='lat' dir='ltr'>Christianismi</span> <span class='ocrx_word' id='word_1_656' title='bbox 1450 4874 1624 4930; x_wconf 91' lang='lat' dir='ltr'>etiam</span> <span class='ocrx_word' id='word_1_657' title='bbox 1652 4876 1867 4931; x_wconf 88' lang='lat' dir='ltr'>natales</span> 
     </span>
    </p>
   </div>
   <div class='ocr_carea' id='block_1_94' title="bbox 237 4974 1866 5046">
    <p class='ocr_par' dir='ltr' id='par_1_94' title="bbox 237 4974 1866 5046">
     <span class='ocr_line' id='line_1_94' title="bbox 237 4974 1866 5046; baseline 0.001 -16"><span class='ocrx_word' id='word_1_658' title='bbox 237 4974 648 5030; x_wconf 81' lang='lat' dir='ltr'>exercuissent.</span> <span class='ocrx_word' id='word_1_659' title='bbox 679 4975 758 5029; x_wconf 87' lang='lat' dir='ltr'>Ne</span> <span class='ocrx_word' id='word_1_660' title='bbox 803 4975 1034 5046; x_wconf 89' lang='lat' dir='ltr'>longius</span> <span class='ocrx_word' id='word_1_661' title='bbox 1066 4974 1289 5044; x_wconf 89' lang='lat' dir='ltr'>abeam,</span> <span class='ocrx_word' id='word_1_662' title='bbox 1324 4975 1378 5030; x_wconf 92' lang='lat' dir='ltr'><strong>id</strong></span> <span class='ocrx_word' id='word_1_663' title='bbox 1412 4975 1617 5046; x_wconf 90' lang='lat' dir='ltr'>colligo</span> <span class='ocrx_word' id='word_1_664' title='bbox 1647 4992 1717 5031; x_wconf 85' lang='lat' dir='ltr'>ex</span> <span class='ocrx_word' id='word_1_665' title='bbox 1741 4977 1866 5032; x_wconf 85' lang='lat' dir='ltr'>Act.</span> 
     </span>
    </p>
   </div>
   <div class='ocr_carea' id='block_1_95' title="bbox 235 5069 1869 5143">
    <p class='ocr_par' dir='ltr' id='par_1_95' title="bbox 235 5069 1869 5143">
     <span class='ocr_line' id='line_1_95' title="bbox 235 5069 1869 5143; baseline 0 -17"><span class='ocrx_word' id='word_1_666' title='bbox 235 5086 425 5138; x_wconf 80' lang='lat' dir='ltr'>xxviii,</span> <span class='ocrx_word' id='word_1_667' title='bbox 456 5070 542 5137; x_wconf 80' lang='lat' dir='ltr'>2i,</span> <span class='ocrx_word' id='word_1_668' title='bbox 582 5073 890 5141; x_wconf 89' lang='lat' dir='ltr'>propterea</span> <span class='ocrx_word' id='word_1_669' title='bbox 930 5069 1030 5141; x_wconf 88' lang='lat' dir='ltr'>qui</span> <span class='ocrx_word' id='word_1_670' title='bbox 1072 5069 1133 5125; x_wconf 91' lang='lat' dir='ltr'>in</span> <span class='ocrx_word' id='word_1_671' title='bbox 1176 5070 1416 5143; x_wconf 87' lang='lat' dir='ltr'>publicis</span> <span class='ocrx_word' id='word_1_672' title='bbox 1455 5074 1643 5126; x_wconf 86' lang='lat' dir='ltr'>essent</span> <span class='ocrx_word' id='word_1_673' title='bbox 1684 5071 1869 5126; x_wconf 84' lang='lat' dir='ltr'>Eccle-</span> 
     </span>
    </p>
   </div>
   <div class='ocr_carea' id='block_1_96' title="bbox 238 5163 1870 5237">
    <p class='ocr_par' dir='ltr' id='par_1_96' title="bbox 238 5163 1870 5237">
     <span class='ocr_line' id='line_1_96' title="bbox 238 5163 1870 5237; baseline 0.001 -20"><span class='ocrx_word' id='word_1_674' title='bbox 238 5163 337 5217; x_wconf 78' lang='lat' dir='ltr'>sia</span> <span class='ocrx_word' id='word_1_675' title='bbox 365 5163 565 5218; x_wconf 81' lang='lat' dir='ltr'>ofﬁciis</span> <span class='ocrx_word' id='word_1_676' title='bbox 595 5163 906 5231; x_wconf 89' lang='lat' dir='ltr'>constituti,</span> <span class='ocrx_word' id='word_1_677' title='bbox 940 5164 1012 5218; x_wconf 91' lang='lat' dir='ltr'>ad</span> <span class='ocrx_word' id='word_1_678' title='bbox 1057 5164 1185 5219; x_wconf 90' lang='lat' dir='ltr'>illos</span> <span class='ocrx_word' id='word_1_679' title='bbox 1229 5165 1516 5236; x_wconf 88' lang='lat' dir='ltr'>pracipue</span> <span class='ocrx_word' id='word_1_680' title='bbox 1542 5165 1870 5237; x_wconf 86' lang='lat' dir='ltr'>spectabant</span> 
     </span>
    </p>
   </div>
   <div class='ocr_carea' id='block_1_97' title="bbox 236 5258 1870 5329">
    <p class='ocr_par' dir='ltr' id='par_1_97' title="bbox 236 5258 1870 5329">
     <span class='ocr_line' id='line_1_97' title="bbox 236 5258 1870 5329; baseline 0.001 -17"><span class='ocrx_word' id='word_1_681' title='bbox 236 5258 363 5313; x_wconf 86' lang='lat' dir='ltr'>hac</span> <span class='ocrx_word' id='word_1_682' title='bbox 408 5258 813 5329; x_wconf 86' lang='lat' dir='ltr'>hospitalitatis</span> <span class='ocrx_word' id='word_1_683' title='bbox 860 5259 1077 5314; x_wconf 91' lang='lat' dir='ltr'>munia.</span> <span class='ocrx_word' id='word_1_684' title='bbox 1124 5260 1203 5314; x_wconf 89' lang='lat' dir='ltr'>De</span> <span class='ocrx_word' id='word_1_685' title='bbox 1254 5259 1434 5314; x_wconf 78' lang='lat' dir='ltr'>viduis</span> <span class='ocrx_word' id='word_1_686' title='bbox 1478 5259 1739 5315; x_wconf 90' lang='lat' dir='ltr'>Ecclesia</span> <span class='ocrx_word' id='word_1_687' title='bbox 1787 5259 1870 5314; x_wconf 86' lang='lat' dir='ltr'>ita</span> 
     </span>
    </p>
   </div>
   <div class='ocr_carea' id='block_1_98' title="bbox 236 5351 1868 5425">
    <p class='ocr_par' dir='ltr' id='par_1_98' title="bbox 236 5351 1868 5425">
     <span class='ocr_line' id='line_1_98' title="bbox 236 5351 1868 5425; baseline 0.002 -19"><span class='ocrx_word' id='word_1_688' title='bbox 236 5351 432 5407; x_wconf 90' lang='lat' dir='ltr'>scribit</span> <span class='ocrx_word' id='word_1_689' title='bbox 456 5352 755 5423; x_wconf 86' lang='lat' dir='ltr'>Apostolus</span> <span class='ocrx_word' id='word_1_690' title='bbox 795 5353 840 5425; x_wconf 94' lang='grc' dir='ltr'>(Ι</span> <span class='ocrx_word' id='word_1_691' title='bbox 890 5355 1050 5421; x_wconf 88' lang='lat' dir='ltr'>Tim.,</span> <span class='ocrx_word' id='word_1_692' title='bbox 1084 5372 1138 5421; x_wconf 90' lang='lat' dir='ltr'>v,</span> <span class='ocrx_word' id='word_1_693' title='bbox 1171 5354 1255 5421; x_wconf 80' lang='grc'><strong>10)</strong></span> <span class='ocrx_word' id='word_1_694' title='bbox 1304 5376 1315 5408; x_wconf 88' lang='lat'><strong>:</strong></span> <span class='ocrx_word' id='word_1_695' title='bbox 1349 5356 1410 5411; x_wconf 88' lang='lat' dir='ltr'>Si</span> <span class='ocrx_word' id='word_1_696' title='bbox 1454 5355 1683 5424; x_wconf 84' lang='lat' dir='ltr'>hospitio</span> <span class='ocrx_word' id='word_1_697' title='bbox 1727 5369 1868 5409; x_wconf 85' lang='lat' dir='ltr'>rece-</span> 
     </span>
    </p>
   </div>
   <div class='ocr_carea' id='block_1_99' title="bbox 227 5449 1868 5519">
    <p class='ocr_par' dir='ltr' id='par_1_99' title="bbox 227 5449 1868 5519">
     <span class='ocr_line' id='line_1_99' title="bbox 227 5449 1868 5519; baseline 0.001 -18"><span class='ocrx_word' id='word_1_698' title='bbox 227 5450 340 5517; x_wconf 87' lang='lat' dir='ltr'>pit,</span> <span class='ocrx_word' id='word_1_699' title='bbox 362 5450 413 5503; x_wconf 89' lang='lat' dir='ltr'>si</span> <span class='ocrx_word' id='word_1_700' title='bbox 434 5454 739 5503; x_wconf 82' lang='lat' dir='ltr'>sanctorum</span> <span class='ocrx_word' id='word_1_701' title='bbox 761 5449 923 5519; x_wconf 85' lang='lat' dir='ltr'>pedes</span> <span class='ocrx_word' id='word_1_702' title='bbox 951 5450 1106 5512; x_wconf 84' lang='lat' dir='ltr'>tavit,</span> <span class='ocrx_word' id='word_1_703' title='bbox 1135 5452 1187 5504; x_wconf 85' lang='lat' dir='ltr'>si</span> <span class='ocrx_word' id='word_1_704' title='bbox 1219 5449 1626 5504; x_wconf 80' lang='lat' dir='ltr'>tribulationem</span> <span class='ocrx_word' id='word_1_705' title='bbox 1645 5449 1868 5517; x_wconf 61' lang='lat' dir='ltr'>patieno</span> 
     </span>
    </p>
   </div>
   <div class='ocr_carea' id='block_1_100' title="bbox 239 5543 1873 5615">
    <p class='ocr_par' dir='ltr' id='par_1_100' title="bbox 239 5543 1873 5615">
     <span class='ocr_line' id='line_1_100' title="bbox 239 5543 1873 5615; baseline 0.001 -20"><span class='ocrx_word' id='word_1_706' title='bbox 239 5543 385 5596; x_wconf 84' lang='lat' dir='ltr'>tibus</span> <span class='ocrx_word' id='word_1_707' title='bbox 426 5543 878 5598; x_wconf 80' lang='lat' dir='ltr'>subministravit.</span> <span class='ocrx_word' id='word_1_708' title='bbox 935 5545 1011 5598; x_wconf 88' lang='lat' dir='ltr'>De</span> <span class='ocrx_word' id='word_1_709' title='bbox 1067 5543 1331 5615; x_wconf 89' lang='lat' dir='ltr'>episeopo</span> <span class='ocrx_word' id='word_1_710' title='bbox 1387 5559 1399 5597; x_wconf 94' lang='lat'>:</span> <span class='ocrx_word' id='word_1_711' title='bbox 1460 5543 1678 5612; x_wconf 84' lang='lat' dir='ltr'>Oportet</span> <span class='ocrx_word' id='word_1_712' title='bbox 1730 5544 1873 5597; x_wconf 83' lang='lat' dir='ltr'>enim</span> 
     </span>
    </p>
   </div>
   <div class='ocr_carea' id='block_1_101' title="bbox 236 5637 1873 5707">
    <p class='ocr_par' dir='ltr' id='par_1_101' title="bbox 236 5637 1873 5707">
     <span class='ocr_line' id='line_1_101' title="bbox 236 5637 1873 5707; baseline 0.001 -17"><span class='ocrx_word' id='word_1_713' title='bbox 236 5638 546 5707; x_wconf 84' lang='lat' dir='ltr'>episcopum</span> <span class='ocrx_word' id='word_1_714' title='bbox 595 5637 1113 5707; x_wconf 80' lang='lat' dir='ltr'>irreprehensibilcm</span> <span class='ocrx_word' id='word_1_715' title='bbox 1164 5653 1294 5701; x_wconf 86' lang='lat' dir='ltr'>esse,</span> <span class='ocrx_word' id='word_1_716' title='bbox 1343 5639 1508 5692; x_wconf 86' lang='lat' dir='ltr'>unius</span> <span class='ocrx_word' id='word_1_717' title='bbox 1558 5639 1744 5692; x_wconf 71' lang='lat' dir='ltr'>umoris</span> <span class='ocrx_word' id='word_1_718' title='bbox 1795 5640 1873 5692; x_wconf 78' lang='lat' dir='ltr'>vi-</span> 
     </span>
    </p>
   </div>
   <div class='ocr_carea' id='block_1_102' title="bbox 232 5731 1869 5801">
    <p class='ocr_par' dir='ltr' id='par_1_102' title="bbox 232 5731 1869 5801">
     <span class='ocr_line' id='line_1_102' title="bbox 232 5731 1869 5801; baseline 0.001 -17"><span class='ocrx_word' id='word_1_719' title='bbox 232 5746 381 5790; x_wconf 83' lang='lat' dir='ltr'>rum.</span> <span class='ocrx_word' id='word_1_720' title='bbox 410 5733 669 5798; x_wconf 81' lang='lat' dir='ltr'>sobrium,</span> <span class='ocrx_word' id='word_1_721' title='bbox 695 5731 1042 5801; x_wconf 83' lang='lat' dir='ltr'>prudentem,</span> <span class='ocrx_word' id='word_1_722' title='bbox 1077 5736 1348 5795; x_wconf 87' lang='lat' dir='ltr'>ornatum,</span> <span class='ocrx_word' id='word_1_723' title='bbox 1383 5733 1663 5801; x_wconf 83' lang='lat' dir='ltr'>pudicum,</span> <span class='ocrx_word' id='word_1_724' title='bbox 1694 5731 1869 5801; x_wconf 88' lang='lat' dir='ltr'>hospi-</span> 
     </span>
    </p>
   </div>
   <div class='ocr_carea' id='block_1_103' title="bbox 234 5824 1873 5897">
    <p class='ocr_par' dir='ltr' id='par_1_103' title="bbox 234 5824 1873 5897">
     <span class='ocr_line' id='line_1_103' title="bbox 234 5824 1873 5897; baseline -0.001 -16"><span class='ocrx_word' id='word_1_725' title='bbox 234 5826 400 5881; x_wconf 83' lang='lat' dir='ltr'>talem</span> <span class='ocrx_word' id='word_1_726' title='bbox 426 5824 471 5897; x_wconf 92' lang='grc'><strong>(1</strong></span> <span class='ocrx_word' id='word_1_727' title='bbox 506 5827 665 5888; x_wconf 84' lang='lat' dir='ltr'>Tim.,</span> <span class='ocrx_word' id='word_1_728' title='bbox 697 5841 776 5894; x_wconf 86' lang='grc' dir='ltr'>ιιι,</span> <span class='ocrx_word' id='word_1_729' title='bbox 812 5824 887 5895; x_wconf 81' lang='lat'>2).</span> <span class='ocrx_word' id='word_1_730' title='bbox 920 5825 1134 5879; x_wconf 82' lang='lat' dir='ltr'>Rursus</span> <span class='ocrx_word' id='word_1_731' title='bbox 1165 5825 1236 5880; x_wconf 91' lang='lat' dir='ltr'>de</span> <span class='ocrx_word' id='word_1_732' title='bbox 1271 5826 1469 5881; x_wconf 88' lang='lat' dir='ltr'>eodem</span> <span class='ocrx_word' id='word_1_733' title='bbox 1506 5842 1520 5880; x_wconf 90' lang='lat'><strong>:</strong></span> <span class='ocrx_word' id='word_1_734' title='bbox 1562 5827 1668 5883; x_wconf 87' lang='lat' dir='ltr'>Sed</span> <span class='ocrx_word' id='word_1_735' title='bbox 1699 5826 1873 5896; x_wconf 48' lang='lat' dir='ltr'>hospi‘</span> 
     </span>
    </p>
   </div>
   <div class='ocr_carea' id='block_1_104' title="bbox 238 5918 1872 5995">
    <p class='ocr_par' dir='ltr' id='par_1_104' title="bbox 238 5918 1872 5995">
     <span class='ocr_line' id='line_1_104' title="bbox 238 5918 1872 5995; baseline -0.003 -14"><span class='ocrx_word' id='word_1_736' title='bbox 238 5920 424 5987; x_wconf 79' lang='lat' dir='ltr'>tatem,</span> <span class='ocrx_word' id='word_1_737' title='bbox 454 5920 762 5995; x_wconf 80' lang='lat' dir='ltr'>benignum,</span> <span class='ocrx_word' id='word_1_738' title='bbox 802 5919 1039 5977; x_wconf 84' lang='lat' dir='ltr'>sobrium</span> <span class='ocrx_word' id='word_1_739' title='bbox 1070 5920 1223 5994; x_wconf 85' lang='lat' dir='ltr'>(Tit.,</span> <span class='ocrx_word' id='word_1_740' title='bbox 1265 5936 1304 5991; x_wconf 83' lang='grc' dir='ltr'>ι,</span> <span class='ocrx_word' id='word_1_741' title='bbox 1349 5918 1424 5993; x_wconf 91' lang='lat'>8),</span> <span class='ocrx_word' id='word_1_742' title='bbox 1468 5922 1574 5978; x_wconf 90' lang='lat' dir='ltr'>etc.</span> <span class='ocrx_word' id='word_1_743' title='bbox 1621 5921 1668 5977; x_wconf 89' lang='lat' dir='ltr'>Is</span> <span class='ocrx_word' id='word_1_744' title='bbox 1716 5920 1872 5976; x_wconf 88' lang='lat' dir='ltr'>enim</span> 
     </span>
    </p>
   </div>
   <div class='ocr_carea' id='block_1_105' title="bbox 1968 4676 3601 4757">
    <p class='ocr_par' dir='ltr' id='par_1_105' title="bbox 1968 4676 3601 4757">
     <span class='ocr_line' id='line_1_105' title="bbox 1968 4676 3601 4757; baseline -0.008 -13"><span class='ocrx_word' id='word_1_745' title='bbox 1968 4686 2172 4757; x_wconf 81' lang='lat' dir='ltr'>ofﬁcia,</span> <span class='ocrx_word' id='word_1_746' title='bbox 2208 4684 2307 4740; x_wconf 87' lang='lat' dir='ltr'>sed</span> <span class='ocrx_word' id='word_1_747' title='bbox 2336 4700 2469 4739; x_wconf 89' lang='lat' dir='ltr'>vero</span> <span class='ocrx_word' id='word_1_748' title='bbox 2510 4682 2804 4737; x_wconf 91' lang='lat' dir='ltr'>liberrimo</span> <span class='ocrx_word' id='word_1_749' title='bbox 2845 4679 3366 4751; x_wconf 88' lang='lat' dir='ltr'>ardentissimoque</span> <span class='ocrx_word' id='word_1_750' title='bbox 3409 4676 3601 4732; x_wconf 85' lang='lat' dir='ltr'>subdi-</span> 
     </span>
    </p>
   </div>
   <div class='ocr_carea' id='block_1_106' title="bbox 1966 4773 2918 4852">
    <p class='ocr_par' dir='ltr' id='par_1_106' title="bbox 1966 4773 2918 4852">
     <span class='ocr_line' id='line_1_106' title="bbox 1966 4773 2918 4852; baseline -0.011 -14"><span class='ocrx_word' id='word_1_751' title='bbox 1966 4788 2157 4839; x_wconf 88' lang='lat' dir='ltr'>torum</span> <span class='ocrx_word' id='word_1_752' title='bbox 2182 4782 2598 4852; x_wconf 78' lang='lat' dir='ltr'>praestarentur</span> <span class='ocrx_word' id='word_1_753' title='bbox 2624 4773 2918 4846; x_wconf 88' lang='lat' dir='ltr'>obsequio.</span> 
     </span>
    </p>
   </div>
   <div class='ocr_carea' id='block_1_107' title="bbox 2041 4864 3604 4948">
    <p class='ocr_par' dir='ltr' id='par_1_107' title="bbox 2041 4864 3604 4948">
     <span class='ocr_line' id='line_1_107' title="bbox 2041 4864 3604 4948; baseline -0.007 -16"><span class='ocrx_word' id='word_1_754' title='bbox 2041 4877 2180 4948; x_wconf 81' lang='lat'>§20.</span> <span class='ocrx_word' id='word_1_755' title='bbox 2205 4877 2386 4945; x_wconf 87' lang='lat' dir='ltr'>Atque</span> <span class='ocrx_word' id='word_1_756' title='bbox 2406 4872 2541 4927; x_wconf 91' lang='lat' dir='ltr'>hinc</span> <span class='ocrx_word' id='word_1_757' title='bbox 2575 4868 2989 4936; x_wconf 90' lang='lat' dir='ltr'>concludimus,</span> <span class='ocrx_word' id='word_1_758' title='bbox 3010 4882 3340 4939; x_wconf 88' lang='lat' dir='ltr'>quanquam</span> <span class='ocrx_word' id='word_1_759' title='bbox 3372 4864 3604 4921; x_wconf 77' lang='lat' dir='ltr'>aliunde</span> 
     </span>
    </p>
   </div>
   <div class='ocr_carea' id='block_1_108' title="bbox 1969 4959 3606 5040">
    <p class='ocr_par' dir='ltr' id='par_1_108' title="bbox 1969 4959 3606 5040">
     <span class='ocr_line' id='line_1_108' title="bbox 1969 4959 3606 5040; baseline -0.009 -14"><span class='ocrx_word' id='word_1_760' title='bbox 1969 4987 2087 5026; x_wconf 92' lang='lat' dir='ltr'>non</span> <span class='ocrx_word' id='word_1_761' title='bbox 2115 4968 2566 5040; x_wconf 82' lang='lat' dir='ltr'>intelligeremus</span> <span class='ocrx_word' id='word_1_762' title='bbox 2587 4981 2761 5037; x_wconf 88' lang='lat' dir='ltr'>quem</span> <span class='ocrx_word' id='word_1_763' title='bbox 2784 4965 2972 5018; x_wconf 90' lang='lat' dir='ltr'>locum</span> <span class='ocrx_word' id='word_1_764' title='bbox 2994 4961 3054 5016; x_wconf 91' lang='lat' dir='ltr'>in</span> <span class='ocrx_word' id='word_1_765' title='bbox 3080 4959 3329 5017; x_wconf 87' lang='lat' dir='ltr'>Ecclesia</span> <span class='ocrx_word' id='word_1_766' title='bbox 3350 4959 3606 5014; x_wconf 88' lang='lat' dir='ltr'>obtinue-</span> 
     </span>
    </p>
   </div>
   <div class='ocr_carea' id='block_1_109' title="bbox 1969 5054 3603 5136">
    <p class='ocr_par' dir='ltr' id='par_1_109' title="bbox 1969 5054 3603 5136">
     <span class='ocr_line' id='line_1_109' title="bbox 1969 5054 3603 5136; baseline -0.008 -16"><span class='ocrx_word' id='word_1_767' title='bbox 1969 5066 2087 5120; x_wconf 88' lang='lat' dir='ltr'>rint</span> <span class='ocrx_word' id='word_1_768' title='bbox 2139 5063 2238 5136; x_wconf 91' lang='lat' dir='ltr'>qui</span> <span class='ocrx_word' id='word_1_769' title='bbox 2282 5061 2369 5117; x_wconf 88' lang='lat' dir='ltr'>his</span> <span class='ocrx_word' id='word_1_770' title='bbox 2408 5059 2794 5131; x_wconf 85' lang='lat' dir='ltr'>legationibus</span> <span class='ocrx_word' id='word_1_771' title='bbox 2842 5054 3118 5112; x_wconf 90' lang='lat' dir='ltr'>obeundis</span> <span class='ocrx_word' id='word_1_772' title='bbox 3159 5055 3603 5121; x_wconf 87' lang='lat' dir='ltr'>destinarentur,</span> 
     </span>
    </p>
   </div>
   <div class='ocr_carea' id='block_1_110' title="bbox 1971 5147 3603 5226">
    <p class='ocr_par' dir='ltr' id='par_1_110' title="bbox 1971 5147 3603 5226">
     <span class='ocr_line' id='line_1_110' title="bbox 1971 5147 3603 5226; baseline -0.009 -10"><span class='ocrx_word' id='word_1_773' title='bbox 1971 5177 2086 5216; x_wconf 89' lang='lat' dir='ltr'>non</span> <span class='ocrx_word' id='word_1_774' title='bbox 2118 5176 2241 5214; x_wconf 87' lang='lat' dir='ltr'>esse</span> <span class='ocrx_word' id='word_1_775' title='bbox 2270 5161 2466 5211; x_wconf 89' lang='lat' dir='ltr'>tamen</span> <span class='ocrx_word' id='word_1_776' title='bbox 2496 5154 2649 5226; x_wconf 90' lang='lat' dir='ltr'>quod</span> <span class='ocrx_word' id='word_1_777' title='bbox 2675 5152 3004 5209; x_wconf 90' lang='lat' dir='ltr'>dubitemus</span> <span class='ocrx_word' id='word_1_778' title='bbox 3034 5150 3173 5222; x_wconf 91' lang='lat' dir='ltr'>quin</span> <span class='ocrx_word' id='word_1_779' title='bbox 3211 5148 3260 5202; x_wconf 93' lang='lat' dir='ltr'>is</span> <span class='ocrx_word' id='word_1_780' title='bbox 3290 5148 3462 5203; x_wconf 84' lang='lat' dir='ltr'>fuerit</span> <span class='ocrx_word' id='word_1_781' title='bbox 3500 5147 3603 5203; x_wconf 88' lang='lat' dir='ltr'>ad-</span> 
     </span>
    </p>
   </div>
   <div class='ocr_carea' id='block_1_111' title="bbox 1974 5242 3607 5312">
    <p class='ocr_par' dir='ltr' id='par_1_111' title="bbox 1974 5242 3607 5312">
     <span class='ocr_line' id='line_1_111' title="bbox 1974 5242 3607 5312; baseline -0.009 -1"><span class='ocrx_word' id='word_1_782' title='bbox 1974 5255 2208 5312; x_wconf 90' lang='lat' dir='ltr'>modum</span> <span class='ocrx_word' id='word_1_783' title='bbox 2238 5250 2604 5307; x_wconf 89' lang='lat' dir='ltr'>honoriticus.</span> <span class='ocrx_word' id='word_1_784' title='bbox 2637 5246 3077 5302; x_wconf 87' lang='lat' dir='ltr'>Ordinariorum</span> <span class='ocrx_word' id='word_1_785' title='bbox 3109 5244 3317 5299; x_wconf 87' lang='lat' dir='ltr'>horum</span> <span class='ocrx_word' id='word_1_786' title='bbox 3346 5242 3607 5299; x_wconf 82' lang='lat' dir='ltr'>Ecclesia</span> 
     </span>
    </p>
   </div>
   <div class='ocr_carea' id='block_1_112' title="bbox 1973 5337 3607 5414">
    <p class='ocr_par' dir='ltr' id='par_1_112' title="bbox 1973 5337 3607 5414">
     <span class='ocr_line' id='line_1_112' title="bbox 1973 5337 3607 5414; baseline -0.01 -9"><span class='ocrx_word' id='word_1_787' title='bbox 1973 5347 2423 5405; x_wconf 90' lang='lat' dir='ltr'>ministeriorum</span> <span class='ocrx_word' id='word_1_788' title='bbox 2468 5344 2527 5398; x_wconf 90' lang='lat' dir='ltr'>in</span> <span class='ocrx_word' id='word_1_789' title='bbox 2566 5342 2755 5414; x_wconf 87' lang='lat' dir='ltr'>prima</span> <span class='ocrx_word' id='word_1_790' title='bbox 2795 5340 2879 5395; x_wconf 90' lang='lat' dir='ltr'><strong>illi</strong></span> <span class='ocrx_word' id='word_1_791' title='bbox 2922 5339 3027 5394; x_wconf 85' lang='lat' dir='ltr'>avi</span> <span class='ocrx_word' id='word_1_792' title='bbox 3073 5337 3373 5410; x_wconf 89' lang='lat' dir='ltr'>apostolici</span> <span class='ocrx_word' id='word_1_793' title='bbox 3427 5337 3607 5391; x_wconf 85' lang='lat' dir='ltr'>histo-</span> 
     </span>
    </p>
   </div>
   <div class='ocr_carea' id='block_1_113' title="bbox 1972 5430 3605 5512">
    <p class='ocr_par' dir='ltr' id='par_1_113' title="bbox 1972 5430 3605 5512">
     <span class='ocr_line' id='line_1_113' title="bbox 1972 5430 3605 5512; baseline -0.009 -13"><span class='ocrx_word' id='word_1_794' title='bbox 1972 5445 2074 5512; x_wconf 86' lang='lat' dir='ltr'>ria,</span> <span class='ocrx_word' id='word_1_795' title='bbox 2104 5442 2286 5498; x_wconf 90' lang='lat' dir='ltr'>rarior</span> <span class='ocrx_word' id='word_1_796' title='bbox 2309 5439 2555 5496; x_wconf 87' lang='lat' dir='ltr'>occurrit</span> <span class='ocrx_word' id='word_1_797' title='bbox 2596 5436 2834 5502; x_wconf 86' lang='lat' dir='ltr'>mentio,</span> <span class='ocrx_word' id='word_1_798' title='bbox 2878 5433 3280 5506; x_wconf 90' lang='lat' dir='ltr'>episcoporum</span> <span class='ocrx_word' id='word_1_799' title='bbox 3323 5430 3605 5498; x_wconf 88' lang='lat' dir='ltr'>videlicet,</span> 
     </span>
    </p>
   </div>
   <div class='ocr_carea' id='block_1_114' title="bbox 1973 5525 3610 5611">
    <p class='ocr_par' dir='ltr' id='par_1_114' title="bbox 1973 5525 3610 5611">
     <span class='ocr_line' id='line_1_114' title="bbox 1973 5525 3610 5611; baseline -0.01 -17"><span class='ocrx_word' id='word_1_800' title='bbox 1973 5538 2437 5611; x_wconf 86' lang='lat' dir='ltr'>presbyterorum</span> <span class='ocrx_word' id='word_1_801' title='bbox 2490 5539 2661 5605; x_wconf 89' lang='lat' dir='ltr'>atque</span> <span class='ocrx_word' id='word_1_802' title='bbox 2714 5531 3114 5585; x_wconf 81' lang='lat' dir='ltr'>diaconorum.</span> <span class='ocrx_word' id='word_1_803' title='bbox 3170 5525 3610 5597; x_wconf 86' lang='lat' dir='ltr'>Frequentiores</span> 
     </span>
    </p>
   </div>
   <div class='ocr_carea' id='block_1_115' title="bbox 1976 5621 3609 5697">
    <p class='ocr_par' dir='ltr' id='par_1_115' title="bbox 1976 5621 3609 5697">
     <span class='ocr_line' id='line_1_115' title="bbox 1976 5621 3609 5697; baseline -0.012 -8"><span class='ocrx_word' id='word_1_804' title='bbox 1976 5637 2140 5689; x_wconf 88' lang='lat' dir='ltr'>erant</span> <span class='ocrx_word' id='word_1_805' title='bbox 2165 5628 2615 5696; x_wconf 87' lang='lat' dir='ltr'>extraordinarii,</span> <span class='ocrx_word' id='word_1_806' title='bbox 2647 5624 2910 5697; x_wconf 90' lang='lat' dir='ltr'>apostoli,</span> <span class='ocrx_word' id='word_1_807' title='bbox 2936 5621 3325 5693; x_wconf 86' lang='lat' dir='ltr'>evangelista,</span> <span class='ocrx_word' id='word_1_808' title='bbox 3358 5622 3609 5690; x_wconf 84' lang='lat' dir='ltr'>pastores</span> 
     </span>
    </p>
   </div>
   <div class='ocr_carea' id='block_1_116' title="bbox 1975 5713 3614 5799">
    <p class='ocr_par' dir='ltr' id='par_1_116' title="bbox 1975 5713 3614 5799">
     <span class='ocr_line' id='line_1_116' title="bbox 1975 5713 3614 5799; baseline -0.009 -17"><span class='ocrx_word' id='word_1_809' title='bbox 1975 5732 2142 5799; x_wconf 88' lang='lat' dir='ltr'>atque</span> <span class='ocrx_word' id='word_1_810' title='bbox 2171 5725 2433 5780; x_wconf 90' lang='lat' dir='ltr'>doctores</span> <span class='ocrx_word' id='word_1_811' title='bbox 2461 5726 2519 5777; x_wconf 89' lang='lat' dir='ltr'>et</span> <span class='ocrx_word' id='word_1_812' title='bbox 2546 5721 2841 5794; x_wconf 87' lang='lat' dir='ltr'>propheta</span> <span class='ocrx_word' id='word_1_813' title='bbox 2868 5717 3234 5788; x_wconf 89' lang='lat' dir='ltr'>notioresque</span> <span class='ocrx_word' id='word_1_814' title='bbox 3262 5713 3499 5769; x_wconf 91' lang='lat' dir='ltr'>omnino</span> <span class='ocrx_word' id='word_1_815' title='bbox 3526 5714 3614 5767; x_wconf 87' lang='lat' dir='ltr'>at-</span> 
     </span>
    </p>
   </div>
   <div class='ocr_carea' id='block_1_117' title="bbox 1975 5805 3620 5894">
    <p class='ocr_par' dir='ltr' id='par_1_117' title="bbox 1975 5805 3620 5894">
     <span class='ocr_line' id='line_1_117' title="bbox 1975 5805 3620 5894; baseline -0.009 -18"><span class='ocrx_word' id='word_1_816' title='bbox 1975 5837 2085 5894; x_wconf 89' lang='lat' dir='ltr'>que</span> <span class='ocrx_word' id='word_1_817' title='bbox 2130 5819 2488 5875; x_wconf 89' lang='lat' dir='ltr'>celebriores.</span> <span class='ocrx_word' id='word_1_818' title='bbox 2538 5818 2605 5872; x_wconf 80' lang='lat' dir='ltr'>Et</span> <span class='ocrx_word' id='word_1_819' title='bbox 2650 5813 2943 5888; x_wconf 89' lang='lat' dir='ltr'>probabile</span> <span class='ocrx_word' id='word_1_820' title='bbox 2988 5812 3224 5883; x_wconf 89' lang='lat' dir='ltr'>quidem</span> <span class='ocrx_word' id='word_1_821' title='bbox 3272 5812 3359 5862; x_wconf 87' lang='lat' dir='ltr'>est</span> <span class='ocrx_word' id='word_1_822' title='bbox 3400 5805 3620 5862; x_wconf 88' lang='lat' dir='ltr'>horum</span> 
     </span>
    </p>
   </div>
   <div class='ocr_carea' id='block_1_118' title="bbox 1974 5900 3634 5988">
    <p class='ocr_par' dir='ltr' id='par_1_118' title="bbox 1974 5900 3634 5988">
     <span class='ocr_line' id='line_1_118' title="bbox 1974 5900 3634 5988; baseline -0.008 -17"><span class='ocrx_word' id='word_1_823' title='bbox 1974 5914 2148 5974; x_wconf 86' lang='lat' dir='ltr'>fuisse</span> <span class='ocrx_word' id='word_1_824' title='bbox 2165 5913 2461 5988; x_wconf 89' lang='lat' dir='ltr'>propriam</span> <span class='ocrx_word' id='word_1_825' title='bbox 2482 5912 2818 5987; x_wconf 88' lang='lat' dir='ltr'>primariam</span> <span class='ocrx_word' id='word_1_826' title='bbox 2836 5908 2993 5967; x_wconf 88' lang='lat' dir='ltr'>illam</span> <span class='ocrx_word' id='word_1_827' title='bbox 3012 5900 3634 5978; x_wconf 83' lang='lat' dir='ltr'>simplicissimamque</span> 
     </span>
    </p>
   </div>
  </div>
