4082 6194
226 199 367 252 1157

1368 194 1453 249 DE
1492 193 1798 250 SECUNDO
1827 192 2150 249 MARTYRII
2182 195 2524 251 BAI’TISMO.

3468 203 3599 259 1158

308 325 627 376 animarum
657 334 823 377 causa
847 322 1038 387 fuisset
1080 321 1301 391 eﬂ'usus.
1337 351 1405 361 —
1431 321 1462 392 §
1491 324 1578 376 38.
1625 322 2010 387 Defemluntur
2046 324 2265 376 veteres.
2322 353 2387 361 —
2420 321 2449 391 ἓ
2477 325 2564 376 39.
2597 326 2928 394 Martyrium
2955 327 3011 381 in
3063 327 3236 382 altero
3274 332 3435 385 etiam
3490 334 3600 385 Eu-

306 404 576 457 charistiaz
602 408 939 456 sacramento
988 402 1330 471 spondcmus.
1364 432 1431 441 ——
1477 400 1623 471 §-’i~0.
1650 404 1738 454 ’In
1779 404 2041 470 martyrio
2062 402 2157 469 jus
2179 401 2253 456 ad
2300 400 2548 468 beneficia
2603 404 2861 473 baptismi
2906 412 3015 460 tam
3071 408 3375 477 privativa,
3431 426 3598 479 quam

307 485 472 537 etiam
489 485 746 552 positivo,
778 485 1172 551 consequimur.

304 649 334 721 §
385 654 431 704 1.
482 680 551 689 -
591 649 869 718 Diximus,
909 649 1188 720 superiori
1234 649 1633 704 dissertatione
1672 647 1770 720 (1),
1803 648 1860 703 in

1972 654 2139 717 istm,
2201 652 2361 710 καθὼς
2410 650 2785 724 παρειλήφαμεν
2841 658 2955 727 μερὶ
3018 662 3106 707 τοῦ
3178 655 3226 707 ἐν
3297 652 3447 708 ὕδατι
3514 662 3597 709 καὶ

224 744 554 815 primorum
608 747 934 815 temporum
990 744 1294 815 martyriis,
1350 745 1539 797 locum
1593 743 1661 797 ab
1708 743 1863 797 auxi-

222 838 304 891 lio
366 836 559 891 divino
633 836 968 907 primarium
1048 837 1360 892 obtinuisse
1424 841 1652 907 recepta
1714 837 1864 891 illius

224 931 488 986 Ecclesiae
519 931 804 1002 prinuevae
834 932 906 985 de
948 932 1205 1002 martyrii
1248 932 1525 1003 dignitate
1572 932 1860 1002 dogmata,

224 1026 365 1081 illud
409 1026 695 1096 imprimis
745 1043 855 1097 quo
896 1026 1129 1080 secundi
1178 1025 1443 1096 baptismi
1476 1020 1653 1080 vicem
1696 1031 1863 1096 atque

221 1120 504 1175 beneficia
538 1120 811 1190 martyrio
844 1119 1227 1175 vindicabant.
1264 1122 1399 1188 lloc,
1433 1120 1568 1190 quia
1608 1119 1861 1173 alienum

224 1214 342 1269 scio
385 1231 417 1267 a
455 1215 839 1268 recentiorum
885 1214 1107 1285 placitis
1148 1214 1247 1285 qui
1286 1231 1416 1268 suas
1450 1216 1741 1267 sacrarum
1772 1213 1861 1268 lit-

226 1313 484 1363 terarum
532 1308 1054 1379 interpretationes,
1101 1311 1391 1379 utcunque
1436 1308 1717 1375 infirmas,
1759 1324 1864 1361 nec

229 1408 387 1456 certe
416 1402 608 1473 aliquo
641 1402 940 1456 ratiocinio
970 1401 1238 1470 nitentes,
1272 1407 1529 1455 veterum
1558 1407 1749 1455 tamen
1780 1418 1864 1455 ra-

234 1496 480 1550 tiociniis
512 1499 900 1567 anteponunt;
934 1499 991 1549 et
1022 1496 1155 1567 quia
1185 1497 1301 1549 tota
1330 1496 1451 1550 haec
1493 1495 1743 1566 mysticae
1774 1512 1864 1548 ar-

237 1590 685 1662 gumentationis
761 1590 937 1656 ratio,
1013 1605 1140 1661 quae
1206 1589 1576 1660 mysticarum
1629 1588 1865 1642 omnino

234 1684 675 1755 Scripturarum,
706 1683 992 1755 hujnsqne
1025 1684 1168 1738 adeo
1200 1684 1270 1737 de
1303 1682 1672 1737 sacramentis
1699 1700 1865 1754 argu-

237 1778 440 1846 menti,
490 1782 593 1847 est,
637 1794 737 1833 suo
780 1778 1029 1849 quodam
1067 1778 1196 1848 jure
1244 1777 1494 1849 prepria,
1536 1783 1867 1848 contempta

236 1875 428 1926 tamen
481 1873 565 1925 vel
616 1873 877 1943 neglecta
928 1876 1013 1926 est
1062 1888 1094 1924 a
1142 1871 1528 1927 celeberrimis
1583 1871 1868 1941 plerisque

234 1972 564 2022 nostrorum
615 1972 940 2038 temporum
994 1966 1429 2037 interpretibus;
1481 1972 1537 2020 et
1589 1967 1721 2036 quia
1769 1965 1868 2036 qui

234 2062 379 2116 hanc
412 2067 665 2116 veterum
712 2061 1053 2115 sententiam
1095 2063 1326 2115 tuentur
1357 2060 1525 2114 hodie
1566 2061 1866 2130 scriptores
1888 2033 1943 2104 Β

235 2155 531 2228 pontificii,
574 2172 743 2209 unam
787 2158 1049 2209 veterum
1090 2155 1491 2210 auctoritatem
1528 2158 1724 2208 tamen
1764 2154 1862 2209 ob-

236 2251 502 2317 tendunt,
530 2250 698 2320 plane
726 2250 795 2304 de
825 2266 1023 2303 eorum
1055 2248 1361 2303 ratiociniis
1393 2247 1597 2317 securi,
1639 2252 1865 2302 rectene

234 2353 356 2399 tam
402 2361 431 2399 e
476 2343 800 2415 Seriptnris,
850 2346 907 2397 et
950 2361 1053 2414 pro
1099 2343 1386 2413 primaeva:
1430 2341 1867 2397 Christianitatis

236 2445 405 2509 captu
436 2438 546 2509 (cui
581 2444 774 2492 tamen
806 2437 905 2492 soli
944 2437 1215 2508 Spiritum
1254 2438 1311 2492 S.
1342 2438 1399 2490 in
1440 2436 1866 2507 Scriptnrarnm

238 2532 681 2587 concinnatione
753 2532 1101 2585 consuluisse
1160 2531 1294 2585 alibi
1358 2530 1723 2601 probavimus
1788 2531 1868 2599 (in

237 2628 538 2695 Prolegom.
568 2627 640 2679 ad
661 2628 810 2680 Dom.
832 2628 1073 2691 Stearn.,
1101 2627 1165 2679 de
1188 2625 1506 2695 0b.:tinat.),
1529 2628 1698 2696 atque
1724 2625 1866 2679 adeo

238 2720 443 2787 solide,
484 2719 865 2791 collegerint:
905 2720 1140 2790 proinde
1175 2718 1657 2774 consultissimum
1699 2717 1867 2772 duxi-

239 2830 368 2868 mus
395 2814 441 2867 si
468 2815 583 2868 tam
614 2812 870 2884 jucunde
896 2814 1134 2884 utilique
1165 2816 1527 2885 argumento,
1571 2812 1868 2885 propriam

236 2923 401 2962 suam
440 2907 903 2978 singularemque
936 2907 1390 2962 dissertationem
1428 2908 1865 2978 assignaremus.

310 3002 422 3073 §2.
470 3032 537 3041 —
580 3002 663 3055 Ab
708 3001 1114 3074 antiquissimis
1151 3002 1342 3073 itaque
1385 3001 1736 3072 temporibus
1778 3003 1871 3056 Ec-

238 3094 444 3165 clesiai,
477 3095 980 3167 recentissimaque
1017 3095 1400 3166 apostolorum
1439 3094 1739 3161 memoria,
1773 3095 1865 3149 de-

240 3188 411 3243 ducta
451 3189 569 3243 haec
608 3195 690 3243 est
731 3189 800 3243 de
838 3189 1089 3244 secundo
1129 3188 1392 3259 martyrii
1432 3188 1710 3259 baptismo
1739 3205 1870 3242 seu-

237 3282 441 3351 tentia,
475 3287 533 3338 et
570 3270 629 3337 in
671 3283 917 3338 Ecclesia
947 3282 1252 3355 vnlgariter
1288 3289 1531 3353 recepta.
1574 3283 1653 3337 De
1684 3282 1872 3337 Felici-

1962 753 2214 821 ττνεύματι
2282 748 2641 822 βαπτίσματῡς
2668 791 2680 815 ,
2750 751 2926 821 ἄφεσιν
2992 748 3045 803 δὲ
3110 753 3355 825 λαμϐάνει
3427 755 3595 830 ἀπαρ-

3502 854 3600 906 Bai-

1962 850 2200 919 τημεέτων
2259 852 2342 898 καὶ
2410 853 2435 898 ὁ
2509 852 2566 900 τὸ
2636 852 2724 899 τοῦ
2789 855 3073 924 μαρτυρίου
3151 852 3423 923 angustae;

1962 966 2184 1019 πτισμα,
2250 945 2530 1018 deiurio-pta
2578 952 2637 999 τὸ
2682 953 2961 1024 μαρτύριον
3016 951 3225 1023 εὐλόγως
3277 958 3466 1026 ’λέγοιτ’
3508 957 3592 1023 ἄν,

1964 1047 2067 1095 etc.
2116 1041 2268 1095 Idem
2309 1046 2365 1094 et
2404 1041 2461 1094 in
2500 1041 2624 1095 aliis
2669 1044 2802 1097 locis
2841 1062 2990 1115 δωρο
3033 1045 3205 1099 liabet
3251 1047 3406 1101 idem
3450 1050 3600 1103 Ada-

1964 1135 2216 1189 mantius
2241 1135 2515 1205 (Origen.,
2546 1139 2605 1188 in
2628 1137 2721 1189 lib.
2749 1139 2954 1201 Jmlic.,
2986 1139 3145 1194 hom.
3177 1145 3229 1208 7,
3255 1144 3387 1195 etin
3412 1145 3598 1205 J0an.,

1967 1234 2106 1283 tom.
2147 1230 2287 1295 VIII,
2330 1247 2384 1299 p.
2430 1232 2548 1296 133,
2583 1231 2715 1285 edit.
2760 1233 2991 1301 IIuetii).
3026 1234 3179 1289 Idem
3211 1252 3361 1306 saepe
3405 1241 3600 1292 noster

1965 1316 2299 1395 Cyprianus,
2360 1326 2529 1393 Epist.
2592 1325 2695 1391 5i,
2747 1326 2812 1379 de
2874 1328 3023 1382 Orat.
3092 1332 3300 1383 Domin.
3366 1332 3595 1386 Einhart.

1963 1420 2222 1486 Martyr”
2257 1419 2413 1486 epist.
2443 1419 2551 1487 '73),
2585 1423 2641 1472 et
2669 1420 3012 1475 recentiores
3051 1421 3149 1475 alii
3181 1424 3451 1493 Cypriane
3493 1427 3598 1479 Pa-

1968 1519 2082 1566 tres
2107 1511 2535 1582 quamplurimi,
2566 1529 2707 1583 quos
2734 1514 2905 1568 ta‘det
2931 1515 2990 1568 in
3022 1516 3128 1570 hoc
3155 1516 3275 1570 loco
3301 1518 3597 1587 sigillatim

1965 1622 2278 1660 recensere.
2338 1605 2472 1659 Inde
2529 1606 2681 1660 enim
2748 1609 3229 1664 consentientibus
3294 1612 3598 1668 Graxcorum

1966 1702 2385 1769 Latinorumque
2420 1699 2703 1772 suffragiis
2740 1703 3099 1773 comprobata
3148 1704 3268 1759 haec
3306 1706 3495 1776 opinio
3526 1706 3597 1760 ad

1967 1797 2163 1848 nostra
2193 1810 2366 1864 usque
2394 1799 2650 1865 tempora
2678 1796 2989 1851 descendit.

2039 1889 2149 1960 §3.
2178 1920 2244 1928 —
2280 1889 2374 1943 Est
2410 1906 2578 1960 porro
2610 1889 2747 1945 illud
2791 1890 3287 1948 animadversione
3333 1892 3597 1963 dignum,

1968 1983 2043 2037 ita
2081 1984 2230 2037 inter
2259 2000 2318 2037 se
2353 1983 2493 2037 duos
2524 1984 2694 2038 hosce
2732 2000 2895 2055 aquae
2935 1990 3106 2057 atque
3136 1986 3426 2057 sanguinis
3455 1987 3599 2058 bap-

1970 2077 2162 2131 tismos
2212 2077 2567 2131 contendisse
2612 2082 2850 2148 veteres,
2895 2084 2956 2133 ut
2997 2096 3411 2152 nonnunquam
3452 2084 3606 2152 post-

1968 2175 2187 2243 ponant
2214 2172 2527 2226 secundum
2553 2172 2707 2226 hunc
2736 2173 3031 2243 sanguinis
3057 2174 3407 2246 baptismum
3435 2191 3602 2247 aqua:

1967 2267 2050 2320 illi
2091 2266 2299 2337 primo,
2342 2270 2399 2320 et
2440 2268 2559 2320 vice
2601 2283 2763 2321 versa
2806 2284 3222 2339 nonnunquam
3258 2270 3599 2337 anteferant,

1970 2362 2191 2414 diverso
2218 2362 2277 2414 id
2308 2362 2585 2415 nimirum
2625 2367 2889 2431 respectu
2920 2365 3089 2433 atque
3125 2364 3598 2419 consideratione.

1969 2456 2128 2519 Quod
2172 2455 2405 2525 quidem
2445 2455 2512 2508 ad
2547 2455 2689 2508 illud
2730 2458 2945 2525 spectat
2972 2456 3142 2527 aquei
3171 2456 3441 2528 baptismi
3483 2457 3605 2512 offi-

1971 2549 2123 2603 cium
2170 2567 2283 2621 quo
2330 2548 2565 2604 unimnr
2609 2549 2831 2605 Christo
2882 2556 3053 2621 atque
3102 2551 3381 2619 Ecclesiae,
3427 2569 3603 2622 quan-

1972 2660 2145 2714 quam
2205 2643 2483 2714 superiori
2541 2643 2667 2713 jam
2733 2644 3126 2700 dissertatione
3186 2645 3603 2702 ostenderimus

1971 2754 2130 2791 suam
2170 2755 2396 2810 quoque
2428 2738 2543 2793 vim
2587 2738 2647 2792 in
2687 2738 2793 2792 hac
2833 2737 2952 2809 ipsa
2991 2754 3222 2809 quoque
3254 2740 3467 2795 unione
3505 2757 3605 2795 au-

1971 2833 2158 2902 genda
2179 2834 2384 2887 saltem
2408 2836 2579 2903 atque
2598 2832 2985 2903 promovenda
3005 2833 3601 2891 concessisseVeteres:

1972 2926 2048 2980 ita
2094 2932 2289 2981 tamen
2320 2926 2476 2981 illam
2519 2929 2919 2981 concesserunt
2955 2930 3020 2980 ut
3048 2928 3161 2981 vim
3204 2928 3433 2983 interim
3480 2929 3604 2999 ejus

1972 3020 2189 3075 nullam
2220 3020 2563 3092 agnoverint
2599 3020 2673 3074 ad
2716 3037 2917 3075 eorum
2949 3021 3221 3077 unionem
3262 3039 3604 3093 promoven-

1974 3115 2103 3169 dam
2147 3115 2245 3186 qui
2286 3116 2544 3170 nondum
2586 3120 2772 3170 essent
2808 3115 3020 3186 praevio
3064 3116 3252 3187 aliquo
3295 3123 3466 3189 atque
3508 3118 3600 3172 in-

1973 3210 2180 3264 choata
2218 3211 2420 3265 saltem
2464 3209 2729 3263 unitionis
2772 3210 2991 3263 vinculo
3030 3211 3284 3265 Ecclesia:
3325 3211 3604 3281 congluti-

1972 3304 2114 3372 nati,
2156 3321 2253 3358 seu
2296 3303 2711 3358 communionis
2747 3304 2805 3358 in
2846 3303 3028 3358 officio
3060 3300 3467 3374 Eucharistico,
3500 3321 3603 3361 seu

240 3376 731 3482 tate‘Aitilmaucitt‘l'
775 3381 1045 3482 ἐπίοι’Ρηῖ
1106 3376 1248 3482 910‘-
1587 3383 1648 3482 “.
1684 3378 1946 3482 Ὲθίίευρ
1971 3398 2238 3469 baptismi
2270 3399 2453 3469 reipsa
2491 3398 2754 3468 suscepti,
2799 3398 2888 3451 vel
2928 3397 2987 3452 in
3029 3405 3162 3453 voto
3203 3404 3406 3454 saltem
3438 3414 3603 3471 expe-

238 3489 300 3544 p.
342 3474 431 3538 29,
469 3473 557 3537 30,
604 3472 732 3526 edit.
764 3474 960 3542 Oxon.)
998 3489 1067 3527 ει(
1108 3474 1252 3526 Item
1289 3470 1543 3526 Felicitas
1570 3471 1781 3525 salvam
1813 3488 1873 3525 se

240 3564 526 3636 peperisse
556 3565 827 3637 gaudens,
853 3569 916 3619 ut
938 3566 1008 3620 ad
1028 3565 1237 3620 bestias
1264 3570 1566 3636 pugnaret,
1591 3565 1871 3636 sanguine

240 3658 311 3713 ab
338 3659 639 3713 obstetrice
669 3660 738 3714 ad
770 3659 1066 3714 retiarium
1107 3659 1293 3713 lotura
1320 3664 1444 3730 post
1474 3662 1699 3731 partum
1741 3659 1875 3730 bap-

241 3752 416 3807 tismo
460 3753 730 3808 secundo.
762 3774 789 3803 ››
824 3754 1042 3808 Eodem
1091 3757 1307 3825 spectat
1345 3754 1520 3808 etiam
1567 3753 1873 3824 gentilium

243 3847 315 3902 de
353 3849 557 3902 Saturo
596 3848 925 3902 acclamatio
967 3864 1097 3903 cum
1132 3864 1244 3902 uno
1283 3848 1535 3918 leopardi
1565 3864 1762 3902 morsu
1789 3850 1873 3901 to-

244 3946 337 3994 tus
358 3958 457 3995 suo
478 3941 759 4012 sanguine
788 3942 1247 4012 perfunderetur,
1272 3941 1488 3995 salvum
1519 3940 1737 3996 lotum!
1766 3941 1871 3994 sal-

243 4051 377 4089 vum
406 4035 617 4089 lotum!
648 4035 801 4106 quod
831 4036 907 4089 ita
927 4035 1337 4107 interpretatur
1358 4038 1626 4090 Actorum
1655 4040 1871 4106 auctor,

249 4131 313 4182 ut
345 4129 413 4183 ad
445 4129 752 4183 secundam
784 4129 1043 4201 martyrii
1073 4129 1348 4184 lotionem
1378 4129 1526 4183 facta
1556 4132 1701 4183 esset
1724 4129 1814 4182 vel
1843 4145 1876 4182 a

246 4221 632 4277 nescientibus
665 4223 841 4277 turbis
868 4222 1086 4278 allusio.
1118 4225 1199 4278 Ita
1219 4224 1341 4293 jam
1374 4222 1703 4278 obtinuerat
1725 4222 1875 4293 apud

246 4316 598 4372 Christianos
637 4334 703 4371 ea
731 4317 1002 4389 loquendi
1039 4319 1185 4371 ratio
1214 4334 1325 4388 qua
1357 4316 1486 4387 quis
1518 4316 1687 4370 etiam
1717 4332 1873 4370 mar-

245 4410 377 4481 tyrii
408 4411 626 4481 pariter
656 4429 722 4466 ac
755 4429 918 4484 aquas
944 4412 1231 4482 baptismo
1267 4411 1417 4465 lotus
1445 4411 1751 4465 diceretur.
1781 4409 1876 4465 Se-

245 4505 449 4559 cunda:
476 4522 646 4577 porro
676 4505 1028 4561 intinctionis
1054 4522 1191 4560 voce
1221 4522 1353 4559 usus
1384 4505 1562 4560 estde
1600 4505 1874 4576 martyrio

243 4600 621 4654 Tertullianus
662 4599 939 4671 (Tertull.,
982 4601 1047 4655 de
1082 4601 1340 4661 Putient.,
1373 4616 1420 4653 0.
1466 4602 1551 4668 13,
1592 4600 1657 4653 de
1688 4602 1873 4668 Bapt.,

246 4709 296 4748 c.
334 4694 443 4763 16),
487 4695 635 4765 quod
668 4699 724 4750 et
764 4694 897 4750 alibi
940 4692 1175 4749 secundi
1207 4693 1430 4763 lavacri,
1465 4693 1756 4765 sanguinis
1795 4693 1877 4747 ni-

1973 3492 2081 3562 titi,
2125 3509 2253 3564 quae
2294 3508 2460 3547 causa
2505 3496 2630 3547 erat
2670 3492 3123 3563 competentiam
3170 3494 3611 3549 catechumeno-

1972 3603 2121 3653 rum,
2153 3586 2266 3641 vim
2296 3603 2489 3641 rursus
2516 3585 2731 3640 nullam
2757 3586 2830 3640 ad
2861 3586 3122 3658 martyrii
3151 3587 3433 3642 beneficia
3460 3604 3605 3643 non—

1973 3681 2109 3734 dum
2150 3680 2321 3735 unitis
2364 3680 2741 3752 impetranda.
2775 3680 2888 3734 Nec
2924 3681 3080 3734 enim
3120 3681 3399 3752 martyrio
3429 3682 3606 3737 bene-

1974 3774 2163 3829 ficium
2223 3774 2453 3845 aliquod
2516 3775 2775 3829 tribuunt
2826 3774 2871 3827 si
2924 3775 3050 3845 quis
3105 3780 3263 3827 extra
3312 3774 3602 3829 unitatem

1976 3885 2171 3940 passus
2208 3868 2408 3930 fuerit;
2443 3868 2540 3922 sed
2576 3884 2679 3922 nec
2718 3866 2858 3920 illud
2889 3866 3009 3937 ejus
3042 3867 3385 3922 beneficium
3418 3883 3598 3938 agno-

1974 3968 2156 4029 scunt,
2197 3968 2255 4015 ut
2297 3978 2363 4015 ea
2392 3961 2510 4032 ipsa
2549 3961 2767 4015 ratione
2807 3961 2931 4031 quis
2978 3961 3173 4015 unitus
3210 3960 3480 4015 invisibili
3509 3960 3608 4015 ali-

1974 4074 2085 4128 qua
2116 4056 2330 4110 unitate
2368 4058 2672 4109 censeatur
2710 4054 2754 4109 si
2799 4055 3135 4126 martyrium
3179 4072 3377 4127 passus
3411 4055 3601 4111 fuerit.

1974 4150 2218 4206 Proinde
2241 4148 2643 4204 haereticorum
2674 4148 3282 4222 schismaticorumqne
3310 4150 3604 4221 martyria,

1974 4240 2209 4294 illorum
2245 4238 2528 4307 videlicet,
2577 4237 2675 4310 qui
2723 4238 2912 4310 aliquo
2949 4239 3035 4294 vel
3075 4246 3205 4295 actu
3246 4256 3366 4308 suo,
3397 4241 3484 4293 vel
3514 4241 3609 4294 Ec-

1976 4334 2179 4401 clesia},
2233 4333 2303 4387 ab
2367 4333 2581 4387 unitate
2623 4332 2853 4388 abscissi
2914 4339 3118 4402 essent,
3171 4350 3276 4388 nec
3325 4334 3606 4390 unitorem

1974 4428 2144 4482 fuisse
2177 4426 2564 4494 crediderunt,
2597 4444 2699 4482 nec
2731 4427 2873 4481 adeo
2902 4427 3067 4481 ullius
3093 4428 3243 4498 apud
3276 4429 3457 4481 Deum
3484 4442 3608 4498 pre—

1975 4523 2058 4576 tii.
2103 4521 2653 4576 Catechumenorum
2695 4537 2931 4574 causam
2974 4521 3431 4576 favorabiliorem
3470 4537 3605 4575 cen-

1978 4620 2233 4683 suerunt,
2282 4616 2378 4687 qui
2424 4633 2538 4669 non
2585 4618 2702 4669 tam
2750 4621 2936 4670 essent
2975 4615 3045 4669 ab
3091 4615 3306 4670 unitate
3344 4614 3607 4685 sejuncti,

1979 4728 2151 4783 quam
2181 4727 2305 4765 eam
2332 4710 2515 4782 ipsam
2542 4709 2830 4763 unitatem
2858 4708 3117 4763 nondum
3146 4709 3456 4779 consecuti;
3487 4708 3612 4780 qui-

246 4788 460 4841 miwm
497 4788 785 4859 baptismi,
828 4788 1060 4843 nomine
1102 4788 1380 4860 deSignat-
1413 4788 1523 4842 Nec
1559 4788 1723 4842 aliter
1757 4782 2078 4860 Ori'Dbus
2120 4805 2195 4859 ita
2242 4804 2378 4859 vitio
2423 4821 2536 4858 non
2580 4806 2727 4859 esset
2764 4803 3105 4858 vertendum
3156 4804 3304 4875 quod
3344 4803 3608 4858 nondum

247 4897 425 4951 genes
453 4881 551 4953 qui
578 4900 643 4937 ex
680 4899 747 4937 eo
779 4882 900 4953 ipso
938 4882 1209 4954 baptismi
1238 4882 1424 4937 ofﬁcio
1453 4881 1670 4952 colligit
1698 4887 1871 4952 recte,

246 4977 585 5047 martyrium
622 4977 896 5048 baptismi
932 4977 1186 5046 nomine,
1226 4976 1570 5049 meritoque,
1610 4975 1875 5047 insigniri

247 5086 436 5141 posse,
468 5070 623 5142 quod
666 5074 1033 5142 peccatorum
1076 5072 1476 5125 remissionem
1514 5073 1743 5142 praestet
1770 5086 1873 5141 pa-

247 5164 388 5218 riter
426 5181 489 5219 ac
531 5165 868 5236 baptismus,
912 5183 983 5220 ne
1030 5166 1203 5220 solius
1245 5164 1494 5219 nominis
1538 5164 1628 5218 hic
1680 5164 1876 5219 haberi

245 5258 527 5314 rationem
555 5260 910 5331 suspicentur
937 5260 1244 5316 adversarii
1272 5260 1522 5332 (Origen.
1564 5262 1625 5314 in
1650 5260 1875 5328 Matth.,

244 5370 303 5425 p.
357 5354 482 5421 416,
536 5355 667 5409 edit.
722 5356 924 5425 Huetiz)
980 5371 993 5409 :
1054 5359 1189 5411 Καθὸ
1244 5353 1454 5426 inquit,
1513 5359 1688 5429 ἄφεσιν
1746 5356 1877 5429 λαμ-

245 5453 387 5508 ϐάνει
442 5455 824 5531 ἁμαρτημάτων
895 5458 919 5508 ὁ
976 5457 1249 5529 ὑπομείνας
1314 5455 1591 5529 βάπτισμά
1655 5454 1794 5508 ἐστιν
1857 5475 1869 5489 ·

248 5553 291 5605 εἰ
347 5555 448 5628 γὰρ
506 5559 563 5606 τὸ
622 5553 900 5628 βάπτισμα
949 5556 1124 5626 ἄφεσιν
1184 5551 1565 5629 ἀμαρτημάιων
1634 5552 1877 5626 ἐπαγγέλ-

312 5728 384 5789 (l)
423 5724 529 5778 Cui
581 5726 778 5777 titulus
825 5741 842 5775 :
892 5728 960 5776 De
993 5727 1291 5789 primorum
1334 5730 1635 5790 martyrum
1689 5726 1880 5790 insigni

246 5799 585 5865 fortz'tunina,
629 5799 848 5867 ejusque
897 5797 1084 5851 causis.
1130 5796 1305 5852 Nobis
1353 5803 1472 5851 erat
1520 5799 1767 5866 primum
1818 5799 1875 5850 in

1975 4905 2163 4954 essent
2192 4899 2357 4966 uniti,
2398 4903 2458 4953 ut
2501 4901 2705 4954 contra
2735 4898 2890 4952 laudi
2926 4898 3114 4969 potius
3141 4903 3287 4953 esset
3324 4898 3482 4969 quod
3524 4914 3609 4953 ec-

1974 4993 2310 5049 clesiasticae
2343 4993 2653 5064 disciplinae
2696 4993 2858 5064 leges
2904 4992 3309 5047 observassent.
3348 4992 3411 5046 Hi
3452 4994 3608 5047 certe

1974 5094 2104 5144 voto
2144 5092 2256 5143 tam
2298 5104 2421 5157 suo,
2463 5105 2639 5159 quam
2670 5086 2954 5156 Ecclesiae,
2990 5087 3134 5141 uniti
3165 5087 3287 5157 jam
3329 5093 3518 5154 erant;
3551 5091 3610 5142 et

1977 5201 2106 5239 cum
2148 5201 2205 5237 se
2250 5182 2471 5253 legibus
2503 5181 2897 5236 ecclesiasticis
2935 5174 3329 5251 subjecisseut,
3378 5198 3445 5235 eo
3484 5181 3607 5253 ipso

1976 5295 2033 5333 se
2076 5278 2327 5349 politicze
2384 5276 2616 5331 unitatis
2665 5276 2921 5330 membra
2972 5275 3209 5345 professi
3252 5278 3405 5341 sunt,
3452 5274 3611 5347 quod

1974 5374 2270 5445 mysticam
2300 5372 2455 5425 illam
2490 5371 2793 5437 unitatem,
2828 5370 3130 5441 quantovis
3168 5387 3295 5424 eam
3329 5370 3613 5425 baberent

1978 5467 2035 5521 in
2068 5467 2267 5538 pretio,
2312 5467 2564 5536 arripere
2597 5470 2791 5518 tamen
2835 5481 2951 5518 non
2982 5463 3289 5532 auderent;
3325 5467 3615 5535 exspecta-

1976 5566 2103 5615 rent
2142 5560 2394 5628 interim,
2439 5560 2598 5626 dum,
2646 5575 2745 5631 per
2782 5558 2937 5629 leges
2967 5558 3359 5613 ecclesiastica:
3401 5555 3615 5628 politiae

1978 5724 2169 5773 mente
2192 5722 2345 5772 illam
2370 5722 2426 5771 in
2456 5722 2565 5772 hoc
2596 5726 2746 5774 tome
2774 5722 3053 5781 inserere;
3083 5719 3265 5772 multa
3291 5730 3423 5769 vero
3455 5728 3625 5782 prep-

1978 5799 2060 5847 ter
2089 5794 2233 5847 male
2256 5794 2506 5847 sonantir
2531 5795 2845 5848 omittenda
2868 5794 2995 5846 fuit.
