4082 6194
520 304 666 360 “59

1486 296 1688 356 HENR.
1732 296 2092 356 DODWELLI
2128 294 2428 357 DISSERT.
2473 296 2787 355 CYPRIAN.
2832 300 2924 355 III.

3712 306 3831 359 “60

533 446 661 485 eam
707 428 811 483 rite
854 426 1086 498 adipisci
1130 425 1343 481 liceret.
1379 425 1490 480 illis
1535 426 1712 497 igitur
1751 442 1982 498 aequum
2029 430 2155 483 erat
2176 438 2234 512 Α
2255 431 2640 494 consummat,
2667 426 2950 498 baptisma
2971 424 3128 498 quod
3157 442 3261 480 nos
3286 424 3354 479 de
3376 425 3580 482 mundo
3605 430 3838 485 receden-

531 523 763 579 concedi
800 521 1029 576 unitatis
1071 519 1347 575 beneficia
1388 520 1485 591 qui
1518 519 1639 590 jam
1689 537 1752 574 ea
1795 524 2000 591 essent,
2030 539 2158 593 qum.

530 614 780 687 legitima
847 617 1013 683 esset,
1079 613 1293 668 unitate
1347 613 1678 684 conjuncti;
1730 630 1833 668 nec
1898 615 2008 668 ulla
2061 633 2157 671 sua

531 710 698 779 culpa
732 706 1152 778 impedirentur
1183 706 1486 778 quominus
1518 706 1668 760 illam
1700 723 1929 778 quoque
1960 724 2160 764 conse—

532 802 649 857 euti
677 806 865 855 essent
891 816 1018 871 qum
1046 799 1307 855 nondum
1338 807 1483 855 esset
1510 801 1786 871 legitima.
1815 802 1946 855 Erat
1970 807 2158 857 autem

532 894 788 965 martyrii
809 894 1026 948 fructus
1052 893 1204 948 inter
1228 893 1459 949 unitatis
1484 894 1779 963 beneficia,
1808 911 1911 967 pro
1932 895 2162 950 illorum

534 989 867 1043 saeculorum
907 988 1206 1056 sententia,
1235 988 1574 1043 censendus.
1611 990 1759 1042 Hanc
1797 989 2161 1044 catechume—

531 1098 739 1138 norum
764 1097 989 1135 causam
1014 1081 1135 1152 agit
1160 1081 1218 1135 in
1246 1082 1481 1153 epistola
1509 1082 1581 1136 ad
1606 1082 1941 1137 Jubaianum
1972 1089 2164 1137 noster

534 1176 845 1247 Cyprianus
891 1175 1074 1246 (epist.
1120 1174 1232 1243 73).
1278 1176 1583 1231 Damnasse
1634 1182 1822 1231 autem
1865 1177 2161 1232 hzeretico-

534 1286 666 1326 rum
704 1269 1308 1340 schismaticorumque
1340 1270 1613 1341 martyria
1654 1273 1842 1325 notius
1879 1276 1962 1325 est
1994 1288 2165 1342 quam

535 1365 601 1416 ut
630 1360 744 1414 ulla
772 1357 1110 1431 probatione
1142 1357 1419 1428 indigeat.
1444 1360 1551 1413 Nec
1582 1360 1763 1413 solum
1789 1360 1959 1414 fuisse
1982 1360 2036 1414 in
2062 1360 2168 1414 hac

535 1470 700 1510 causa
726 1452 1094 1524 Cyprianum,
1125 1452 1222 1506 sed
1250 1453 1495 1507 Ecclesia
1523 1454 1737 1524 pariter
1767 1454 2032 1508 universa
2060 1456 2169 1508 suf-

537 1548 818 1618 fragante,
861 1544 1185 1615 damnasse,
1235 1563 1304 1600 ex
1350 1548 1474 1617 ipso
1516 1547 1573 1602 S.
1620 1548 1934 1618 Augustino
1965 1548 2166 1618 liquet,

540 1640 637 1713 qui
672 1657 801 1694 cum
831 1642 1024 1695 nostro
1058 1640 1315 1711 martyri,
1348 1640 1405 1694 in
1443 1657 1615 1695 causa
1645 1641 1911 1712 baptismi
1950 1641 2171 1696 haereti-

539 1751 738 1790 corum
766 1749 883 1788 sese
914 1733 1311 1788 strenuissime
1351 1735 1609 1806 opponit,
1642 1736 1787 1789 hanc
1826 1740 2021 1790 tamen
2052 1735 2172 1805 ejus

542 1829 611 1885 de
696 1827 1097 1883 haereticorum
1186 1828 1793 1899 schismaticorumque

541 1939 847 1978 censuram
902 1921 1114 1993 ubique
1171 1923 1541 1993 comprobat;
1586 1939 1651 1976 ex
1694 1922 1816 1994 ipsa
1866 1923 2035 1977 etiam
2079 1925 2171 1977 Ec-

543 2017 725 2072 clesia:
772 2016 1057 2071 catholica:
1095 2017 1255 2087 praxi
1306 2017 1504 2087 liquet,
1555 2034 1682 2088 quae
1731 2034 1859 2072 cum
1907 2033 2173 2072 verorum

543 2115 860 2183 martyrum
925 2127 1153 2181 semper
1202 2110 1375 2164 fuerit
1436 2111 1963 2181 observantissima,
2029 2128 2172 2166 nnn-

545 2220 719 2278 quam
755 2208 946 2259 tamen
986 2203 1095 2258 illis
1130 2204 1429 2259 haereticos
1473 2205 1934 2261 schismaticosve
1981 2222 2177 2260 accen-

542 2298 737 2365 suerit,
767 2297 926 2352 nulla
960 2314 1157 2353 eorum
1191 2298 1428 2353 nomina
1462 2298 1520 2354 in
1555 2300 1731 2354 fastos
1762 2317 1894 2354 suos
1924 2299 2175 2354 admise-

546 2394 640 2461 rit,
670 2392 888 2446 nullam
919 2391 1229 2447 instituerit
1264 2409 1459 2447 eorum
1493 2394 1806 2449 solemnem
1834 2410 2181 2449 commemo-

548 2486 859 2542 rationem.

621 2581 654 2653 §
683 2582 735 2635 4.
759 2611 827 2621 -
858 2583 1193 2654 Quanquam
1220 2597 1356 2652 ergo
1386 2581 1458 2635 ad
1486 2581 1723 2652 subjecti
1751 2582 2179 2654 dispositionem

549 2674 905 2732 necessarius
943 2677 1014 2730 sit
1052 2676 1208 2747 prior
1239 2676 1334 2730 ille
1373 2692 1532 2747 aquae
1573 2676 1912 2747 baptismus,
1949 2680 2015 2731 ut
2056 2676 2181 2747 quis

552 2769 859 2841 sanguinei
901 2769 1168 2841 baptismi
1213 2771 1389 2841 possit
1436 2771 1684 2825 fructum
1736 2771 2027 2841 percipere
2071 2786 2082 2824 :
2138 2770 2181 2823 si

553 2868 748 2919 tamen
786 2865 947 2918 recte
995 2863 1140 2919 hanc
1181 2864 1666 2936 comparationem
1708 2864 2005 2919 instituere
2041 2864 2179 2918 veli-

554 2974 704 3026 mus,
742 2962 799 3013 et
836 2958 907 3011 de
952 2957 1248 3029 utriusque
1290 2958 1565 3029 baptismi
1598 2958 1877 3013 beneﬁcio
1902 2957 2181 3029 judicare,

554 3051 615 3107 id
640 3068 812 3123 porro
839 3051 1212 3123 quaerendum
1250 3052 1433 3106 utrius
1462 3052 1736 3123 baptismi
1765 3051 1949 3123 magis
1979 3052 2052 3106 sit
2080 3053 2183 3107 bc-

556 3144 826 3201 neﬁcium
856 3145 917 3199 in
946 3145 1197 3216 subjecto
1227 3146 1337 3201 rite
1368 3146 1639 3216 disposito
1658 3146 1686 3200 ?
1714 3146 1779 3201 Et
1808 3146 2041 3217 quidem
2074 3146 2186 3200 hu-

553 3241 647 3313 jus
669 3238 931 3294 beneficii
954 3242 1216 3310 respectu
1236 3240 1618 3311 sanguineum
1640 3239 1987 3311 baptismum
2005 3256 2185 3311 aqueo

558 3334 939 3406 praetulerunt
974 3333 1249 3404 Origenes
1287 3339 1341 3387 et
1379 3337 1573 3387 noster
1607 3334 1938 3405 Cyprianus.
1976 3356 2002 3382 ‹‹
2052 3334 2189 3404 Bap-

559 3428 731 3481 tisma
771 3426 1084 3497 sanguinis,
1126 3426 1314 3498 inquit
1358 3427 1633 3498 Origenes
1672 3428 1747 3496 (in
1787 3429 1987 3494 Judic.,
2030 3428 2187 3482 hom.

563 3522 640 3591 '7),
672 3522 860 3575 solum
893 3523 979 3573 est
999 3521 1147 3590 quod
1174 3536 1277 3573 nos
1301 3521 1557 3590 puriorcs
1584 3521 1798 3589 reddat,
1828 3538 2001 3592 quam
2030 3538 2190 3592 aqum

563 3614 881 3685 baptismus
909 3612 1182 3668 reddidit.
1214 3636 1241 3664 ››
1273 3614 1455 3681 Quod,
1488 3615 1680 3686 paucis
1710 3614 2081 3686 interpositis,
2111 3615 2193 3669 ita

568 3709 811 3780 explicat
855 3728 867 3763 :
919 3708 1187 3762 «Vereor
1235 3724 1306 3761 ne
1350 3708 1499 3762 istud
1540 3708 1810 3779 baptismi
1850 3709 2193 3763 eminentius

567 3803 640 3858 sit
673 3801 779 3857 isto
817 3801 1160 3873 baptismate
1208 3801 1362 3873 quod
1408 3818 1515 3872 per
1557 3819 1759 3874 aquam
1795 3803 2059 3857 traditur.
2094 3803 2193 3857 Illo

568 3896 724 3951 enim
750 3899 997 3966 accepto,
1026 3895 1187 3949 valde
1219 3895 1385 3967 pauci
1417 3898 1550 3949 sunt
1578 3895 1657 3950 ita
1682 3896 1852 3965 beati,
1887 3897 1983 3968 qui
2012 3896 2064 3950 id
2095 3896 2196 3950 im-

566 3991 919 4046 maculatum
943 4006 1121 4061 usque
1146 3988 1219 4043 ad
1246 3989 1463 4045 exitum
1495 3989 1620 4044 vitae
1642 4007 1862 4045 servare
1885 3990 2194 4061 potuerint.

563 4086 679 4141 Hoc
725 4100 858 4139 vero
904 4083 1184 4155 baptismo
1230 4083 1330 4154 qui
1380 4083 1696 4154 baptizatus
1737 4084 1910 4138 fuerit
1961 4099 2198 4155 peccare

562 4179 683 4250 jam
717 4179 866 4232 ultro
897 4194 1015 4232 non
1054 4182 1257 4248 potest.
1288 4179 1354 4233 Et
1387 4177 1432 4231 si
1464 4178 1836 4232 temerarium
1866 4194 1983 4232 non
2019 4182 2106 4233 est
2140 4178 2197 4232 in

569 4271 740 4327 rebus
770 4270 972 4325 talibus
991 4270 1201 4324 audere
1231 4270 1468 4341 aliquid,
1497 4287 1801 4342 possumus
1828 4270 2015 4326 dicere
2047 4271 2201 4342 quod

572 4381 678 4437 per
722 4364 863 4419 illud
913 4363 1193 4436 baptisma
1248 4363 1539 4435 praeterita
1582 4369 1812 4435 peccata
1858 4371 2199 4436 purgantur,

571 4474 676 4531 per
698 4457 846 4513 istud
872 4474 1001 4513 vero
1032 4458 1207 4513 etiam
1237 4457 1430 4512 futura
1458 4458 1839 4529 perimuntur.
1864 4458 1947 4513 Ibi
1974 4464 2205 4530 peccata

2259 520 2343 571 tes
2376 515 2568 570 statim
2603 516 2716 570 Deo
2746 516 2993 587 copulat.
3032 517 3095 570 In
3127 530 3289 586 aqua:
3314 513 3578 585 baptismo
3601 517 3840 589 accipitur

2258 609 2617 677 peccatorum
2648 604 2916 671 remissa;
2949 603 3007 659 in
3036 602 3330 675 sanguinis
3357 618 3559 658 corona
3582 605 3838 661 virtutum.

2258 694 2666 765 Amplectenda
2696 710 2785 748 res
2811 697 2895 747 est
2922 697 2978 747 et
3012 693 3283 763 optanda,
3312 698 3367 747 et
3406 692 3657 747 omnibus
3683 700 3842 764 postu-

2260 784 2540 839 lationum
2593 787 2915 838 nostrarum
2971 782 3233 853 precibus
3286 780 3624 852 expetenda,
3673 786 3728 836 ut
3764 785 3843 855 qui

2262 877 2409 932 servi
2447 877 2544 932 Dei
2584 894 2800 945 sumus,
2830 876 3006 931 simus
3038 881 3095 931 et
3122 875 3311 930 amici.
3346 896 3374 925 υ
3412 876 3576 929 Multa
3602 876 3684 929 hic
3709 876 3845 931 habe-

2262 986 2389 1025 mus
2418 969 2477 1023 in
2517 969 2627 1023 hoc
2664 966 2938 1039 Cypriani
2966 966 3141 1021 nostri
3187 964 3510 1021 testimonio
3538 983 3657 1020 cum
3691 967 3847 1038 Orige-

2265 1063 2440 1118 niano
2470 1063 2565 1117 illo
2605 1060 2952 1130 communia,
2983 1076 3225 1131 quaeque
3256 1062 3375 1114 tam
3407 1058 3681 1114 communi
3706 1077 3849 1114 asser-

2265 1152 2432 1220 tioni,
2451 1168 2621 1223 quam
2645 1151 2749 1206 sibi
2771 1150 3036 1217 invicem,
3058 1150 3244 1204 lucem
3267 1148 3506 1202 vicissim
3529 1149 3841 1205 fcenerentur.

2329 1248 2361 1318 §
2387 1250 2441 1301 5.
2463 1276 2531 1287 -
2560 1245 2769 1301 Gratim
2794 1243 3078 1315 imprimis
3104 1242 3557 1314 magnitudinem
3581 1242 3699 1297 inde
3725 1244 3846 1297 aesti-

2268 1345 2390 1396 mat
2436 1340 2611 1412 quod,
2657 1356 2789 1393 cum
2835 1341 2964 1410 post
3005 1354 3167 1409 aquae
3212 1336 3557 1407 baptismum
3600 1353 3847 1407 peccamus

2267 1435 2505 1501 iterum,
2534 1433 2992 1505 baptizalemque
3020 1430 3275 1504 gratiam
3303 1430 3631 1497 amittimus,
3659 1430 3709 1483 in
3742 1431 3850 1500 bap-

2270 1534 2436 1587 tismo
2484 1531 2781 1602 sanguinis
2827 1530 3017 1584 nullus
3060 1528 3307 1599 supersit
3349 1533 3533 1583 metus
3578 1529 3849 1582 futurorum

2270 1629 2659 1694 peccatorum,
2692 1623 2753 1674 ut
2794 1619 3033 1690 proinde
3075 1635 3180 1689 per
3222 1617 3386 1671 illum
3423 1621 3539 1672 tam
3578 1616 3853 1671 futurorum

2273 1716 2457 1772 securi
2488 1715 2786 1770 reddimur
2812 1730 2986 1785 quam
3014 1712 3439 1783 praeteritorum
3470 1727 3594 1765 cum
3619 1711 3854 1782 praiterita

1890 1829 2173 1900 martyriis
2196 1813 2249 1885 B
2276 1811 2549 1865 duntaxat
2584 1809 2643 1862 in
2681 1824 2863 1879 aqueo
2891 1806 3175 1878 baptismo
3203 1805 3527 1875 expientur,
3560 1805 3695 1875 quod
3718 1804 3852 1859 etiam

2273 1908 2405 1960 ante
2434 1903 2784 1976 Cyprianum
2817 1901 3215 1957 observaverat
3250 1899 3542 1970 Origenes,
3574 1901 3627 1954 et
3651 1903 3755 1968 post
3779 1900 3856 1968 Cy-

2274 1998 2545 2070 prianum
2579 2000 2838 2051 nostrum
2880 1995 3237 2050 sanctissima
3263 1994 3481 2063 martyr
3508 1991 3717 2062 Pelagia
3736 1992 3854 2061 apud

2274 2092 2668 2160 Ambrosium,
2714 2090 2812 2146 lib.
2863 2107 2953 2157 III,
3019 2089 3088 2143 de
3134 2088 3412 2160 Virginib.
3463 2088 3601 2141 Tum
3649 2085 3714 2140 ad
3756 2101 3854 2157 gra-

2276 2188 2368 2242 tiae
2408 2203 2636 2258 quoque
2680 2184 3142 2257 magnitudinem
3181 2182 3323 2236 illud
3366 2179 3645 2251 pertinere
3684 2184 3852 2246 censet,

2277 2281 2454 2355 quod,
2520 2295 2652 2334 cum
2714 2278 2787 2333 ad
2851 2280 3017 2357 ἀρχῆς
3065 2281 3210 2352 λόγον
3272 2280 3330 2330 et
3386 2278 3600 2351 θεμέλιον
3653 2289 3857 2345 aquaam

2279 2380 2443 2435 illum
2504 2377 2855 2450 baptismum
2907 2374 3167 2431 retulerit
3227 2374 3531 2445 Apostolus
3576 2372 3755 2441 (Helm,
3797 2387 3855 2436 ri,

2284 2479 2333 2545 l,
2373 2475 2445 2544 2),
2489 2471 2779 2544 sanguinis
2820 2471 2911 2525 hic
2938 2469 3256 2540 baptismus
3302 2467 3375 2522 ad
3418 2465 3549 2521 fidei
3578 2471 3759 2521 nostra:
3796 2464 3859 2519 in-

2282 2566 2574 2619 crementa
2613 2558 3071 2617 consummanda
3112 2557 3426 2629 pertineat;
3471 2556 3633 2626 quod,
3670 2572 3779 2609 cum
3814 2554 3859 2607 in

2284 2674 2470 2729 aqueo
2515 2656 2799 2727 baptismo
2849 2652 3247 2709 renuntiantes
3290 2650 3546 2717 mundo,
3587 2649 3860 2703 fruitionem

2283 2752 2385 2807 Dei
2428 2768 2544 2806 non
2580 2750 2688 2804 nisi
2725 2767 2756 2804 e
2794 2748 3104 2819 longinquo
3140 2752 3333 2801 tamen
3372 2749 3755 2816 exspectemus,
3782 2758 3863 2814 per

2285 2847 2659 2918 sanguineum
2704 2844 2893 2899 statim
2936 2843 3053 2896 Deo
3092 2839 3448 2913 copulemur;
3477 2838 3640 2911 quod,
3666 2852 3778 2893 cum
3806 2834 3863 2889 ibi

2284 2943 2644 3013 peccatorum
2698 2936 3087 2993 remissionem
3140 2949 3583 3005 consequamur,
3632 2931 3713 2987 hic
3756 2946 3866 3002 pra:-

2287 3036 2468 3090 mium
2501 3034 2672 3089 etiam
2711 3047 3096 3102 coronamque
3125 3030 3447 3100 exspectare
3476 3026 3759 3099 possimus;
3782 3024 3864 3078 illic

2286 3146 2478 3184 servos
2528 3127 2628 3183 Dei
2683 3143 2804 3195 nos,
2851 3126 2935 3179 vel
2988 3124 3186 3179 saltem
3241 3126 3595 3200 ἀπελευθέρους
3644 3118 3862 3191 proﬁtea-

2206 3188 2261 3262 Ο
2290 3244 2438 3294 mur,
2478 3227 2568 3281 hic
2615 3226 2791 3281 etiam
2836 3222 3003 3278 amici
3044 3223 3141 3277 Dei
3182 3237 3579 3294 agnoscamur.
3616 3221 3765 3274 Porro
3796 3230 3866 3287 po-

2291 3323 2492 3377 testate
2544 3319 2949 3375 sublimiorem
2998 3317 3136 3373 dicit
3185 3317 3338 3371 hunc
3384 3314 3668 3387 sanguinis
3701 3310 3864 3381 baptis-

2291 3433 2473 3483 mum,
2516 3415 2663 3486 quod
2708 3412 3001 3467 hominem
3052 3410 3378 3465 ministrum
3412 3409 3483 3463 ad
3521 3423 3671 3480 aqua:
3704 3402 3865 3476 baptis-

2291 3527 2452 3565 mum
2499 3508 2912 3574 adhibeamus,
2958 3505 3015 3560 in
3066 3505 3388 3575 sanguineo
3436 3503 3744 3574 angelorum
3785 3497 3865 3551 mi-

2293 3603 2525 3658 nisterio
2580 3601 2892 3656 initiemur.
2946 3601 3016 3653 Ut
3066 3598 3221 3653 enim
3275 3596 3573 3652 invisibilis
3622 3595 3769 3665 plane
3808 3592 3868 3643 est

2294 3702 2612 3768 martyrum
2662 3695 2757 3749 ille
2806 3693 3153 3766 baptismus,
3207 3692 3410 3746 saltem
3461 3689 3613 3763 quod
3655 3687 3718 3742 ad
3753 3684 3867 3739 illam

2294 3796 2517 3864 partem
2547 3791 2755 3843 attinet
2790 3804 2918 3859 quae
2965 3788 3149 3841 Deum
3190 3786 3381 3857 ipsum
3412 3787 3637 3855 spectat,
3667 3781 3733 3834 ita
3757 3780 3869 3832 certe

2296 3885 2640 3940 invisibilem
2708 3882 2867 3937 illam
2951 3884 3266 3958 λειτουργίαν
3334 3879 3403 3933 ad
3488 3879 3659 3933 Deum
3724 3874 3868 3945 ipsum

2299 3984 2582 4051 diximus,
2648 3998 2751 4053 pro
2820 3979 3074 4052 mysticae
3158 3976 3534 4049 philosophia:
3595 3969 3867 4046 principiis,

2295 4078 2469 4133 fuisse
2505 4075 2887 4131 referendam.
2915 4074 2989 4128 Ut
3015 4077 3206 4127 autem
3249 4071 3307 4125 in
3346 4070 3583 4142 mystico
3612 4063 3867 4121 sacerdotio

2299 4172 2410 4227 duo
2474 4174 2641 4225 erant
2704 4168 2887 4224 ofﬁcia
2940 4166 3149 4221 visibili
3202 4164 3522 4220 sacerdotio
3583 4156 3864 4215 adamussim

2303 4263 2742 4337 respondentia,
2806 4260 3069 4333 superius
3128 4258 3316 4327 aliud,
3401 4256 3552 4330 quod
3607 4257 3867 4331 βελτιωτικὸν

2301 4369 2414 4425 sive
2469 4371 2767 4425 τελειοτικὸν
2820 4364 3202 4436 appellarunt,
3254 4351 3463 4416 Christi
3519 4355 3697 4431 procul
3743 4345 3869 4406 dubio

2302 4468 2478 4540 ipsius
2523 4467 2580 4521 in
2636 4466 2742 4520 hac
2792 4462 3031 4535 mystica
3074 4464 3365 4539 λειτουργίᾳ
3414 4456 3728 4529 proprium;
3771 4446 3870 4502 infe-

573 4550 807 4609 dimissa
841 4558 992 4619 sunt,
1020 4552 1114 4606 hic
1153 4553 1396 4607 exclusa.
1428 4574 1455 4602 »
1486 4553 1544 4606 In
1578 4552 1840 4607 eamdem
1872 4554 2041 4623 plane
2073 4569 2198 4607 sen-
2221 4580 2281 4652 D
2306 4566 2423 4620 rius
2460 4564 2616 4620 apud
2653 4564 2771 4618 sive
2810 4566 3132 4640 ὑπηρετικον,
3181 4559 3339 4632 quod
3387 4555 3711 4627 angelorum
3744 4544 3869 4601 etiam

570 4646 813 4703 tentiam
848 4646 1321 4718 gloriosissimum
1354 4647 1504 4701 hunc
1532 4652 1588 4701 et
1616 4647 1931 4701 maximum
1968 4647 2199 4718 sangui-

572 4741 663 4796 nis
685 4738 1035 4810 baptismum
1061 4740 1308 4810 appellat
1334 4745 1530 4794 noster
1552 4744 1788 4811 martyr,
1817 4738 1969 4811 quod
1999 4754 2202 4809 nempe

576 4834 907 4907 gloriosiora
937 4833 1049 4887 sint
1079 4839 1135 4888 et
1166 4833 1381 4905 majora
1410 4834 1707 4905 sanguinei
1730 4832 2003 4905 baptismi
2033 4832 2204 4887 bene-

573 4928 702 4984 ficia
727 4944 900 5000 quam
930 4927 1046 4982 sint
1071 4943 1139 4982 ea
1160 4944 1287 4998 quae
1311 4943 1410 4999 per
1429 4943 1673 4998 aqueum
1700 4929 1832 4981 sunt
1856 4925 2204 4997 baptismum

574 5036 609 5075 a
665 5018 918 5091 subjecto
970 5017 1076 5073 rite
1134 5016 1404 5089 disposito
1458 5017 1881 5091 exspectanda._
1916 5018 1997 5072 lta
2052 5015 2205 5069 enim

571 5118 765 5173 scribit
812 5118 909 5172 ille
960 5117 1021 5171 in
1071 5132 1174 5171 sua
1226 5116 1301 5170 ad
1350 5115 1689 5187 martyrium
1741 5113 2144 5169 exhortatione
2190 5129 2202 5167 :

574 5227 604 5262 ι(
634 5211 743 5264 Nos
772 5215 1016 5278 tantum,
1050 5208 1254 5281 inquit,
1285 5207 1384 5280 qui
1414 5208 1652 5263 Domino
1680 5207 2057 5280 permittente
2087 5207 2203 5279 pri-

570 5323 733 5363 mum
757 5308 1039 5380 baptisma
1069 5308 1427 5364 credentibus
1458 5307 1737 5373 dedimus,
1768 5308 1837 5362 ad
1864 5308 2018 5363 aliud
2061 5325 2205 5380 quo-

577 5422 688 5478 que
723 5405 975 5478 singulos
1014 5423 1422 5479 praeparamus,
1456 5406 1810 5461 insinuantes
1848 5412 1905 5461 et
1940 5408 2209 5463 docentes

577 5505 686 5561 hoc
714 5521 835 5560 esse
864 5506 1141 5576 baptisma
1172 5506 1230 5561 in
1273 5505 1453 5577 gratia
1488 5506 1689 5577 majus,
1722 5507 1779 5560 in
1820 5511 2091 5579 potestate
2124 5524 2211 5561 su-

575 5602 830 5674 blimius,
860 5605 918 5660 in
951 5604 1169 5662 honore
1198 5604 1520 5675 pretiosius;
1558 5604 1834 5677 baptisma
1869 5606 1927 5660 in
1964 5624 2074 5678 quo
2106 5624 2207 5661 an-

576 5706 693 5779 geli
734 5703 1047 5775 baptizant,
1087 5702 1367 5773 baptisma
1412 5703 1470 5757 in
1510 5720 1622 5775 quo
1662 5702 1813 5759 Deus
1858 5711 1913 5759 et
1959 5705 2214 5763 Christus

576 5802 699 5874 ejus
760 5800 1071 5867 exsultant,
1127 5795 1415 5869 baptisma
1467 5802 1593 5870 post
1655 5798 1810 5871 quod
1867 5815 2038 5855 nemo
2094 5803 2212 5855 tam

568 5904 791 5973 peccat,
846 5895 1136 5976 baptisma
1190 5895 1343 5971 quod
1407 5896 1539 5954 ﬁdei
1580 5901 1793 5954 nostrae
1851 5897 2213 5957 incrementa

2304 4672 2478 4727 fuisse
2530 4667 2828 4741 proprium
2880 4666 3024 4721 nihil
3077 4666 3161 4720 est
3211 4663 3366 4735 quod
3419 4659 3777 4716 dubitemus:
3817 4648 3871 4701 ita

2305 4768 2455 4821 certe
2486 4762 2755 4835 baptismi
2784 4777 2995 4816 munus
3024 4759 3094 4815 ad
3125 4757 3367 4813 inferius
3396 4753 3531 4810 illud
3562 4744 3870 4807 ministerium

2303 4857 2663 4931 pertinuisse,
2712 4855 2848 4911 alibi
2899 4858 2979 4910 est
3026 4870 3059 4908 a
3096 4851 3286 4921 nobis,
3337 4850 3443 4905 nisi
3489 4846 3740 4909 fallimur,
3778 4850 3869 4931 pro-

2305 4953 2521 5008 batum.
2556 4952 2619 5006 In
2644 4954 2878 5005 externo
2907 4947 3061 5004 enim
3101 4946 3268 5018 aquei
3296 4940 3561 5015 baptismi
3587 4947 3793 4993 munere
3813 4928 3870 4982 in-

2306 5046 2530 5102 ferioris
2579 5043 2805 5116 generis
2861 5042 3140 5098 ministris
3190 5039 3277 5095 usi
3329 5042 3462 5093 sunt
3511 5039 3570 5091 ut
3623 5029 3870 5104 plurimum

2306 5139 2571 5213 apostoli.
2602 5141 2674 5195 Ut
2719 5137 2957 5210 proinde
3003 5136 3154 5191 idem
3193 5133 3263 5189 sit
3304 5134 3372 5188 de
3412 5127 3667 5186 invisibili
3702 5129 3870 5214 quoqtlt

2307 5212 2404 5291 illo
2442 5234 2791 5306 mysticoque
2828 5231 3108 5303 baptismo
3153 5226 3538 5291 statuendum,
3568 5224 3628 5277 ut
3660 5212 3872 5273 exteriori

2308 5329 2597 5401 baptismo
2638 5325 2985 5381 adamussim
3024 5322 3387 5396 respondeat,
3425 5320 3515 5375 hic
3548 5327 3751 5389 quoque
3784 5311 3873 5363 ’ὕπ’

2309 5438 2465 5506 ρετ-ῶν
2511 5426 2684 5480 fuisse
2738 5425 2945 5494 Deum,
2999 5422 3097 5494 qui
3150 5438 3266 5476 non
3314 5419 3411 5474 alii
3467 5433 3580 5472 esse
3624 5404 3872 5484 potuerint,

2310 5542 2415 5596 pro
2457 5528 2709 5578 veterum
2761 5520 2990 5575 illorum
3032 5525 3220 5590 captu,
3266 5532 3441 5588 quam
3476 5509 3674 5583 angeli.
3714 5501 3872 5596 Divina

2312 5593 2466 5673 enim
2505 5616 2825 5689 praesentia:
2866 5614 3186 5688 symbolum
3226 5610 3608 5684 (Schechinam
3647 5593 3875 5672 appellant

2311 5711 2510 5783 Judaei)
2568 5711 2788 5783 angelis
2862 5709 3120 5765 tribuunt
3185 5706 3480 5779 scriptores
3542 5702 3736 5755 veteres
3788 5693 3873 5743 iam

2310 5804 2523 5875 Judaei,
2575 5820 2752 5877 quam
2804 5803 3193 5871 ecclesiastici,
3251 5816 3419 5875 quam
3466 5794 3603 5852 sacri
3652 5795 3702 5846 et

2313 5898 2459 5971 nici;
2495 5901 2555 5956 et
2596 5915 2768 5974 quam
2812 5899 2929 5957 Deo
2972 5896 3233 5956 tribuunt
3271 5902 3668 5966 nonnunquam
3701 5887 3873 5957 ερρω-
