4082 6194
240 168 370 224 1161

1241 167 1333 223 DE
1372 164 1684 225 SECUNDO
1721 164 2045 223 MARTYRII
2085 165 2431 223 BAPTISMO.

3447 174 3579 226 1162

224 291 473 358 tionem,
518 290 780 345 eamdem
828 288 962 344 alibi
996 290 1215 361 angelis
1257 291 1568 362 assignant.
1602 293 1751 346 Deus
1792 293 1850 346 in
1874 293 2019 388 AEt
2050 292 2256 345 merito
2288 308 2424 344 sane
2467 291 2547 345 illi
2597 289 2695 343 Dei
2742 291 2891 345 hanc
2932 292 3174 347 faventis
3211 295 3577 364 praesentiam

238 386 379 440 rubo
407 384 577 456 Moysi
612 385 940 456 apparuisse
985 384 1215 455 legitur,
1250 401 1422 456 quem
1465 392 1652 439 tamen
1678 404 1853 457 ange-

220 480 341 534 lum
374 480 621 550 appellat
657 479 711 533 S.
759 479 1082 549 Stephanus
1122 479 1289 548 (Act,
1328 497 1420 548 vn,
1455 480 1565 549 35).
1614 481 1756 534 Deus
1796 479 1853 533 in

225 580 426 628 monte
455 572 615 627 Sinai
642 572 985 643 decalogum
1024 572 1216 641 edidit,
1262 590 1436 644 quam
1472 577 1667 627 tamen
1706 591 1855 627 eam-

223 668 353 723 dem
387 669 573 739 legem
604 667 675 721 ab
709 668 929 737 angelis
964 666 1180 721 editam
1210 667 1290 721 ait
1319 668 1616 739 Apostolus
1646 669 1851 737 (Hebr.,

222 780 282 832 Ii,
312 763 385 834 2).
419 763 485 816 Et
513 778 645 816 vero
674 761 734 815 in
765 761 875 816 hoc
921 761 1234 817 caelestium
1282 762 1683 833 mysteriorum
1726 762 1850 816 uni-

218 874 380 911 verso
438 855 693 928 negotio,
746 856 899 927 quod
944 859 1252 927 praestatur
1298 855 1355 909 in
1394 855 1628 910 visibilis
1674 856 1850 911 eccle-

220 950 459 1005 siasticae
488 950 821 1005 hierarchize
845 951 1143 1021 mysteriis,
1168 949 1418 1005 officium
1446 950 1517 1004 ab
1549 949 1853 1005 ordinariis

216 1046 483 1101 Ecclesia:
550 1044 843 1112 ministris,
905 1049 1025 1098 tam
1090 1046 1413 1122 βελτιωτικόν
1481 1044 1642 1112 illud,
1696 1044 1853 1116 quod

219 1139 359 1208 dixi,
389 1158 560 1212 quam
597 1142 765 1196 etiam
806 1145 1109 1219 ὑπηρετικόν
1148 1142 1302 1196 idem
1342 1142 1564 1214 angelis
1601 1140 1853 1195 ofﬁcium

221 1237 477 1309 assignat
544 1239 800 1294 Clemens
870 1241 1286 1295 Alexandrinus
1342 1258 1355 1296 :
1410 1248 1619 1311 ταύτας,
1665 1240 1855 1311 inquit

223 1337 425 1408 (Clem.
473 1338 651 1407 Alex.,
700 1340 919 1403 Strom.,
951 1356 1043 1408 vn,
1094 1340 1264 1409 init),
1316 1345 1462 1416 ἄμφω
1518 1347 1607 1404 τὰς
1673 1341 1851 1397 διακο-

227 1444 337 1500 νίας
391 1440 596 1512 ἄγγελοι
648 1459 702 1493 τε
749 1441 1121 1517 ὑπηρετοῦνται
1162 1450 1235 1512 τῷ
1282 1448 1393 1513 Θεῷ
1444 1444 1577 1495 κατά
1617 1448 1709 1500 τὴν
1752 1452 1851 1495 τῶν

224 1542 491 1611 περιγείων
561 1538 871 1611 οἰκονομίαν,
930 1544 1015 1591 καί
1082 1540 1233 1601 αὐτὸς
1292 1541 1317 1593 ὀ
1371 1544 1666 1612 γνωστικὸς,
1743 1543 1848 1592 etc.

224 1632 335 1687 Sed
368 1632 669 1687 redeamus
700 1633 773 1687 ad
802 1637 1061 1688 nostrum
1092 1635 1458 1706 Cyprianum.

297 1721 327 1793 §
355 1726 407 1776 6.
437 1753 504 1762 -—
542 1723 693 1777 Idem
736 1722 985 1793 denique
1016 1723 1172 1777 addit
1199 1725 1501 1795 mysticum
1533 1724 1685 1778 hunc
1721 1740 1849 1778 san-
1872 1717 1929 1788 B

224 1816 414 1887 guinis
472 1816 824 1887 baptismum
876 1816 935 1869 in
990 1817 1205 1871 honore
1260 1835 1383 1873 esse
1436 1818 1851 1889 pretiosiorem.

219 1910 357 1975 Qua:
385 1911 554 1964 verba
578 1912 652 1963 ad
679 1910 772 1963 illa
797 1910 1038 1965 fortasse
1066 1912 1367 1966 referenda
1387 1918 1538 1979 sunt,
1558 1914 1709 1984 quod
1724 1930 1854 1967 cum

223 2004 283 2057 in
328 2021 512 2075 aqueo
543 2004 829 2074 baptismo
877 2006 1022 2059 servi
1071 2007 1370 2060 dumtaxat
1417 2007 1851 2075 conscrihimur,

221 2098 314 2152 hic
341 2098 401 2152 in
428 2098 746 2166 sanguineo
785 2099 1073 2170 baptismo
1121 2100 1441 2155 amicorum
1470 2101 1634 2155 titulo
1680 2102 1852 2171 longe

222 2192 579 2247 honoratiori
625 2209 985 2247 exornemur.
1035 2195 1198 2247 Forte
1241 2195 1416 2248 etiam
1462 2196 1532 2249 ad
1580 2201 1853 2249 aeternam

223 2286 398 2341 divini
446 2286 618 2357 hujus
680 2287 879 2357 agonis
932 2304 1205 2358 pompam
1256 2294 1424 2359 atque
1492 2295 1849 2359 apparatum,

221 2380 379 2452 quod
427 2396 639 2451 nempe
694 2381 751 2435 in
808 2398 876 2435 eo
930 2382 1076 2435 Deus
1133 2385 1191 2435 et
1240 2382 1492 2437 Christus
1531 2384 1650 2453 ejus
1703 2385 1854 2438 exul-

219 2478 363 2529 tent.
390 2476 607 2529 Docent
633 2476 906 2529 Dominus
933 2476 1337 2530 exultationem
1376 2476 1435 2529 in
1468 2477 1607 2530 coelo
1638 2494 1759 2531 esse
1792 2478 1852 2531 in

217 2569 587 2624 conversione
617 2570 946 2640 peccatoris.
981 2572 1130 2623 Hanc
1177 2570 1612 2625 conversionem
1656 2570 1738 2623 illi
1781 2571 1853 2625 ad

218 2662 572 2734 baptismum
610 2680 858 2735 aqueum
905 2663 1140 2717 fortasse
1187 2663 1507 2733 retulerint,
1539 2668 1595 2718 et
1634 2665 1848 2719 exulta-

219 2757 435 2812 tionem
462 2758 521 2811 in
550 2758 685 2812 caelo
710 2757 867 2811 illam
904 2757 977 2811 de
1006 2759 1343 2828 angelorum
1386 2759 1736 2811 exultatione
1764 2758 1851 2812 in-

221 2851 563 2905 tellexerint.
630 2851 954 2921 Opponitur
1019 2851 1174 2905 enim
1239 2853 1355 2905 Deo
1414 2852 1621 2906 coelum
1674 2853 1849 2921 (Luc.,

216 2961 309 3011 XV,
359 2948 468 3015 21).
512 2946 579 2999 Et
625 2947 828 3000 coelum
882 2962 1010 2999 cum
1064 2958 1167 3009 τοῖς
1212 2956 1508 3001 κατοικοῦσι
1548 2946 1849 3015 conjungi-

222 3049 315 3096 tur
341 3044 553 3113 (Apoc.,
584 3060 679 3110 xu,
713 3042 819 3115 t2),
849 3044 999 3114 quod
1031 3048 1185 3098 certe
1216 3044 1287 3098 de
1324 3045 1597 3099 Trin-uno
1629 3046 1742 3100 Deo
1768 3045 1849 3098 ita

219 3138 524 3192 commode
550 3137 800 3208 intelligi
847 3139 1070 3208 nequit.
1106 3142 1187 3192 Ita
1230 3139 1409 3209 igitur
1459 3140 1633 3193 Deum
1678 3140 1849 3209 hujus

219 3231 523 3302 sanguinei
572 3231 839 3302 baptismi
882 3232 1186 3303 praesidem
1235 3232 1614 3300 crediderunt,
1672 3234 1845 3303 quod,

221 3341 355 3379 cum
382 3326 724 3397 martyrium
768 3327 1068 3397 agonibus,
1102 3326 1219 3381 sive
1262 3326 1413 3381 ludis
1452 3326 1847 3397 theatralibus,

219 3419 616 3487 contulissent,
649 3421 829 3475 Deum
869 3421 1284 3491 agonothetam
1307 3421 1570 3484 fecerint,
1603 3424 1659 3476 et
1685 3421 1850 3493 quasi

217 3513 510 3569 consulem
555 3514 617 3568 in
664 3515 966 3569 Orchestra
1020 3519 1415 3586 spectatorem.
1466 3517 1589 3586 Ipsa
1636 3521 1849 3587 specta-

218 3608 334 3662 culi
365 3624 501 3663 voce
550 3625 583 3662 a
625 3607 861 3662 theatris
905 3610 1206 3681 desumpta
1242 3626 1377 3664 usus
1420 3609 1527 3664 hac
1569 3609 1629 3663 in
1680 3625 1849 3664 causa

215 3701 303 3751 est
393 3697 655 3752 Octavius
738 3699 956 3770 (Minut.
1038 3700 1179 3767 Fel.,
1260 3700 1473 3767 Octav.,
1555 3715 1613 3769 p.
1700 3700 1843 3768 358).

216 3811 247 3839 «
277 3792 456 3855 Quam
505 3793 809 3864 pulchrum
855 3792 1079 3864 (inquit)
1127 3794 1505 3865 spectaculum
1551 3794 1682 3861 Deo,
1716 3809 1847 3847 cum

214 3885 569 3941 Christianus
620 3905 749 3942 cum
805 3887 996 3942 dolore
1060 3888 1451 3959 congreditur,
1504 3893 1637 3955 etc.,
1692 3910 1719 3937 ››
1778 3888 1846 3940 Et

210 3982 407 4035 noster
452 3982 762 4052 Cyprianus
810 3982 996 4052 (epist.
1045 3984 1131 4052 56)
1177 3999 1189 4036 :
1242 4004 1269 4033 «
1320 3984 1550 4054 Spectat
1603 3981 1845 4036 militem

214 4090 383 4127 suum
430 4075 685 4131 Christus
726 4076 933 4147 ubique
977 4080 1355 4147 pugnantem.
1403 4098 1431 4127 »
1482 4077 1550 4129 Et
1597 4078 1841 4147 postea:

214 4189 247 4220 «
291 4171 431 4225 Ecce
463 4186 616 4241 agon
655 4170 914 4225 sublimis
954 4177 1009 4226 et
1056 4188 1324 4242 magnus,
1368 4174 1422 4226 et
1468 4186 1691 4224 corona:
1734 4186 1844 4224 ca:-

208 4262 371 4317 lestis
406 4266 644 4334 praemio
700 4265 997 4336 gloriosus,
1042 4270 1105 4319 ut
1146 4270 1365 4337 spectet
1409 4281 1513 4319 nos
1561 4266 1846 4318 certantes

211 4352 382 4408 Deus.
415 4354 743 4409 Prmliantes
772 4372 873 4408 nos
899 4360 954 4410 et
979 4354 1118 4409 fidei
1149 4353 1545 4425 congressione
1585 4370 1847 4425 pugnan-

207 4445 300 4496 tes
339 4450 559 4514 spectat
603 4445 770 4513 Deus,
805 4449 1069 4517 spectant
1109 4445 1303 4517 angeli
1347 4447 1489 4516 ejus,
1532 4448 1751 4516 spectat
1789 4449 1922 4540 etD

211 4537 490 4593 Christus.
520 4562 548 4588 ››
581 4540 647 4593 Et
692 4539 827 4593 alibi
869 4540 1047 4612 (epist.
1079 4541 1130 4612 9)
1165 4558 1177 4595 :
1211 4562 1237 4590 ‹‹
1270 4541 1312 4595 O
1351 4541 1517 4612 quale
1561 4538 1703 4593 illud
1739 4540 1846 4593 fuit

210 4632 597 4702 spectaculum
640 4635 902 4703 Domino,
947 4652 1119 4707 quam
1167 4635 1431 4703 sublime,
1473 4652 1645 4705 quam
1691 4651 1845 4705 mag-

210 4742 378 4793 num,
419 4744 593 4799 quam
638 4729 737 4783 Dei
793 4730 967 4784 oculis
1017 4736 1371 4786 sacramento
1431 4747 1496 4785 ac
1544 4729 1845 4784 devotione

207 4816 414 4872 militis
440 4818 561 4889 ejus
589 4826 907 4891 acceptum,
940 4826 1044 4876 etc.
1076 4845 1103 4872 ››
1124 4822 1235 4876 Nec
1263 4822 1476 4876 mirum
1501 4822 1607 4875 hac
1638 4822 1844 4875 eadem

210 4910 588 4969 similitudine
628 4931 761 4969 usos
806 4931 923 4971 esse
964 4917 1125 4971 toties
1172 4917 1546 4985 Christianos,
1576 4933 1749 4987 quam
1790 4919 1846 4970 et

207 5000 396 5071 ipsam
426 5002 688 5058 eamdem
728 5004 1107 5061 adhibuerant
1154 5006 1261 5077 ipsi
1290 5007 1457 5062 etiam
1498 5006 1842 5077 pliilOSOphi,

211 5095 426 5150 Seneca
490 5098 706 5167 (Senec.
788 5101 853 5154 de
929 5102 1114 5168 Prov.,
1180 5118 1227 5155 c.
1299 5101 1350 5171 3)
1427 5105 1484 5155 et
1560 5101 1845 5171 Epictetus

216 5186 405 5254 (Epist.
458 5188 532 5240 ad
561 5188 840 5260 Arrian).
869 5192 1209 5263 Quanquam
1242 5192 1418 5246 etiam
1466 5192 1637 5245 altius
1683 5206 1844 5261 repe—

208 5272 377 5329 titam
422 5275 591 5332 fuisse
635 5280 941 5334 verisimile
993 5286 1097 5349 est,
1147 5299 1179 5335 a
1219 5281 1529 5335 visionibus
1569 5280 1845 5333 nimirum

210 5366 329 5422 illis
388 5370 591 5441 quibus
641 5374 785 5427 Deus
833 5391 1086 5446 praesens
1140 5376 1526 5431 laborantibus
1572 5389 1845 5446 apparue-

212 5467 324 5517 rat.
357 5463 435 5517 lta
477 5465 535 5519 S.
567 5466 859 5538 Stephano
909 5470 1167 5525 Christus
1207 5472 1372 5541 (Act.,
1404 5486 1497 5539 vn,
1539 5472 1643 5541 55).
1676 5471 1743 5524 Et
1782 5468 1843 5522 in

209 5554 522 5609 certamine
560 5558 857 5629 Polycarpi
894 5576 1092 5614 vocem
1138 5561 1359 5615 caelitus
1404 5561 1669 5616 emissam
1718 5575 1840 5613 me-

206 5653 440 5704 merant
476 5649 874 5723 Smyrnenses,
926 5660 1102 5729 ἴσχυε,
1150 5656 1469 5735 Πολύκαρπε,
1514 5662 1599 5711 καί
1653 5652 1845 5733 ἀνδρί-

206 5757 294 5823 ζον
330 5749 564 5843 (Εμαά
586 5753 841 5824 Philem,
870 5770 962 5828 ap.
992 5754 1201 5817 Euseb.
1231 5756 1375 5817 Hist.
1405 5755 1611 5825 εοοιεεο,
1638 5770 1713 5825 iv,
1732 5754 1841 5831 15);

527 5854 807 5928 Paxaea.
841 5854 926 5926 IV
1008 5860 1017 5863 ’

1956 385 2195 439 maximi
2224 386 2457 439 honoris
2490 386 2615 439 loco
2646 385 2949 440 duxerunt.
2982 386 3041 439 In
3085 403 3148 440 eo
3191 393 3385 443 autem
3431 408 3577 460 pra).—

1954 479 2192 533 tulerint
2220 480 2454 533 fortasse
2484 479 2781 550 sanguinei
2809 479 2979 549 hujus
3020 479 3284 550 baptismi
3338 499 3577 552 appara-

1955 579 2099 641 tum,
2131 574 2300 645 quod,
2331 590 2461 628 cum
2492 574 2550 626 in
2595 574 2731 627 coelo
2775 574 3050 643 gaudium
3091 590 3209 629 esse
3258 584 3583 631 memorant

1956 685 2130 723 sacrm
2164 669 2385 721 Litterae
2413 667 2471 720 in
2516 667 2884 721 conversione
2932 669 3243 738 peccatoris
3272 669 3472 739 (aqueo
3501 672 3585 724 ni-

1957 761 2174 815 mirum
2224 762 2514 833 baptismo
2567 761 2814 832 expiati),
2868 762 2989 816 coeli
3041 763 3273 817 nomine
3328 764 3583 819 caelestes

1954 859 2272 924 creaturas,
2340 856 2573 926 angelos
2640 855 2941 922 nimirum,
2999 855 3428 923 intellexerint;
3495 858 3585 911 hic

1955 951 2132 1004 Deum
2158 950 2348 1020 ipsum
2374 949 2611 1021 ejusque
2642 948 2929 1004 Christum
2960 950 3300 1020 plaudentes
3328 951 3583 1007 introdu-

1954 1044 2157 1099 xerint.

2024 1138 2135 1208 §7.
2168 1168 2236 1178 -—
2274 1139 2398 1193 Non
2441 1153 2535 1192 me
2577 1139 2718 1192 latet
2764 1138 3122 1208 antiquitatis
3165 1142 3584 1210 contemptores

1954 1249 2127 1305 quam
2178 1232 2261 1285 illi
2309 1232 2433 1285 haec
2486 1236 2740 1287 veterum
2796 1231 3247 1286 Christianorum
3291 1233 3589 1289 ratiocinia

1955 1326 2110 1379 nullo
2142 1325 2255 1378 sint
2295 1325 2354 1379 in
2400 1325 2522 1379 loco
2570 1325 2838 1379 habituri.
2882 1326 3043 1388 Quod
3082 1327 3422 1396 martyrium
3447 1328 3585 1399 bap-

1954 1418 2109 1472 tismi
2158 1419 2392 1473 secundi
2437 1418 2601 1473 titulo
2648 1418 3051 1489 insignierint;
3100 1436 3204 1473 nec
3249 1421 3403 1474 nudo
3444 1422 3583 1475 dun-

1954 1516 2108 1566 taxat
2153 1512 2335 1579 titulo,
2375 1513 2470 1567 sed
2511 1518 2791 1583 praeterea
2838 1512 3031 1565 omnia
3076 1513 3284 1582 prioris
3316 1514 3584 1585 baptismi

1953 1606 2229 1661 beneﬁcia
2252 1606 2441 1661 eidem
2466 1605 2830 1660 attribuerint
2857 1623 2869 1672 ;
2902 1622 3005 1660 nec
3039 1622 3107 1660 eo
3141 1607 3262 1677 ipso
3306 1610 3581 1675 contenti,

1953 1700 2309 1770 superiorem
2337 1699 2510 1753 etiam
2543 1716 2611 1753 eo
2636 1700 2757 1769 ipso
2809 1699 3089 1769 baptismo
3138 1701 3372 1754 fecerint
3414 1702 3513 1773 qui
3553 1720 3586 1755 a

1953 1796 2068 1848 Deo
2096 1794 2281 1848 fuerat
2310 1794 2603 1847 institutus
2635 1809 2647 1846 :
2678 1810 2780 1863 pro
2822 1794 2992 1846 nudis
3040 1794 3120 1847 illi
3170 1797 3363 1864 procul
3410 1796 3581 1849 dubio

1956 1888 2203 1941 habituri
2232 1894 2364 1942 sunt
2394 1890 2715 1957 martyrum
2746 1887 2961 1941 deliriis
2994 1893 3163 1957 atque
3214 1889 3583 1943 commentis.

1954 1981 2410 2051 Indignabuntur
2438 1998 2631 2052 porro,
2665 1997 2767 2035 nec
2797 1981 3094 2041 ferendam
3128 1981 3429 2035 audaciam
3462 2000 3583 2037 esse

1955 2076 2348 2145 clamitabunt,
2381 2079 2606 2129 tantum
2635 2076 2759 2129 illos
2799 2076 3043 2128 inventis
3073 2076 3187 2128 suis
3233 2076 3484 2131 tribuere
3527 2083 3587 2131 ut

1954 2170 2410 2223 commentitium
2438 2187 2604 2223 suum
2632 2169 2982 2240 baptismum
3002 2170 3288 2239 baptismo
3310 2172 3582 2226 aChristo

1954 2264 2211 2318 instituto
2227 2265 2313 2318 vel
2326 2265 2586 2317 conferre
2601 2264 3087 2331 audeant,nedum
3102 2265 3407 2319 anteferre.
3427 2268 3590 2328 Quaa~

1954 2374 2145 2411 ramus
2164 2358 2338 2427 igitur
2356 2358 2659 2424 meritone,
2677 2374 2749 2410 an
2766 2374 2945 2423 secus,
2966 2359 3024 2410 in
3048 2376 3115 2411 ea
3136 2363 3352 2413 veteres
3376 2360 3588 2413 fuerint

1955 2452 2461 2521 sententia?ltogo
2485 2450 2709 2503 interim
2740 2458 2910 2520 atque
2941 2452 3195 2517 obsecro,
3220 2457 3278 2505 ut
3306 2454 3587 2523 tantisper

1954 2551 2231 2615 seponant
2257 2545 2491 2599 affectus
2538 2545 2675 2597 dum
2718 2545 2998 2598 rationem
3037 2545 3329 2599 reddimus
3375 2564 3475 2599 cur
3507 2547 3583 2600 ita

1952 2639 2231 2693 senserint
2280 2639 2536 2708 primaevi
2583 2638 2907 2694 Christiani.
2942 2642 3025 2692 lta
3065 2640 3162 2691 fiet
3207 2645 3271 2693 ut
3317 2645 3373 2693 et
3420 2641 3584 2694 nobis

1955 2734 2237 2803 aequiores
2299 2733 2442 2799 sint,
2502 2736 2558 2786 et
2623 2732 2730 2785 sibi
2783 2732 2917 2803 ipsis
2984 2732 3198 2802 optime
3263 2735 3579 2799 consulant,

1953 2826 2000 2880 si
2042 2844 2155 2880 non
2202 2827 2312 2879 sint
2362 2826 2421 2879 in
2465 2826 2668 2879 heroas
2712 2826 2858 2891 illos,
2891 2825 3112 2880 Christo
3159 2827 3357 2895 procul
3407 2828 3580 2881 dubio

1954 2920 2339 2988 charissimos,
2370 2935 2635 2973 censores
2688 2918 2997 2973 temerarii.
3044 2920 3348 2973 Videamus
3397 2922 3585 2990 itaque

1955 3014 2014 3068 in
2046 3015 2247 3085 primis
2280 3013 2429 3067 unde
2462 3016 2685 3066 veteres
2713 3012 3027 3067 secundum
3054 3012 3205 3066 hunc
3232 3014 3583 3084 baptismum

1871 3094 1926 3167 C
1952 3110 2304 3179 collegerint.
2348 3108 2483 3161 Inde
2527 3106 2918 3176 intelligemus
2961 3123 3032 3159 an
3073 3107 3247 3176 proba
3298 3108 3470 3161 fuerit
3527 3112 3585 3161 et

1953 3203 2130 3258 solida
2160 3204 2255 3255 illa
2282 3202 2564 3256 collectio.
2592 3200 2731 3254 Inde
2760 3218 2899 3254 num
2934 3204 2993 3253 et
3018 3200 3119 3253 illa
3151 3217 3379 3271 quoque
3403 3202 3584 3255 solida

1952 3314 2080 3371 quae
2108 3297 2179 3351 de
2208 3312 2410 3351 eorum
2437 3296 2590 3349 inter
2634 3311 2692 3349 se
2722 3295 3125 3349 commissione
3155 3295 3443 3365 prioribus
3471 3296 3583 3350 illis

1952 3391 2249 3464 principiis
2271 3389 2414 3445 datis
2441 3388 2939 3460 superstruxerint.
3447 3404 3451 3409 '

2023 3489 2137 3559 §8.
2175 3516 2237 3526 —
2280 3487 2348 3541 Et
2393 3483 2628 3555 quidem
2670 3482 3012 3538 recentiores
3055 3483 3125 3537 ab
3163 3483 3581 3555 antiquioribus

1948 3582 2113 3636 illum
2141 3579 2423 3649 accepisse
2466 3577 2843 3631 manifestum
2870 3580 2975 3632 est.
3006 3577 3127 3631 Non
3149 3584 3282 3631 sunt
3320 3578 3496 3649 igitur
3520 3580 3579 3632 in

1948 3676 2103 3729 hunc
2122 3679 2380 3727 nostrum
2409 3688 2642 3725 censum
2668 3670 3003 3740 recipiendi.
3037 3670 3153 3723 Huc
3194 3671 3391 3724 retulit
3431 3688 3582 3725 mar-

1953 3773 2039 3839 tyr
2066 3773 2258 3822 noster
2286 3764 2471 3836 (epist.
2519 3767 2604 3832 t3,
2646 3764 2719 3815 ad
2756 3764 3062 3829 Jubaian.).
3092 3764 3171 3816 De
3200 3780 3334 3833 quo,
3368 3763 3575 3833 inquit,

1950 3867 2008 3918 et
2067 3861 2339 3917 Dominus
2406 3858 2626 3911 dicebat
2689 3855 2900 3909 habere
2964 3871 3022 3908 se
3076 3856 3230 3909 aliud
3290 3857 3578 3925 baptisma

1947 3955 2222 4028 baptizari
2280 3956 2455 4024 (Luc.,
2498 3967 2594 4017 xu,
2649 3954 2755 4020 50).
2817 3949 3028 4003 Retulit
3058 3948 3231 4002 etiam
3282 3950 3577 4019 Origenes.

1949 4047 2311 4120 Locupletior
2370 4050 2456 4099 est
2505 4044 2563 4097 in
2630 4060 2695 4097 eo
2760 4042 3058 4113 probando
3123 4043 3499 4097 Tertullianus
3559 4058 3573 4095 :

1952 4166 1979 4195 ‹‹
2022 4148 2119 4200 Est
2168 4141 2403 4213 quidem
2456 4138 2621 4193 nobis
2667 4138 2839 4191 etiam
2891 4137 3207 4191 secundum
3259 4137 3575 4210 lavacrum,

1950 4255 2126 4292 unum
2160 4242 2217 4290 et
2263 4236 2474 4306 ipsum,
2505 4232 2802 4304 sanguinis
2852 4233 3080 4299 scilicet,
3112 4230 3183 4285 de
3231 4248 3343 4302 quo
3390 4233 3581 4287 Domi—

1948 4349 2096 4387 nus:
2163 4330 2374 4399 Habeo,
2432 4329 2642 4399 inquit,
2694 4326 2981 4398 baptismo
3028 4326 3236 4396 tingui,
3286 4344 3413 4380 cum
3458 4327 3579 4397 jam

1947 4427 2158 4481 tinctus
2184 4424 2402 4479 fuisset.
2432 4424 2678 4477 Venerat
2712 4421 2868 4475 enim
2902 4436 3005 4491 per
3035 4436 3243 4489 aquam
3272 4424 3328 4474 et
3349 4422 3579 4490 sangui-

1945 4538 2103 4588 nem,
2157 4520 2303 4573 sicut
2342 4520 2585 4572 Joannes
2630 4515 2962 4586 scripsit,ut
3009 4530 3154 4584 aqua
3194 4514 3572 4584 tingueretur,

1948 4615 2229 4686 sanguine
2283 4612 2714 4684 gloriﬁcaretur.
2769 4608 3017 4662 Proinde
3072 4613 3135 4661 ut
3198 4624 3303 4662 nos
3356 4608 3575 4662 faceret

1946 4728 2091 4782 aqua
2148 4710 2395 4775 vocatos,
2443 4704 2720 4775 sanguine
2778 4704 3005 4767 electos,
3058 4702 3161 4755 hos
3189 4702 3332 4755 duos
3358 4701 3572 4771 baptis-

1948 4822 2069 4860 mos
2113 4804 2181 4858 de
2225 4802 2456 4855 vulnere
2514 4795 2747 4869 perfossi
2788 4794 2980 4848 lateris
3029 4795 3241 4849 emisit.
3285 4795 3433 4858 Quia
3477 4795 3576 4865 qui

1948 4900 2006 4953 in
2059 4896 2399 4968 sanguinem
2455 4892 2575 4961 ejus
2625 4890 2943 4955 crederent,
2995 4905 3141 4959 aqua
3186 4889 3507 4941 lavarentur
3556 4906 3570 4941 :

1949 4993 2047 5066 qui
2075 5007 2222 5062 aqua
2250 4989 2535 5054 lavissent,
2564 4985 2737 5038 etiam
2774 4982 3115 5053 sanguinem
3148 4985 3439 5052 potarent.
3472 4982 3569 5035 Hic

1948 5093 2031 5143 est
2055 5085 2372 5157 baptismus
2401 5081 2497 5151 qui
2538 5080 2831 5134 lavacrum
2873 5080 2929 5131 et
2976 5092 3093 5130 non
3133 5081 3432 5145 acceptum
3483 5092 3575 5129 re-

1950 5181 2281 5254 praesentat,
2317 5184 2371 5230 et
2404 5174 2696 5246 perditum
2744 5172 2930 5227 reddit
2986 5171 3260 5241 ('l‘ertull.,
3295 5171 3360 5223 de
3394 5172 3572 5240 Bapt.,

1948 5275 2215 5343 c.16).'»
2271 5272 2433 5335 Quod
2482 5271 2674 5339 itaque
2728 5266 2999 5320 Dominus
3047 5264 3369 5335 passionem
3417 5280 3576 5317 suam

1949 5369 2298 5440 baptismum
2356 5366 2529 5418 alium
2588 5360 3000 5432 appellaverit;
3049 5358 3200 5429 quod
3242 5358 3467 5412 venerit
3512 5358 3574 5412 in

1946 5480 2094 5535 aqua
2125 5467 2179 5517 et
2210 5460 2520 5529 sanguine;
2557 5456 2710 5529 quod
2750 5471 2882 5509 cum
2930 5469 3075 5523 aqua
3121 5453 3465 5523 sanguinem
3521 5452 3575 5504 in

1950 5575 2121 5613 cruce
2149 5575 2178 5612 e
2210 5555 2447 5609 vulnere
2475 5550 2719 5624 perfossi
2745 5549 2941 5605 lateris
2971 5547 3220 5601 emiserit
3252 5564 3265 5601 :
3300 5546 3435 5601 hinc
3461 5545 3573 5598 col-

1948 5654 2139 5724 ligunt
2164 5649 2388 5705 Domini
2419 5647 2709 5718 duplicem
2737 5645 2909 5701 fuisse
2948 5643 3317 5715 baptismum.
3349 5641 3459 5695 Nec
3501 5642 3584 5693 ta-

1946 5764 2083 5809 men
2129 5743 2351 5804 Domini
2392 5743 2689 5818 proprium
2733 5741 2908 5799 fuisse
2958 5753 2987 5797 e
3028 5738 3087 5795 S.
3119 5736 3334 5804 Matth.,
3366 5747 3461 5796 xx,
3492 5736 3594 5803 22,

3148 5837 3305 5906 "37
