4082 6194
534 229 668 285 1163
1489 226 1696 284 HENR.
1724 221 2086 282 DODWELLI
2125 217 2428 280 DISSERT.
2468 220 2782 283 CYPRIAN.
2803 223 2897 282 Ill.
3677 233 3786 290 1164

513 353 782 426 colligere
812 355 1092 425 poterant,
1125 352 1186 407 in
1219 368 1332 426 quo
1365 353 1491 409 loco
1519 356 1912 426 apostolorum
1958 352 2142 426 passio
2167 351 2590 436 ATestamenti
2677 353 2999 410 universam
3093 354 3459 412 oeconomiam
3537 359 3804 435 antitypam

512 448 777 520 baptismi
806 447 1039 503 nomine
1082 447 1255 503 etiam
1290 449 1668 521 intelligenda
1707 454 1812 504 est.
1845 449 2145 504 Videamus
2246 464 2385 516 esse,
2413 465 2542 520 quae
2586 448 2762 504 fuerit
2803 449 2861 502 in
2897 447 3164 504 universa
3208 449 3401 504 itidem
3435 453 3618 508 Veteris
3653 457 3788 514 Testa

515 560 653 614 ergo
699 547 928 598 rectene
978 543 1100 597 hinc
1154 547 1325 616 atque
1371 543 1625 616 legitime
1663 543 1940 616 procedat
1979 559 2147 616 argu-
2247 543 2426 598 menti
2453 542 2764 598 oeconomia
2795 542 3178 598 adumbrata:
3213 543 3444 615 proinde
3482 562 3597 602 cum
3623 551 3738 620 quid
3758 553 3806 607 in

511 637 815 692 mcutatio.
2244 642 2489 710 utraque
2515 637 2828 692 oeconomia
2875 635 3056 692 simile
3084 638 3425 709 repererint.
3456 640 3508 695 id
3546 658 3643 696 una
3667 644 3805 701 etiam

582 729 612 804 §
641 734 693 786 9.
725 761 794 772 -—-
821 731 1209 788 Hecolendum
1241 730 1430 805 itaque
1455 731 1741 805 imprimis
1783 732 1936 806 quod
1977 747 2144 804 supe-
2242 731 2570 801 admittunt,
2599 731 2755 804 quod
2781 731 2916 786 alibi
2961 730 3244 804 nuspiam,
3274 735 3340 786 ut
3384 731 3440 786 in
3475 733 3529 788 id
3562 751 3718 807 genus
3747 738 3804 793 si-

510 823 630 880 rius
669 826 844 881 etiam
892 826 1316 882 observavimus
1353 826 1450 900 (l),
1482 843 1602 882 non
1639 826 1788 882 dicta
1817 827 1986 882 modo
2029 827 2140 882 Do-
2243 825 2716 882 militudinibusa
2737 825 3110 882 similitudine
3138 828 3442 898 prototypa
3458 827 3525 882 ad
3543 830 3804 903 antitypam

507 919 653 975 mini
693 921 892 990 nostri,
922 921 1018 977 sed
1043 926 1102 976 et
1141 921 1309 990 facta,
1341 938 1469 992 quae
1497 921 1731 993 quidem
1775 923 1993 993 scriptis
2039 921 2137 975 ha-
2243 920 2478 975 solidam
2505 924 2817 993 agnoscant
2843 923 2904 977 et
2931 920 3254 993 legitimam
3283 925 3803 993 argumentationem.

506 1013 716 1070 bemus
739 1015 908 1071 hodie
949 1016 1234 1086 mandata,
1264 1016 1604 1088 prophetica
1635 1033 1776 1087 esse,
1807 1019 1866 1070 et
1909 1015 1969 1070 in
2013 1033 2138 1088 per-
2241 1017 2308 1071 Et
2330 1013 2562 1087 quidem
2587 1031 2653 1071 ea
2679 1014 3018 1072 certitudine
3063 1018 3276 1071 certam
3324 1017 3680 1086 agnoscebant
3719 1021 3801 1076 hu-

509 1114 750 1180 potuum
795 1109 1057 1164 Ecclesiae
1095 1126 1263 1164 usum
1310 1109 1645 1180 conscripta,
1677 1113 1740 1164 ut
1787 1109 2030 1181 proinde
2069 1127 2140 1165 ex
2235 1108 2492 1179 jusmodi
2523 1109 3084 1181 argumentationem
3113 1126 3243 1181 quae
3269 1126 3398 1164 cum
3427 1127 3489 1165 ea
3523 1111 3805 1171 obscuritate

509 1201 571 1256 id
599 1219 779 1273 genus
807 1202 988 1258 factus
1019 1220 1134 1258 non
1162 1203 1233 1257 sit
1262 1204 1454 1272 futilis,
1485 1209 1546 1257 ut
1572 1205 1779 1274 putant
1808 1205 2002 1276 vulgo,
2040 1204 2140 1258 sed
2241 1203 2529 1258 conciliari
2555 1208 2744 1274 posset
2787 1220 2916 1275 quae
2954 1202 3084 1276 styli
3121 1203 3411 1275 symbolici
3452 1209 3505 1260 et
3541 1207 3806 1277 prophetici

507 1296 712 1367 solida,
744 1296 1190 1368 argumentatio.
1228 1297 1400 1352 Recte
1437 1296 1634 1368 itaque
1666 1297 1956 1352 concludit
2001 1297 2137 1352 Ter-
2241 1297 2360 1352 fere
2389 1297 2639 1370 genuina
2671 1302 2776 1364 est,
2809 1297 2885 1351 ita
2911 1297 3112 1352 saltem
3144 1300 3356 1353 certam
3401 1302 3458 1352 ut
3495 1298 3663 1354 locum
3689 1301 3804 1356 inte-

504 1390 774 1445 tullianus
799 1408 868 1446 ex
894 1408 960 1446 eo
984 1390 1140 1462 quod
1191 1391 1466 1446 Dominus
1491 1395 1608 1448 tam
1637 1408 1742 1463 per
1772 1390 2134 1469 sanguinem,
2238 1392 2350 1446 rim
2381 1392 2668 1464 relinquat
2692 1391 2870 1447 libero
2914 1391 3216 1446 hominum
3255 1390 3506 1462 arbitrio,
3535 1392 3608 1448 ita
3634 1400 3807 1450 certam

510 1501 683 1556 quam
728 1502 831 1556 per
875 1502 1082 1557 aquam
1134 1484 1373 1554 venerit,
1417 1485 1754 1541 Christianis
1800 1485 1976 1542 etiam
2021 1491 2138 1541 tam
2237 1489 2300 1540 ut
2327 1485 2656 1541 hominibus
2697 1485 2947 1542 cordatis
2990 1485 3218 1541 abunde
3263 1485 3499 1542 sufﬁciat
3535 1487 3599 1541 ad
3631 1488 3809 1559 praxim

504 1578 871 1650 sanguinem,
916 1596 1091 1651 quam
1139 1596 1368 1650 aquam,
1412 1595 1536 1635 esse
1580 1580 1924 1652 proﬁcuum.
1970 1580 2137 1635 Recte
2235 1579 2552 1652 prudenter
2589 1579 3024 1636 instituendam.
3050 1581 3137 1634 Ita
3165 1579 3607 1652 quibuscumque
3631 1581 3808 1637 Veteris

502 1672 717 1728 iterum
749 1690 818 1729 ex
841 1689 907 1728 eo
944 1673 1095 1746 quod
1121 1673 1462 1745 sanguinem
1492 1673 1712 1746 pariter
1739 1691 1803 1730 ac
1851 1690 2060 1747 aquam
2105 1690 2210 1747 e_v
2235 1674 2582 1730 Testamenti
2626 1674 2765 1730 locis
2804 1673 3051 1746 aliquam
3097 1673 3380 1729 habemus
3420 1690 3571 1746 aqua;
3606 1675 3808 1730 mentio-

502 1769 739 1823 vulnere
785 1767 978 1823 lateris
1023 1768 1298 1833 emiserit,
1337 1769 1678 1841 sanguinem
1705 1785 1934 1840 quoque
1974 1739 2393 1839 illumBnem,
2423 1786 2487 1825 ea
2524 1769 2719 1824 omnia
2761 1768 3017 1824 referunt
3067 1768 3237 1824 etiam
3284 1769 3426 1823 sacri
3470 1769 3809 1840 scriptoresad

503 1877 574 1918 ex
590 1878 698 1918 usu
723 1863 844 1917 fore
870 1862 1157 1918 Ecclesiae.
1192 1863 1270 1918 Ne
1302 1879 1435 1918 vero
1461 1862 1637 1917 nimia
1669 1862 2045 1934 permittatur
2075 1862 2135 1916 in
2235 1863 2372 1920 Novi
2395 1862 2745 1919 Testamenti
2785 1879 2994 1936 aquam
3031 1862 3449 1934 baptismalem,
3478 1867 3533 1918 et
3567 1879 3680 1935 qua:
3721 1863 3811 1918 sint

504 1955 614 2010 hoc
659 1971 839 2027 genus
865 1955 1470 2028 argumentationibus
1514 1955 1769 2023 licentia,
1803 1956 2137 2011 observetur
2236 1959 2295 2014 in
2325 1962 2521 2014 nostro
2566 1957 2854 2030 baptismo
2901 1957 3092 2012 ofﬁcia
3133 1956 3488 2013 observanda
3526 1957 3648 2012 inde
3683 1956 3808 2012 colli-

502 2047 788 2120 imprimis
830 2066 895 2104 ea
935 2065 1063 2121 quae
1109 2049 1202 2104 hic
1252 2051 1571 2121 protulerat
1605 2049 1984 2105 Tertullianus
2030 2051 2136 2104 Do-
2237 2057 2399 2123 gunt.
2433 2053 2512 2106 ita
2543 2058 2598 2109 et
2624 2051 2684 2106 in
2715 2051 2810 2106 illo
2849 2050 3284 2106 Atheniensium
3325 2050 3397 2106 de
3444 2051 3612 2106 muris
3645 2049 3810 2121 ligneis

501 2141 648 2197 mini
688 2143 953 2216 exempla
981 2160 1096 2198 non
1128 2143 1578 2199 extraordinaria
1621 2143 1812 2212 fuisse,
1846 2145 1942 2199 sed
1983 2143 2136 2199 ordi-
2234 2147 2464 2202 oraculo
2525 2145 2945 2215 Themistocles,
3003 2161 3135 2200 cum
3199 2145 3621 2200 Atheniensium
3675 2161 3811 2199 causa

501 2235 684 2292 naria.
730 2238 791 2291 lu
827 2237 1135 2292 ordinariis
1165 2238 1325 2292 facile
1353 2238 1662 2292 admittent
1713 2237 2021 2293 adversarii
2049 2238 2133 2292 vi-
2235 2241 2448 2296 editum
2479 2239 2880 2311 perpenderet,
2909 2237 3043 2294 inde
3084 2238 3527 2310 prudentissime
3555 2238 3807 2310 colligebat

497 2333 617 2386 tam
665 2331 889 2386 Domini
926 2331 1250 2403 exemplum
1296 2348 1416 2386 esse
1456 2331 1932 2387 Christianorum.
1963 2332 2129 2396 Quod
2234 2351 2299 2392 ex
2327 2334 2765 2390 Atheniensium
2793 2333 3036 2406 proinde
3074 2333 3328 2388 moribus
3372 2349 3488 2389 esse
3530 2332 3806 2404 intelligen-

499 2428 695 2481 autem
745 2441 848 2496 per
899 2425 1237 2496 sanguinem
1278 2426 1490 2497 pariter
1528 2443 1594 2481 ac
1641 2431 1850 2499 aquam
1889 2427 2129 2494 venerit,
2233 2430 2393 2485 dum.
2446 2430 2514 2485 Et
2564 2445 2694 2484 cum
2750 2427 2976 2483 oracula
3027 2428 3226 2497 Loxias,
3277 2427 3534 2499 Delphici
3583 2428 3810 2482 nimirum

498 2517 557 2574 id
588 2535 760 2574 nemo
791 2519 1012 2575 dubitet
1053 2519 1191 2590 quin
1237 2520 1345 2575 tale
1385 2522 1458 2575 sit
1495 2520 1554 2575 in
1599 2537 1710 2592 quo
1756 2537 1888 2575 eum
1919 2520 2133 2576 imitari
2231 2523 2524 2596 Apollinis,
2570 2523 2786 2595 pariter
2852 2539 2917 2578 ac
2968 2522 3292 2578 Judaeorum
3362 2521 3682 2594 prophetite,
3721 2537 3810 2575 non

498 2611 801 2682 possimus,
832 2613 985 2685 quod
1016 2613 1205 2684 ipsum
1247 2630 1354 2669 nos
1384 2615 1661 2670 ordinarii
1704 2631 1837 2670 voce
1868 2612 2132 2685 intelligi-
2232 2623 2420 2674 essent
2468 2617 2540 2673 ad
2589 2617 2860 2686 litteram,
2911 2617 3008 2673 sed
3064 2615 3394 2688 symbolice,
3441 2615 3616 2687 potius
3665 2630 3808 2685 expo-

497 2722 661 2775 mus;
693 2707 846 2778 quod
877 2723 1046 2778 porro
1074 2707 1246 2762 etiam
1273 2725 1404 2763 cum
1443 2709 1724 2780 sanguine
1757 2725 1908 2780 aqua
1939 2725 1969 2764 e
2013 2709 2132 2763 vul-
2231 2712 2451 2782 nenda;
2486 2711 2544 2766 id
2587 2727 2757 2783 porro
2803 2710 3182 2782 quaerendum
3227 2709 3416 2778 duxit,
3470 2709 3657 2781 ecquid
3694 2710 3812 2761 esset

497 2815 636 2856 nem
677 2800 868 2856 lateris
909 2803 1212 2871 emanarit,
1263 2801 1324 2856 id
1375 2819 1604 2875 quoque
1647 2803 1960 2858 concedent
2001 2819 2128 2857 me-
2230 2811 2290 2867 in
2331 2812 2452 2883 jam
2493 2811 2802 2866 constituta
2844 2809 3280 2865 Atheniensium
3333 2809 3474 2880 Rep.
3521 2807 3662 2880 quod
3705 2822 3810 2861 cum

497 2897 608 2952 dici
647 2899 1162 2955 extraordinarium
1191 2916 1310 2955 non
1363 2901 1534 2956 fuisse
1577 2901 1624 2956 si
1667 2901 1737 2957 de
1779 2918 1926 2974 aqua
1973 2901 2127 2974 peri-
2229 2906 2411 2960 muris
2442 2904 2650 2976 ligneis
2696 2903 2912 2976 aliquid
2957 2903 3194 2958 haberet
3229 2902 3403 2959 afﬁne
3436 2904 3560 2969 (nec
3601 2901 3733 2956 enim
3766 2900 3813 2953 in

497 2991 673 3048 cardii
703 2992 776 3048 sit
794 2993 1257 3066 intelligendum.
1287 2994 1633 3052 Observetur
1666 3012 1840 3067 porro
1872 2996 2123 3051 secundo
2228 3016 2427 3055 muros
2468 2999 2695 3054 noviter
2724 2999 3092 3054 exstruendos
3121 2997 3310 3069 ipsum
3343 2996 3607 3051 innuebat
3647 3009 3810 3049 oracu-

491 3085 872 3143 Christianam
898 3088 1076 3143 vitam
1106 3088 1188 3144 ita
1212 3087 1272 3144 in
1305 3090 1460 3144 Novo
1497 3091 1854 3146 Testamento
1883 3089 2127 3145 describi
2147 3110 2202 3185 (ὲ
2226 3093 2367 3162 lum)
2402 3099 2458 3149 et
2487 3109 2621 3148 vero
2659 3092 2800 3148 nihil
2839 3095 2963 3147 erat
3000 3091 3152 3164 quod
3189 3091 3248 3145 in
3290 3091 3434 3146 urbe
3477 3105 3599 3162 quae
3635 3088 3813 3143 viribus

497 3181 662 3252 quasi
689 3181 846 3254 quod
873 3199 908 3236 a
937 3181 1162 3238 Christo
1189 3183 1260 3237 ad
1286 3183 1546 3239 litteram
1577 3186 1806 3256 gestum
1824 3184 1911 3250 sit,
1934 3184 1991 3238 id
2022 3201 2124 3239 nos
2164 3181 2195 3185 θ’
2226 3189 2456 3244 ﬂoreret
2503 3186 2969 3258 commerciisque
3022 3185 3352 3253 maritimis,
3411 3185 3480 3239 de
3530 3199 3636 3256 quo
3687 3181 3808 3238 muri

493 3274 729 3346 mystice
774 3291 974 3346 gerere
1000 3275 1330 3333 debeamus.
1367 3279 1450 3333 Ita
1493 3294 1626 3332 cum
1657 3295 1724 3334 eo
1765 3279 1916 3333 mori
1958 3277 2126 3334 debe-
2223 3283 2305 3339 illi
2335 3283 2522 3355 aptius
2546 3286 2802 3355 possent,
2836 3295 3008 3353 quam
3057 3279 3127 3335 de
3168 3279 3411 3334 navibus
3458 3277 3701 3349 intelligi.
3727 3277 3813 3329 Nec

491 3389 641 3441 mus,
669 3390 798 3429 cum
831 3390 897 3430 eo
939 3375 1215 3446 crucifigi,
1243 3391 1379 3430 cum
1424 3392 1493 3432 eo
1525 3376 1902 3448 ignominiam
1944 3377 2119 3448 ferre,
2222 3393 2353 3433 vero
2393 3377 2605 3448 aliquid
2633 3375 2843 3448 opponi
2889 3373 2948 3429 in
2987 3373 3341 3429 contrarium
3369 3378 3554 3445 potest
3582 3371 3647 3426 de
3673 3370 3811 3441 hujus

494 3484 623 3524 cum
651 3485 719 3524 eo
755 3469 1000 3540 sepeliri,
1031 3486 1334 3542 resurgere
1363 3476 1420 3527 et
1463 3473 1766 3529 ascendere
1801 3473 1862 3527 in
1894 3473 2117 3528 coelum.
2222 3470 2740 3544 argumentationis
2785 3467 3214 3536 incertitudine,
3243 3468 3403 3539 quod
3450 3483 3565 3522 non
3605 3466 3670 3520 sit
3711 3479 3810 3519 om-

497 3562 736 3618 Notetur
761 3563 954 3628 tertio,
983 3563 1105 3618 haec
1138 3563 1208 3618 de
1233 3564 1440 3621 Christi
1481 3565 1840 3637 passionibus
1876 3583 1998 3622 esse
2031 3567 2121 3622 vel
2220 3566 2382 3622 nium
2412 3564 2529 3621 fere
2562 3564 2989 3637 prophetiarum
3028 3562 3514 3634 oraculorumque
3547 3571 3810 3618 commune

492 3661 768 3732 primario
796 3661 1195 3734 intelligenda,
1225 3665 1290 3718 ut
1317 3679 1647 3736 quanquam
1686 3668 1843 3736 gesta
1883 3665 1995 3720 sint
2048 3664 2118 3720 ab
2221 3661 2291 3717 ab
2322 3661 2456 3733 ipsis
2483 3675 2657 3732 usque
2684 3665 3058 3731 utrorumque
3086 3658 3352 3714 exordiis.

493 3770 562 3810 eo
605 3756 884 3812 nonnulla
930 3755 1313 3813 imitationem
1355 3764 1609 3813 nostram
1653 3759 1897 3814 fortasse
1957 3775 2117 3831 supe-
2289 3755 2319 3829 §
2371 3759 2456 3812 10.
2499 3787 2568 3796 -
2612 3756 2738 3809 Haec
2786 3753 2977 3828 itaque
3027 3755 3218 3809 omnia
3273 3751 3618 3809 validissime
3649 3762 3809 3821 proce-

488 3851 702 3921 rantia;
740 3855 912 3923 atque
959 3866 1160 3922 passus
1205 3856 1311 3921 est,
1345 3869 1449 3908 nos
1496 3853 1698 3908 eadem
1741 3854 1858 3926 pati
1903 3853 2116 3910 debea-
2218 3852 2376 3920 dent,
2425 3849 2470 3905 si
2520 3842 2722 3922 quinto
2767 3849 2824 3904 id
2869 3865 3098 3921 quoque
3145 3850 3524 3920 supponatur,
3563 3861 3646 3900 res
3685 3843 3749 3898 ita
3783 3856 3809 3894 a

486 3959 639 4000 mus.
670 3945 909 4000 Notetur
933 3951 1158 4018 quarto,
1189 3945 1266 4002 ita
1290 3947 1512 4019 optime
1544 3947 1614 4002 de
1657 3964 1826 4004 sensu
1871 3949 2117 4020 prophe-
2217 3943 2568 4018 propheticis
2598 3943 2744 4016 typis
2769 3948 3205 4016 repraesentatas
3234 3943 3306 3998 ad
3341 3943 3682 4014 perpetuum
3709 3933 3808 3990 atti-

490 4037 583 4093 tiaa
627 4038 875 4110 judicari
924 4056 1088 4111 posse
1144 4040 1190 4096 si
1243 4045 1411 4112 typus
1457 4042 1823 4114 propheticus
1868 4043 1943 4098 ad
1990 4059 2116 4098 rem
2215 4039 2406 4095 nuisse
2437 4037 2696 4093 Ecclesiae
2724 4053 2910 4092 usum.
2941 4038 3080 4101 Qum
3106 4037 3262 4092 enim
3288 4035 3367 4090 ita
3394 4039 3720 4106 perpetuum
3745 4029 3810 4082 fu-

485 4137 681 4187 notam
710 4133 924 4188 alludat
951 4133 1011 4188 in
1040 4133 1207 4206 praxi
1245 4135 1504 4192 Ecclesiae
1527 4131 1597 4191 ab
1646 4153 1714 4192 eo
1745 4141 2115 4209 reprtesenta-
2215 4137 2349 4188 tura
2390 4139 2543 4202 sunt,
2584 4149 2651 4187 ea
2697 4133 2813 4187 Deo
2859 4148 3008 4187 cura:
3049 4147 3169 4187 esse
3215 4128 3599 4186 certissimum
3639 4127 3730 4192 est,
3758 4136 3808 4175 ea

484 4231 625 4282 tam.
672 4226 744 4280 Ut
803 4227 956 4282 enim
1004 4227 1064 4282 in
1117 4229 1461 4301 propheticis
1508 4231 2113 4303 repraesentationibus
2215 4227 2458 4284 maxime
2502 4227 2821 4282 necessaria
2861 4233 2927 4282 ut
2967 4229 3124 4280 certo
3161 4225 3350 4296 aliquo
3398 4223 3625 4279 decreto
3668 4214 3809 4273 stabi-

485 4321 544 4376 id
569 4325 788 4376 certum
817 4327 923 4390 est,
953 4338 1072 4378 non
1117 4323 1205 4379 sui
1243 4324 1426 4395 gratia
1469 4328 1692 4397 typum,
1725 4326 1823 4381 sed
1872 4325 2114 4399 antitypi
2212 4322 2496 4392 lirentur;
2528 4338 2592 4378 ea
2623 4321 2695 4376 ad
2717 4319 3058 4393 primarium
3088 4319 3188 4374 Dei
3213 4319 3271 4373 in
3313 4315 3661 4391 propheticis
3684 4325 3808 4383 sym-

485 4414 557 4470 ab
591 4431 658 4471 eo
681 4417 1083 4488 repraesentari
1125 4434 1159 4472 a
1187 4419 1304 4474 Deo
1351 4435 1474 4475 esse
1517 4419 1905 4492 designatum,
1933 4420 2011 4475 ita
2053 4420 2172 4492 1ίίΔ
2214 4416 2358 4472 bolis
2385 4415 2683 4472 consilium
2731 4415 3070 4486 pertinuisse
3107 4413 3398 4467 censenda
3448 4414 3598 4466 sunt.
3645 4411 3702 4462 In
3741 4403 3810 4458 his

484 4525 708 4582 quoque
753 4492 972 4567 certum
1014 4517 1098 4567 est
1142 4528 1261 4568 non
1300 4512 1460 4584 alibi,
1512 4530 1683 4586 quam
1734 4514 1793 4569 in
1843 4487 2408 4584 Ecclesia,Ditaque
2436 4527 2565 4566 cum
2609 4509 2748 4582 quid
2795 4508 3219 4564 accuratissime
3261 4505 3530 4579 quadrat,
3564 4520 3675 4558 non
3713 4500 3807 4553 for-

474 4603 613 4660 illud
638 4603 963 4678 antitypum
1001 4621 1121 4662 esse
1161 4607 1561 4678 querendum.
1589 4609 1662 4663 Ut
1689 4607 1925 4680 proinde
1973 4625 2111 4681 quo-
2212 4607 2358 4662 tuito
2386 4605 2447 4661 id
2496 4604 2667 4672 casui,
2698 4603 2801 4658 sed
2833 4603 3150 4658 certissimo
3187 4600 3579 4656 Providentiae
3609 4592 3808 4653 consilio

481 4696 588 4753 ties
633 4704 831 4771 aptum
893 4700 1136 4756 occurrit
1179 4700 1238 4755 in
1284 4701 1528 4758 Ecclesia
1575 4702 1902 4775 antitypum
1955 4703 2109 4774 quod
2210 4700 2576 4756 tribuendum
2609 4701 2712 4754 est.
2747 4699 2890 4754 Cum
2921 4713 3058 4769 ergo
3080 4712 3210 4768 quae
3243 4695 3315 4750 de
3343 4693 3573 4751 Domini
3599 4690 3808 4746 adventu

473 4795 613 4864 typo
659 4795 1000 4850 examussim
1044 4794 1412 4866 respondeat,
1453 4812 1560 4851 nec
1601 4796 1672 4852 de
1714 4797 1824 4852 alio
1869 4798 2107 4870 quastio
2208 4795 2454 4868 legimus
2495 4810 2598 4866 per
2622 4809 2829 4865 aquam
2871 4795 2927 4848 et
2971 4789 3335 4862 sanguinem,
3377 4789 3449 4844 de
3487 4803 3634 4858 aqua
3663 4783 3806 4839 etiam

474 4891 581 4956 est,
609 4903 682 4942 an
717 4888 788 4943 ab
830 4905 898 4945 eo
928 4888 1115 4961 magis
1149 4888 1222 4944 ad
1251 4888 1441 4944 vivum
1479 4890 1859 4961 exprimatur,
1893 4891 1970 4947 ita
1998 4892 2106 4947 du-
2209 4893 2268 4944 et
2315 4889 2594 4960 sanguine
2643 4904 2674 4942 e
2719 4885 2909 4942 lateris
2963 4886 3194 4940 vulnere
3244 4881 3678 4956 proﬂuentibus,
3720 4889 3802 4948 pro

467 4979 639 5036 bitari
683 4999 797 5038 non
833 4983 1010 5055 possit
1054 4983 1193 5056 quin
1243 4982 1304 5038 id
1359 4983 1552 5055 ipsum
1599 4981 2103 5057 Deus'designare
2207 4984 2335 5056 styli
2381 4980 2701 5056 prophetici
2743 4981 3042 5048 idiomate,
3072 4978 3464 5051 symbolarum
3513 4975 3688 5030 vicem
3726 4969 3804 5024 ob-

465 5075 743 5144 voluerit;
772 5093 877 5133 nec
904 5081 990 5134 est
1024 5077 1087 5133 in
1122 5078 1230 5134 hac
1277 5079 1790 5149 argumentationis
1830 5081 2102 5136 methodo
2206 5077 2524 5147 tinuerint;
2552 5093 2683 5131 cum
2711 5093 2778 5131 ea
2803 5075 2861 5130 in
2893 5078 3207 5146 utrumque
3234 5072 3391 5128 hunc
3422 5069 3674 5126 Ecclesiae
3697 5065 3808 5134 bap-

471 5167 768 5241 quippiam
796 5169 954 5243 quod
984 5173 1405 5228 lascivientibus
1433 5171 1678 5245 ingeniis
1708 5174 2096 5246 permittatur.
2203 5174 2440 5228 tismum
2469 5170 2764 5243 aptissime
2805 5169 3184 5238 conveniant;
3231 5183 3362 5222 cum
3402 5165 3548 5220 nihil
3590 5162 3657 5217 sit
3681 5154 3807 5231 quod

464 5261 562 5316 Est
603 5261 661 5317 id
717 5281 851 5320 sane
907 5271 1168 5323 veterum
1229 5266 1496 5322 omnibus
1548 5267 1804 5324 moribus
1861 5268 2099 5324 omnino
2203 5266 2533 5322 dubitemus
2582 5264 2719 5338 quin
2772 5267 3081 5336 perpetuus
3129 5265 3367 5332 uterque
3427 5259 3650 5314 futurus
3693 5253 3806 5306 sit:

463 5360 936 5429 consentaneum,
966 5362 1317 5434 quicumque
1347 5365 1480 5417 sunt
1525 5361 1584 5417 in
1628 5363 2098 5434 propheticorum
2199 5361 2370 5433 plane
2412 5359 2693 5432 sequitur,
2719 5357 2797 5413 ita
2847 5374 2968 5413 esse
3015 5356 3322 5412 Dominum
3372 5347 3807 5410 commodissime

456 5451 848 5523 symbolorum
917 5454 1396 5528 interpretatione
1455 5457 1678 5512 versati.
1726 5457 1787 5513 Id
1837 5475 1966 5514 cum
2021 5458 2094 5513 ob
2198 5455 2660 5528 intelligendum.
2701 5453 3030 5508 Praesertim
3076 5453 3230 5507 sexto
3271 5449 3314 5504 si
3359 5449 3421 5504 id
3459 5460 3678 5520 quoque
3721 5439 3804 5493 ob-

461 5547 654 5605 oculos
695 5547 978 5606 haberent
1015 5549 1154 5607 Novi
1202 5551 1549 5608 Testamenti
1600 5551 1903 5626 scriptores
1953 5551 2093 5609 Novi
2197 5551 2475 5618 servetur,
2505 5547 2567 5603 ni
2591 5546 2704 5601 huc
2731 5547 2895 5617 typos
2931 5540 3158 5598 Domini
3203 5540 3518 5596 referamus
3563 5541 3625 5592 ut
3669 5546 3798 5605 pran-

499 5821 565 5889 (ί)
586 5825 651 5884 In
675 5820 912 5882 nam
935 5827 1037 5886 cut
1062 5822 1269 5890 titulus
1303 5826 1407 5885 :ds
1441 5826 1672 5884 Unicum
1699 5827 1993 5897 principio.
2027 5829 2156 5897 eto.,
2188 5829 2355 5896 quam
2380 5829 2489 5880 nec
2513 5821 2706 5881 decuit
2731 5819 2994 5891 praesenti
3018 5815 3316 5887 adiungere
3353 5809 3642 5870 volumini.
