4082 6194
252 219 385 275 1165

1343 220 1429 277 DE
1468 221 1773 280 SECUNDO
1811 220 2138 279 MARTYRII
2177 221 2524 281 BAPTISMO.

3483 233 3617 287 1166

247 342 584 397 nuntiarent
608 358 783 414 quem
823 343 915 399 ille
943 344 1121 399 voluit
1152 345 1412 402 Ecclesia
1468 351 1679 403 statum
1708 352 1879 419 atque
1902 348 2077 435 Aqui
2104 352 2225 401 tum
2283 348 2617 402 obtinebant
2661 347 2952 420 baptismi,
2984 352 3046 403 ut
3096 348 3324 421 opinor,
3386 368 3610 422 omnes,

252 437 733 507 constitutionem,
764 439 907 493 nihil
934 442 1081 495 certe
1099 457 1219 496 esse
1256 458 1370 513 quo
1401 443 1629 497 aliunde
1662 447 1882 498 constet

252 532 511 587 Ecclesia
556 531 912 604 disciplinam
959 534 1026 588 ab
1059 552 1126 590 eo
1180 553 1300 590 esse
1353 538 1741 592 constitutam.
1772 540 1881 593 Nec

250 630 405 687 enim
456 632 528 686 de
581 648 648 687 ea
684 632 907 688 disertis
956 634 1140 689 verbis
1166 652 1198 689 a
1225 636 1464 690 Domino
1495 637 1704 691 alicubi
1751 654 1881 692 cau-

250 729 371 780 tum
401 727 665 798 legimus.
696 727 843 791 Quid
870 728 1020 799 quod
1064 729 1184 783 haec
1203 747 1305 801 per
1326 731 1585 801 symbols
1618 732 1879 786 tradendi

250 818 557 873 methodus
588 818 665 872 ita
698 822 781 873 est
830 837 861 873 a
891 819 1131 875 Domino
1168 821 1419 892 probata,
1444 828 1505 877 ut
1529 822 1881 877 multitudini

251 912 468 980 omnia,
494 912 783 984 discipulis
824 914 993 968 etiam
1026 916 1297 986 pleraque
1341 933 1447 987 per
1476 916 1733 988 symbola
1760 920 1877 971 tra-

252 1005 459 1061 diderit
480 1024 494 1075 ;
515 1013 569 1062 et
593 1006 846 1079 quidem,
867 1026 970 1079 pro
985 1012 1238 1063 veterum
1266 1009 1335 1065 de
1355 1027 1413 1065 se
1440 1011 1879 1082 prophetiarum

251 1100 396 1168 ﬁde,
432 1101 511 1156 ita
552 1106 674 1156 erat
726 1101 1058 1158 traditurus.
1102 1105 1255 1159 Tunc
1309 1120 1442 1158 vero
1482 1104 1724 1159 maxime
1764 1104 1880 1159 ido-

253 1213 363 1252 nea
419 1200 539 1250 erat
586 1197 847 1251 tradendi
912 1199 1054 1253 ratio
1106 1215 1239 1253 cum
1291 1216 1380 1254 res
1442 1200 1651 1253 futurae
1692 1199 1879 1253 trade-

250 1296 452 1346 rentur
495 1291 697 1362 quibus
753 1291 1017 1346 nondum
1071 1299 1329 1348 maturus
1375 1298 1520 1348 esset
1552 1292 1879 1348 auditorum

250 1389 475 1457 captus.
534 1385 676 1440 Cum
726 1386 879 1440 enim
916 1388 1051 1441 talia
1091 1387 1344 1442 traderet
1387 1389 1657 1456 Salvator,
1707 1388 1879 1442 etiam

249 1479 559 1550 discipulos
584 1496 687 1550 per
730 1481 985 1551 symbola
1032 1481 1304 1549 instituit,
1346 1481 1541 1536 dedita
1600 1480 1876 1536 nimirum

249 1590 439 1645 Opera,
469 1591 541 1628 ne
570 1580 740 1629 antea
780 1575 1241 1645 intelligerentur
1278 1593 1453 1647 quam
1483 1592 1681 1630 eorum
1703 1575 1877 1630 ﬁdem

250 1674 488 1723 eventus
542 1669 992 1740 comprobasset.
1033 1669 1202 1740 Atqui
1248 1670 1487 1741 Spiritus
1536 1670 1872 1740 baptismus,

1982 458 2096 495 non
2136 441 2436 495 hominum
2481 445 2655 498 modo
2710 444 2915 513 quibus
2962 443 3018 497 in
3061 444 3478 501 Pharisaeorum
3520 453 3617 502 aut

1980 536 2211 590 Joannis
2268 536 2632 607 disciplinam
2666 537 3145 606 adscriberentur,
3203 541 3298 594 sed
3366 546 3421 595 et
3466 559 3617 596 vaso-

1981 647 2105 684 rum
2137 646 2367 701 quoque
2402 630 2482 683 illi
2535 647 2943 703 sacrorumque
2985 635 3341 690 utensilium.
3373 635 3613 699 Quando

1980 725 2156 795 igitur
2176 728 2324 779 notae
2365 724 2804 795 significationis
2847 742 3045 781 vocem
3088 727 3365 783 Dominus
3414 731 3617 785 tribuit

1980 818 2274 889 martyrio,
2308 818 2369 872 id
2391 819 2553 873 illum
2606 820 2848 874 voluisse
2891 836 3120 875 necesse
3168 828 3270 885 est,
3300 823 3450 878 idem
3480 825 3602 879 fore

1983 930 2015 967 a
2043 912 2341 985 martyrio,
2383 913 2537 984 quod
2564 930 2598 967 a
2645 914 2946 984 baptismis
2989 915 3095 968 illis
3142 919 3610 988 exspectandum,

1982 1009 2047 1060 ut
2097 1007 2371 1062 nimirum
2434 1013 2549 1062 tam
2612 1008 2897 1080 sanguine
2944 1026 2976 1063 a
3029 1009 3142 1062 suis
3188 1010 3613 1080 impuritatibus

1981 1117 2150 1172 quam
2196 1118 2365 1173 aqua,
2396 1106 2778 1173 purgarentur
2813 1106 2983 1173 atque
3037 1104 3424 1174 expiarentur.
3453 1106 3614 1168 Quod

1980 1190 2027 1243 si
2090 1190 2282 1244 dicant
2334 1191 2598 1260 nuspiam
2650 1192 2926 1248 indicasse
2983 1194 3293 1249 Dominum
3352 1194 3456 1247 hos
3500 1210 3617 1249 esse

1979 1280 2255 1335 fructusa
2312 1282 2584 1351 martyrio
2616 1284 3009 1353 expectandos,
3070 1286 3243 1339 iidem
3309 1285 3610 1339 observare

1978 1374 2247 1442 poterant
2290 1387 2364 1425 ne
2418 1370 2488 1424 de
2527 1371 2798 1442 baptismi
2853 1375 3085 1445 quidem
3135 1381 3491 1430 sacramento
3546 1374 3605 1428 id

1980 1477 2235 1531 unquam
2263 1461 2519 1515 docuisse
2563 1462 2932 1519 Salvatorern.
2985 1464 3149 1518 Nulla
3195 1468 3346 1519 certe
3402 1464 3615 1519 mentio

1978 1558 2345 1625 peccatorum
2402 1556 2815 1625 expiandorum
2866 1557 2926 1613 in
2977 1559 3095 1629 ejus
3161 1558 3317 1629 apud
3367 1559 3419 1612 S.
3484 1559 3616 1613 Mat-

1976 1647 2190 1703 thaaum
2259 1648 2636 1716 institutione,
2690 1651 2844 1705 nulla
2884 1651 2945 1706 in
2999 1652 3119 1721 ejus
3174 1668 3276 1704 usu
3345 1652 3493 1721 apud
3547 1654 3601 1707 S.

247 1778 376 1834 qua,
415 1762 643 1833 quidem
690 1762 1037 1817 sacramenti
1076 1779 1209 1834 pars
1247 1766 1372 1817 erat
1409 1764 1721 1835 praecipua,
1757 1751 1951 1822 nonB
1975 1743 2271 1799 Joannem.
2314 1744 2382 1797 Et
2416 1748 2610 1797 tamen
2663 1744 2815 1798 hunc
2860 1744 3127 1814 baptismi
3183 1746 3610 1801 sacramentalis

244 1861 438 1911 tamen
484 1861 612 1911 ante
682 1858 1159 1913 resurrectionem
1224 1862 1347 1913 erat
1400 1858 1872 1919 communicatus,

244 1954 311 2004 ut
347 1950 588 2021 proinde
640 1949 802 2004 illum
864 1968 1089 2022 quoque
1122 1968 1236 2005 non
1280 1950 1504 2006 disertis
1532 1951 1736 2017 verbis,
1777 1950 1875 2004 sed

246 2060 413 2115 aqum
442 2044 719 2115 symbolo,
750 2045 1091 2115 praediceret
1125 2047 1303 2117 (Joun.
1327 2062 1424 2114 vn,
1458 2048 1546 2113 38,
1578 2048 1686 2115 39).
1709 2044 1873 2109 Quod

245 2138 293 2192 si
331 2138 681 2209 baptismum
732 2138 1001 2209 Spiritus,
1054 2140 1151 2209 qui
1181 2140 1248 2193 ad
1281 2139 1522 2210 gloriam
1582 2140 1704 2209 ejus
1743 2142 1872 2193 tan-

238 2236 435 2302 topere
480 2232 752 2299 faciebat,
794 2232 1049 2287 obscuris
1095 2238 1287 2288 tamen
1333 2232 1736 2304 mnigmatibus
1784 2232 1870 2285 in-

240 2326 583 2381 volvendum
650 2327 890 2396 duxerit,
922 2328 1103 2381 multo
1153 2331 1305 2383 certe
1370 2327 1576 2399 potiori
1654 2328 1871 2381 ratione

243 2420 616 2476 occultandas
692 2424 818 2474 erat
868 2420 1167 2492 sanguinis
1228 2420 1310 2475 illi
1382 2425 1551 2492 atque
1612 2420 1873 2491 martyrii

245 2529 421 2587 quem
464 2514 706 2570 modum
747 2515 965 2586 possint
1007 2515 1241 2569 omnino
1288 2532 1508 2586 capere.
1566 2516 1674 2569 Nec
1714 2514 1871 2568 enim

242 2610 314 2664 ad
345 2610 497 2664 hunc
540 2610 728 2681 ipsum
772 2610 1086 2665 Dominum
1129 2626 1195 2665 eo
1231 2609 1527 2679 sanguinis
1583 2608 1872 2679 baptismo

241 2704 411 2775 fungi
447 2709 707 2775 oportere
764 2704 1146 2771 crediderant,
1194 2704 1250 2758 in
1288 2703 1687 2758 inﬁdelitatem
1749 2702 1869 2756 fere

242 2798 479 2869 relapsi,
498 2815 627 2853 cum
655 2798 715 2853 id
731 2814 949 2865 verum,
968 2800 1180 2869 praeter
1206 2797 1661 2869 expectationem
1687 2813 1869 2864 suam,

240 2908 438 2947 revera
476 2893 883 2963 comperissent
927 2892 1158 2963 gravius
1203 2891 1438 2946 omnino
1468 2892 1691 2962 passuri
1718 2907 1874 2945 scan-

240 2986 440 3041 dalum
494 2987 541 3040 si
578 2986 684 3041 sibi
729 3003 955 3058 quoque
1006 2986 1276 3041 eumdem
1320 2984 1684 3040 subeundum
1735 3001 1872 3039 non-

239 3080 383 3135 dum
431 3081 643 3135 maturi
683 3080 1033 3136 didicissent.
1078 3079 1322 3135 Proinde
1342 3080 1596 3151 quamvis
1642 3096 1860 3149 eorum,

1976 1836 2227 1891 fructum
2268 1854 2368 1891 nos
2404 1837 2539 1891 alibi
2579 1854 2647 1891 ex
2679 1838 3066 1908 apostolorum
3114 1838 3335 1909 scriptis
3395 1840 3600 1910 proba-

1974 1930 2178 1985 vimus.
2222 1932 2383 1994 Quod
2434 1948 2570 2002 ergo
2628 1932 2712 1985 ita
2767 1932 3065 1986 docuerint
3117 1933 3376 2003 apostoli,
3426 1932 3483 1985 id
3535 1949 3601 1986 ex

1975 2031 2107 2080 nota
2145 2025 2265 2093 illa,
2294 2042 2472 2097 quam
2507 2025 2644 2092 dixi,
2690 2028 2825 2079 tunc
2882 2026 3157 2096 temporis
3196 2026 3610 2097 signiﬁcatione

1976 2119 2147 2184 vocis,
2198 2124 2257 2173 et
2305 2120 2389 2173 rei
2456 2120 2633 2189 ipsius
2706 2119 2859 2189 apud
2912 2120 3036 2174 illos
3089 2136 3123 2173 a
3192 2120 3394 2190 quibus
3450 2122 3612 2175 illam

1976 2211 2305 2279 Christiani,
2334 2228 2440 2265 usu
2480 2212 2602 2266 illos
2648 2212 2949 2269 deduxisse
2997 2216 3082 2267 est
3136 2229 3270 2268 sane
3315 2214 3615 2267 verisimil-

1974 2306 2196 2373 limum,
2242 2305 2348 2359 nisi
2401 2305 2471 2359 ad
2518 2322 2722 2360 novam
2766 2306 2951 2377 potius
3003 2307 3394 2377 apostolorum
3449 2324 3608 2362 reve-

1974 2400 2244 2454 lationem
2284 2399 2393 2468 hic,
2430 2400 2549 2453 sine
2587 2400 2700 2453 ulla
2748 2417 2978 2470 prorsus
3011 2401 3373 2467 necessitate,
3409 2402 3607 2456 confu-

1976 2492 2249 2563 giendum
2300 2496 2503 2564 putent
2565 2493 2893 2548 adversarii.
2936 2494 3100 2557 Quod
3148 2494 3194 2548 si
3245 2496 3481 2565 apostoli
3543 2512 3609 2551 ex

1971 2590 2105 2642 nota
2140 2588 2236 2641 illa
2269 2588 2415 2641 vocis
2462 2586 2880 2659 signiﬁcatione
2928 2588 3261 2658 collegerint
3312 2589 3596 2660 baptismo

1972 2680 2365 2735 sacramentali
2432 2680 2548 2735 vim
2613 2681 2767 2734 illam
2820 2684 3183 2751 peccatorum
3240 2682 3612 2752 expiatricem

1974 2791 2096 2829 esse
2136 2774 2532 2842 tribuendam;
2574 2774 2775 2845 quidni
2818 2777 2875 2829 et
2927 2792 3050 2842 nos,
3094 2792 3161 2830 ex
3201 2776 3458 2846 ejusdem
3510 2794 3602 2833 vo-

1972 2868 2050 2922 cis
2100 2868 2511 2939 signiﬁcatione
2580 2868 2785 2923 itidem
2865 2869 3221 2939 colligamus,
3292 2871 3607 2941 sanguineo

1974 2978 2199 3035 quoque
2240 2962 2521 3035 baptismo
2561 2962 2679 3017 vim
2726 2962 2991 3019 eamdem
3050 2964 3437 3035 purgatricem
3486 2982 3605 3023 esse

1972 3056 2190 3127 pariter
2228 3056 2587 3111 tribuendam
2607 3055 2634 3110 ?

242 3126 383 3135 ““u
431 3126 643 3135 ⁵⁸³³“”““⁶
686 3126 1033 3136 “⁸“⁸ν⁶“¹“’ν“⁴”’
1078 3126 1322 3135 ⁵⁶ν’“’“““’
1344 3126 1595 3151 Ἰ“’““’“⁵’¹“’
1646 3126 1860 3149 νν⁹⁹““’”1
1973 3126 1989 3127 7
2538 3150 2547 3159 .
3138 3152 3147 3162 ⁸

237 3191 369 3247 quas
396 3192 495 3229 sua
547 3192 710 3230 causa
752 3176 974 3247 passuri
1012 3178 1179 3230 erant
1209 3174 1494 3245 discipuli,
1537 3126 1939 3230 memineritC
2035 3151 2067 3221 ἓ
2241 3181 2309 3190 ⁵-
2339 3152 2416 3247 Ne
2454 3168 2581 3247 ‘1‘“?
2606 3152 2798 3247 “item
2856 3154 3018 3247 Ρυίξῖξ
3057 3168 3287 3247 “meum
3329 3159 3593 3211 nostrum

236 3268 543 3340 aliquoties
562 3269 1065 3339 Dominus(Matth.
1098 3286 1173 3323 xx
1190 3284 1264 3337 Iv,
1292 3270 1460 3323 Marc.
1481 3268 1621 3338 xm),
1652 3285 1722 3322 ne
1735 3283 1865 3322 cum

229 3363 576 3433 evenissent,
622 3380 756 3418 eum
800 3362 1049 3430 latuisse,
1083 3365 1182 3416 aut
1228 3368 1439 3433 praeter
1488 3362 1637 3416 illius
1690 3362 1867 3416 consi-

228 3458 378 3514 lium
420 3458 696 3525 evenisse,
739 3458 1193 3530 snspiearentur;
1246 3457 1303 3510 id
1348 3462 1540 3513 tamen
1580 3460 1743 3511 caute
1773 3456 1864 3510 ad-

230 3553 496 3622 modum,
527 3555 585 3607 et
624 3568 729 3624 pro
786 3550 1149 3606 infirmorum
1203 3555 1368 3622 captu
1403 3551 1554 3619 fecit,
1594 3567 1666 3606 ne
1724 3550 1864 3604 dum

224 3652 297 3705 ut
315 3648 663 3722 baptismum
705 3646 1013 3719 sanguinis,
1069 3646 1169 3718 qui
1196 3648 1372 3701 status
1421 3650 1545 3701 erat
1583 3645 1859 3717 patiendi,

226 3744 530 3817 perspicue
560 3747 1055 3800 commemoraret.

304 3839 336 3913 §
370 3844 455 3895 ll.
483 3872 552 3882 -—
598 3838 1026 3895 Observandum
1076 3836 1272 3908 itaque
1326 3834 1594 3903 secundo,
1635 3834 1693 3889 id
1726 3850 1861 3905 quo-

224 3953 342 4009 que
393 3935 593 4007 negari
648 3950 763 3989 non
802 3948 981 4005 posse,
1037 3932 1365 4003 passionem
1426 3946 1587 3985 suam
1652 3929 1861 4001 baptis-

221 4048 392 4087 mum
462 4030 766 4102 appellasse
844 4027 1188 4083 Salvatorem
1229 4040 1243 4081 :
1289 4030 1345 4079 et
1418 4026 1570 4097 quod
1614 4023 1860 4096 apostoli

217 4143 331 4199 pro
372 4125 493 4196 ejus
523 4123 751 4179 nomine
798 4121 1020 4193 passuri
1054 4124 1261 4187 essent,
1297 4119 1656 4174 tantumdem
1704 4118 1856 4190 apud

217 4221 389 4278 illum
432 4219 619 4274 valere
656 4234 719 4272 ac
774 4216 1046 4288 baptizari
1100 4232 1165 4271 eo
1216 4214 1499 4285 baptismo
1552 4229 1664 4285 quo
1711 4214 1857 4267 esset

216 4315 342 4386 ipse
382 4312 696 4384 baptizatus
725 4311 944 4382 (Matth.
987 4327 1077 4380 xx,
1115 4309 1226 4381 22).
1270 4309 1347 4362 Ita
1381 4308 1536 4361 enim
1563 4308 1623 4361 in
1665 4309 1855 4363 Graeco

212 4409 519 4477 habemus,
566 4413 620 4461 et
700 4407 757 4462 in
828 4406 951 4461 aliis
1012 4402 1409 4461 vetustissimis
1466 4401 1848 4471 versionibus,

1967 3244 2297 3315 praesidium
2352 3244 2409 3299 in
2463 3243 2611 3298 vocis
2665 3244 2784 3314 ipsa
2828 3244 3243 3315 signiﬁcatione
3283 3263 3403 3302 esse
3446 3250 3591 3319 posi-

1965 3343 2125 3405 tum;
2169 3354 2295 3409 age,
2338 3337 2649 3407 videamus,
2688 3353 2879 3392 annon
2918 3354 2985 3392 ex
3028 3354 3091 3392 re
3110 3339 3232 3410 ipsa
3270 3345 3491 3396 constet
3510 3359 3595 3397 re-

1967 3435 2052 3487 cte
2098 3432 2187 3485 hic
2239 3448 2273 3484 a
2310 3430 2603 3486 veteribus
2657 3435 2957 3502 acceptum
3005 3448 3124 3488 esse
3183 3433 3590 3492 Salvatorem?

1966 3525 2389 3581 Observandum
2458 3525 2653 3598 itaque
2714 3526 2903 3594 tertio,
2956 3527 3435 3585 verisimillimam
3496 3532 3595 3587 ho-

1964 3636 2095 3674 rum
2124 3620 2377 3675 locorum
2409 3619 2787 3689 occasionem,
2832 3620 2890 3674 in
2934 3620 3141 3693 quibus
3173 3621 3243 3675 de
3301 3622 3591 3694 baptismo

1965 3709 2259 3780 sanguinis
2296 3708 2390 3779 agi
2449 3697 2818 3763 crediderunt
2878 3714 3119 3778 veteres,
3180 3712 3353 3766 fuisse
3382 3720 3595 3785 marty-

1961 3803 2133 3858 rium.
2173 3802 2366 3857 Alium
2424 3801 2586 3856 illum
2638 3801 3007 3872 baptismum,
3045 3820 3157 3874 quo
3193 3821 3251 3859 se
3304 3806 3445 3860 dixit
3484 3810 3590 3863 Do-

1960 3893 2149 3948 minus
2185 3893 2309 3955 fore
2347 3890 2771 3962 baptizandum,
2807 3890 2877 3943 de
2918 3892 3176 3961 passione
3207 3894 3329 3964 ejus
3363 3896 3419 3949 in
3461 3912 3586 3953 cru-

1960 4004 2021 4043 ce
2097 3984 2531 4057 intelligendum
2594 4000 2714 4038 esse
2778 4000 2946 4039 nemo
3028 3984 3267 4041 dubitet.
3330 3990 3409 4044 Ea
3487 4009 3585 4047 au-

1959 4088 2074 4139 tem
2100 4081 2221 4151 ipsa
2255 4078 2468 4152 passio,
2510 4094 2613 4149 pro
2668 4094 2829 4133 more
2880 4078 3056 4133 etiam
3111 4080 3455 4153 scriptorum
3496 4103 3583 4143 sa-

1957 4191 2207 4242 crorum,
2231 4172 2574 4244 martyrium
2633 4173 2968 4245 appellatur.
3035 4174 3170 4228 Inde
3219 4182 3275 4231 et
3316 4177 3434 4249 ipse
3480 4183 3586 4237 Do-

1955 4270 2145 4326 minus
2209 4275 2403 4347 μάρτυς
2457 4272 2483 4323 ὁ
2533 4279 2713 4331 πιστὸς
2766 4274 2850 4322 καὶ
2906 4270 3133 4333 αληθινὸς
3198 4270 3369 4341 Apoc.
3419 4291 3458 4338 1,
3514 4279 3583 4344 5;

1953 4391 2032 4442 111,
2075 4372 2257 4442 14)(21.
2301 4371 2507 4427 dicitur
2559 4382 2888 4451 μαρτυρῆσαι
2944 4378 3025 4428 ὲπί
3083 4382 3296 4430 Ποντίου
3362 4380 3583 4436 Πιλάτου

214 4506 425 4561 desunt
478 4476 667 4557 tamen
705 4518 769 4557 ea
797 4500 968 4555 verba
1019 4498 1077 4553 in
1138 4497 1334 4552 Latino
1386 4496 1697 4568 interprete
1726 4498 1850 4552 vul-

1967 4487 2041 4541 τὴν
2112 4481 2266 4539 καλὴν
2318 4478 2583 4551 opido/iani
2616 4477 2664 4545 (Ι
2706 4477 2865 4537 Tim.,
2912 4491 2986 4542 γι,
3050 4476 3153 4547 13).
3212 4478 3347 4542 Qum
3412 4481 3584 4537 verba

216 4602 391 4671 gate,
420 4596 857 4668 suifragantibus
884 4594 1059 4649 etiam
1092 4593 1303 4647 Hilario
1329 4594 1530 4665 (Hilar.
1551 4608 1671 4647 can.
1705 4594 1773 4647 30
1796 4596 1853 4647 in

1967 4581 2153 4636 omnia
2183 4580 2543 4651 martyrium,
2577 4595 2681 4650 pro
2721 4578 3012 4650 prima:sz
3045 4579 3307 4634 Ecclesia:
3345 4582 3584 4639 idioma-

213 4692 470 4763 Matth.),
530 4690 858 4761 Ambrosio,
926 4689 1272 4760 Hieronymo
1325 4687 1578 4759 (Hieron.
1622 4687 1723 4742 lib.
1771 4704 1850 4743 ιιι.

217 4788 421 4845 Comm.
454 4790 513 4841 in
548 4787 743 4840 Matth.
786 4784 909 4855 xx),
944 4783 1199 4855 ipsoque,
1230 4780 1513 4853 quidquid
1546 4781 1753 4836 innuat
1794 4780 1853 4834 in

214 4881 570 4935 contrarium
598 4878 839 4946 Grotius,
893 4877 1140 4948 Origene
1180 4875 1255 4946 (in
1291 4876 1515 4944 Matth.,
1549 4876 1691 4930 tom.
1722 4875 1850 4943 XVI,

214 4991 282 5047 p.
311 4974 414 5028 415
465 4973 555 5030 ed.
589 4973 921 5043 Huetianas).
957 4972 1235 5027 Convenit
1260 4973 1453 5024 tamen
1487 4986 1619 5024 cum
1649 4968 1853 5024 Graecis

213 5066 509 5124 codicibus
556 5066 972 5123 vetustissimus
1018 5064 1299 5135 interpres
1325 5063 1516 5134 Syrus,
1538 5066 1595 5118 et
1641 5067 1707 5117 ut
1762 5063 1852 5117 hic

212 5162 606 5234 expungenda
630 5178 751 5217 esse
798 5162 1126 5229 fateremur,
1164 5158 1304 5229 quin
1360 5161 1557 5212 tamen
1613 5157 1763 5228 apud
1795 5158 1848 5212 S.

210 5258 467 5313 Marcum
518 5255 762 5327 legenda
809 5255 923 5310 siut
964 5256 1105 5325 (cap.
1155 5270 1210 5323 x,
1269 5255 1358 5323 38,
1398 5252 1510 5322 39),
1556 5268 1729 5306 nemo
1769 5254 1854 5305 est

211 5345 317 5418 qui
338 5345 581 5415 dubitet,
610 5351 673 5399 ut
700 5345 939 5416 proinde
978 5343 1121 5399 nihil
1154 5343 1226 5398 sit
1255 5343 1406 5415 quod
1447 5343 1517 5397 de
1548 5358 1853 5413 argumen-

212 5445 278 5495 to
300 5442 644 5494 metuamus.
676 5438 785 5495 Sed
830 5439 998 5494 aliam
1046 5438 1137 5493 hic
1176 5438 1647 5510 signiﬁcationem
1681 5436 1852 5505 hujus

208 5533 368 5589 vocis
407 5533 737 5606 intelligent
776 5533 1084 5588 adversarii
1114 5550 1289 5605 quam
1317 5548 1431 5603 qua
1472 5531 1694 5586 utimur
1718 5544 1850 5583 cum

213 5630 289 5686 de
331 5631 689 5684 sacramento
720 5629 1031 5701 loquimur.
1054 5625 1567 5696 Ostendantigitur
1595 5624 1767 5679 aliam
1792 5623 1849 5677 in

210 5725 366 5783 illius
421 5724 527 5780 texi
576 5723 906 5779 auctoribus
947 5737 1123 5795 quam
1180 5737 1308 5793 quae
1353 5718 1428 5774 ad
1470 5718 1849 5791 expiationem

212 5820 843 5896 sanctiﬁcationemque
882 5815 1151 5894 pertinet.
1184 5816 1267 5877 Eo
1309 5816 1469 5871 certe
1492 5812 1844 5889 spectabant,

1955 4684 2029 4750 te,
2085 4680 2407 4750 designant.
2439 4678 2516 4731 Ne
2567 4676 2705 4748 quid
2738 4682 2931 4732 autem
2961 4676 3055 4731 hic
3091 4676 3159 4731 ab
3192 4680 3583 4737 ecclesiasticis

1956 4774 2256 4830 conﬁctam
2313 4771 2676 4838 arbitremur,
2720 4770 2891 4825 etiam
2944 4770 3121 4842 ipsam
3181 4774 3441 4846 martyrii
3488 4793 3583 4833 vo-

1954 4886 2076 4925 cem
2147 4865 2555 4939 signilicatione
2621 4864 2999 4921 ecclesiastica
3062 4872 3347 4939 usurpant
3407 4887 3580 4927 sacris

1953 4973 2185 5027 litterae.
2254 4972 2336 5026 Ita
2371 4968 2567 5038 μάρτυς
2616 4959 2936 5030 Stephanus
2976 4959 3123 5031 (Act.
3193 4978 3327 5033 xxu,
3360 4966 3472 5035 20),
3526 4972 3584 5023 et

1952 5070 2145 5141 μάρτυς
2189 5064 2214 5115 ὸ
2263 5067 2443 5123 πιστὸς
2496 5066 2730 5139 Antipas
2781 5067 2969 5137 (Apoc.
3038 5084 3096 5135 ιι,
3140 5071 3245 5139 l3),
3312 5087 3441 5141 quae
3488 5089 3581 5129 ea-

1970 5168 2067 5221 dm
2106 5164 2354 5220 Domino
2410 5167 2581 5217 antea
2626 5161 2927 5228 tribuerat,
2963 5167 3024 5217 ut
3062 5162 3327 5230 vidimus,
3380 5172 3579 5224 auctor

1952 5260 2385 5332 Apocalypseos,
2427 5274 2501 5312 ne
2531 5257 2659 5328 quis
2679 5255 2774 5310 hic
2801 5256 3044 5312 miretur
3075 5259 3340 5328 martyris
3377 5276 3578 5317 vocem

1953 5356 2126 5409 etiam
2163 5353 2400 5408 Domino
2450 5352 2741 5419 tributam,
2773 5365 2944 5405 sensu
2982 5350 3379 5420 ecclesiastico,
3418 5354 3583 5411 intel-

1952 5447 2158 5500 lectam
2200 5462 2321 5499 esse
2378 5461 2413 5498 a
2463 5441 2765 5497 veteribus.
2818 5442 2898 5495 Ita
2960 5443 3110 5497 certe
3172 5441 3416 5507 alienam
3467 5462 3579 5501 non

1953 5536 2322 5591 crediderunt
2356 5551 2389 5588 a
2414 5532 2652 5589 Domino
2696 5532 2843 5587 hanc
2874 5531 3042 5603 hujus
3081 5534 3234 5589 vocis
3297 5536 3581 5607 signiﬁca

1955 5630 2193 5697 tionem,
2232 5633 2295 5685 ut
2331 5627 2623 5700 propriam
2686 5627 2859 5682 etiam
2910 5627 3029 5683 fere
3065 5628 3303 5684 Domino
3339 5630 3585 5685 fecerint

1948 5719 2058 5792 ipsi
2087 5721 2370 5791 martyres
2401 5717 2663 5773 nonnulli
2689 5718 2841 5791 apud
2860 5717 3169 5774 Eusebium
3198 5718 3370 5792 (Hist.
3394 5718 3587 5777 eccles.

1949 5826 2002 5882 v,
2044 5808 2125 5885 2).
2168 5808 2334 5876 Quod
2370 5808 2416 5865 si
2439 5808 2669 5871 Domini
2711 5808 2896 5884 passio
2939 5808 3307 5881 martyrium,
3352 5806 3603 5868 eadem-
