4082 6194
529 202 667 256 1167

523 343 634 400 que
659 327 733 382 sit
754 324 1024 398 baptismi
1045 331 1268 397 quoque
1286 324 1521 380 nomine
1541 325 1923 399 insignienda,
1949 329 2152 402 ecquid
2179 351 2238 424 Α

523 438 734 476 novum
764 421 1081 476 alienumve
1125 417 1364 474 dicimus
1416 420 1463 474 si
1489 420 1661 476 etiam
1699 423 1769 476 de
1809 425 2156 495 martyribus

525 513 1082 570 ecclesiasticisidem
1113 513 1513 583 afﬁrmemus?_

589 608 620 680 §
654 612 738 663 l3.
775 637 834 650 -—
891 608 1002 664 Sed
1035 613 1092 662 et
1130 607 1373 663 aliorum
1427 610 1617 664 locum
1675 611 2033 667 occasionem
2065 629 2159 667 eo-

517 703 651 758 dem
700 703 991 758 collimare
1041 707 1126 758 est
1170 719 1306 758 sano
1341 703 1782 760 verisimillium.
1825 707 1969 760 Cum
2025 707 2158 762 scri-

514 797 678 853 beret
716 797 1009 868 apostolus
1060 800 1288 852 sanctus
1331 799 1599 866 Joannes,
1622 799 1749 869 jam
1795 799 1906 855 orti
1948 801 2154 856 viden-

516 895 612 946 tur
667 891 960 959 haerastici,
1019 891 1434 946 Valentinianis
1481 893 1712 963 quidem
1771 893 2150 965 antiquiores,

518 1002 718 1041 eorum
769 990 964 1040 tamen
1010 989 1277 1056 parentes
1321 989 1491 1058 atque
1539 986 1814 1058 origines,
1845 1003 1952 1042 nec
1997 988 2155 1042 enim

517 1097 750 1152 prorsus
807 1095 1018 1134 novum
1070 1085 1190 1134 erat
1233 1079 1760 1135 Valentinianorum
1802 1081 2153 1152 institutum,

515 1174 618 1229 sed
647 1173 908 1245 priorum
948 1172 1357 1228 haereticorum
1393 1173 1628 1229 inventa
1679 1182 1805 1252 πρὸς
1852 1175 1980 1232 ἴδιον
2031 1199 2152 1250 χα-

514 1288 748 1357 ρακτῆρα
803 1281 1121 1355 μεθὴρμωσε,
1162 1276 1348 1347 inquit
1413 1277 1483 1332 de
1538 1278 1833 1333 Valentino
1900 1280 2153 1334 lrenaeus

504 1379 636 1458 (lib.
686 1397 724 1448 I,
765 1397 813 1436 c.
864 1379 955 1450 5);
994 1377 1288 1451 cujusdam
1332 1378 1538 1434 veteris
1593 1379 1879 1451 Opinionis
1933 1382 2153 1436 semina

510 1478 711 1530 nactus
762 1477 869 1542 est,
921 1476 1064 1530 teste
1104 1473 1455 1528 Tertulliano
1510 1473 1660 1545 (adv.
1699 1477 1916 1531 Valent.
1964 1492 2011 1530 c.
2070 1476 2146 1547 4).

507 1567 578 1625 Ut
608 1569 785 1641 igitur
813 1569 1006 1623 Jesum
1053 1585 1086 1622 a
1125 1568 1348 1623 Christo
1389 1568 1704 1624 diviserunt
1746 1569 2144 1641 Valentiniani,

507 1663 582 1718 ad
629 1662 1001 1734 antiquorum
1055 1661 1462 1718 haereticorum
1507 1663 1828 1734 exemplum
1887 1664 2146 1736 apostolo

1494 197 1698 263 HENR.
1739 197 2099 258 DODWELLI
2136 187 2438 257 DISSERT.
2481 200 2928 260 CYPRIAN.'IH.

3687 214 3805 276 υδεε

2259 329 2362 384 dus
2408 330 2583 398 (Joan.
2637 348 2694 399 Ι,
2749 329 2862 400 36).
2911 331 2987 385 Ea
3031 333 3225 386 autem
3284 332 3614 393 sanctificatio
3653 345 3798 412 qualis

2257 419 2699 490 intelligeretur,
2758 437 2789 474 e
2838 420 3208 489 {sanctissimo
3284 421 3576 479 Judaeorum
3636 429 3800 500 ofﬁcio,

2259 530 2487 568 summo
2531 514 2802 568 nimirum
2857 515 3198 584 sacerdotio,
3247 515 3455 586 optime
3505 521 3800 592 colligemus.

2259 608 2322 662 In
2381 607 2526 662 illius
2573 608 2764 680 itaque
2804 608 3251 664 sanctiﬁcatione
3293 613 3405 664 tam
3451 627 3628 683 aquam
3663 634 3803 687 quam

2259 699 2437 755 etiam
2467 701 2808 772 sanguinem
2842 703 3032 758 locum
3073 703 3339 758 habuisse
3378 711 3602 775 constat;
3644 727 3804 780 aquam

2257 793 2521 865 equidem
2575 797 2748 851 Exod.
2805 811 2949 866 XXIX,
2986 798 3054 865 4;
3095 799 3218 852 Lev.
3271 814 3388 864 vm,
3421 801 3484 869 6;
3538 807 3803 871 sanguinem

2258 891 2454 942 autem
2482 890 2682 959 Exod.,
2708 906 2856 959 xxxx,
2900 892 2989 960 20,
3013 893 3071 944 21
3101 908 3117 960 ;
3166 893 3361 958 Leuit,
3406 909 3508 961 Vlll,
3536 897 3623 962 23,
3645 899 3716 952 25.
3737 900 3806 953 Ad

2255 983 2512 1038 Messiam
2549 983 2704 1038 enim
2768 988 3045 1056 tanquam
3090 985 3397 1056 mysticum
3446 990 3711 1059 evangelici
3734 993 3809 1047 {ce-

2257 1075 2406 1131 deris
2460 1077 2831 1146 sacerdotem,
2878 1078 3075 1134 retulit
3104 1079 3162 1133 in
3215 1079 3320 1134 hac
3362 1080 3478 1150 ipsa
3515 1098 3659 1137 causa
3696 1089 3811 1156 Apo-

2255 1171 2430 1224 stolus
2469 1171 2651 1226 Judaei
2691 1171 2976 1243 pontiﬁcis
3019 1175 3370 1245 exemplum,
3400 1175 3542 1246 quod
3570 1176 3651 1232 ille
3675 1179 3810 1234 etiam

2253 1265 2514 1335 passione
2601 1282 2703 1321 sua
2809 1272 2955 1321 esset
3036 1268 3484 1324 sanctiﬁcandus.
3576 1274 3811 1338 Τελειὼσεος

2251 1385 2389 1424 voce
2432 1385 2568 1424 usus
2598 1373 2685 1424 est
2730 1371 3035 1442 Apostolus
3063 1373 3247 1443 (Hebr.
3288 1389 3348 1440 ιι,
3388 1376 3578 1443 10,11;
3610 1391 3657 1445 v,
3682 1379 3725 1444 8,
3753 1377 3809 1446 9),

2251 1462 2492 1533 mystica
2510 1463 2790 1518 nimirum
2819 1464 2936 1533 illa,
2963 1471 3023 1521 et
3068 1482 3244 1521 sacras
3287 1467 3665 1538 mysteriorum
3695 1485 3808 1540 prie-

2252 1557 2484 1612 fecturm
2515 1558 2771 1630 propria.
2804 1560 2885 1614 Ita
2919 1562 3112 1615 tamen
3137 1560 3346 1615 Christi
3373 1561 3478 1616 hoc
3495 1563 3810 1618 sacerdotium

2250 1666 2382 1706 cum
2446 1652 2780 1708 Judmorum
2840 1653 3157 1710 sacerdotio
3223 1655 3510 1711 contendit
3549 1657 3810 1728 Apostolus.

509 1773 849 1826 coaevorum,
891 1772 1136 1829 quorum
1197 1757 1490 1813 occasione
1533 1762 1652 1812 tam
1680 1760 1765 1812 est
1808 1757 1867 1812 in
1897 1774 1965 1813 eo
2015 1747 2326 1829 ipsoBUt,
2398 1762 2529 1801 cum
2595 1748 2655 1802 in
2719 1747 3016 1820 Utriusque
3081 1750 3505 1804 consecratione
3575 1752 3813 1822 Sanguinis

505 1857 848 1923 argumento
892 1853 1106 1906 multus
1139 1851 1199 1905 in
1251 1851 1441 1922 prima
1485 1869 1586 1906 sua
1631 1852 1868 1923 epistola
1910 1859 2138 1924 aposto-

507 1947 632 2016 lus;
680 1946 757 2000 ita
815 1950 870 2000 et
926 1945 1200 2016 martyria
1250 1962 1379 2000 cum
1445 1945 1654 2000 iisdem
1725 1946 2141 2001 Valentinianis

506 2040 740 2095 eosdem
768 2039 944 2094 etiam
988 2039 1240 2110 apostolo
1281 2056 1495 2094 coeevos
1547 2040 1847 2095 haereticos
1879 2040 2138 2094 sustulis-

505 2149 566 2188 se
611 2133 902 2204 probabile
939 2138 1043 2189 est.
1094 2134 1158 2187 In
1198 2133 1352 2187 illam
1401 2136 1554 2187 certe
1600 2134 1947 2189 sententiam
1985 2135 2136 2205 opti-

504 2244 598 2282 me
652 2227 1018 2299 quadrabunt
1067 2228 1312 2298 apostoli
1349 2230 1714 2298 argumenta,
1772 2232 1834 2283 ut
1879 2233 2008 2283 ante
2034 2245 2137 2283 nos

505 2324 700 2376 noster
747 2321 1065 2376 observavit
1113 2321 1540 2376 Hammondus.
1591 2321 1921 2376 Antichristi
1973 2328 2138 2377 erant

498 2416 559 2469 hi
587 2415 840 2469 haeretici
869 2432 989 2483 seu,
1029 2414 1182 2486 quod
1211 2415 1366 2486 apud
1408 2417 1723 2486 apostolum
1775 2417 2134 2471 tantumdem

499 2509 664 2578 valet,
697 2509 1161 2579 pseudo-christi,
1197 2510 1346 2579 quod
1374 2509 1576 2566 Christi
1613 2509 1838 2563 'Judzeis
1868 2510 2134 2581 promissi

497 2618 804 2674 personam
837 2603 943 2674 ipsi
982 2603 1042 2657 in
1084 2619 1142 2657 se
1171 2603 1541 2674 susciperent.
1587 2603 1828 2658 Proinde
1878 2604 2021 2658 illud
2053 2603 2134 2658 in-

495 2697 622 2752 nuit
673 2697 956 2768 apostolus
1015 2696 1194 2751 totius
1232 2697 1522 2766 Evangelii
1577 2697 1662 2751 sui
1730 2696 1901 2751 fuisse
1948 2697 2130 2752 consi-

499 2791 664 2860 lium,
701 2796 762 2845 ut
807 2789 1110 2846 crederent
1150 2792 1342 2845 Jesum
1384 2791 1556 2846 fuisse
1589 2790 1794 2845 Filium
1820 2790 1918 2845 Dei
1950 2792 2127 2862 (Joan.

495 2899 587 2955 xx,
622 2884 711 2954 31)
764 2884 952 2956 (quem
991 2901 1205 2957 nempe
1256 2885 1490 2939 titulum
1524 2885 1734 2939 Messias
1773 2901 1871 2939 suo
1925 2902 1955 2939 e
1987 2886 2128 2940 Psal.

493 2993 556 3049 11,
608 2982 660 3046 7,
692 2978 846 3032 illius
892 2979 1085 3034 saeculi
1125 2978 1303 3033 Judaei
1373 2978 1741 3050 asserebant),
1777 2995 1894 3034 non
1934 2984 2131 3033 autem

491 3071 622 3127 illos
653 3071 1058 3127 haereticorum
1099 3072 1533 3143 antesignanos.
1560 3073 1743 3136 Quare
1769 3072 1920 3127 inter
1957 3079 2126 3126 caete-

2242 1856 2412 1894 usum
2447 1840 2766 1896 adhibitum
2804 1842 3120 1912 probasset,
3149 1843 3208 1897 in
3231 1859 3298 1898 eo
3331 1844 3626 1899 eminuerit
3651 1845 3815 1901 Christi

2240 1933 2624 1988 sacerdotium
2690 1936 2842 2006 quod
2905 1953 3009 1991 suo
3074 1937 3368 1992 dumtaxat
3427 1938 3680 2010 sanguine
3716 1955 3818 1994 con-

2240 2033 2490 2082 secratus
2525 2028 2728 2084 fuisset
2793 2029 3049 2084 Christus
3112 2047 3243 2085 cum
3281 2033 3510 2086 externo
3566 2033 3813 2087 dumtaxat

2238 2121 2524 2192 pecudum
2550 2123 2827 2193 sanguine
2886 2124 2976 2178 usi
3020 2131 3205 2180 essent
3251 2126 3313 2179 in
3361 2127 3692 2182 sacerdotum
3714 2145 3814 2181 suo-

2237 2231 2367 2269 rum
2394 2216 2824 2272 consecratione
2862 2218 3043 2272 Judaei
3070 2218 3281 2288 (Hebr.,
3320 2236 3394 2284 Ix,
3445 2223 3527 2287 25,
3566 2221 3662 2290 26).
3690 2221 3813 2275 ldem

2239 2311 2298 2363 et
2325 2309 2461 2364 alibi
2488 2310 2694 2381 saepius
2739 2310 3005 2382 inculcat,
3039 2329 3168 2368 cum
3207 2330 3323 2368 non
3366 2318 3647 2369 taurorum
3671 2315 3814 2369 hirco-

2240 2419 2466 2471 rumve,
2496 2404 2597 2458 sed
2633 2421 2764 2461 vero
2802 2407 3030 2477 proprio
3073 2407 3350 2463 duntaxat
3387 2411 3649 2480 sanguine
3665 2408 3814 2463 Chris-

2237 2501 2358 2552 tum
2423 2498 2590 2553 docet
2657 2499 2961 2555 initiatum.
3025 2503 3173 2573 Ergo
3245 2519 3380 2558 cum
3431 2504 3625 2558 Judazis
3675 2504 3723 2557 in
3761 2520 3813 2556 eo

2236 2595 2583 2648 convenerat
2621 2594 2930 2665 apostolus,
2976 2595 3050 2648 ad
3098 2613 3346 2667 quorum
3393 2596 3652 2668 principia
3682 2612 3816 2650 suam

2235 2686 2326 2740 hic
2367 2686 2577 2757 aptavit
2637 2689 3196 2758 argumentationem
3221 2733 3234 2758 ,
3275 2696 3341 2745 ut
3380 2690 3686 2762 pontiﬁcem
3722 2690 3816 2743 fore

2233 2780 2576 2836 Christuma
2623 2798 2848 2836 summo
2895 2783 3171 2838 nimirum
3215 2784 3545 2839 Judaaorum
3595 2783 3814 2854 pontiﬁce

2234 2874 2661 2943 adumbratum,
2711 2877 2788 2930 ita
2833 2877 2930 2948 qui
2986 2894 3154 2932 verus
3177 2879 3413 2933 futurus
3449 2882 3590 2933 esset
3630 2877 3818 2931 Messias

2231 2969 2514 3039 sanguine
2538 2970 2753 3041 pariter
2781 2987 2845 3024 ac
2874 2987 3025 3042 aqua
3063 2974 3182 3026 tam
3201 2973 3396 3043 ipsum
3447 2973 3564 3027 fore
3612 2972 3816 3024 lustran-

2230 3062 2364 3116 dum
2391 3063 2518 3134 (vel,
2553 3069 2614 3119 ut
2637 3065 2957 3136 evangelica
2984 3082 3118 3120 voce
3146 3069 3405 3134 utamur,
3440 3065 3817 3138 baptizandum)

493 3181 560 3220 ra
610 3168 950 3237 argumenta
1021 3165 1228 3238 quibus
1291 3131 1506 3220 ialsum
1569 3131 1735 3220 illum
1776 3167 1845 3220 de
1906 3166 2126 3221 Christo
2150 3131 2204 3205 Ο
2231 3131 2405 3230 quam
2433 3161 2580 3217 alios
2608 3131 2814 3216 iisdem
2839 3179 2960 3218 esse
2996 3131 3489 3220 lustrandumrDe
3512 3131 3687 3236 aquae
3708 3131 3815 3232 bap

492 3263 835 3331 praetextum
896 3259 1102 3315 refellit
1165 3259 1479 3330 apostolus,
1537 3258 1633 3313 illo
1707 3275 1933 3332 quoque
1991 3276 2127 3314 usus

494 3354 580 3404 est
601 3349 672 3404 de
712 3348 831 3403 veri
855 3347 1067 3405 Christi
1117 3348 1364 3403 adventu
1418 3364 1524 3420 per
1550 3357 1758 3420 aquam
1791 3352 1847 3403 et
1891 3348 2123 3420 sangui-

491 3458 650 3498 nem.
694 3445 794 3498 Hic
840 3447 935 3505 est,
983 3441 1175 3513 inquit
1194 3442 1246 3511 (Ι
1275 3443 1460 3511 Joan.,
1508 3459 1564 3506 ν,
1594 3443 1672 3513 6),
1714 3445 1812 3513 qui
1840 3445 1992 3498 venit
2025 3459 2125 3514 per

493 3552 698 3610 aquam
722 3543 771 3595 et
813 3542 1131 3610 sanguinem
1177 3542 1333 3595 Iesus
1387 3540 1670 3607 Christus;
1708 3557 1816 3596 non
1860 3543 1921 3595 in
1972 3555 2124 3611 aqua

489 3635 681 3700 solum,
712 3634 806 3690 sed
830 3637 891 3688 in
934 3650 1082 3704 aqua
1121 3640 1174 3689 et
1219 3637 1506 3705 sanguine.
1550 3635 1597 3688 Α
1629 3635 1804 3706 signis
1846 3635 2120 3690 nimirum

486 3727 607 3783 veri
645 3727 857 3784 Messias
893 3732 1328 3799 argumentatus
1355 3735 1439 3784 est
1483 3729 1552 3784 de
1595 3729 1800 3801 quibus
1838 3729 1988 3784 inter
2027 3731 2121 3785 Ju-

487 3823 672 3892 daeos,
699 3823 790 3878 vel
838 3821 1041 3878 saltem
1090 3821 1238 3877 illius
1275 3822 1378 3877 aevi
1423 3823 1792 3892 Christianos,
1849 3839 2119 3878 convene-

484 3922 594 3986 rat,
624 3919 739 3971 tam
780 3919 845 3971 ut
883 3918 1078 3971 Jesum
1113 3919 1372 3971 nostrum
1421 3933 1619 3972 verum
1665 3918 1924 3974 Messiam
1965 3933 2120 3974 com-

481 4010 776 4082 probaret,
806 4026 979 4081 quam
1011 4014 1072 4065 ut
1115 4011 1605 4081 pseudo-christos
1635 4011 1757 4066 illos
1787 4013 1873 4066 vel
1895 4027 1960 4067 eo
1991 4011 2115 4083 ipso

479 4103 752 4175 baptismi
811 4104 1044 4158 nomine
1089 4103 1459 4175 improbaret.
1519 4107 1710 4168 Venit,
1758 4104 1965 4177 inquit,
2019 4120 2151 4176 per'

480 4189 682 4268 aquam
727 4202 778 4252 et
830 4198 1173 4266 sanguinem.
1241 4199 1455 4270 Nempe
1529 4198 1684 4253 inter
1757 4199 1900 4255 alios
1976 4201 2115 4255 Mes-

481 4291 580 4346 sias
642 4291 866 4359 titulos,
923 4292 1129 4362 quibus
1194 4292 1356 4347 illum
1429 4293 1795 4364 designatum
1881 4293 2108 4349 intelle-

478 4388 684 4441 xerant
713 4385 775 4439 in
831 4384 1150 4456 Scripturis,
1196 4389 1322 4441 erat
1345 4387 1431 4441 vel
1459 4387 1778 4458 praecipuus
1806 4388 1897 4444 ille
1927 4387 2112 4467 Ἐρχο-

2227 3255 2394 3310 tismo
2464 3255 2523 3310 id
2583 3256 2757 3311 fuisse
2813 3263 3108 3329 receptum
3166 3262 3394 3314 constat
3471 3276 3536 3314 ex
3593 3259 3704 3329 ipsa
3739 3256 3816 3310 illa

2224 3348 2642 3404 Pharismorum
2695 3350 3142 3422 interrogatione
3211 3369 3328 3424 qua
3379 3355 3669 3420 Joannem,
3717 3351 3813 3420 ipse

2224 3458 2297 3498 ne
2345 3459 2405 3498 se
2459 3460 2562 3515 pro
2614 3445 2811 3501 Messia
2864 3445 3200 3514 venditaret,
3258 3446 3666 3519 explorandum
3708 3459 3814 3498 cen-

2222 3541 2460 3592 suerunt
2511 3553 2525 3592 :
2578 3540 2721 3606 Quid
2764 3555 2888 3608 ergo
2930 3541 3196 3610 baptizas,
3223 3544 3276 3595 si
3319 3547 3381 3596 tu
3427 3556 3536 3597 non
3564 3555 3632 3595 es
3661 3538 3812 3594 Chris-

2223 3635 2326 3700 tus,
2388 3647 2558 3702 neque
2600 3634 2772 3701 Elias,
2822 3650 2995 3704 neque
3041 3635 3366 3705 propheta?
3415 3635 3594 3708 (Joan.
3638 3651 3674 3698 ι,
3724 3630 3813 3700 25.)

2219 3725 2378 3780 Idem
2409 3725 2481 3780 de
2521 3727 2814 3798 sanguinis
2852 3727 3132 3799 baptismo
3185 3729 3438 3786 innuunt
3477 3730 3573 3784 illa
3627 3725 3813 3782 Domini

2218 3819 2292 3873 ad
2317 3819 2654 3891 discipulos:
2689 3822 2732 3876 Ο
2759 3822 2917 3877 stulti
2941 3827 2991 3878 et
3031 3824 3181 3878 tardi
3227 3825 3388 3880 corde
3429 3825 3504 3879 ad
3533 3822 3814 3879 credendum

2217 3915 2275 3967 in
2321 3915 2562 3970 omnibus
2622 3931 2741 3985 qua:
2781 3917 2945 3971 locuti
2970 3923 3099 3972 sunt
3137 3919 3420 3988 propheta
3445 3921 3467 3972 !
3507 3921 3682 3977 Nonne
3723 3916 3808 3969 hac

2217 4010 2460 4076 oportuit
2490 4011 2614 4077 pati
2663 4009 2952 4078 Christum,
3010 4016 3061 4065 et
3110 4013 3191 4066 ita
3251 4015 3468 4068 intrare
3512 4015 3571 4066 in
3619 4012 3812 4080 gloriam

2214 4117 2368 4176 suam
2405 4103 2553 4172 (Luc.
2615 4119 2758 4172 XXIV,
2790 4107 2879 4173 25,
2931 4104 3056 4176 26)?
3095 4106 3209 4160 Hoc
3249 4106 3466 4162 scilicet
3500 4123 3568 4162 ex
3592 4105 3692 4160 illis
3717 4102 3809 4156 col-

2209 4175 2358 4266 legit
2405 4195 2714 4268 Scripturis
2767 4175 3017 4269 quarum
3047 4215 3278 4254 sensum
3316 4204 3521 4272 postea
3562 4196 3811 4268 discipulis

2213 4285 2501 4355 explicuit,
2570 4303 2705 4340 eum
2751 4303 2954 4343 eorum
3019 4288 3347 4344 intellectus
3415 4291 3720 4362 aperuisset
3765 4287 3811 4338 ut

2213 4378 2530 4450 Scripturas
2594 4381 2999 4453 intelligerent,
3054 4383 3162 4437 illis
3245 4384 3530 4440 nimirum
3582 4400 3701 4455 qua:
3746 4379 3812 4434 vel

477 4491 648 4564 μένου.
691 4488 774 4540 Ita
812 4484 1087 4541 habemus
1117 4486 1175 4540 in
1197 4487 1250 4541 S.
1294 4487 1425 4541 Luc.
1455 4503 1553 4556 vn,
1597 4489 1681 4553 19,
1711 4489 1800 4553 20,
1848 4493 1903 4542 et
1950 4488 2104 4544 alibi.

2229 4489 2283 4526 ex
2323 4472 2551 4528 illorum
2598 4475 2937 4530 smculorum
3001 4478 3304 4548 concessis,
3367 4480 3459 4534 vel
3504 4478 3667 4534 certis
3710 4475 3808 4547 qui-

480 4585 647 4640 lllum
695 4584 928 4640 fortasse
965 4600 996 4639 e
1042 4583 1415 4639 celeberrimo
1446 4583 1542 4638 illo
1585 4585 1728 4647 loco,
1781 4585 1920 4640 Gen.
1955 4603 2098 4650 xLix,

476 4681 561 4747 lO,
613 4678 702 4733 vel
729 4679 871 4733 Psal.
902 4695 952 4746 L,
1007 4681 1077 4747 3;
1109 4694 1260 4747 xcw,
1304 4681 1403 4747 l3;
1438 4695 1623 4741 xcvm,
1682 4681 1736 4749 9,
1767 4680 2103 4751 collegerint

477 4771 670 4826 aliisve
733 4772 1012 4827 similibus
1071 4771 1379 4843 Scriptura:
1424 4773 1560 4827 locis
1615 4773 1826 4845 quibus
1876 4774 2104 4828 Messias

469 4871 744 4921 venturus
811 4865 1044 4922 dicitur.
1094 4867 1281 4930 Quare
1335 4882 1467 4921 eum
1535 4868 1762 4922 Messias
1833 4874 2148 4924 venturus-

470 4961 873 5033 appellaretur,
915 4960 1278 5015 tantumdem
1327 4961 1518 5014 valent
1561 4961 1726 5032 signa
1764 4963 1980 5018 Messise
2038 4981 2102 5019 ac

469 5054 636 5126 signa
666 5056 960 5111 adventus.
994 5056 1076 5109 lta
1125 5055 1194 5109 de
1228 5071 1360 5110 vero
1384 5055 1583 5110 Messia
1629 5055 1891 5128 discipuli
1929 5057 2051 5128 ejus
2083 5077 2096 5113 :

466 5149 621 5216 Quod
677 5149 1219 5217 signumadventus
1273 5151 1357 5204 tui
1426 5149 1644 5221 (Matth.
1709 5153 1766 5205 et
1827 5152 1897 5206 de
1958 5153 2098 5208 falso

463 5242 664 5297 Messia
714 5244 1014 5313 Apostolus
1073 5260 1086 5298 :
1141 5243 1309 5312 Cujus
1364 5250 1441 5298 est
1486 5245 1744 5300 adventus
1803 5248 2099 5305 secundum

468 5339 835 5407 operationem
875 5337 1095 5392 Satanae
1141 5341 1201 5392 in
1245 5340 1395 5392 omni
1429 5340 1633 5393 virtute
1677 5344 1728 5394 et
1763 5343 1952 5410 signis,
1982 5345 2092 5399 etc.

467 5431 534 5502 (ll
579 5431 757 5486 Thess.
791 5447 850 5499 Π,
877 5432 952 5499 9).
986 5431 1186 5486 Venire
1239 5432 1436 5504 itaque
1480 5449 1586 5503 per
1617 5449 1824 5505 aquam
1869 5439 1925 5490 et
1970 5454 2096 5492 san-

460 5521 696 5594 guinem
729 5519 884 5574 idem
932 5520 1074 5574 valet
1116 5537 1180 5573 ac
1232 5537 1334 5591 per
1385 5538 1595 5594 aquam
1648 5528 1704 5579 et
1747 5526 2091 5596 sanguinem

458 5628 518 5668 se
545 5626 750 5669 verum
775 5607 1034 5666 Messiam
1063 5610 1451 5681 comprobare.

519 5702 554 5774 §
595 5704 680 5760 14.
712 5731 784 5744 --
833 5701 1054 5772 Nempe
1093 5699 1190 5771 qui
1231 5703 1509 5757 venturus
1549 5708 1672 5758 erat
1699 5703 1760 5759 in
1804 5706 2088 5762 mundum

447 5788 664 5858 isidem
713 5794 840 5854 erat
877 5805 914 5848 a
935 5790 1104 5858 Patre
1156 5790 1467 5856 mittendus
1520 5794 1693 5869 atque
1734 5793 2082 5873 sanctiﬁcan-

2211 4566 2458 4621 busdam
2493 4567 2644 4623 illius
2697 4571 2882 4624 saeculi
2931 4571 3259 4642 ratiociniis,
3292 4571 3365 4628 de
3403 4573 3598 4628 Messia
3643 4569 3812 4627 intelli-

2208 4662 2408 4732 gendze
2463 4666 2655 4732 erant,
2710 4681 2954 4736 quaeque
3001 4667 3253 4720 futuram
3313 4667 3809 4722 commemorarent

2203 4755 2416 4810 Messiee
2436 4757 2786 4827 passionem,
2821 4759 3018 4830 quales
3056 4761 3360 4830 proferunt
3392 4760 3809 4834 quamplurimas

2206 4866 2323 4904 non
2347 4849 2484 4905 Novi
2519 4853 2692 4907 modo
2734 4854 3080 4909 Testamenti
3131 4855 3461 4926 scriptores,
3512 4857 3607 4911 sed
3647 4861 3698 4910 et
3738 4871 3806 4906 se-

2202 4948 2502 5018 quentium
2534 4952 2868 5007 saeculorum
2913 4956 3102 5024 patres
3148 4971 3400 5025 quorum
3420 4960 3640 5010 exstant
3662 4951 3807 5009 hodie

2202 5041 2614 5112 disputationes
2658 5045 2930 5103 adversus
2981 5048 3208 5103 Judaeos
3252 5049 3514 5104 Justinus
3540 5091 3555 5118 ,
3618 5046 3801 5104 Tertul-

2199 5135 2408 5206 lianns,
2436 5139 2735 5209 Eusebius,
2767 5145 2874 5196 etc.

2269 5231 2300 5302 §
2334 5235 2418 5286 l5.
2446 5263 2514 5272 —
2538 5235 2651 5288 Illas
2669 5251 2808 5308 ergo
2833 5236 3136 5309 Scriptura:
3166 5255 3312 5310 quae,
3339 5256 3446 5311 pro
3462 5240 3613 5294 illius
3641 5231 3803 5292 saeculi

2197 5328 2386 5396 captu,
2443 5327 2513 5382 de
2554 5327 2766 5384 Messias
2809 5331 3074 5402 passione
3124 5332 3435 5389 intellectae
3481 5337 3630 5402 sunt,
3659 5346 3806 5402 argu-

2195 5421 2373 5474 menti
2403 5422 2584 5477 vicem
2614 5423 2870 5480 obtinere
2901 5432 3166 5497 poterant
3191 5428 3342 5498 apud
3369 5429 3521 5498 illos,
3553 5427 3648 5498 qui
3675 5429 3728 5479 ut
3747 5422 3803 5477 ab

2196 5515 2524 5570 orthodoxis
2576 5517 2968 5589 discrepabant
3016 5521 3078 5575 in
3133 5539 3200 5576 eo
3243 5522 3404 5594 quod
3460 5523 3649 5576 Jesum
3699 5533 3802 5573 esse

2193 5608 2482 5665 Christum
2509 5611 2798 5683 negarint,
2829 5613 2909 5668 ita
2957 5615 3092 5670 etin
3125 5633 3191 5671 eo
3240 5616 3491 5672 vicissim
3537 5633 3570 5670 a
3595 5612 3798 5677 Judaais,

2191 5704 2342 5774 quod
2409 5705 2696 5762 Christum
2742 5708 3221 5782 qualemcumque
3271 5709 3438 5766 illum
3503 5709 3796 5775 ﬁnxissent,

2189 5797 2408 5861 venisse
2437 5801 2631 5860 tamen
2657 5801 3027 5866 crediderint.
3059 5805 3137 5865 Ita
3168 5821 3302 5882 ergo
3357 5808 3552 5866 Jesum
3580 5805 3790 5882 Δροεω·
