4082 6194
297 265 434 324 1169

1373 268 1459 326 DE
1498 268 1802 328 SECUNDO
1838 270 2163 328 MARTYRII
2204 273 2550 331 BAPTISMO.

3544 288 3679 343 1170

292 395 382 449 lus
434 394 724 450 Christum
774 395 951 452 fuisse
1010 395 1394 467 conﬁrmavit,
1453 400 1605 471 quod
1660 404 1775 454 tam
1827 418 1929 473 per
1949 415 2009 489 Α
2031 402 2395 457 observamus
2420 408 2699 474 praeterea
2725 410 2928 478 quarto
2958 408 3018 463 in
3046 408 3170 481 ipso
3199 411 3296 469 illo
3322 414 3665 471 initiationis

293 489 631 562 sanguinem
666 506 841 561 quam
870 508 973 561 per
1011 508 1213 563 aquam
1251 494 1490 563 venerit,
1522 494 1581 547 in
1620 510 1685 548 eo
1721 512 1929 567 nempe

289 600 509 655 ponens
546 583 844 654 emphasin
882 587 1051 656 atque
1089 587 1418 657 argumenti
1456 588 1589 655 vim,
1623 588 1778 659 quod
1816 605 1932 643 non

294 678 349 731 in
389 695 539 749 aqua
577 678 759 732 solum
794 679 1033 748 venerit,
1081 680 1179 734 sed
1224 681 1281 733 iu
1325 697 1473 753 aqua
1520 689 1574 736 et
1622 682 1926 753 sanguine,

290 772 444 843 quod
472 771 747 826 nimirum
774 772 935 827 illum
957 773 1025 828 de
1054 774 1302 828 adventu
1330 774 1386 828 in
1415 792 1562 847 aqua
1591 779 1933 846 praetextum

292 882 399 920 nec
438 865 889 937 pseudo-Christi
917 858 1149 938 quidem
1176 868 1535 939 abjecissent,
1581 870 1928 940 sanguinem

292 960 569 1015 duntaxat
596 960 746 1015 inter
770 961 1044 1016 adventus
1078 962 1165 1016 sui
1191 962 1352 1031 signa
1384 980 1501 1017 non
1534 963 1933 1019 adhibuissent

293 1056 446 1126 (cum
490 1070 590 1108 nec
630 1054 738 1125 ipsi
777 1055 1109 1110 Antichristi
1148 1057 1424 1126 patiendi,
1459 1074 1558 1111 seu
1581 1059 1928 1129 exemplum,

291 1166 393 1203 seu
419 1148 587 1203 etiam
616 1149 1054 1217 institutionem,
1095 1149 1383 1222 discipulis
1430 1152 1784 1222 edidissent),
1816 1169 1931 1224 qua

290 1244 418 1315 ipsa
468 1244 693 1298 ratione
742 1244 869 1297 illos
920 1244 1123 1315 probat
1168 1261 1201 1298 a
1250 1246 1454 1301 Christi
1512 1263 1631 1301 esse
1687 1248 1928 1302 nomine

295 1338 701 1406 excludendos,
749 1338 849 1409 qui
890 1342 1197 1411 utrumque
1243 1340 1476 1411 signum
1522 1340 1793 1397 adhibere
1824 1343 1926 1397 de-

293 1433 502 1487 buerit.

367 1526 396 1599 §
431 1530 513 1581 16.
552 1555 621 1567 -
649 1529 757 1583 Nec
799 1526 911 1582 alio
948 1528 1315 1583 referendum
1356 1529 1621 1584 existimo
1661 1530 1833 1601 quod,
1868 1531 1925 1584 in

297 1620 625 1692 Evangelia,
657 1621 885 1693 signum
912 1622 1053 1676 illud
1085 1623 1153 1677 de
1180 1640 1328 1694 aqua
1356 1628 1411 1679 et
1437 1623 1715 1694 sanguine
1736 1642 1765 1680 e
1792 1624 1926 1679 late-

294 1715 374 1769 ris
415 1715 643 1770 vulnere
687 1715 745 1770 in
785 1732 950 1771 cruce
990 1717 1361 1772 manantibus
1389 1722 1686 1789 tantopere
1718 1719 1922 1773 conﬁr-

2038 497 2494 568 expiationisque
2538 498 2670 566 ritu,
2715 502 2803 555 cui
2848 510 3211 572 peccatorum
3250 508 3669 583 illam.purga-

2035 589 2256 645 tionem
2285 590 2617 645 tribuebant
2651 599 2885 665 veteres,
2935 602 3053 651 tam
3095 599 3457 671 frequentem
3494 604 3667 660 fuisse

2035 685 2185 755 apud
2216 684 2340 738 illos
2365 685 2667 755 sanguinis
2693 703 2863 757 quam
2896 705 3083 760 aquae,
3112 709 3299 749 usum.
3330 698 3394 751 In
3427 702 3669 769 utraque

2033 778 2129 833 illa
2175 782 2289 832 tam
2338 779 2687 847 Iudaeorum,
2744 798 2918 851 quam
2974 786 3298 856 gentilium,
3349 789 3669 847 initiatione

2034 872 2437 927 sacriﬁciorum
2499 890 2665 927 usum
2724 875 3107 933 intercessisse
3169 899 3338 937 nemo
3392 888 3478 939 est
3525 887 3665 958 quin

2032 967 2193 1022 facile
2225 967 2508 1022 concedat.
2542 969 2685 1022 Nota
2717 972 2803 1024 est
2830 972 2984 1041 apud
3010 973 3232 1028 Judaaos
3262 977 3435 1032 etiam
3470 980 3667 1035 rabbi«

2032 1078 2236 1116 norum
2277 1062 2371 1115 illa
2402 1062 2721 1117 observatio
2768 1080 2881 1135 qua
2928 1065 3038 1119 tria
3080 1067 3276 1123 dicunt
3309 1070 3369 1125 in
3418 1076 3666 1144 prosely.

2030 1155 2201 1209 tismo
2264 1172 2385 1210 esse
2445 1156 2824 1225 observanda,
2880 1159 3398 1231 circumcisionem,
3458 1167 3670 1221 sacriﬁ-

2032 1248 2181 1304 cium
2238 1253 2408 1321 atque
2459 1250 2833 1321 baptismum.
2884 1253 2951 1306 Et
2991 1270 3123 1309 vero
3177 1258 3437 1313 sacriﬁcii
3488 1260 3671 1317 vicem

2030 1343 2383 1411 sustinuisse,
2426 1360 2496 1398 ex
2536 1350 2793 1399 veterum
2832 1349 3138 1419 sententia,
3177 1353 3521 1423 martyrium
3546 1355 3669 1424 jam

2028 1437 2413 1509 probavimus.
2475 1439 2648 1493 Porro
2704 1446 2914 1510 praeter
2972 1442 3379 1500 sacriﬁciorum
3441 1451 3671 1520 sangui—

2028 1548 2186 1599 nem,
2220 1548 2291 1587 ne
2326 1532 2388 1586 id
2432 1532 2664 1603 quidem
2707 1538 2832 1587 erat
2875 1551 2907 1588 a
2949 1539 3237 1592 communi
3276 1540 3668 1599 initiationum

2026 1640 2133 1677 usu
2181 1622 2433 1678 alienum
2486 1626 2546 1677 ut
2582 1640 2750 1677 suum
2800 1640 3031 1696 quoque
3076 1628 3415 1698 sanguinem
3458 1633 3529 1686 ad
3579 1627 3667 1688 sui

2028 1717 2412 1787 expiationem
2463 1718 2823 1773 adhiberent.
2872 1719 3097 1774 Clarum
3146 1721 3286 1776 illud
3331 1730 3415 1779 est
3458 1725 3517 1779 in
3564 1728 3668 1781 cir-

290 1809 567 1864 mandum
610 1810 915 1865 crediderit
952 1812 1261 1882 apostolus,
1291 1812 1448 1883 quasi
1496 1812 1565 1867 de
1611 1829 1677 1866 eo
1727 1792 2002 1867 fuissetB
2027 1810 2369 1866 cumcisione
2396 1811 2548 1882 apud
2574 1811 2798 1866 Judazos
2828 1815 3179 1885 exemplum.
3209 1817 3319 1872 Sed
3356 1824 3412 1873 et
3450 1819 3508 1873 in
3542 1821 3665 1876 Bel-

290 1903 687 1975 maximopcre
718 1903 1059 1959 dubitatum.
1088 1907 1159 1959 Et
1196 1908 1293 1975 qui
1321 1906 1481 1974 vidit,
1524 1904 1732 1977 inquit,
1766 1906 1923 1960 testi-

291 1999 553 2053 monium
600 1998 912 2070 perhibuit,
955 2002 1011 2052 et
1042 2015 1241 2053 verum
1272 2003 1356 2055 est
1383 2002 1742 2055 testimonium
1785 2001 1920 2069 ejus.

288 2095 361 2148 Et
392 2094 484 2148 ille
508 2096 608 2149 scit
635 2097 765 2164 quia
803 2110 933 2149 vera
980 2094 1132 2161 dicit,
1164 2099 1225 2149 ut
1263 2099 1315 2149 et
1338 2110 1428 2149 vos
1458 2095 1693 2149 credatis
1725 2095 1921 2165 (Joan.,

288 2205 401 2257 xix,
454 2188 563 2257 35).
608 2188 673 2243 Ni
718 2188 952 2260 quaestio
986 2188 1187 2243 fuisset
1227 2189 1378 2243 inter
1414 2189 1654 2243 aemulos
1694 2188 1921 2258 Christi,

289 2299 375 2350 ea,
412 2299 524 2353 qua
555 2282 693 2349 dixi,
735 2282 1163 2338 ratiocinatione
1210 2282 1589 2351 terminanda,
1633 2284 1744 2337 alia
1786 2299 1921 2353 pro-

290 2377 439 2432 fecto
471 2377 697 2432 Domini
732 2377 1002 2431 miracula
1026 2377 1252 2432 abunde
1280 2378 1402 2449 ejus
1433 2394 1466 2431 a
1498 2378 1662 2432 Patre
1695 2377 1920 2431 missio-

288 2488 425 2526 nem
475 2472 929 2527 conﬁrmassent.
985 2473 1197 2526 Eorum
1266 2478 1463 2525 tamen
1513 2471 1921 2527 miraculorum

288 2569 462 2621 testes
505 2567 687 2621 nullos
733 2566 987 2637 protulit,
1033 2566 1250 2620 nedum
1290 2568 1454 2620 tanta
1494 2565 1617 2633 illa,
1664 2582 1776 2637 qua
1826 2566 1920 2621 hic

285 2676 423 2715 usus
469 2664 574 2728 est,
616 2660 1051 2715 asseveratione.
1089 2660 1235 2724 Quid
1276 2660 1428 2731 quod
1476 2660 1653 2714 verba
1696 2660 1809 2727 illa,
1855 2664 1920 2715 ut

288 2761 344 2810 et
393 2772 516 2824 vos,
577 2755 878 2826 emphasin
934 2754 1241 2825 quamdam
1303 2754 1560 2809 habeant
1616 2753 1915 2820 eximiam,

283 2848 506 2920 reliqua
541 2848 816 2903 nimirum
852 2847 1127 2902 miracula
1169 2848 1492 2902 infidelium
1531 2864 1701 2902 causa
1741 2848 1915 2902 fuisse

283 2950 407 2998 tam
459 2943 631 3010 edita,
679 2960 851 3014 quam
897 2942 1120 3013 scriptis
1166 2942 1340 2997 etiam
1382 2942 1714 3013 consignata
1754 2960 1767 2998 :
1808 2943 1915 2997 hoc

281 3053 468 3091 unum
502 3037 628 3091 aliis
672 3036 907 3091 omnino
956 3036 1299 3091 adversariis
1343 3036 1515 3090 fuisse
1563 3035 1911 3091 destinatum

283 3132 391 3186 illis
464 3131 739 3185 nimirum
814 3147 1059 3201 quorum
1127 3130 1312 3201 gratia
1375 3130 1648 3200 scriptum
1716 3130 1915 3184 fuisset

281 3224 678 3296 Evangelium,
720 3223 1199 3278 Antichristorum
1234 3223 1576 3278 aemulorum
1614 3223 1910 3278 assertori-

280 3319 405 3373 bus.
438 3321 608 3374 Recte
630 3318 819 3389 itaque
854 3318 999 3372 hanc
1028 3318 1323 3389 sanguinis
1352 3318 1569 3389 pariter
1599 3334 1661 3371 ac
1689 3333 1854 3388 aqua:
1882 3336 1912 3373 e

280 3413 489 3469 Christi
534 3414 712 3467 latere
766 3412 1158 3479 emissionem,
1200 3416 1372 3483 atque
1423 3412 1710 3482 duplicem
1760 3412 1911 3465 hunc

279 3524 441 3580 aqua:
468 3507 876 3578 sanguinisque
906 3507 1274 3577 baptismum,
1307 3507 1509 3561 eodem
1554 3505 1745 3561 retulit
1773 3507 1908 3559 Ter-

278 3602 569 3656 tullianus.
604 3600 768 3664 Quod
796 3602 947 3655 enim
976 3600 1241 3654 adversus
1285 3601 1513 3655 eosdem
1552 3599 1910 3653 adversarios

275 3696 590 3766 conscripta
631 3700 816 3749 essent
854 3694 923 3748 ab
963 3696 1234 3765 apostolo,
1264 3694 1396 3748 inde
1434 3710 1564 3748 sane
1604 3693 1907 3748 verisimile

274 3795 360 3845 est
403 3790 609 3843 eodem
650 3806 772 3843 esse
812 3788 1131 3843 referenda.
1180 3791 1244 3843 Et
1295 3787 1425 3858 quia
1468 3804 1599 3842 cum
1644 3804 1812 3858 aqua:
1853 3792 1909 3841 et

271 3884 515 3955 Spiritus
551 3883 846 3953 baptismis
883 3882 963 3936 ita
1002 3882 1229 3952 sanguis
1262 3882 1332 3936 ab
1363 3882 1615 3952 apostolo
1649 3881 1692 3952 (Ι
1718 3884 1903 3947 Joan.,

270 3995 327 4044 v,
358 3981 405 4047 8)
438 3977 749 4043 confertur,
780 3981 843 4031 ut
870 3976 992 4047 ipse
1031 3976 1343 4031 ternarium
1382 3992 1511 4029 cum
1552 3975 1659 4029 illis
1700 3990 1903 4029 nume-

271 4088 402 4127 rum
470 4070 761 4141 conﬁciat;
835 4071 1000 4141 plane
1074 4070 1333 4141 sequitur
1396 4068 1665 4139 baptismi
1733 4068 1904 4123 etiam

270 4164 553 4219 rationem
597 4163 864 4235 sanguini
913 4180 1043 4217 cum
1094 4180 1243 4234 aqua
1284 4162 1459 4216 fuisse
1509 4178 1899 4217 communem.

271 4258 412 4322 Quia
459 4257 631 4312 etiam
683 4274 754 4312 ex
806 4273 970 4328 aquae
1021 4260 1077 4311 et
1126 4254 1422 4326 sanguinis
1476 4255 1778 4309 emissione
1826 4254 1905 4309 ita

272 4352 638 4406 antichristos
692 4350 903 4406 refutat
952 4350 1012 4404 in
1071 4349 1376 4420 Evangelio
1439 4354 1502 4403 ut
1554 4349 1614 4403 in
1666 4348 1905 4419 epistola

268 4446 541 4501 refutaret
582 4461 685 4517 per
723 4446 1027 4501 adventum
1070 4444 1129 4497 in
1171 4460 1319 4514 aqua
1360 4448 1417 4499 et
1452 4443 1735 4515 sanguine
1769 4459 1783 4496 :
1816 4459 1903 4497 se-

2024 1904 2175 1959 lona:
2212 1904 2388 1959 initiis
2425 1905 2769 1975 sanguinem
2810 1907 3083 1963 emissum
3119 1926 3241 1964 esse
3281 1911 3550 1969 discimus
3592 1931 3662 1969 ex

2023 1999 2371 2054 Tertulliano
2414 1999 2743 2071 (Apologet.,
2774 2016 2823 2054 c.
2852 2000 2905 2070 8)
2940 2017 2953 2057 :
2990 2024 3020 2052 (ι
3059 2003 3252 2072 Hodie,
3292 2004 3497 2077 inquit,
3537 2007 3661 2063 istic

2025 2093 2271 2149 Bellona:
2316 2099 2561 2149 sacratus
2609 2095 2840 2166 sanguis
2891 2096 2960 2152 de
3006 2097 3228 2152 femore
3276 2100 3556 2171 proscisso
3601 2102 3662 2157 in

2024 2187 2344 2259 palmulam
2385 2191 2655 2259 exceptus
2688 2190 2804 2244 suis
2835 2190 3001 2246 datur
3036 2192 3293 2263 signatis.
3328 2215 3357 2243 »
3389 2195 3663 2266 Ejusdem

2022 2282 2165 2336 ritus
2196 2282 2586 2337 meminerunt
2612 2288 2669 2338 et
2695 2284 2808 2339 alii.
2842 2287 2984 2342 Cum
3020 2289 3213 2341 tamen
3250 2287 3328 2342 ita
3366 2288 3575 2345 scribat
3599 2291 3660 2346 in

2021 2377 2336 2431 Commodo
2354 2394 2454 2432 suo
2476 2377 2857 2449 Lampridius,
2882 2400 2911 2428 ‹‹
2937 2380 3182 2435 Bellonae
3198 2383 3506 2439 servientes
3528 2401 3661 2441 vere

2022 2486 2279 2525 exsecare
2316 2471 2619 2526 brachium
2649 2473 2937 2543 prtecepit,
2976 2492 3004 2525 ι
3044 2474 3260 2546 colligit
3296 2478 3659 2534 Casaubonus

2018 2565 2361 2636 plerumque
2396 2565 2526 2621 ﬁcta
2564 2570 2621 2621 et
2657 2566 2925 2621 simulata
2956 2570 3179 2624 tantum
3216 2568 3387 2624 fuisse
3426 2572 3659 2628 vulnera

2019 2659 2491 2713 Bellonariorum.
2548 2661 2628 2714 Eo
2684 2665 2963 2715 venerunt
3011 2661 3248 2717 fortasse
3297 2664 3654 2720 mollioribus

2020 2753 2135 2808 suis
2188 2752 2772 2823 interpretatiunculis
2822 2754 3049 2809 fanatici
3116 2757 3481 2813 recentiores.
3548 2759 3657 2815 Sed

2018 2863 2217 2902 verum
2266 2847 2437 2901 fuisse
2482 2848 2773 2919 sanguinis
2814 2848 3178 2904 emissionem
3226 2868 3356 2922 qua:
3390 2851 3460 2906 ab
3512 2853 3657 2907 anti-

2017 2940 2313 3011 quioribus
2367 2941 2689 2996 introducta
2741 2947 2843 3011 est,
2901 2945 2959 2997 et
3004 2959 3205 2998 verum
3257 2945 3411 2999 illam
3453 2962 3581 3018 quae
3624 2965 3657 3001 a

2016 3034 2291 3089 militibus
2337 3034 2629 3091 observata
2675 3038 2761 3090 est
2801 3037 3046 3091 Bellona:
3082 3037 3336 3106 initiatis,
3380 3056 3410 3094 e
3446 3042 3649 3110 supra-

2017 3129 2167 3184 dicto
2219 3129 2554 3184 Tertulliani
2609 3131 2730 3185 loco
2783 3131 3102 3201 colligimus
3161 3136 3331 3203 atque
3396 3135 3649 3205 Vegetii,

1968 3212 1989 3239 ⁴
2015 3222 2373 3295 aliorumque
2403 3225 2813 3295 plcrorumque
2845 3224 2942 3295 qui
2979 3226 3149 3296 hujus
3186 3226 3329 3280 ritus
3369 3227 3650 3283 memine-

2012 3321 2169 3373 runt.
2200 3321 2270 3374 Et
2296 3334 2430 3373 vero
2471 3318 2914 3373 vetustissimum
2946 3318 3121 3373 fuisse
3162 3319 3324 3373 illum
3360 3321 3648 3377 lustratio-

2011 3412 2102 3465 nis
2138 3427 2360 3467 morem
2390 3428 2494 3481 per
2522 3412 2817 3481 sanguinis
2848 3412 3217 3467 emissionem
3249 3430 3278 3468 e
3301 3415 3651 3486 quampluri-

2010 3506 2119 3559 mis
2146 3511 2364 3560 constat
2394 3506 2706 3576 Scriptura:
2737 3506 2874 3560 locis
2906 3522 2917 3560 :
2949 3508 3141 3576 chit.,
3184 3523 3295 3576 XIX,
3332 3511 3427 3577 28;
3463 3512 3646 3580 Deut,

2010 3616 2121 3667 XIV,
2154 3604 2171 3653 1
2199 3616 2212 3667 ;
2245 3602 2264 3654 l
2292 3603 2444 3667 Reg.,
2483 3616 2635 3667 xvul,
2680 3603 2781 3668 28;
2820 3602 3039 3668 Jerem.,
3075 3617 3181 3671 xvx,
3222 3605 3273 3655 6.
3312 3602 3393 3655 ita
3433 3620 3645 3674 nempe

2011 3694 2256 3762 Baalitze,
2315 3693 2390 3747 ita
2439 3694 2577 3747 Galli
2630 3695 2902 3764 (quorum
2962 3694 3114 3749 diem
3165 3711 3386 3749 sacrum
3430 3712 3484 3751 1x
3521 3698 3645 3752 Kal'

2007 3786 2183 3858 April.
2210 3802 2380 3857 quem
2412 3789 2470 3840 et
2495 3786 2795 3857 sanguinis
2817 3787 2969 3841 diem
3000 3787 3393 3857 appellabant,
3424 3805 3642 3844 memo-

2008 3885 2094 3936 rat
2119 3881 2180 3934 in
2208 3881 2271 3935 Ι).
2314 3880 2548 3935 Claudio
2581 3880 2890 3935 Trebellius
2915 3880 3116 3949 Pollio,
3146 3896 3449 3951 perperam
3486 3883 3644 3938 enim

2007 3991 2073 4030 ea
2146 3974 2219 4028 ad
2286 3974 2579 4027 Bellonam
2646 3974 2843 4027 retulit
2917 3973 3301 4043 Casaubonus,
3372 3990 3499 4045 quae
3567 3976 3641 4031 ad

2005 4084 2277 4139 magnam
2304 4072 2550 4121 matrem
2578 4067 2698 4139 ipse
2725 4067 2921 4123 retulit
2958 4067 3310 4140 Trebellius),
3357 4067 3435 4123 ita
3482 4069 3643 4125 Isiaci

2006 4168 2063 4216 et
2118 4162 2353 4233 Luperci
2412 4161 2609 4232 ﬂagris
2666 4178 2787 4216 sese
2852 4165 3220 4233 pectorumve
3278 4164 3641 4220 tunsionibus

2005 4256 2152 4311 male
2195 4256 2268 4310 ad
2316 4255 2611 4327 sanguinis
2661 4256 2991 4311 missionem
3043 4272 3222 4329 usque
3271 4259 3633 4315 mulctantes.

2006 4350 2216 4405 Eodem
2257 4350 2466 4405 scilicet
2503 4351 2763 4423 exemplo
2804 4367 2917 4423 quo
2957 4368 3059 4407 sua
3101 4368 3329 4426 quoque
3356 4370 3487 4409 cum
3518 4353 3637 4409 dae-

2005 4443 2273 4499 monibus
2298 4445 2513 4500 foedera
2550 4446 2825 4501 Veneﬁcze
2853 4447 3030 4501 etiam
3062 4446 3339 4519 sanguine
3370 4448 3640 4504 dicuntur

269 4541 469 4613 quitur
525 4542 838 4610 praeterea,
890 4539 937 4592 si
984 4538 1045 4592 in
1102 4537 1339 4609 epistola
1402 4554 1505 4609 per
1560 4537 1980 4612 sanguinemD
2004 4534 2173 4589 hodie
2207 4534 2441 4589 sancire.

266 4636 585 4706 baptismus
615 4632 909 4704 sanguinis
941 4631 1351 4702 intelligendus
1378 4632 1466 4699 sit,
1505 4632 1563 4685 in
1598 4632 1897 4687 emissione

267 4730 441 4785 etiam
488 4729 585 4783 illa
626 4744 789 4799 aqua:
832 4730 889 4781 et
940 4726 1251 4797 sanguinis,
1308 4742 1434 4796 qua:
1483 4726 1542 4779 in
1592 4726 1897 4796 Evangelio

266 4826 642 4891 memoratur,
690 4837 856 4892 aqua:
909 4820 1078 4875 etiam
1128 4819 1538 4891 sanguinisque
1586 4818 1900 4891 baptismos

267 4934 393 4973 esse
428 4917 687 4971 similiter
723 4914 1151 4985 intelligendos.
1185 4917 1268 4969 lta
1304 4915 1495 4986 itaque
1533 4931 1603 4968 ex
1645 4915 1897 4968 locorum

266 5011 560 5067 occasione
592 5010 650 5064 in
679 5009 882 5080 quibus
912 5026 1074 5080 aquas
1105 5008 1513 5078 sanguinisque
1544 5008 1895 5063 mentionem

264 5106 458 5160 retulit
488 5106 599 5157 huc
640 5103 1041 5172 Tertullianus,
1090 5106 1146 5157 et
1190 5119 1320 5157 cum
1348 5102 1699 5157 Tertulliano
1737 5107 1896 5156 vetus

262 5200 359 5254 illa
402 5198 600 5270 procul
642 5197 816 5252 dubio
857 5196 1125 5263 Ecclesia,
1173 5196 1512 5266 colligimus,
1559 5213 1677 5251 non
1722 5196 1896 5250 alium

260 5294 461 5364 utique
496 5291 837 5363 sanguinem
866 5307 1041 5364 quam
1084 5290 1479 5362 baptismalem
1526 5305 1646 5345 esse
1692 5289 1897 5345 intelli-

260 5387 539 5459 gendum.

331 5483 363 5553 ξ
409 5485 491 5535 17.
534 5510 601 5520 -
637 5482 709 5535 At
751 5479 1060 5552 asquivoce,
1111 5479 1352 5551 inquies,
1405 5479 1724 5534 communis
1772 5486 1895 5535 erat

258 5575 528 5648 baptismi
566 5575 662 5629 illa
695 5574 838 5628 ratio
879 5590 1064 5644 aquae,
1105 5574 1375 5643 sanguini
1414 5577 1588 5646 atque
1634 5574 1890 5645 Spiritui,

256 5678 321 5726 ut
352 5670 592 5741 proinde
627 5685 746 5723 non
772 5667 845 5721 sit
874 5667 1024 5739 quod
1063 5684 1133 5721 ex
1161 5668 1453 5722 communi
1489 5670 1596 5725 hac
1624 5668 1891 5741 baptismi

256 5765 479 5822 ratione
518 5764 827 5822 inferamus
860 5761 1161 5833 sanguinei
1200 5764 1367 5835 atque
1408 5765 1577 5837 aquei
1623 5762 1892 5837 baptismi

258 5857 481 5938 fructus
517 5858 752 5940 eosdem
786 5874 905 5925 esse
952 5856 1382 5933 exspectandas.
1424 5858 1488 5916 Id
1532 5876 1605 5918 ne
1646 5858 1888 5933 dicatur,

2071 4624 2217 4695 §18.
2247 4624 2532 4693 —Neque
2582 4639 2718 4677 vero
2767 4622 3059 4679 initiorum
3107 4624 3407 4680 dumtaxat
3452 4625 3635 4683 vicem

2001 4716 2302 4788 supplebat
2344 4715 2681 4787 baptismus,
2725 4718 2874 4789 pacti
2915 4716 3085 4771 etiam
3125 4717 3277 4773 illam
3315 4719 3629 4776 obtinebat.

1998 4812 2068 4864 At
2095 4808 2498 4879 paciscentium
2526 4827 2751 4882 quoque
2783 4826 2905 4865 mos
2938 4814 3061 4865 erat
3093 4828 3195 4866 suo
3223 4812 3469 4868 invicem
3498 4831 3631 4869 san-

1999 4904 2169 4976 guine
2222 4903 2441 4957 fcedora
2490 4905 2724 4991 sancire.
2780 4907 2861 4961 Ito.
2918 4905 3409 4962 circumcisionem
3466 4924 3633 4964 suam

1997 4997 2395 5069 intelligebant
2419 4999 2617 5053 Judaii.
2658 5000 2813 5055 Unde
2843 5000 3017 5055 etiam
3052 5001 3148 5072 qui
3186 5005 3351 5073 pacto
3381 5003 3632 5058 mosaico

1996 5109 2102 5164 per
2136 5092 2476 5163 sanguinem
2515 5092 2770 5148 initiatus
2806 5094 3023 5163 fuisset,
3056 5111 3208 5165 eum,
3243 5112 3346 5166 pro
3387 5098 3632 5170 receptis

1995 5186 2321 5242 Judazorum
2388 5186 2673 5256 moribus,
2742 5201 2847 5279 ἶηη
2918 5203 3079 5256 nan-1
3144 5189 3500 5261 appellatum
3560 5193 3631 5247 ad

1996 5286 2294 5354 Emod.,1v,
2333 5289 2421 5356 26,
2452 5278 2823 5342 observarunt
2857 5287 3050 5342 Medus
3088 5291 3261 5359 atque
3300 5288 3629 5360 Gregorius,

1997 5383 2052 5434 et
2092 5383 2223 5433 ante
2273 5378 2397 5434 illos
2436 5380 2494 5434 in
2545 5380 2742 5435 Lexico
2775 5398 2875 5435 suo
2926 5380 3312 5437 Schindlerus.
3362 5383 3521 5437 idem
3570 5382 3629 5435 in

1998 5474 2305 5544 gentilium
2335 5490 2561 5546 quoque
2587 5475 2762 5546 pactis
2790 5475 3056 5545 obtinuit,
3078 5493 3328 5549 quorum
3354 5476 3628 5548 equidem

1995 5566 2336 5622 memoriam
2366 5568 2620 5641 aliquam
2647 5568 2811 5625 hodie
2831 5570 3168 5638 retinemus,
3192 5568 3634 5642 antiquissimis.

1993 5663 2070 5717 De
2097 5660 2269 5717 Medis
2294 5665 2465 5735 atque
2494 5664 2657 5736 Lydis
2687 5669 2884 5722 auctor
2914 5669 3001 5721 est
3042 5666 3103 5721 in
3142 5664 3258 5723 Clio
3297 5660 3643 5728 Herodotus,

1993 5758 2142 5834 ὅρκια
2197 5752 2253 5812 δὲ
2315 5758 2539 5812 ποιέεται
2612 5766 2779 5814 ταῦτα
2852 5764 2917 5813 τά
2972 5760 3115 5813 ἔθνεα
3170 5764 3401 5832 τάπερτε
3458 5751 3661 5812 Ἐλλη-

1992 5872 2093 5923 νεί*
2159 5855 2245 5915 καί
2304 5858 2433 5940 πρὸς
2488 5859 2724 5925 τούτοισι
2790 5857 2940 5916 ἐπεὰν
2996 5860 3111 5934 τ9ὺς
3172 5856 3485 5949 βραχίονας
3548 5847 3703 5916 ἔπιέ,
