4082 6194
531 275 662 329 117³1

1465 272 1670 328 HENR.
1713 269 2078 329 DODWELLI
2114 269 2416 330 DISSERT.
2457 272 2783 331 CYPRIAN.
2826 274 2919 330 III.

3721 284 3836 342 1172

526 407 812 477 τάμωνται,
873 405 918 464 ἐς
980 405 1070 462 ’τὴν
1134 401 1434 478 ὀμοχροιῖην
1497 407 1556 455 τὸ
1629 402 1758 476 αἷμα
1821 397 2131 473 ἀναλείχουσ

2235 400 2480 486 _tionem
2517 399 2771 457 reddidit
2813 399 2935 470 (Ap.
2975 397 3180 454 Euseb.
3219 400 3414 471 Praepu
3450 404 3665 474 Evang.,
3691 422 3724 474 ι,
3755 410 3834 479 l0;

522 502 771 563 ἀλλήλων.
845 501 922 555 De
996 499 1214 571 Scythis
1287 501 1347 555 in
1408 501 1737 566 Melpomene
1804 516 1818 551 :

521 612 787 661 ποιοῦνται
839 604 1024 656 Σκύθαι
1065 599 1189 670 ὦδε,
1262 607 1388 677 πρὸς
1451 607 1564 663 τοὺς
1631 600 1693 654 ἂν
1750 606 2044 656 ποιέωνταν
2112 605 2158 665 ἐς

521 705 699 758 κύλικα
749 702 1001 776 ’μεγάλην
1085 706 1356 778 κεραμίνην
1441 702 1571 756 οἶνον
1655 704 1944 773 ἐγχέαντες,
2029 704 2158 775 αἷμα

522 807 875 877 συμμίσγουσι
930 810 1030 854 τῶν
1087 803 1154 854 τὰ
1201 802 1348 876 ὅρκια
1403 805 1748 874 ταμνομένων.
1808 799 1885 851 De
1943 796 2152 852 iisdem

524 898 744 970 Scythis
782 902 952 968 atque
987 896 1164 952 Medis
1206 897 1287 951 ita
1331 897 1557 950 Solinus
1600 913 1612 950 :
1647 917 1674 945 ‹‹
1719 898 1926 951 tlaustu
1968 895 2155 950 mutui

522 992 817 1064 sanguinis
854 992 1036 1046 foedus
1077 990 1359 1057 sanciunt,
1402 1007 1519 1045 non
1567 1007 1666 1045 suo
1708 995 1932 1045 tantum
1975 1006 2151 1058 more,

521 1083 620 1138 sed
659 1081 956 1137 Medorum
991 1095 1217 1152 quoque
1247 1083 1516 1150 usurpata
1547 1079 1866 1151 disciplina.
1902 1102 1929 1129 »
1971 1080 2151 1150 (Poly-

521 1178 670 1239 hist.,
704 1192 754 1230 c.
783 1175 896 1245 20.)
925 1177 993 1230 Et
1025 1189 1162 1229 vero
1199 1174 1439 1228 aliorum
1474 1173 1866 1241 barbarorum,
1906 1189 2152 1245 quorum

519 1271 645 1326 haec
695 1275 930 1341 recepta
976 1269 1144 1323 fuerit
1195 1269 1562 1336 consuetudo,
1613 1269 2002 1323 meminerunt
2041 1268 2153 1322 his-

518 1363 682 1419 torici
735 1364 910 1418 etiam
969 1362 1336 1418 recentiores.
1401 1365 1745 1434 Quanquam
1800 1368 1855 1416 et
1920 1363 1982 1418 in
2043 1361 2152 1416 illis

517 1474 742 1531 quoque
766 1457 1071 1512 brutorum
1114 1456 1404 1511 sacriﬁciis
1444 1457 1596 1511 idem
1641 1456 1981 1511 intellexisse
2011 1473 2146 1528 gen-

515 1554 642 1608 tiles
671 1552 1044 1607 ostenderunt
1070 1551 1250 1606 nostri
1285 1551 1556 1606 adversus
1590 1550 1927 1620 socinianos,
1966 1550 2149 1605 homi-

516 1663 658 1702 num
709 1647 895 1701 vicem
953 1645 1189 1716 gessisse
1243 1646 1363 1699 illas
1420 1645 1724 1700 brutorum
1777 1645 2148 1700 mactationes

512 1741 722 1796 similia
776 1739 881 1794 sibi
942 1739 1381 1810 imprecantium
1444 1739 1489 1792 si
1550 1738 1722 1793 ﬁdem
1785 1739 2142 1794 fefellissent.

1885 503 2034 576 ὅρκια
2103 501 2158 556 δὲ

2260 510 2334 562 Iv,
2365 497 2464 562 l6;
2496 494 2796 565 Porphyr.,
2827 494 2891 548 de
2924 494 3111 561 Abst.,
3155 510 3216 564 ιι,
3263 495 3369 565 56),
3403 497 3545 566 apud
3585 499 3839 557 Philonem

2263 588 2553 660 Byblium,
2602 587 3310 660 pseudo-Sanchoniathon
3357 595 3577 661 auctor,
3614 599 3669 647 ut
3699 598 3839 667 vulgo

2259 683 2527 750 creditur,
2572 683 3013 738 vetustissimus.
3055 683 3331 738 Eamdem
3363 683 3551 739 dicunt
3593 687 3837 745 rationem

2257 777 2575 849 mythologi
2612 794 2713 831 cur
2749 778 2997 848 Phryrus
3024 783 3080 833 et
3124 777 3283 832 Helle
3329 779 3590 834 sacriﬁcio
3633 781 3841 838 destina-

2257 877 2478 940 rentur,
2519 889 2652 926 cum
2698 875 2867 926 terra:
2911 872 3172 927 sterilitas
3215 874 3312 943 (ita
3360 874 3513 928 enim
3559 876 3842 935 Athamanti

2255 969 2540 1039 persuasit
2599 967 2716 1038 lno)
2775 966 2989 1022 famem
3048 969 3386 1022 minaretur.
3452 969 3700 1031 Eamdem
3763 991 3846 1028 cur

2256 1062 2460 1118 Leonis
2507 1062 2659 1130 ﬁliae,
2720 1078 2822 1116 cur
2875 1061 3263 1132 Andromeda,
3323 1079 3424 1116 cur
3489 1063 3673 1130 etiam,
3722 1068 3843 1137 apud

2255 1156 2600 1211 recentiores
2653 1158 2972 1222 Romanos,
3031 1156 3260 1212 Curtius
3312 1161 3367 1211 et
3429 1157 3537 1211 duo
3586 1159 3720 1213 Decii
3762 1179 3837 1229 se,

2253 1251 2454 1322 patriae
2483 1251 2773 1306 servandae
2816 1250 3168 1321 augendaeve
3208 1251 3413 1322 gratia,
3445 1251 3608 1305 exitio
3643 1253 3838 1310 devove-

2252 1345 2387 1400 rint.
2417 1346 2702 1401 Exercitus
2737 1345 2985 1400 salutem
3021 1345 3200 1400 voluit
3223 1348 3617 1416 Agamemnon
3645 1349 3838 1420 Iphige-

2250 1439 2344 1494 nia
2373 1441 2487 1494 tilia
2515 1457 2613 1494 sua
2628 1458 2643 1509 ;
2681 1440 2859 1494 voluit
2895 1442 2951 1494 et
2988 1440 3150 1494 hoste
3192 1440 3494 1511 Polyxena,
3532 1440 3841 1499 immolanda

2250 1551 2495 1590 servare.
2527 1535 2696 1589 Multa
2721 1540 2854 1588 sunt
2883 1534 3088 1590 eodem
3116 1535 3430 1606 spectantia
3473 1537 3711 1606 exempla
3738 1555 3840 1609 qua:

2250 1630 2479 1701 plenam
2519 1629 2690 1684 fidem
2726 1629 2937 1683 faciant
2981 1631 3264 1700 quantum
3294 1629 3355 1682 in
3384 1629 3642 1684 humanis
3678 1632 3836 1684 crimi-

2248 1724 2416 1778 nibus
2442 1722 2733 1794 expiandis
2767 1723 3022 1777 humano
3054 1723 3316 1794 sanguini
3349 1723 3666 1791 tribuerint,
3697 1742 3842 1796 quan-

513 1837 660 1906 Ergo
711 1834 804 1889 me
857 1788 1083 1906 quoqé—e
1141 1833 1547 1887 sacriﬁciorum
1607 1833 1844 1904 sanguis
1908 1788 2222 1889 humaniB
2249 1822 2369 1872 tum
2395 1818 2571 1872 etiam
2601 1816 2800 1887 aqueis
2830 1816 2994 1870 illum
3036 1817 3467 1871 lustrationibus
3505 1818 3834 1888 praetulerint.

509 1934 700 1985 tamen
729 1932 854 1983 erat
880 1927 1172 1999 sanguinis
1207 1927 1471 1995 vicarius,
1503 1927 1818 1998 eodemque
1859 1931 1979 1981 erat
2021 1928 2142 1982 loco

511 2023 827 2078 censendus
849 2039 912 2077 ac
939 2022 985 2075 si
1011 2022 1185 2076 homo
1213 2021 1331 2092 ipse
1355 2021 1695 2092 sanguinem
1727 2022 2025 2092 proprium
2051 2039 2146 2093 op-

509 2119 884 2190 pignerasset.
918 2118 1175 2187 Cumque
1206 2116 1417 2186 duplex
1445 2121 1590 2170 esset
1621 2115 1765 2183 haec,
1794 2131 1966 2186 quam
2003 2115 2138 2184 dixi,

505 2215 624 2267 tam
663 2213 814 2283 apud
840 2211 1060 2265 Judaeos
1089 2225 1261 2281 quam
1303 2210 1562 2280 gentiles,
1604 2225 1768 2280 aqum
1807 2215 1976 2281 atque
2006 2226 2139 2264 san-

507 2307 726 2379 guinis,
775 2307 1140 2377 peccatorum
1187 2303 1602 2374 expiandorum
1650 2305 1861 2375 gratia,
1916 2310 2142 2376 recepta

500 2400 788 2469 lustratio;
811 2399 990 2470 major
1016 2403 1210 2454 tamen
1238 2398 1455 2453 credita
1485 2399 1589 2467 est,
1616 2397 1936 2469 sanguinis,
1967 2415 2140 2470 quam

505 2512 684 2568 aquae,
726 2493 989 2550 efficacia.
1039 2493 1273 2547 Leviora
1303 2493 1458 2547 enim
1495 2497 1660 2548 erant
1694 2492 1794 2546 illa
1822 2509 1948 2564 quae
1977 2509 2140 2564 aqum

503 2589 830 2660 aspersione
859 2587 1142 2659 expianda
1167 2586 1562 2642 crederentur.
1590 2586 1859 2641 Graviera
1893 2603 2139 2657 quaeque

507 2699 634 2754 quae
681 2682 903 2754 piacula
954 2681 1067 2736 sive
1108 2687 1207 2757 ἄγη
1249 2681 1626 2748 habebantur,
1670 2681 1954 2752 sanguine
1997 2697 2136 2752 pur-

505 2785 690 2857 ganda
731 2787 917 2839 erant.
967 2783 1351 2839 Homicidium
1400 2784 1552 2838 inter
1596 2783 1818 2855 piacula
1866 2799 2135 2839 numera-

499 2880 646 2936 bant
684 2882 925 2946 veteres,
973 2879 1125 2949 quod
1173 2878 1447 2932 nimirum
1485 2877 1593 2949 ipsi
1638 2882 1807 2933 terrae
1849 2879 2136 2933 maculam

500 2975 756 3046 inureret
817 2973 1008 3042 nullo,
1071 2977 1458 3044 prmterquam
1528 2973 1860 3043 sanguinis,
1916 2973 2136 3026 lavacro

501 3063 823 3118 eluendum.
882 3063 1010 3133 Ejus
1062 3066 1285 3127 autem,
1343 3063 1389 3116 si
1439 3066 1609 3117 notus
1659 3063 1854 3116 fuisset
1907 3067 2130 3131 auctor,

498 3154 729 3224 proprio
758 3153 879 3223 ejus
911 3152 1190 3222 sanguine
1231 3151 1520 3222 piaculum
1561 3152 1900 3222 expiabant;
1935 3153 2018 3206 sin
2059 3153 2209 3236 la-C

499 3247 718 3313 tuisset,
747 3262 928 3300 vaccae
961 3246 1238 3316 sanguine
1265 3246 1324 3299 in
1354 3246 1477 3300 loco
1504 3245 1894 3300 immolandas.
1935 3247 2129 3317 Neque

497 3357 630 3395 vero
660 3341 840 3394 caedes
869 3341 1001 3406 sola,
1025 3340 1124 3393 sed
1151 3343 1210 3394 et
1235 3340 1538 3410 impnritas
1569 3340 1664 3393 illa
1693 3340 1890 3410 legalis
1917 3357 1948 3393 e
1978 3355 2130 3394 mor-

496 3435 697 3489 ticiniis
737 3438 993 3489 contactu
1027 3433 1420 3487 contrahenda
1458 3449 1638 3487 vaccae
1673 3434 1812 3487 rufae
1843 3433 2128 3488 cineribus

495 3529 795 3601 purganda
838 3534 974 3582 erat.
1017 3526 1343 3590 Quinetiam
1389 3527 1559 3580 totius
1602 3527 1797 3599 pepuli
1837 3527 2129 3582 israelitici

492 3627 723 3697 peccata
754 3622 811 3676 in
838 3623 1060 3677 hircum
1093 3621 1454 3676 emissarium
1494 3621 1709 3692 (Levit.,
1751 3622 1864 3693 xvr)
1910 3621 2124 3692 impre-

493 3719 712 3773 catione
757 3717 1014 3788 conjecta
1051 3721 1203 3782 sunt,
1248 3715 1501 3786 ejusdem
1533 3721 1593 3769 ut
1633 3714 1872 3771 Babbini
1909 3717 2124 3783 volunt,

491 3815 676 3867 morte
731 3810 958 3866 luenda.
1013 3811 1125 3865 Nec
1183 3809 1296 3864 alia
1345 3811 1666 3864 Griecorum
1720 3813 1842 3864 erat
1893 3810 1963 3863 de
2015 3809 2129 3863 suis

498 3921 722 3978 quoque
774 3911 1067 3983 καθάρμασι
1121 3904 1434 3971 sententia,
1493 3907 1554 3958 ut
1614 3919 1679 3957 ex
1730 3903 2128 3974 Aristophanis

493 4012 791 4067 scholiastc
819 4009 1087 4064 discimus
1117 4008 1325 4076 (Arist..
1370 4007 1531 4062 schol.
1560 4008 1616 4061 in
1643 4007 1840 4075 Plut.).
1869 4007 2126 4077 Tamque

491 4109 614 4161 erat
665 4103 996 4159 universalis
1047 4103 1167 4156 haec
1216 4106 1582 4172 peccatorum
1627 4118 1731 4171 per
1783 4100 2126 4171 sanguinem

499 4194 782 4266 purgatio,
805 4199 870 4247 ut
897 4192 1112 4247 nullam
1144 4191 1237 4245 hic
1264 4191 1663 4261 exceptionem
1686 4191 1954 4245 adhibeat
1975 4194 2124 4261 Apo-

498 4288 677 4341 stolus
701 4304 713 4341 :
736 4289 860 4343 Sine
884 4288 1186 4353 sanguinis,
1209 4284 1415 4356 inquit,
1449 4286 1702 4354 effusione
1730 4300 1836 4338 non
1860 4288 1920 4353 ﬁt
1944 4287 2127 4340 remis-

499 4383 578 4436 sio
622 4381 938 4452 (Hebr.,1x,
965 4380 1076 4450 22).
1119 4380 1200 4433 Ita
1241 4382 1690 4433 consentaneum
1733 4381 1853 4432 erat
1900 4377 2124 4432 illorum

491 4479 816 4546 temporum
845 4474 1226 4546 dogmatibus,
1257 4478 1321 4527 ut
1342 4489 1470 4527 cum
1507 4477 1811 4543 utramque
1849 4476 1964 4526 tam
1997 4487 2122 4525 san—

491 4543 697 4640 guinis,
761 4543 947 4640 quam‘
995 4585 1158 4639 aqua:
1224 4567 1608 4638 expiationem
1667 4583 1768 4637 pro
1835 4543 2198 4638 baptismo!)

488 4663 798 4730 haberent,
865 4663 1146 4734 majorem
1202 4665 1399 4717 tamen
1457 4661 1757 4732 sanguinei
1809 4660 2114 4732 baptismi,

485 4774 662 4829 quam
693 4759 878 4830 aquai,
907 4757 1178 4812 virtutem
1204 4758 1602 4827 agnoscerent.

555 4853 588 4924 §
611 4855 692 4907 l9.
714 4883 780 4892 —
800 4853 863 4908 Et
884 4854 949 4906 ut
969 4851 1254 4922 sanguini,
1280 4851 1339 4904 in
1366 4851 1472 4904 hoc
1495 4848 1836 4920 expiationis
1863 4848 2112 4919 negotio,

480 4949 667 5014 partes
717 4942 1104 4997 concedebant
1154 4941 1316 4996 facile
1365 4941 1697 5013 primarias,
1749 4940 1827 4994 ita
1877 4939 2114 4993 humani

482 5032 796 5103 sanguinis,
827 5048 944 5103 prce
984 5030 1108 5085 aliis
1151 5030 1324 5086 etiam
1362 5031 1751 5101 sanguinibus,
1789 5029 1906 5083 vim
1944 5030 2112 5100 longe

480 5122 790 5177 maximam
826 5125 1200 5193 agnoverunt.
1237 5121 1376 5176 Inde
1413 5123 1604 5174 ortum
1647 5119 1807 5174 duxit
1844 5117 2114 5173 immanis

478 5215 608 5285 illa,
677 5232 805 5287 quae
868 5217 1014 5286 apud
1081 5221 1299 5272 veteres
1360 5215 1628 5285 invaluit,
1695 5216 2105 5293 ἀνθρωποθυσία,

478 5319 628 5391 quod
681 5319 894 5372 delictis
947 5319 1250 5374 hominum
1301 5317 1593 5390 expiandis
1649 5319 1938 5372 humanus
1982 5334 2109 5370 san-

477 5410 604 5481 guis
668 5407 994 5479 aptissimus
1059 5408 1366 5463 videretur.
1429 5408 1570 5463 Cum
1636 5408 1866 5479 gravior
1925 5407 2112 5479 aliqua

478 5497 812 5553 immineret
847 5498 916 5551 ab
962 5498 1104 5552 irato
1141 5497 1374 5552 numine
1413 5498 1608 5568 patriae
1647 5499 1943 5553 calamitas
1980 5515 2108 5570 quas

474 5589 790 5642 multorum
841 5586 1080 5641 exitium
1133 5587 1515 5656 epidemicum
1573 5587 1910 5657 minaretur,
1962 5590 2109 5644 mul-

473 5682 663 5731 torum
693 5678 826 5732 vitae
856 5691 1178 5748 paucorum
1214 5681 1377 5732 erant
1415 5678 1696 5750 sanguine
1731 5678 2106 5746 redimendae,

463 5766 581 5819 sive
616 5767 660 5819 is
698 5765 974 5822 sacriﬁcio
1011 5767 1181 5829 esset,
1221 5766 1333 5824 sive
1373 5766 1480 5820 alio
1523 5768 1716 5839 aliquo
1760 5767 1929 5822 modo
1970 5766 2108 5822 hau-

446 5858 716 5921 .riendus.
758 5863 921 5936 iEain
958 5856 1381 5943 ἀνθρωποθυσίας
1432 5862 1608 5939 apud.
1654 5859 1946 5950 Phoenicas.
2010 5877 2100 5918 ra-

2243 1911 2411 1982 Apud
2433 1910 2660 1966 Judmos
2699 1910 2825 1983 ipsa
2872 1910 3223 1965 circumcisio
3267 1914 3593 1983 sanguinea:
3642 1913 3838 1968 omnino

2245 2005 2581 2076 expiationis
2621 2005 2754 2073 (sive
2779 2005 3130 2076 baptismum
3159 2022 3291 2060 cum
3320 2005 3562 2060 Domino
3590 2007 3835 2078 appellare

2245 2099 2426 2172 malis)
2453 2099 2634 2154 vicem
2673 2099 3009 2166 sustinebat,
3041 2105 3098 2154 et
3127 2100 3365 2172 quidem
3409 2101 3656 2156 humano
3693 2102 3838 2173 ipsius

2243 2193 2454 2249 initiati
2486 2194 2767 2265 sanguine
2792 2193 3087 2248 faciendae.
3119 2195 3262 2250 Cum
3288 2194 3485 2266 itaque
3517 2195 3572 2249 id
3602 2211 3759 2249 unum
3781 2195 3837 2249 ad

2241 2287 2516 2358 baptismi
2537 2288 2824 2343 rationem
2852 2289 3082 2360 proprie
3115 2295 3330 2360 spectet
3367 2293 3431 2343 ut
3467 2290 3525 2344 in
3559 2306 3620 2344 eo
3644 2297 3837 2362 peccata

2243 2382 2524 2454 expianda
2549 2381 2694 2450 sint;
2718 2399 2848 2436 cum
2878 2382 3073 2450 etiam,
3098 2383 3156 2436 in
3187 2400 3252 2437 ea
3276 2383 3612 2454 expiationis
3640 2385 3835 2445 ratione,

2243 2478 2500 2547 exempla
2536 2477 2804 2531 habuerit
2831 2477 3108 2532 Dominus
3147 2483 3268 2532 tam
3304 2478 3656 2546 Judaeorum,
3687 2495 3832 2549 quam

2241 2571 2563 2642 gentilium,
2592 2571 2687 2642 qui
2713 2571 2978 2642 sanguini
3003 2571 3353 2627 beneficium
3383 2573 3541 2640 illud,
3573 2573 3761 2643 pariter
3784 2588 3834 2624 ac

2240 2681 2403 2736 aquae
2439 2663 2787 2732 tribuissent,
2821 2665 2918 2736 qui
2949 2666 3206 2720 humano
3247 2667 3427 2722 etiam
3471 2667 3637 2738 ipsius
3664 2666 3837 2720 initiati

2241 2758 2524 2830 sanguini,
2554 2758 2653 2829 qui
2684 2758 2964 2829 majorem
3008 2776 3240 2832 quoque
3285 2761 3597 2816 efficaciam
3634 2760 3831 2830 sangui-

2239 2869 2365 2908 neae
2401 2851 2750 2920 lustrationi,
2800 2870 2978 2924 quam
3030 2855 3120 2908 vel
3158 2871 3363 2927 aqueae
3407 2855 3786 2911 concessissent
3824 2872 3834 2908 :

2237 2963 2356 3002 non
2406 2949 2529 3001 erat
2579 2962 2715 3000 sane
2772 2951 3234 3002 consentaneum
3285 2955 3353 3004 ut
3398 2965 3570 3021 quam
3619 2948 3838 3020 expiandi

2236 3041 2518 3112 majorem
2544 3040 2602 3095 in
2633 3041 2913 3113 sanguine
2949 3058 3122 3114 quam
3167 3041 3226 3096 in
3274 3059 3429 3115 aqua
3473 3045 3724 3098 virtutem
3761 3043 3837 3096 alii

2236 3135 2388 3207 apud
2454 3151 2513 3188 se
2575 3133 2746 3189 fuisse
2815 3136 3234 3206 gloriarentur,
3298 3153 3371 3191 ea
3427 3137 3531 3192 soli
3581 3135 3836 3192 Christiani

2235 3228 2704 3284 destituercntur.
2745 3229 3070 3284 Praesertim
3123 3246 3253 3284 cum
3300 3230 3363 3286 in
3407 3247 3473 3286 eo
3515 3230 3712 3285 versari
3741 3230 3836 3300 jam

2233 3322 2480 3378 diximus
2511 3322 2838 3377 universam
2871 3324 2993 3378 fere
3019 3324 3157 3378 Novi
3189 3326 3547 3380 Testamenti
3571 3339 3832 3395 argumen-

2231 3417 2526 3486 tationem,
2553 3422 2618 3471 ut
2644 3433 3020 3489 quaecumque
3051 3421 3264 3487 essent,
3305 3420 3430 3474 sive
3451 3418 3602 3490 apud
3625 3417 3834 3483 Iudaeos,

2231 3510 2345 3565 sive
2377 3510 2639 3582 gentiles,
2683 3511 2980 3582 privilegia
3009 3511 3078 3567 de
3119 3512 3328 3584 quibus
3382 3513 3762 3586 gloriarentur,
3785 3527 3834 3564 ea

2230 3604 2566 3662 Christianis
2610 3604 2819 3675 potiori
2866 3607 3367 3678 prmstantiorique
3418 3607 3632 3663 ratione
3671 3621 3834 3662 conve-

2230 3699 2353 3756 nire
2381 3699 2780 3771 probarentur.
2814 3701 2935 3754 Non
2972 3705 3096 3756 erat
3127 3707 3579 3758 consentaneum
3614 3708 3690 3770 ut,
3729 3715 3832 3754 cum

2228 3794 2288 3849 in
2317 3794 2514 3849 eadem
2541 3794 2646 3848 hac
2673 3810 2843 3849 causa
2868 3794 3137 3865 baptismi
3165 3811 3363 3850 vocem
3389 3796 3720 3851 adhiberent
3739 3797 3832 3848 tam

2228 3889 2348 3959 ipse
2391 3886 2663 3942 Dominus
2716 3904 2890 3959 quam
2936 3888 3076 3942 Novi
3128 3889 3485 3945 Testamenti
3541 3889 3830 3960 scriptores,

2228 3981 2398 4036 aliam
2463 3988 2656 4036 tamen
2711 3981 3193 4052 signiﬁcationem
3250 3983 3641 4056 intelligerent
3690 3998 3830 4055 quam

2230 4075 2490 4147 expiandi
2566 4075 2727 4130 illam
2796 4076 3054 4130 omnium
3116 4076 3481 4133 notissimam
3545 4076 3828 4148 acceptissi’

2226 4185 2521 4241 memque.
2561 4171 2683 4224 Non
2714 4174 2840 4225 erat
2873 4173 3327 4227 consentaneum
3371 4178 3460 4243 ut,
3488 4173 3583 4246 qui
3623 4173 3692 4228 ita
3729 4187 3827 4226 sen-

2227 4265 2450 4333 sissent,
2479 4264 2643 4320 aliter
2673 4269 2864 4320 tamen
2910 4266 3285 4338 loquerentur
3329 4285 3508 4340 quam
3559 4270 3830 4338 martyrem

2226 4363 2487 4415 nostrum
2524 4360 2648 4431 jam
2690 4360 2951 4414 locutum
2987 4359 3434 4430 observavimus,
3486 4368 3546 4418 ut
3588 4360 3828 4416 nimirum

2227 4453 2527 4525 sanguinei
2569 4453 2837 4526 baptismi
2877 4454 2991 4508 vim
3039 4455 3216 4510 etiam
3264 4457 3643 4528 expiatricem
3688 4453 3827 4526 aquei

2221 4547 2489 4620 baptismi
2516 4547 2596 4603 illi
2612 4549 2782 4620 longe
2807 4548 3245 4604 anteferendam
3275 4551 3684 4607 existimarent.
3706 4549 3822 4605 Tan-

2218 4646 2342 4697 tum
2387 4643 2545 4698 abest
2596 4646 2657 4697 ut
2701 4642 2908 4697 duram
2967 4643 3134 4711 hanc,
3187 4648 3246 4698 et
3283 4661 3318 4698 a
3360 4650 3825 4700 sacramentorum

2217 4736 2516 4808 dignitate,
2550 4743 2606 4791 et
2635 4736 2861 4792 Domini
2892 4741 3086 4793 mente
3115 4736 3368 4794 alienam
3399 4756 3633 4796 censere
3655 4738 3826 4794 debea-

2215 4847 2344 4886 mus
2389 4831 2664 4903 loquendi
2708 4831 3018 4903 rationem,
3055 4833 3117 4887 ut
3153 4837 3358 4904 putant
3407 4833 3565 4890 illam
3613 4834 3825 4888 alienam

2215 4925 2548 4981 adversarii.

2285 5020 2434 5091 §20.
2468 5049 2538 5060 —-
2563 5020 2644 5074 lta
2663 5017 2854 5091 itaque
2891 5019 3266 5089 ostendimus,
3303 5037 3481 5094 quam
3526 5021 3616 5078 hic
3653 5018 3820 5076 omnia

2214 5117 2345 5185 apte
2370 5114 2518 5169 inter
2538 5130 2600 5169 se
2629 5130 3019 5187 congrueque,
3049 5132 3153 5187 pro
3179 5115 3335 5171 illius
3365 5116 3551 5172 aetatis
3578 5111 3822 5189 dogmati-

2210 5209 2316 5264 bus
2355 5209 2702 5276 cohaereant,
2745 5209 2790 5263 si
2842 5208 2924 5264 ita
2996 5209 3308 5265 Dominum
3358 5212 3571 5283 ipsum,
3616 5212 3690 5266 ita
3728 5211 3825 5280 ejus

2213 5303 2518 5375 apostolos,
2545 5302 2949 5375 intelligamus.
2982 5305 3114 5360 [nde
3153 5305 3410 5378 sequitur
3442 5322 3543 5378 pro
3582 5305 3682 5361 hoc
3720 5318 3822 5360 esse

2211 5397 2401 5470 potius
2429 5413 2597 5452 sensu
2613 5397 3130 5470 preejudicandum,
3151 5400 3258 5468 vel,
3283 5399 3329 5453 si
3354 5416 3553 5456 vocem
3579 5399 3825 5454 malimus

2209 5491 2647 5558 tertullianeam,
2672 5491 3179 5563 prmscribendum,
3205 5494 3267 5548 ni
3293 5495 3446 5550 clara
3467 5495 3754 5550 occurrant
3771 5489 3822 5544 in

2209 5585 2397 5657 reipsa
2423 5592 2772 5658 argumenta
2811 5602 2913 5642 cur
2940 5586 3010 5642 sit
3036 5587 3201 5643 aliter
3243 5588 3640 5660 intelligenda.
3669 5581 3819 5655 Atqui

2208 5683 2436 5736 tantum
2487 5681 2644 5736 abest
2698 5686 2757 5736 ut
2811 5682 2870 5736 in
2917 5698 2978 5737 re
3021 5681 3140 5754 ipsa
3183 5684 3470 5740 contraria
3535 5681 3821 5737 habeamus

2207 5779 2566 5846 argumenta,
2592 5781 2652 5830 ut
2670 5776 2813 5831 nihil
2855 5777 3040 5848 magis
3066 5777 3239 5834 faciat
3265 5779 3335 5834 ad
3363 5783 3573 5834 nostrze
3609 5779 3814 5830 senteno

2207 5867 2305 5927 tim
2348 5868 2848 5929 conﬁrmationem
2891 5887 3069 5945 quam
3116 5871 3164 5929 si
3207 5888 3332 5951 rem
3365 5873 3558 5948 ipsam
3605 5864 3801 5944 penitiu
