4082 6194
262 195 398 255 H73

1290 199 1381 257 DE
1416 197 1727 258 SECUNDO
1764 194 2092 257 MARTYRII
2124 195 2475 257 BAPTISMO.

3485 195 3622 259 1174

277 323 697 383 examinemus.
735 325 1321 385 Animadvertendum
1368 328 1562 402 itaque
1594 327 1792 400 quinto
1832 325 1906 383 ad
1926 336 2123 412 Aesse
2169 324 2463 381 solemnia.
2504 324 2640 390 Quis
2676 330 2872 383 autem
2914 326 3057 383 illud
3098 326 3322 384 dubitet
3360 328 3631 403 baptismi

261 420 449 492 ipsum
497 419 767 491 baptismi
820 426 1244 477 sacramentum
1291 423 1620 494 pertinere,
1675 422 1897 493 sangui-

264 530 441 569 neum
467 513 621 568 hunc
655 513 1025 586 baptismum,
1060 521 1117 570 et
1146 516 1375 587 quidem
1409 517 1488 571 ita
1515 515 1807 588 pertinere
1837 517 1903 570 ut

263 611 484 680 partem
516 609 637 679 ejus
678 609 1029 680 praecipuam
1066 616 1441 665 consummet.
1473 612 1583 665 Hoc
1629 610 1724 666 ubi
1760 628 1899 683 pro-

262 702 467 758 batum
511 702 858 772 dederimus,
904 719 1079 758 nemo
1120 703 1246 772 erit,
1283 704 1509 777 opinor,
1556 703 1695 777 quin
1734 704 1902 760 facile

266 797 536 852 concedat
580 797 936 869 praecipuum
977 798 1245 869 baptismi
1276 799 1526 854 fructum
1564 798 1634 853 ab
1676 815 1740 853 eo
1780 815 1901 853 esse

260 892 393 964 jure
436 890 753 963 meritoque
795 892 1227 963 expectandum.
1261 893 1369 948 Nec
1406 892 1516 947 alio
1561 897 1796 963 spectat,
1842 895 1902 947 ut

270 993 434 1061 puto,
463 989 715 1061 Apostoli
740 990 839 1045 illa
878 990 1231 1061 comparatio
1262 1007 1376 1062 qua
1401 1007 1632 1062 aquam,
1666 990 1898 1062 sangui-

267 1099 403 1137 nem
446 1088 501 1138 et
530 1083 807 1154 Spiritum
848 1084 909 1138 in
942 1101 1122 1139 unum
1160 1084 1239 1138 ita
1284 1085 1542 1155 contulit,
1588 1090 1666 1154 ut,
1698 1101 1897 1156 quem-

266 1176 577 1231 admodum
618 1180 802 1246 Pater,
846 1177 1017 1233 Filius
1058 1182 1116 1233 et
1160 1177 1402 1251 Spiritus
1448 1182 1675 1234 sanctus
1715 1195 1899 1234 unum

265 1274 416 1340 sunt,
460 1271 535 1326 ita
575 1288 746 1343 aqua,
776 1272 1021 1343 Spiritus
1062 1277 1121 1327 et
1162 1272 1397 1344 sanguis
1439 1272 1554 1327 sint
1589 1273 1650 1328 in
1694 1289 1897 1341 unum,

265 1365 419 1436 quod
452 1380 658 1437 nempe
690 1382 871 1420 unum
907 1366 1181 1437 idemque
1211 1372 1487 1438 praestent
1513 1383 1712 1422 omnes
1741 1384 1895 1421 com-

259 1460 569 1531 pleantque
613 1460 887 1515 ofﬁcium.
930 1461 1004 1514 De
1046 1460 1373 1533 baptismali
1409 1478 1560 1533 aqua
1599 1467 1655 1517 et
1687 1461 1897 1533 Spiritu

261 1552 703 1624 intelligendum
731 1554 1172 1623 observavimus,
1206 1559 1267 1609 ut
1286 1556 1523 1627 proinde
1549 1555 1896 1627 baptismum

261 1646 426 1702 illum
470 1649 947 1705 sacramentalem
993 1650 1257 1720 supplere
1301 1650 1506 1705 debeat
1543 1649 1892 1720 sanguineus

2007 435 2126 475 esse
2156 420 2455 491 proprium
2491 419 2738 475 ofﬁcium
2779 425 2840 477 ut
2876 439 2982 493 per
3020 422 3182 477 illum
3226 421 3397 477 sacris
3439 426 3631 481 Chris-

2004 514 2289 569 tianorum
2338 513 2666 582 initiemur,
2720 523 2778 570 et
2825 516 2884 570 in
2938 515 3230 587 propriam
3283 518 3637 575 ascribamur

2002 608 2455 664 Christianorum
2481 607 2855 662 societatem?
2878 609 3150 665 Convenit
3177 615 3455 681 praaterea
3479 615 3639 684 quod

2003 702 2102 775 qui
2128 702 2424 756 confertur
2442 702 2502 757 in
2528 701 2981 759 Christianorum
2999 704 3286 775 baptismo
3305 706 3565 777 Spiritus,
3586 708 3633 762 is

2000 799 2232 877 ἀρῥαϐών
2281 796 2430 868 (quas
2470 801 2529 851 et
2572 796 2742 851 arrha
2796 802 2878 851 est
2925 797 3295 869 scriptoribus
3345 801 3629 873 Romanis)

2000 900 2061 955 in
2098 901 2252 955 Novo
2289 902 2649 955 Testamento
2686 899 3024 971 appelletur.
3057 901 3191 957 Erat
3229 901 3382 958 enim
3411 903 3472 959 in
3504 905 3636 975 jure

1999 996 2256 1051 Romano
2283 994 2455 1049 arrha
2479 996 2783 1065 pactorum
2809 994 3063 1065 propria,
3092 994 3381 1068 praecipue
3408 999 3635 1069 nuptia-

1999 1087 2164 1144 lium.
2217 1089 2436 1159 Nempe
2498 1088 2796 1159 mysticam
2859 1104 2989 1143 cum
3042 1088 3291 1145 Ecclesia
3356 1090 3637 1146 unitatem

1998 1181 2409 1238 matrimoniali
2445 1182 2654 1236 unitati
2682 1182 3032 1254 respondere
3080 1200 3114 1237 v
3157 1184 3227 1239 ad
3260 1185 3405 1256 Eph.
3447 1185 3638 1241 innuit

1997 1277 2319 1348 Apostolus.
2360 1275 2595 1347 Propria
2634 1292 2805 1347 porro
2844 1276 3017 1331 arrha
3058 1280 3144 1331 est
3185 1277 3336 1333 illius
3363 1279 3637 1351 temporis

1998 1388 2111 1443 quo
2146 1371 2331 1442 primo
2372 1370 2552 1424 foedus
2592 1369 2823 1425 inimus.
2873 1369 3008 1425 lnde
3048 1370 3306 1443 sequitur
3333 1376 3395 1427 ut
3429 1373 3496 1428 de
3526 1374 3637 1429 alia

1998 1465 2239 1537 Spiritus
2268 1464 2589 1531 collatione,
2608 1468 2995 1535 praeterquam
3018 1464 3359 1536 baptismali,
3390 1473 3642 1539 nequeat

1995 1558 2256 1630 intelligi.
2306 1557 2668 1614 Conveniunt
2712 1558 2957 1630 denique
2997 1562 3055 1614 et
3094 1559 3366 1631 baptismi
3404 1560 3516 1614 illa
3572 1562 3634 1615 in

1996 1653 2238 1708 Ecclesia
2264 1652 2534 1724 primazva
2571 1652 2791 1708 formae.
2822 1652 3019 1708 Credis
3037 1654 3064 1708 ‘I
3092 1654 3291 1710 Credo.
3332 1654 3630 1710 Abrenun-

258 1741 352 1797 hic
381 1740 718 1813 baptismus.
740 1743 912 1815 quue
939 1717 1128 1814 ipsum
1150 1744 1467 1800 observavit
1486 1749 1620 1799 ante
1648 1717 1752 1798 nos
1774 1742 1891 1798 Ori—
1909 1717 1966 1790 B
1991 1747 2135 1802 tias?
2162 1717 2537 1802 Abrenuntio.
2568 1746 2712 1803 Sunt
2737 1746 2891 1802 enim
2920 1751 2976 1803 et
2996 1747 3111 1803 illa:
3139 1748 3209 1803 ad
3234 1748 3627 1804 Romanorum

260 1852 458 1908 genes,
492 1853 562 1892 ne
598 1836 725 1909 quis
750 1842 1007 1894 veterum
1041 1838 1404 1909 dogmatibus
1434 1837 1626 1893 minus
1662 1853 1892 1893 consen-

260 1936 491 1987 taneam
524 1932 845 2003 suspicetur
872 1935 1132 1987 nostram
1160 1933 1306 1989 hanc
1344 1933 1887 2005 interpretationem.

258 2027 455 2098 Neque
487 2043 618 2081 vero
649 2031 870 2098 pugnat
901 2028 1053 2099 quod
1080 2028 1461 2099 sanguineum
1493 2029 1646 2083 hunc
1679 2026 1890 2099 baptis-

259 2137 421 2175 mum
452 2121 769 2176 secundum
797 2121 1142 2193 appellarint
1168 2122 1341 2177 iidem
1373 2129 1607 2178 veteres.
1634 2125 1713 2178 Ita
1738 2124 1891 2179 enim

260 2214 619 2286 intelligendi
659 2220 809 2285 sunt,
864 2215 1034 2286 quod,
1076 2232 1206 2270 cum
1241 2217 1505 2272 renovari
1543 2218 1729 2273 denuo
1772 2234 1890 2273 non

253 2310 433 2381 possit
479 2310 909 2364 sacramentalis
960 2308 1054 2365 ille
1106 2310 1452 2382 baptismus,
1500 2311 1560 2366 in
1615 2312 1887 2383 martyrio

258 2407 452 2459 tamen
492 2404 612 2476 ejus
642 2402 921 2459 beneﬁcia
953 2403 1067 2459 sint
1094 2405 1162 2460 de
1199 2421 1363 2474 novo,
1394 2405 1517 2461 sine
1543 2406 1664 2478 ejus
1692 2409 1892 2462 tamen

254 2499 433 2572 ipsius
472 2498 847 2554 renovatione
885 2500 1255 2575 expectanda,
1290 2505 1346 2555 et
1383 2502 1533 2573 quod
1572 2518 1718 2557 nova
1757 2500 1893 2557 ﬁde-

255 2594 397 2648 lium
444 2594 773 2649 adultorum
833 2597 1090 2665 peccata,
1142 2611 1269 2665 quae
1312 2595 1546 2667 quidem
1597 2596 1656 2651 in
1705 2612 1889 2669 aqueo

253 2688 541 2760 baptismo
568 2689 803 2745 remissa
832 2707 950 2745 non
990 2693 1196 2759 essent,
1228 2691 1320 2745 hic
1353 2692 1518 2762 plene
1548 2690 1893 2762 penitusque

256 2786 313 2838 et
360 2799 462 2854 pro
512 2784 863 2855 baptismalis
902 2784 1247 2839 remissionis
1291 2784 1464 2839 modo
1510 2800 1892 2857 mensuraque

256 2876 609 2934 remittatur.
639 2880 773 2944 Quae
801 2895 932 2934 cum
960 2878 1209 2934 secunda
1235 2878 1307 2934 sit
1333 2878 1615 2946 remissio,
1644 2894 1760 2933 non
1787 2880 1894 2933 erit

266 2971 457 3043 utique
483 2972 697 3028 mirum
724 2973 773 3027 si
798 2973 1049 3028 secundo
1076 2971 1251 3028 etiam
1278 2971 1560 3044 baptismo
1590 2972 1893 3028 tribuenda

1990 1844 2295 1914 pactorum
2338 1841 2549 1896 formas
2598 1858 2896 1913 expressae,
2934 1858 3128 1898 rursus
3162 1842 3450 1914 praecipue
3479 1860 3627 1913 nup-

1997 1937 2246 1991 tialium.
2290 1935 2444 1991 Das?
2482 1937 2580 1991 Do.
2646 1936 2948 2007 Spondes?
2973 1936 3254 2008 Spondeo.
3300 1936 3458 1992 Unde
3495 1937 3637 1992 illud

1991 2032 2194 2087 saltem
2228 2030 2555 2085 necessario
2604 2030 2909 2102 colligitur,
2937 2047 3043 2103 pro
3079 2034 3242 2101 pacto
3280 2031 3632 2105 baptismum

1991 2127 2293 2199 primaevos
2320 2125 2518 2180 saltem
2548 2124 2812 2180 habuisse
2842 2125 3212 2180 Christianos.

2063 2221 2096 2292 §
2124 2224 2210 2275 22.
2235 2250 2303 2258 —
2330 2220 2472 2274 Hinc
2511 2218 2771 2290 sequitur
2802 2220 3054 2275 secundo
3082 2222 3145 2275 ut
3185 2221 3245 2275 in
3273 2220 3398 2276 aliis
3423 2220 3623 2295 pactis,

1992 2315 2075 2370 ita
2105 2318 2163 2369 et
2188 2314 2250 2367 in
2277 2319 2469 2368 nostro
2509 2316 2676 2385 pacto
2722 2329 2951 2385 quoque
2974 2313 3321 2385 baptismali,
3354 2315 3466 2370 duo
3507 2331 3628 2373 esse

1993 2426 2027 2464 a
2051 2425 2109 2464 se
2138 2407 2379 2463 invicem
2410 2406 2819 2479 distinguenda
2846 2407 3206 2463 diversarum
3231 2408 3480 2480 partium
3501 2411 3627 2465 ofﬁ-

1993 2503 2100 2571 cia,
2132 2501 2232 2557 Dei
2270 2502 2401 2569 alia,
2445 2501 2557 2556 alia
2599 2504 2810 2556 nostra.
2848 2502 2931 2556 Ad
2976 2503 3152 2557 Deum
3191 2506 3451 2574 spectant
3487 2520 3633 2575 pro-

1991 2596 2297 2653 missiones
2340 2596 2547 2668 quibus
2591 2600 2822 2651 cavetur
2866 2596 2937 2651 de
2979 2596 3316 2667 praastandis
3358 2596 3627 2668 baptismi

1994 2691 2307 2761 beneﬁciis,
2352 2695 2472 2745 tam
2520 2689 2631 2744 illae
2679 2706 2808 2761 quae
2857 2690 2927 2745 de
2973 2690 3240 2762 praesenti
3291 2693 3627 2762 praestanda:

1993 2790 2144 2855 sunt,
2182 2787 2545 2857 peccatorum
2587 2784 2848 2839 omnium
2882 2783 3149 2856 expiatio,
3182 2784 3422 2856 Spiritus
3448 2787 3628 2841 sancti

1994 2880 2243 2950 donatio,
2275 2878 2513 2950 mystica
2542 2894 2673 2933 cum
2702 2878 2924 2934 Christo
2949 2880 3106 2949 unio,
3137 2879 3339 2935 saltem
3368 2885 3624 2950 externa,

1995 2981 2125 3043 etc.,
2166 2991 2337 3046 quam
2382 2990 2510 3046 quae
2540 2973 2609 3028 de
2636 2973 2845 3028 futuris
2869 2972 3213 3028 adhibentur
3243 2973 3413 3028 ofﬁcii
3444 2975 3628 3030 nostri

255 3065 536 3122 videatur.
568 3067 698 3136 Sed,
737 3067 909 3122 misso
950 3067 1199 3139 Apostoli
1232 3065 1579 3134 testimonio,
1619 3082 1726 3138 age
1762 3082 1886 3122 rem
1909 3095 1964 3169 Ο
1992 3068 2266 3140 praemiis.
2318 3066 2407 3122 Ad
2460 3083 2562 3121 nos
2611 3070 2870 3137 spectant
2915 3083 3045 3138 quae
3086 3084 3118 3120 a
3158 3067 3327 3121 nobis
3382 3067 3627 3123 vicissim

253 3160 472 3232 ipsam,
525 3178 592 3216 ex
647 3162 880 3234 propria
928 3162 1101 3233 hujus
1150 3160 1574 3217 sacramentalis
1623 3160 1887 3232 baptismi

252 3260 455 3309 natura
482 3255 851 3326 explicemus.

326 3349 469 3412 §2l.
510 3376 576 3384 —
608 3346 947 3401 Recolamus
984 3345 1177 3417 itaque
1214 3346 1275 3399 in
1316 3343 1514 3416 primis
1561 3361 1733 3400 omne
1777 3346 1887 3400 hoc

250 3435 525 3507 baptismi
559 3437 859 3507 negotium
896 3441 1129 3507 pactum
1160 3452 1281 3490 esse
1312 3434 1598 3507 quoddam
1624 3435 1886 3490 ﬁdelium

250 3543 382 3581 cum
414 3528 549 3595 Deo,
579 3543 683 3582 nec
712 3526 941 3581 aliunde
972 3525 1182 3581 rectius
1214 3541 1390 3597 quam
1421 3541 1451 3580 e
1480 3524 1725 3596 receptis
1750 3542 1883 3596 pac-

253 3619 446 3670 torum
473 3616 733 3671 moribus
764 3615 1181 3687 explicandum.
1224 3618 1355 3671 Esse
1400 3615 1552 3669 enim
1594 3616 1887 3687 Evangelii

252 3720 430 3774 καινὴν
482 3710 734 3788 διαθήκμν
777 3710 848 3765 ab
894 3710 988 3764 illa
1033 3709 1242 3764 scilicet
1286 3709 1563 3764 diversam
1615 3725 1741 3781 quae
1785 3712 1881 3765 Ju-

252 3811 513 3866 daeorum
539 3811 724 3865 fuerat
753 3812 925 3881 atque
951 3807 1095 3880 legis
1121 3807 1411 3877 Mosaicae;
1435 3823 1556 3863 esse
1580 3808 1753 3863 etlam
1780 3806 1883 3862 sub

253 3906 559 3977 Evangelio
592 3921 707 3959 non
738 3905 1162 3958 Testamentum
1188 3902 1384 3970 modo,
1412 3902 1513 3957 sed
1547 3908 1602 3956 et
1630 3904 1881 3973 pactum,

253 4016 496 4071 eamque
560 3998 846 4069 duplicem
891 3997 1130 4060 διαθήκης
1185 3995 1666 4067 signiﬁcationem
1715 4012 1880 4053 evan-

251 4099 443 4171 gelicis
472 4097 642 4154 etiam
674 4095 1026 4168 temporibus
1055 4094 1394 4164 convenire;
1430 4110 1548 4149 esse
1580 4094 1751 4157 etiam
1777 4093 1881 4148 sub

247 4193 489 4265 mystico
515 4191 880 4247 israelitismo
912 4190 1112 4247 eadem
1150 4188 1384 4244 omnino
1416 4188 1569 4259 pacti
1610 4187 1883 4243 beneﬁcia

250 4304 380 4360 qua:
417 4286 650 4359 propria
691 4285 826 4340 olim
865 4285 1094 4341 fuerant
1128 4282 1473 4338 israelitismi
1507 4281 1791 4349 litteralis,
1820 4286 1883 4336 ut

247 4385 410 4441 nobis
436 4386 587 4439 Deus
618 4399 875 4438 summus
909 4381 972 4437 in
1008 4380 1303 4454 proprium
1328 4379 1645 4435 ascribatur
1677 4380 1877 4449 Deum,

1989 3162 2344 3235 spondentur
2372 3177 2478 3232 pro
2508 3164 2700 3216 nostra
2725 3160 2875 3232 pacti
2900 3160 3247 3232 baptismalis
3275 3164 3435 3233 parte
3474 3178 3623 3233 prae-

1987 3258 2203 3313 standa.
2262 3256 2601 3327 Quanquam
2659 3254 2814 3310 enim
2870 3255 3278 3326 promissiones
3334 3256 3623 3311 fateamur

1988 3358 2148 3407 extra
2175 3355 2343 3423 pacta
2386 3349 2584 3416 factas,
2618 3349 2736 3404 sine
2778 3348 3011 3404 alterius
3059 3350 3237 3420 partis
3279 3350 3622 3422 obligatione

1988 3446 2121 3501 satis
2178 3443 2477 3500 commode
2533 3442 2778 3514 intelligi
2829 3459 3029 3514 posse;
3086 3449 3143 3498 at
3194 3460 3324 3515 quae
3376 3444 3623 3499 alteram

1984 3540 2133 3611 pacti
2204 3542 2427 3610 partem
2500 3537 2873 3604 constituunt,
2946 3537 3054 3591 illae
3123 3540 3325 3592 mutua
3388 3538 3621 3593 omnino

1983 3634 2286 3705 utriusque
2314 3631 2491 3703 partis
2520 3632 2760 3703 exigunt
2789 3630 2993 3685 ofﬁcia.
3026 3632 3149 3702 Ipsa
3173 3631 3279 3686 hoc
3306 3632 3457 3703 pacti
3480 3632 3624 3688 ratio

1986 3726 2303 3784 necessario
2332 3726 2625 3797 supponit.
2664 3726 2818 3781 Data:
2845 3725 3002 3780 enim
3030 3724 3286 3793 fortasse,
3313 3741 3431 3780 non
3469 3730 3621 3782 certe

1982 3824 2188 3895 pactae,
2215 3820 2324 3875 illa;
2364 3818 2764 3890 promissiones
2804 3818 3130 3873 dicerentur
3151 3834 3280 3889 qua:
3301 3818 3459 3872 nulla
3486 3836 3617 3890 sup-

1983 3917 2267 3987 ponerent
2293 3912 2476 3967 ofﬁcia
2503 3911 2611 3966 sibi
2645 3928 2713 3967 ex
2748 3911 2981 3966 adversa
3010 3916 3170 3982 parte
3196 3911 3617 3982 respondentia.

2054 4008 2200 4081 §23.
2247 4037 2315 4047 ——
2365 4005 2633 4079 Sequitur
2675 4005 2845 4060 tertio
2877 4004 2972 4076 jus
3013 4005 3153 4060 illud
3202 4005 3383 4077 legale
3427 4022 3619 4075 omne,

1985 4102 2135 4173 quod
2161 4102 2317 4173 pacti
2345 4099 2622 4155 beneﬁcio
2666 4099 3010 4167 obtinemus,
3042 4099 3116 4153 ad
3156 4101 3254 4153 Dei
3288 4099 3618 4171 promissio-

1984 4213 2108 4266 nes,
2143 4213 2210 4250 ex
2236 4194 2407 4251 ofﬁcii
2435 4194 2615 4250 nostri
2638 4193 3004 4265 praestatione
3030 4210 3150 4249 esse
3183 4194 3609 4251 deducendum.

1980 4293 2077 4349 Est
2103 4290 2257 4345 enim
2283 4289 2423 4344 illud
2451 4288 2711 4344 omnium
2738 4290 3044 4359 pactorum
3070 4304 3379 4344 commune
3406 4294 3469 4344 ut
3488 4306 3618 4362 quae

1986 4385 2271 4441 habentur
2321 4383 2382 4438 in
2446 4382 2556 4437 illis
2611 4381 3015 4454 promissiones
3068 4399 3152 4437 ere
3217 4383 3620 4439 conditionatae

247 4496 351 4535 nos
378 4477 457 4533 illi
485 4477 729 4533 vicissim
761 4476 819 4530 in
848 4475 1151 4548 proprium
1188 4474 1536 4530 ascribamur
1561 4473 1841 4546 populum
1863 4470 1962 4544 $1)
1986 4478 2399 4550 intelligantur,
2430 4493 2532 4533 nec
2567 4481 2738 4531 antea
2769 4474 2979 4530 debitae
3006 4492 3182 4547 quam
3212 4478 3472 4549 praestitte
3501 4478 3618 4532 fue-

247 4589 355 4629 nec
393 4572 535 4627 illud
581 4571 773 4640 modo,
806 4570 907 4625 sed
947 4574 1240 4625 externam
1278 4584 1399 4626 esse
1441 4569 1590 4623 hanc
1634 4570 1885 4622 nostram

249 4684 379 4722 cum
422 4668 535 4722 Deo
584 4664 1146 4733 confcederationem,
1189 4664 1266 4719 ita
1310 4680 1519 4735 nempe
1563 4662 1886 4733 intelligen-

252 4763 408 4831 dam,
442 4768 503 4816 ut
540 4766 840 4817 externum
874 4760 1108 4831 aliquod
1146 4759 1458 4813 intercedat
1484 4757 1710 4812 unionis
1747 4756 1886 4829 poli-

249 4858 380 4912 ticae
406 4856 694 4911 vinculum
724 4859 843 4909 tam
874 4854 1041 4910 nobis
1068 4854 1335 4924 invicem,
1370 4869 1543 4925 quam
1572 4853 1684 4907 Deo
1714 4851 1882 4907 etiam

248 4951 545 5008 nobiscum
590 4965 919 5020 commune,
950 4965 1063 5021 quo
1095 4965 1199 5003 nos
1228 4947 1337 5019 ipsi
1366 4946 1740 5018 proﬁteamur
1767 4947 1883 5001 Deo

245 5045 577 5112 foederatos,
617 5050 673 5099 et
710 5044 777 5098 ab
813 5043 935 5098 aliis
975 5043 1145 5098 etiam
1189 5041 1445 5098 foederati
1485 5057 1881 5112 agnoscamur,

248 5140 319 5195 ad
350 5139 620 5194 eumdem
650 5139 819 5210 plane
850 5138 1084 5193 modum
1120 5154 1232 5209 quo
1276 5139 1334 5191 et
1361 5135 1525 5191 Israel
1567 5134 1884 5190 secundum

247 5250 481 5291 carnem
519 5250 624 5305 pro
660 5233 937 5289 foederato
966 5232 1066 5288 Dei
1094 5232 1330 5305 populo,
1353 5247 1482 5303 pra:
1511 5228 1758 5285 universi
1791 5244 1879 5282 or-

242 5329 332 5386 bis
374 5328 665 5401 gentibus,
699 5328 835 5383 olim
877 5330 1101 5399 poterat
1139 5326 1374 5399 agnosci
1407 5344 1417 5380 :
1448 5326 1589 5395 haec,
1623 5324 1880 5396 inquam,

245 5425 327 5479 ita
372 5425 504 5477 sunt
546 5438 614 5477 ex
652 5421 789 5477 Novi
829 5421 1172 5478 Testamenti
1212 5419 1521 5476 ratiociniis
1562 5418 1879 5485 manifesta,

245 5524 312 5574 ut
348 5516 562 5573 mirum
609 5515 682 5571 sit
722 5533 839 5571 esse
877 5515 1049 5572 hodie
1090 5514 1187 5588 qui
1224 5515 1293 5570 de
1336 5517 1530 5572 nostra
1571 5512 1882 5571 assertione

244 5617 523 5673 dubitent.
565 5617 696 5672 Haec
728 5615 885 5672 enim
922 5614 968 5670 si
994 5631 1129 5670 vera
1162 5630 1560 5686 agnoscamus,
1598 5613 1769 5686 plane
1800 5628 1882 5666 se-

242 5711 441 5784 quitur
487 5714 724 5769 externa
771 5726 839 5767 ea.
880 5708 1159 5766 solemnia
1206 5708 1409 5781 quibus
1447 5708 1508 5764 in
1553 5708 1880 5766 societatem

242 5804 697 5886 Christianorum
758 5804 1055 5885 ponticam
1102 5801 1457 5878 ascribimnr,
1516 5820 1585 5865 ea
1651 5803 1878 5871 foederis

1989 4574 2126 4640 rint,
2176 4590 2241 4627 ex
2288 4572 2467 4626 altera
2513 4572 2696 4642 parte,
2750 4569 3197 4641 promissionum
3244 4570 3615 4626 conditiones.

1986 4667 2091 4722 Sed
2118 4666 2177 4720 in
2204 4666 2264 4721 id
2296 4682 2475 4737 genus
2519 4665 2696 4735 pactis
2739 4680 2889 4736 quae,
2942 4680 3009 4717 ex
3052 4664 3230 4719 altera
3267 4669 3452 4735 parte,
3499 4665 3619 4720 sola

1988 4760 2289 4815 includunt
2327 4758 2603 4814 beneﬁcia
2641 4758 2764 4812 aliis
2804 4757 3150 4829 praestanda,
3180 4758 3335 4814 nulla
3373 4758 3619 4813 vicissim

1986 4855 2055 4910 ab
2102 4855 2225 4909 aliis
2272 4852 2624 4925 recipienda,
2669 4852 2857 4924 qualia
2905 4852 3016 4907 sint
3059 4858 3227 4924 pacta
3260 4868 3489 4909 necesse
3530 4856 3616 4907 est

1986 4966 2113 5022 quae
2155 4950 2267 5004 Deo
2297 4950 2429 5003 sunt
2454 4947 2900 5019 hominibusque
2941 4946 3288 5018 communia,
3329 4964 3499 5003 nemo
3532 4950 3618 5002 est

1986 5044 2125 5116 quin
2154 5059 2385 5116 aequum
2417 5042 2666 5097 fateatur
2699 5043 2922 5097 nullum
2953 5058 3075 5097 esse
3114 5058 3277 5114 posse
3297 5042 3394 5113 jus
3425 5043 3498 5097 ad
3523 5043 3619 5099 be-

1984 5138 2206 5208 neﬁcia,
2253 5138 2313 5192 ni
2356 5136 2746 5208 praecesserint
2778 5136 3125 5193 conditiones
3152 5153 3217 5192 ex
3252 5136 3431 5193 altera
3456 5141 3618 5209 parte

1987 5232 2347 5307 praestanda}.
2382 5232 2489 5287 Nos
2515 5236 2713 5286 tamen
2744 5230 2811 5287 de
2836 5232 2969 5302 jure
3004 5232 3173 5303 legali
3196 5232 3612 5303 impraesentia-

1984 5344 2115 5384 rum
2160 5326 2413 5397 agimus,
2463 5342 2580 5381 non
2633 5325 2757 5381 sola
2807 5326 3093 5397 aequitate.
3153 5327 3220 5381 Et
3268 5330 3330 5380 ut
3383 5326 3617 5399 aequitas

1984 5422 2173 5493 aliqua
2212 5422 2446 5475 fortasse
2492 5437 2613 5474 esse
2642 5420 2836 5491 possit,
2875 5424 2938 5475 ut
2963 5419 3062 5491 qui
3097 5420 3487 5476 conditionem
3522 5419 3626 5473 im-

1984 5518 2140 5589 plere
2172 5515 2434 5584 voluerit,
2463 5515 2809 5571 conditionis
2832 5514 3176 5572 beneﬁcium
3200 5530 3619 5585 nonnunquam

1982 5611 2275 5683 impetret,
2320 5609 2452 5666 licet
2494 5610 2648 5666 illam
2684 5610 2753 5668 de
2793 5611 2946 5669 facto
2986 5610 3243 5673 nondum
3271 5605 3623 5680 impleverit,

1982 5722 2115 5762 cum
2159 5704 2315 5762 nulla
2358 5721 2460 5764 sua
2493 5705 2659 5778 culpa
2691 5723 2725 5762 a
2753 5707 3083 5763 conditione
3124 5704 3308 5764 etiam
3349 5702 3421 5759 de
3466 5700 3632 5759 facto

1979 5801 2306 5881 praestanda
2336 5798 2684 5883 impeditur;
2706 5806 2776 5869 .at
2807 5801 2988 5881 legali
3020 5800 3235 5873 saltem
3284 5802 3421 5885 iure
3444 5804 3664 5873 gerere
