4096 6186
515 282 657 424 ima

1470 321 1677 389 neua.
1717 283 2074 379 nonvaLLi
2111 283 2415 376 nissaar.
2453 284 2769 375 erratas.
2807 317 2899 375 ιιι.

3712 284 3833 382 ιὀπθ

525 416 637 532 (μή.
668 412 1055 511 conditionem
1105 449 1175 506 de
1231 449 1374 505 facto
1429 412 1545 505 non
1601 448 1952 520 praestiterit,
2004 461 2142 517 quo-
2189 498 2213 532 Δ
2250 444 2401 513 sunt,
2434 447 2490 497 et
2537 458 2665 515 quae
2716 442 2823 497 hoc
2875 442 2998 513 ipso
3042 438 3284 496 consilio
3326 439 3577 510 instituta
3619 450 3743 501 sunt
3782 456 3837 506 ut

524 565 768 620 cumque
822 548 1052 602 tandem
1111 561 1304 599 rerum
1357 548 1562 600 eventu
1611 542 1782 598 fuerit
1836 541 2145 612 impeditus

525 650 609 699 est
646 642 879 697 omnino
911 640 1312 695 certissimum.
1360 641 1420 694 ln
1466 638 1575 692 illis
1614 638 1929 709 pra-sertim
1972 636 2153 707 pactis

522 738 706 793 adhuc
731 735 972 791 validius
1004 733 1262 806 procedit
1296 735 1700 803 argumentum
1733 747 1975 803 quorum
2016 746 2150 783 con-

524 831 767 886 ditiones
811 846 930 883 non
974 831 1106 882 sunt
1148 826 1505 881 conditiones
1545 825 1851 879 dumtaxat
1891 823 1963 877 ad
2002 822 2151 877 arbi-

521 925 700 979 trium
729 922 1080 995 imponentis
1097 920 1405 991 requisitm,
1427 920 1523 974 sed
1552 919 1722 974 etiam
1757 917 2155 990 dispositiones

526 1036 594 1074 ex
643 1024 805 1089 parte
850 1016 1090 1087 subjecti
1127 1014 1483 1070 necessariae.
1519 1014 1659 1069 Cum
1700 1013 1889 1083 itaque
1928 1012 2155 1066 nullum

523 1113 697 1183 hujus
726 1111 875 1183 pacti
901 1110 1186 1165 redundet
1213 1110 1271 1163 in
1300 1110 1480 1162 Deum
1512 1107 1875 1173 beneﬁcium,
1904 1104 2156 1176 sequitur

522 1222 898 1280 quascumque
942 1205 1092 1258 Deus
1121 1220 1151 1257 a
1182 1202 1346 1257 nobis
1392 1201 1663 1271 postulat,
1704 1216 1770 1253 ea
1815 1199 1994 1253 nostri
2036 1213 2155 1252 esse

524 1317 692 1356 causa
730 1298 1064 1364 necessaria,
1104 1302 1163 1352 ut
1201 1295 1445 1368 proinde
1487 1294 1543 1349 ni
1590 1294 1870 1366 postulata
1914 1296 2153 1365 praeste-

526 1411 674 1461 mus,
695 1393 830 1464 ipsis
854 1391 1301 1464 promissionum
1316 1387 1602 1444 beneﬁciis
1625 1386 1952 1443 obtinendis
1976 1386 2157 1458 inepti

525 1488 839 1543 reddamur
863 1488 1033 1556 atque
1066 1483 1412 1555 indispositi.

599 1580 737 1653 §24.
762 1610 831 1620 —
859 1579 1075 1644 Quarto
1110 1581 1302 1649 itaque
1337 1583 1397 1631 ut
1426 1576 1815 1648 intelligamus
1846 1593 1970 1647 quae
1996 1574 2156 1630 nobis

524 1674 862 1730 incumbant
903 1673 961 1727 in
999 1673 1109 1727 hoc
1150 1671 1472 1743 baptismali
1516 1673 1678 1742 pacto
1725 1670 2081 1725 conditiones
2124 1687 2157 1724 a

526 1768 692 1824 nobis
723 1784 829 1840 pro
854 1772 1047 1822 nostra
1082 1766 1236 1838 pacti
1272 1771 1437 1838 parte
1468 1765 1823 1836 prmstandm,
1855 1764 2153 1819 attenden-

2252 537 2540 611 passiones
2592 541 2807 592 nostras
2861 538 3281 607 reprmsentent
3325 540 3492 608 atque
3538 539 3834 612 spondeant,

2254 635 2313 686 et
2337 647 2464 702 quas
2486 630 2584 685 Dei
2614 631 2787 685 etiam
2819 631 3119 685 nobiscum
3147 630 3480 701 paciscentis
3501 636 3623 686 sunt
3645 650 3839 706 quoque

2254 725 2506 797 symbola
2567 725 2880 795 sponsoria,
2933 724 3120 796 ipsum
3183 730 3479 796 praterea,
3533 742 3629 796 pro
3671 734 3839 785 mutuo

2254 820 2401 892 pacti
2433 820 2586 891 jure,
2614 819 2683 873 ad
2728 819 3058 892 praestanda
3101 836 3170 874 ea
3208 835 3337 891 quae
3372 819 3632 891 symbolis
3671 838 3843 893 repue-

2254 917 2553 968 sentantur
2594 913 2923 984 obligantia,
2973 930 3031 968 se
3076 928 3300 985 quoque
3340 916 3560 969 nostras
3594 917 3840 987 passiones

2255 1024 2360 1080 pro
2401 1007 2516 1062 suis
2558 1008 2914 1079 agniturum,
2958 1010 3016 1062 et
3052 1024 3153 1063 suo
3202 1008 3430 1075 merito,
3471 1024 3570 1063 sua
3616 1012 3838 1068 mercede

2256 1108 2785 1173 compensaturum.

2327 1196 2360 1267 §
2388 1199 2474 1250 26.
2508 1226 2577 1237 —
2612 1198 2679 1250 Et
2713 1212 2846 1249 vero
2879 1195 3325 1265 accuratissime,
3360 1214 3463 1268 pro
3500 1199 3703 1254 Domini
3729 1217 3837 1256 nos-

2255 1289 2329 1344 tri
2359 1292 2550 1344 mcnte
2589 1296 2759 1362 atque
2786 1289 3085 1361 principiis
3110 1294 3448 1362 conceptam
3478 1292 3617 1347 hanc
3647 1310 3839 1351 omnem

2254 1383 2428 1439 fuisse
2459 1384 3020 1455 argumentationem
3053 1384 3220 1439 facile
3262 1385 3547 1440 constabit
3582 1387 3627 1441 si
3662 1389 3842 1443 diversa

2258 1477 2611 1532 diversarum
2644 1478 3069 1550 Scripturarum
3100 1484 3313 1535 asserta
3340 1479 3401 1535 in
3443 1497 3615 1535 unum
3644 1482 3837 1555 colliga-

2256 1586 2386 1626 mus
2410 1571 2571 1643 quasi
2599 1572 2952 1627 fasciculum.
2988 1574 3411 1645 chrmsentari
3447 1575 3508 1630 in
3538 1575 3719 1647 primis
3744 1593 3842 1631 nos-

2255 1671 2406 1720 tram
2452 1666 2514 1720 in
2562 1666 2842 1737 baptismo
2890 1683 3019 1722 cum
3072 1668 3297 1724 Christo
3348 1669 3662 1741 passionem
3699 1675 3839 1743 atque

2260 1763 2528 1826 mortem,
2557 1776 2665 1815 nec
2694 1762 3095 1832 repraesentari
3136 1763 3329 1831 modo,
3364 1779 3564 1818 verum
3605 1765 3755 1819 etiam
3780 1766 3842 1819 ita

529 1863 670 1918 dum
700 1866 786 1916 est
813 1878 941 1933 quae
976 1860 1235 1932 symbola
1261 1861 1373 1914 sint
1396 1876 1427 1913 a
1454 1859 1616 1913 nobis
1641 1859 1699 1912 in
1728 1859 1864 1930 ipsis
1888 1858 2035 1930 pacti
2068 1875 2156 1912 so-
2178 1870 2235 1942 B
2260 1852 2681 1924 repraesentari,
2710 1857 2771 1908 ut
2794 1870 2925 1909 cum
2958 1855 3166 1911 Christi
3196 1856 3461 1927 passione
3488 1862 3693 1912 nostras
3716 1858 3843 1912 uniat

525 1956 813 2010 lemnibus
850 1953 1197 2021 adhibenda,
1234 1959 1290 2007 et
1326 1953 1463 2025 quid
1494 1952 1592 2008 illa
1618 1952 1893 2025 symbola,
1928 1969 1995 2007 ex
2035 1952 2157 2023 ipso

529 2050 630 2106 Dei
654 2049 913 2104 instituto
940 2048 1288 2121 signiﬁcant,
1315 2052 1370 2102 et
1398 2064 1502 2118 pro
1537 2047 1758 2118 legibus
1789 2045 2157 2117 signiﬁcatio-

528 2143 618 2197 nis
643 2142 969 2214 symbolicm
996 2158 1124 2214 quas
1151 2141 1247 2196 illa
1268 2140 1468 2195 saltem
1503 2143 1671 2194 aetate
1696 2140 1990 2211 vigebant.
2021 2140 2159 2204 Quae

530 2237 684 2293 enim
719 2236 970 2309 symbola
1008 2236 1068 2289 in
1107 2234 1261 2306 pacti
1305 2233 1656 2289 solemnibus
1710 2235 2054 2305 usurpentur
2091 2248 2160 2287 ea

529 2348 644 2386 non
705 2329 1067 2404 signiﬁcandi
1121 2328 1434 2395 dumtaxat,
1488 2328 1585 2382 sed
1639 2326 1928 2399 obligandi
1983 2327 2159 2381 etiam

531 2425 715 2496 gratia
757 2423 1020 2478 instituta
1057 2426 1208 2478 sunt.
1252 2425 1324 2479 Ut
1355 2422 1508 2477 enim
1550 2424 1908 2476 sacramenta
1942 2420 2156 2488 omnia,

528 2520 642 2575 sive
670 2517 956 2590 mysteria,
989 2534 1092 2589 pro
1127 2517 1301 2572 sacris
1330 2516 1634 2571 hominum
1669 2531 1798 2570 cum
1828 2516 1943 2570 Deo
1980 2514 2158 2587 pactis

526 2611 903 2683 intelligenda
945 2614 1098 2679 sunt,
1130 2611 1208 2665 ita
1245 2613 1302 2665 et
1339 2611 1399 2665 id
1428 2609 1572 2664 sacri
1613 2608 1799 2664 omnis
1834 2608 2161 2663 commercii

531 2706 848 2779 genuinum
891 2711 975 2760 est
1018 2708 1082 2759 ut
1120 2704 1429 2776 symbolice
1476 2703 1664 2775 potius
1693 2719 1864 2774 quam
1907 2702 1980 2756 ad
2007 2703 2159 2757 litte-

526 2817 675 2867 ram,
704 2799 1074 2870 intelligenda
1106 2799 1239 2867 sint,
1272 2814 1379 2853 nec
1405 2799 1485 2852 ita
1522 2797 1731 2864 verbis,
1767 2813 1938 2867 quam
1968 2796 2156 2866 rebus,

528 2911 724 2949 rerum
753 2898 951 2948 tamen
991 2892 1231 2947 aliarum
1263 2891 1551 2963 symbolis,
1581 2889 1768 2945 ofﬁcia
1810 2890 1907 2945 illa
1948 2905 2158 2960 reprae-

531 2991 830 3043 sententur
862 3003 988 3058 quae
1031 2987 1277 3057 partium
1308 2986 1459 3040 inter
1493 3002 1553 3039 se
1588 2983 2030 3054 transigentium
2058 2984 2158 3037 ha-

531 3077 742 3131 bentur
771 3076 1127 3147 obligatoria.
1161 3076 1300 3139 Quae
1328 3076 1520 3146 itaque
1549 3073 1818 3145 symbolis
1845 3073 2158 3145 baptisma-

530 3169 679 3224 libus
713 3169 1107 3240 signiﬁcantur
1134 3185 1201 3223 ea
1225 3185 1331 3223 nos
1375 3168 1661 3238 spondere
1689 3184 1722 3222 a
1746 3168 1908 3221 nobis
1949 3167 2160 3221 deinde

530 3264 855 3333 praestanda
903 3263 1113 3317 virtute
1156 3262 1303 3333 pacti
1348 3260 1699 3333 baytismalis
1738 3241 2240 3330 existimamur,C

538 3372 605 3410 ca
635 3374 667 3410 a
697 3356 860 3410 nobis
889 3356 1140 3426 praestita
1174 3356 1271 3426 jus
1296 3355 1432 3409 inde
1482 3354 1643 3409 nobis
1686 3354 1905 3409 faciunt
1944 3358 2006 3408 ut
2041 3371 2171 3425 pro-

536 3449 710 3502 missa
754 3449 944 3503 divina
973 3449 1230 3519 ejusdem
1256 3448 1411 3512 pacti
1455 3448 1774 3519 evangelici
1814 3436 2016 3505 virtute
2043 3447 2169 3502 vin-

537 3538 815 3592 dicemus.

611 3642 759 3711 §25.
789 3671 857 3681 -
882 3640 1091 3705 Quinto
1128 3641 1187 3695 in
1234 3641 1507 3713 symbolis
1542 3642 1815 3714 baptismi
1864 3643 2041 3698 nostri
2086 3659 2171 3697 sa-

538 3733 896 3788 cramentalis
915 3732 1285 3801 solemnibus,
1309 3750 1424 3788 non
1456 3750 1620 3804 aquae
1647 3733 1821 3788 solius
1840 3734 2175 3805 baptismus-

538 3831 870 3898 denotatur,
903 3830 1003 3885 sed
1039 3832 1211 3886 etiam
1256 3831 1352 3887 ille
1383 3831 1698 3904 sanguinis,
1730 3848 1929 3887 verum
1972 3833 2051 3886 ita
2087 3832 2157 3887 de

537 3929 772 3981 notetur
795 3929 861 3980 ut
892 3942 1006 3979 uno
1044 3924 1360 3998 eodemque
1396 3927 1667 3998 symbolo,
1700 3943 1817 3980 uno
1859 3927 2173 3998 eodemque

539 4021 845 4075 denotatur
871 4020 1173 4087 elemento,
1203 4024 1266 4075 ut
1310 4020 1551 4091 proinde
1588 4021 1661 4075 ad
1692 4036 1896 4089 unum,
1936 4023 2001 4074 ut
2030 4020 2170 4075 dixi-

539 4129 688 4182 mus,
718 4113 1108 4184 eumdemque
1137 4114 1484 4184 baptismum
1527 4115 1814 4185 pertinere
1857 4114 2175 4185 intelligan-

539 4209 654 4260 tur.
690 4207 761 4261 Ut
781 4206 957 4275 enim,
991 4223 1120 4261 cum
1147 4223 1295 4279 aqua
1323 4208 1652 4277 adhibetur,
1687 4211 2050 4280 peccatorum
2080 4208 2174 4263 de-

544 4299 854 4355 sertionem
898 4299 1254 4371 pollicemur,
1286 4301 1653 4372 futuramque
1697 4301 1825 4356 vitae
1864 4301 2171 4357 sanctimo-

542 4393 705 4448 niam
734 4409 861 4464 quas
898 4397 1128 4448 externo
1164 4409 1328 4465 aquas
1370 4394 1623 4465 symbolo
1652 4395 1787 4450 satis
1811 4402 1940 4467 apte
1966 4411 2175 4467 reprae-

543 4488 804 4542 sentatur
829 4486 938 4541 :ita
954 4502 1086 4541 cum
1110 4486 1169 4541 in
1196 4503 1404 4559 aquam
1426 4488 1818 4544 descendimus
1843 4492 1902 4544 et
1927 4488 2172 4544 vicissim

2259 1947 2683 2020 quodammodo
2721 1953 2778 2002 et
2819 1965 3156 2005 communes
3188 1950 3487 2024 utriusque
3514 1951 3689 2020 faciat,
3718 1958 3841 2007 sexto

2258 2041 2328 2096 ad
2370 2043 2653 2097 Romanos
2699 2042 2881 2113 capite
2936 2042 3070 2098 satis
3121 2047 3319 2117 aperte
3371 2045 3533 2101 docet
3572 2046 3842 2118 Apostolus.

2258 2136 2445 2191 Unam
2486 2151 2608 2190 esse
2646 2138 2901 2192 nostram
2932 2137 3255 2211 Christique
3296 2139 3620 2211 passionem
3660 2158 3721 2197 ex
3759 2139 3844 2195 illis

2260 2229 2385 2301 ejus
2418 2229 2608 2284 verbis
2650 2233 2915 2286 constat:
2958 2233 3166 2287 Hortui
3198 2248 3389 2289 sumus
3426 2250 3544 2289 cum
3581 2234 3780 2298 Christo,
3799 2249 3842 2289 v.

2260 2325 2325 2393 8;
2370 2326 2538 2382 Vetus
2584 2324 2736 2379 homo
2790 2329 2972 2381 noster
3016 2326 3181 2382 simul
3229 2331 3525 2399 cruciﬁxus
3568 2334 3660 2397 est,
3705 2345 3750 2383 v.
3789 2331 3840 2397 6;

2262 2418 2576 2490 Consepulti
2613 2434 2797 2475 sumus
2840 2435 2961 2475 cum
3003 2435 3081 2487 eo,
3123 2437 3173 2475 ν.
3217 2422 3272 2476 4.
3306 2422 3378 2476 Et
3423 2422 3647 2495 quidem
3675 2438 3846 2493 repra-

2261 2512 2586 2568 sentatione
2628 2513 2876 2585 quadam
2920 2515 2987 2569 ad
3033 2515 3225 2570 vivum
3265 2518 3448 2571 totam
3481 2517 3621 2571 hanc
3656 2516 3847 2586 transigi

2261 2607 2535 2661 unionem
2563 2606 2657 2661 illa
2683 2608 2934 2663 innuunt
2955 2624 2969 2664 :
2995 2608 3374 2680 Complantati
3389 2612 3528 2678 facti
3546 2626 3712 2666 sumus
3732 2613 3848 2665 simi-

2262 2700 2499 2755 litudini
2534 2703 2723 2756 mortis
2757 2702 2887 2771 ejus,
2921 2718 2974 2758 v.
3017 2706 3068 2757 5.
3111 2704 3222 2757 Nec
3266 2703 3379 2758 alio
3424 2721 3588 2776 quam
3626 2704 3846 2775 baptismi

2265 2793 2491 2849 ofﬁcio:
2526 2795 2618 2849 An
2662 2798 2935 2865 ignoratis
2979 2800 3112 2868 quia
3150 2800 3478 2869 quicumque
3516 2800 3759 2869 baptizati
3780 2813 3846 2852 su-

2263 2904 2381 2943 mus
2427 2890 2485 2943 in
2527 2888 2737 2944 Christo
2778 2892 2922 2956 Iesu,
2974 2893 3033 2945 in
3079 2897 3249 2945 morte
3287 2894 3469 2962 ipsius
3515 2893 3755 2962 baptizati
3781 2907 3847 2946 su-

2262 2998 2382 3037 mus
2398 2985 2427 3036 ?
2456 2981 2774 3054 Consepulti
2794 2987 2937 3039 enim
2965 3000 3148 3040 sumus
3175 3001 3296 3040 cum
3331 2987 3431 3040 illo
3451 3003 3552 3057 per
3578 2987 3848 3057 baptismum

2262 3078 2325 3131 in
2361 3083 2608 3139 mortem,
2641 3094 2694 3132 v.
2741 3081 2794 3145 3,
2832 3079 2884 3132 4.
2924 3078 3122 3149 Neque
3154 3095 3289 3134 vero
3326 3080 3467 3135 unio
3496 3080 3611 3135 sola
3648 3083 3698 3134 et
3723 3095 3847 3134 mera

2265 3169 2387 3225 haec
2426 3170 2688 3225 habenda
2718 3176 2823 3240 est,
2859 3176 2918 3226 et
2947 3188 3075 3243 quas
3108 3174 3230 3227 tota
3265 3171 3325 3226 in
3362 3172 3655 3228 hominum
3680 3172 3845 3243 imagi-

2270 3264 2506 3318 natione
2532 3268 2705 3335 atque
2732 3264 3111 3321 aestimatione
3137 3265 3451 3323 constituta
3479 3271 3578 3324 est.
3602 3268 3723 3322 Eam
3739 3264 3848 3321 dixi-

2272 3375 2399 3414 mus
2434 3359 2679 3430 symboli
2708 3359 2985 3431 sponsorii
3014 3377 3133 3416 esse
3164 3366 3433 3417 naturam
3463 3365 3525 3418 ut
3549 3379 3657 3418 una
3682 3362 3846 3417 inferat

2271 3452 2512 3523 legalem
2544 3453 2851 3525 quamdam
2880 3453 3285 3526 obligationem
3309 3473 3427 3528 qua
3452 3463 3634 3530 partes
3658 3456 3785 3512 inter
3802 3470 3847 3508 se

2272 3545 2623 3618 paciscentes
2675 3552 2946 3618 praestare
2993 3548 3051 3603 id
3104 3551 3381 3605 tenentur
3437 3551 3584 3623 quod
3630 3548 3848 3622 symbolis

2269 3641 2756 3711 ‘repraesentarint.
2796 3643 2932 3698 lude
2968 3642 3031 3698 ﬁt
3063 3649 3142 3713 ut,
3184 3646 3337 3717 quod
3376 3646 3494 3700 sola
3530 3643 3847 3702 similitudine

2274 3734 2402 3789 fieri
2428 3751 2548 3789 non
2592 3735 2799 3808 potuit,
2837 3735 3002 3791 nobis
3038 3740 3231 3793 tamen
3272 3756 3338 3793 ex
3385 3740 3491 3795 hac
3532 3740 3648 3811 ipsa
3685 3753 3848 3809 repra-

2276 3828 2601 3884 sentatione
2633 3830 2729 3900 jus
2768 3830 3057 3902 quoddam
3091 3832 3165 3886 ad
3205 3848 3326 3887 rem
3364 3833 3547 3906 ipsam
3583 3832 3848 3906 proveniat,

2275 3939 2386 3994 quo
2413 3923 2696 3978 unionem
2734 3923 2920 3995 ipsam
2965 3924 3254 3980 internam
3294 3931 3352 3983 et
3392 3927 3677 3999 mysticam
3711 3924 3848 3979 vindi-

2275 4031 2403 4071 care
2444 4033 2767 4088 possumus,
2809 4018 3047 4090 ejusque
3083 4019 3377 4075 beneﬁcia.
3422 4023 3500 4077 Eo
3536 4022 3650 4093 ipso
3686 4017 3848 4092 princi-

2273 4110 2367 4182 pio
2393 4109 2656 4166 nituntur
2681 4111 2737 4167 id
2776 4128 2959 4184 genus
2988 4112 3285 4169 ratiocinia
3317 4133 3328 4169 :
3360 4117 3425 4173 Si
3461 4118 3595 4171 enim
3625 4113 3847 4183 complan-

2273 4206 2382 4259 tati
2424 4206 2565 4272 facti
2604 4221 2789 4261 sumus
2829 4207 3182 4263 similitudini
3224 4212 3414 4265 mortis
3460 4211 3599 4281 ejus;
3640 4207 3780 4264 simul
3810 4209 3847 4259 et

2273 4301 2676 4355 resurrectionis
2717 4301 2932 4364 erimus,
2979 4317 3031 4353 ν.
3079 4304 3110 4355 5
3124 4320 3142 4369 ;
3180 4304 3232 4358 si
3268 4307 3450 4358 autem
3486 4305 3678 4359 mortui
3708 4312 3848 4355 sumus

2273 4407 2394 4447 cum
2453 4392 2690 4456 Christo,
2743 4394 3008 4451 credimus
3061 4398 3193 4466 quia
3241 4398 3406 4452 simul
3457 4399 3616 4454 etiam
3662 4399 3849 4451 vitmus

2274 4502 2394 4541 cum
2427 4486 2652 4556 Christo,
2686 4503 2737 4542 v.
2777 4490 2830 4543 6.
2858 4488 2968 4544 Nec
3009 4488 3165 4545 enim
3204 4490 3273 4545 de
3313 4491 3423 4546 alia
3458 4494 3635 4547 morte
3667 4490 3745 4545 hic
3777 4483 3847 4556 agi

540 4597 609 4636 ex
641 4580 843 4635 eadem
875 4580 1245 4652 emergimus,
1287 4582 1497 4637 Christi
1521 4587 1785 4652 mortem,
1819 4583 2168 4654 sepulturam
2189 4614 2249 4687 D
2273 4599 2447 4655 quam
2478 4583 2666 4655 typica
2710 4584 2816 4640 hac
2856 4588 3027 4657 atque
3074 4586 3384 4658 symbolica
3424 4587 3484 4642 in
3513 4586 3764 4659 baptismo
3784 4598 3847 4639 re-

541 4675 1141 4746 resurrectionemque
1186 4680 1696 4747 reprmsentamus,
1742 4692 1963 4748 nosque
1999 4677 2170 4732 etiam

544 4768 893 4840 spondemus
928 4770 1134 4824 horum
1173 4769 1434 4824 omnium
1466 4770 1792 4842 participes,
1826 4774 2061 4845 paratos
2090 4773 2173 4827 ni-

543 4862 759 4917 mirum
787 4867 852 4917 ut
885 4879 1260 4934 quaecumque
1286 4862 1379 4918 ille
1407 4863 1572 4919 nobis
1608 4864 1928 4935 immiserit,
1957 4882 2024 4920 ea
2045 4883 2169 4937 nos,

548 4955 697 5010 illius
735 4972 898 5010 causa
929 4956 996 5010 ad
1041 4962 1288 5011 mortem
1335 4974 1512 5029 usque
1560 4957 1921 5014 toleraturos.
1956 4960 2172 5015 Eodem

546 5049 822 5119 symbolo,
852 5066 961 5121 qua
990 5049 1277 5106 Christum
1306 5051 1553 5122 respicit,
1584 5052 1962 5124 intelligimus
1986 5055 2173 5109 Chris-

542 5146 669 5195 tum
711 5143 814 5198 sibi
845 5144 1139 5216 passiones
1181 5150 1402 5200 nostras
1436 5146 1874 5218 imputaturum,
1915 5151 1971 5203 et
1995 5165 2172 5220 quam

545 5237 871 5291 mercedem
900 5238 1023 5310 ipse
1050 5254 1083 5292 a
1106 5240 1292 5307 Patre,
1335 5256 1440 5311 pro
1474 5257 1576 5295 suo
1607 5257 1736 5296 cum
1767 5243 1931 5297 Patre
1959 5243 2172 5298 foedere

542 5328 810 5392 vindicat,
868 5332 1066 5386 eadem
1130 5336 1348 5387 nostras
1414 5350 1642 5405 quoque
1701 5337 1994 5406 passiones
2050 5353 2171 5392 esse

540 5426 1065 5479 remuneraturum.
1109 5427 1187 5481 Ita
1232 5427 1513 5482 constabit
1545 5444 1659 5500 quo
1699 5429 1830 5499 jure
1871 5430 1978 5484 sibi
2027 5431 2170 5503 bap-

544 5516 701 5570 tismi
729 5531 943 5571 nomen
984 5518 1275 5575 vindicent
1314 5527 1521 5577 nostra:
1562 5522 1871 5593 passiones,
1917 5540 2048 5579 cum
2099 5525 2172 5580 ad

545 5609 727 5681 ipsam
780 5609 1051 5682 baptismi
1105 5615 1530 5669 sacramentalis
1585 5616 1864 5672 rationem
1921 5623 2173 5690 spectent

546 5704 1088 5761 consummandam.
1131 5705 1421 5762 Constabit
1458 5709 1635 5764 etiam
1676 5727 1789 5783 quo
1821 5727 2002 5782 porro
2042 5713 2173 5784 jure

550 5798 813 5867 ejusdem
835 5799 939 5854 sibi
967 5800 1257 5856 vindicent
1279 5800 1547 5872 baptismi
1573 5803 1871 5871 beneﬁcia,
1901 5820 2034 5860 cum
2063 5808 2173 5862 illis

539 5891 734 5947 etiam
757 5887 1026 5967 symbolis
1049 5899 1528 5970 repraesententur
1565 5886 1753 5970 quain
1779 5880 1894 5956 Deo
1915 5886 2176 5959 instituta

2275 4680 2618 4749 praesentata
2657 4678 2780 4750 jam
2828 4679 3199 4737 ostendimus.
3247 4682 3323 4736 Ea
3368 4687 3555 4737 morte
3597 4678 3846 4752 symbolice

2273 4771 2571 4828 constabat
2589 4771 2712 4844 jam
2743 4773 3039 4830 defunctos
3075 4791 3193 4830 esse
3241 4776 3392 4847 apud
3433 4791 3570 4847 quos
3606 4775 3678 4830 ita
3708 4786 3842 4843 argu-

2275 4869 2564 4921 mentatur
2588 4868 2891 4939 Apostolus
2924 4868 3022 4940 qui
3062 4869 3267 4924 mortis
3315 4869 3587 4924 nimirum
3624 4862 3843 4941 symbolis

2273 4959 2333 5015 in
2358 4960 2640 5032 baptismo
2671 4962 2756 5016 usi
2796 4962 3035 5017 fuerant.
3069 4963 3203 5019 Inde
3230 4966 3506 5035 tanquam
3543 4980 3573 5019 e
3611 4957 3841 5034 principio

2274 5054 2502 5110 notorio
2526 5055 2783 5127 legitima
2803 5055 3149 5128 procedebat
3168 5056 3582 5129 argumentatio
3608 5057 3650 5110 si
3668 5061 3717 5109 et
3734 5048 3843 5107 illud

2275 5147 2771 5221 subintelligamus
2813 5151 3073 5224 symbola
3111 5151 3262 5207 inter
3307 5149 3686 5224 paciscendum
3717 5159 3842 5202 usur-

2274 5247 2409 5315 pata
2442 5259 2562 5299 esse
2594 5244 2769 5299 etiam
2803 5249 2861 5300 et
2888 5245 3009 5317 ipsa
3044 5245 3359 5318 sponsoria.
3395 5246 3505 5301 Nec
3536 5244 3655 5310 alia,
3680 5246 3734 5296 ut
3757 5236 3844 5293 exi-

2276 5338 2467 5406 stimo,
2504 5338 2807 5410 hypothesi
2845 5339 2984 5394 illud
3022 5339 3226 5395 nititur
3267 5341 3434 5396 etiam
3476 5338 3712 5411 ejusdem
3745 5347 3844 5404 apo-

2276 5431 2401 5486 stoli
2446 5432 2559 5487 alio
2606 5436 2799 5488 tamen
2852 5434 2911 5489 in
2966 5434 3093 5491 loco
3150 5433 3506 5491 ratiocinium
3545 5450 3557 5489 :
3601 5434 3771 5500 Igitur,
3809 5425 3845 5479 si

2276 5530 2714 5592 consurrexistis,
2770 5527 2976 5601 inquit,
3045 5545 3167 5584 cum
3222 5529 3451 5592 Christo,
3509 5541 3620 5598 qua:
3673 5532 3844 5579 sursum

2278 5625 2404 5675 sunt
2444 5624 2688 5691 quan‘ite,
2736 5624 2844 5677 etc.
2899 5622 3137 5693 (Coloss.,
3184 5638 3263 5692 ιιι,
3308 5623 3376 5695 1).
3425 5622 3716 5689 Mortiﬁcate
3751 5626 3845 5681 προ

2274 5715 2511 5770 membra
2540 5722 2742 5780 vestra,
2774 5719 2884 5772 etc.
2919 5718 2989 5787 (v.
3021 5717 3097 5787 5).
3124 5718 3283 5783 Quod
3316 5717 3435 5773 illos
3460 5716 3578 5787 jam
3608 5708 3843 5784 snpponat

2276 5808 2723 5879 consurrexisse,
2753 5810 2824 5865 ad
2853 5811 3007 5866 aliud
3036 5811 3235 5867 referri
3267 5827 3375 5867 non
3402 5812 3581 5882 potest
3613 5818 3760 5886 quam
3786 5796 3841 5852 ad

2277 5903 2664 5961 emersionem
2699 5888 2864 5962 illam
2903 5890 2976 5962 ex
3011 5921 3162 5980 aqua
3200 5886 3513 5980 baptismali
3546 5916 3662 5975 quae
3683 5907 3838 5954 resur-
