4082 6194
287 244 425 299 1177

1361 236 1450 294 DE
1486 235 1791 295 SECUNDO
1827 226 2154 294 MARTYRlI
2194 235 2541 294 BAPTISMO.

3505 247 3640 300 1178

272 366 550 424 rectionis
574 366 697 421 erat
725 350 1065 437 symbOlum,
1094 368 1159 420 ut
1200 365 1477 421 nimirum
1517 365 1731 420 forensi
1769 382 1900 437 pac-
1927 364 2247 451 Arequitas
2292 364 2595 435 obligaret,
2642 369 2705 420 ut
2751 382 2856 437 pro
2898 365 3107 421 Christi
3152 368 3367 422 meritis
3412 386 3632 425 merce-

266 469 462 518 torum
513 462 789 515 idiomate
831 464 965 514 tunc
1018 461 1390 515 resurrexisse
1443 460 1905 515 existimarentur

269 574 398 612 cum
463 561 812 627 usurparent
869 555 1304 610 resurrectionis
1370 555 1709 626 symbolum.
1765 556 1902 609 Inde

265 656 418 706 recte
447 651 659 721 colligit
690 651 1113 706 Colossensium
1151 650 1351 717 ofﬁcia,
1383 667 1450 705 ea
1488 649 1661 704 modo
1690 666 1900 720 suppo-

266 748 485 799 nantur
522 762 648 816 qua:
687 746 809 814 jam
859 744 1212 799 ostendimus
1254 744 1571 799 necessario
1614 760 1734 798 esse
1767 760 1898 814 sup-

263 840 552 911 ponenda.
588 841 726 894 Cum
775 839 931 893 enim
974 839 1175 893 mortis
1222 840 1318 893 illo
1363 838 1639 910 symbolo,
1675 839 1903 891 immer-

265 936 429 989 sione
475 934 773 1003 nimirum,
826 934 1175 1004 sponderent
1225 950 1281 988 se
1336 933 1732 987 membrorum
1777 949 1903 987 suo-

260 1045 393 1082 rum
446 1028 952 1082 mortiﬁcationem
1006 1032 1323 1096 curaturos;
1375 1032 1430 1081 et
1473 1027 1900 1081 resurrectionis

262 1122 517 1193 symbolo
594 1121 648 1175 id
724 1130 953 1193 quoqhe
1019 1121 1477 1193 spopondissent,
1548 1121 1620 1174 ad
1694 1136 1901 1175 novam

258 1232 320 1269 se
370 1217 768 1287 ccelestemque
816 1216 989 1270 vitam
1041 1232 1161 1270 esse
1222 1220 1641 1271 resurrecturos
1692 1232 1705 1269 :
1762 1216 1898 1269 inde

257 1327 433 1366 nemo
467 1328 581 1365 non
610 1310 761 1365 videt
805 1327 977 1381 quam
1011 1310 1105 1365 ille
1136 1310 1313 1365 solide
1358 1312 1782 1382 prudenterque
1808 1327 1896 1364 ar-

265 1407 666 1476 gumentetur,
697 1421 826 1458 cum
858 1422 887 1458 e
926 1408 1089 1476 pacto
1131 1405 1521 1477 promissoque
1549 1405 1670 1459 illos
1700 1404 1896 1459 horta-

261 1504 357 1552 tur
385 1516 455 1553 ne
495 1498 681 1553 ofﬁcio
717 1499 995 1568 deessent,
1034 1499 1278 1553 ﬁdemve
1320 1499 1605 1553 fallerent.
1650 1499 1897 1554 Inﬁrmus

266 1596 463 1647 autem
494 1593 804 1647 admodum
832 1598 887 1647 et
906 1594 1123 1664 jejunae
1142 1593 1332 1647 forent
1362 1594 1421 1647 id
1449 1610 1629 1664 genus
1654 1595 1897 1665 sequelae

264 1687 308 1740 si
329 1704 398 1741 ex
418 1688 575 1741 inani
600 1688 794 1742 mortis
810 1687 1363 1759 resurrectionisque
1382 1688 1639 1759 symbolo
1660 1690 1728 1743 ad
1753 1706 1899 1760 mys-

2008 460 2139 514 dem
2185 458 2445 513 ﬁdelibus
2489 461 2855 529 persolveret,
2900 478 3032 515 cum
3082 465 3398 532 praesertim
3433 471 3488 518 et
3532 465 3639 536 ipsi

2005 554 2251 623 Christo,
2284 553 2340 607 in
2383 554 2614 624 propria
2652 553 2822 608 etiam
2863 571 3109 625 persona
3154 559 3537 627 persolvisset.
3570 561 3639 613 Et

2004 648 2237 719 quidem
2293 647 2603 701 admodum
2658 652 3108 704 consentaneum
3163 658 3287 707 erat
3338 653 3639 707 Platonicis

2003 738 2153 792 illius
2196 737 2297 791 teri
2358 736 2751 807 dogmatibus,
2806 743 2871 791 ut
2920 739 3054 792 huic
3111 743 3299 814 αἰωνίῳ
3348 741 3637 812 Evangelii

2003 835 2235 911 διαθήκῃ,
2272 852 2398 905 quae
2429 841 2622 889 tamen
2668 839 2794 889 erat
2833 838 3135 904 terrestris,
3172 839 3281 891 alia
3316 841 3483 894 etiam
3515 858 3633 895 res-

2003 934 2285 1006 ponderet
2306 944 2607 1013 προαιώνιος
2640 936 2697 989 in
2741 935 2894 989 cmlis
2926 936 3085 1007 cujus
3113 936 3307 991 virtuti
3344 939 3414 993 sit
3461 938 3635 994 etiam

2002 1034 2306 1089 tribuenda
2359 1034 2647 1088 terrestris
2689 1034 2925 1098 διαθήκης
2970 1034 3245 1089 efﬁcacia.
3292 1037 3376 1089 lta
3421 1037 3635 1107 proba-

2000 1139 2125 1189 tum
2156 1133 2415 1188 dedimus
2435 1135 2543 1188 hoc
2570 1138 2819 1204 pactum,
2843 1136 2997 1205 quod
3020 1136 3153 1191 licet
3171 1139 3432 1190 asserant
3458 1137 3634 1191 etiam

2001 1228 2370 1297 recentiores,
2414 1227 2748 1299 neutiquam
2798 1234 2992 1282 tamen
3037 1230 3302 1300 probant,
3343 1247 3449 1285 nec
3501 1248 3633 1303 pro-

1998 1323 2137 1378 bare
2188 1339 2437 1394 unquam
2488 1326 2762 1393 poterunt
2823 1321 2919 1393 qui
2972 1323 3192 1377 nullam
3247 1324 3359 1378 nisi
3415 1342 3484 1379 ex
3544 1324 3633 1380 di-

1999 1417 2165 1472 sertis
2224 1417 2653 1487 Scripturarum
2706 1416 3047 1471 testimoniis
3096 1417 3494 1489 probationem
3542 1420 3613 1473 ad

1998 1512 2259 1565 mittunt.

2068 1600 2206 1672 §28.
2248 1630 2315 1640 —
2346 1600 2483 1654 Huic
2528 1600 2725 1671 itaque
2765 1598 2978 1654 cmlesti
3018 1602 3185 1670 pacto
3228 1600 3341 1655 duo
3389 1600 3485 1655 illa
3532 1601 3632 1655 tri-

1995 1694 2229 1749 buenda
2270 1700 2432 1748 erant
2467 1712 2481 1748 :
2523 1694 2709 1765 primo
2756 1697 2817 1747 ut
2850 1695 2978 1766 jure
3009 1694 3180 1749 etiam
3208 1695 3379 1766 legali
3407 1695 3629 1750 Christo

264 1780 437 1835 ticam
478 1782 603 1836 illos
643 1787 891 1837 mortem
920 1783 1513 1854 resurrectionemque
1546 1770 2306 1859 hortaretuanrremium
2373 1805 2480 1859 pro
2541 1788 2653 1841 suis
2708 1787 2926 1842 meritis
2990 1788 3327 1858 deberetur;
3382 1790 3633 1844 secundo

339 1875 488 1948 §27.
524 1908 591 1916 —
632 1878 714 1931 lta
756 1878 1031 1931 nimirum
1076 1882 1295 1932 constat
1340 1877 1409 1932 de
1454 1878 1622 1944 facto,
1667 1894 1731 1931 ex
1776 1878 1899 1948 ipsa

264 1970 435 2041 aquei
478 1970 743 2042 baptismi
791 1972 1145 2027 institutione
1194 1972 1548 2042 baptismum
1601 1971 1898 2043 sanguinis

262 2064 487 2118 excludi
539 2082 657 2120 non
707 2083 888 2137 posse,
922 2082 1027 2121 nec
1058 2066 1229 2120 etiam
1274 2083 1303 2119 e
1348 2066 1499 2138 pacti
1546 2066 1897 2138 baptismatis

260 2158 559 2214 beneﬁcio.
606 2160 663 2215 Si
713 2176 884 2231 porro
937 2160 1068 2216 facti
1123 2160 1405 2215 rationem
1450 2160 1781 2231 qumrimus,
1829 2178 1897 2215 ea

264 2259 372 2316 est.
405 2254 462 2308 ni
492 2254 675 2321 fallor,
703 2254 872 2309 altius
916 2272 945 2308 e
982 2256 1203 2309 duobus
1234 2255 1553 2326 praesertim
1600 2255 1896 2327 principiis

266 2348 599 2403 deducenda
634 2367 645 2402 :
679 2350 834 2421 quod
868 2350 1083 2404 scilicet
1108 2350 1313 2405 Christi
1345 2367 1497 2405 mors
1524 2367 1590 2404 ea
1615 2350 1690 2404 sit
1714 2351 1895 2405 beate

262 2444 696 2497 resurrectionis
762 2445 1020 2499 mercede
1077 2444 1430 2513 coronanda;
1498 2444 1649 2515 quod
1718 2444 1893 2498 etiam

261 2537 403 2591 illud
434 2538 505 2591 sit
534 2538 591 2591 in
620 2539 926 2610 prazcipuis
963 2538 1234 2609 baptismi
1259 2538 1546 2593 beneﬁciis
1577 2554 1891 2595 numeran-

263 2631 403 2685 dum
432 2635 493 2685 ut
537 2632 811 2687 nimirum
842 2633 1112 2703 baptismi
1156 2634 1363 2687 virtute
1403 2633 1540 2688 illud
1579 2650 1889 2703 consequa-

262 2743 395 2780 mur
436 2732 494 2781 ut
516 2730 705 2781 nostra
732 2743 958 2798 quoque
987 2744 1139 2781 mors
1183 2728 1253 2780 sit
1283 2727 1506 2781 Christo
1536 2728 1889 2798 imputanda.

263 2820 427 2883 Quod
474 2821 709 2889 Christo,
757 2838 824 2875 eo
864 2820 985 2892 ipso
1032 2821 1229 2874 mortis
1268 2821 1523 2889 nomine,
1555 2838 1622 2875 ea
1653 2821 1892 2876 debere-

262 2918 377 2981 tur,
426 2932 597 2984 quam
645 2914 783 2979 dixi,
834 2914 1261 2969 resurrectionis
1304 2931 1540 2981 merces,
1594 2932 1663 2969 ex
1708 2917 1891 2970 Veteri

262 3026 492 3079 quoque
541 3010 896 3063 Testamento
930 3010 1053 3079 jam
1100 3009 1361 3080 superius
1404 3010 1779 3064 ostendimus.
1816 3012 1891 3063 Ex

262 3101 360 3156 illo
392 3104 668 3156 nimirum
704 3104 1009 3174 antiquiori
1040 3111 1204 3174 pacto
1233 3121 1346 3174 quo
1374 3105 1443 3158 de
1475 3108 1593 3158 toto
1620 3105 1891 3175 redemp-
1915 3144 1968 3218 C

260 3198 429 3252 tionis
467 3197 698 3267 negotio
731 3198 1258 3268 incarnationisque
1302 3215 1429 3251 cum
1475 3200 1637 3252 Patre
1672 3204 1888 3253 transe-

264 3293 365 3363 git.
396 3292 559 3356 Quod
587 3293 745 3346 enim
788 3292 995 3347 Christi
1040 3293 1403 3358 resurrectio,
1438 3310 1550 3347 non
1590 3298 1712 3348 tam
1759 3310 1887 3365 pro-

262 3385 403 3457 prie
452 3386 571 3455 ejus
599 3391 652 3440 et
682 3387 887 3440 nativas
914 3387 1141 3453 Deitati,
1176 3404 1350 3457 quam
1392 3388 1543 3441 Patri
1584 3388 1889 3456 tribuitur;

261 3482 413 3552 quod
461 3482 627 3535 etiam
678 3483 845 3535 Pater
880 3498 994 3534 non
1036 3480 1217 3534 Patris
1256 3486 1445 3535 tamen
1481 3482 1537 3535 in
1580 3483 1687 3536 hac
1728 3500 1894 3537 causa

261 3591 569 3647 personam
616 3575 817 3645 egerit,
864 3576 961 3628 sed
1007 3575 1249 3645 judicis;
1296 3592 1399 3629 nec
1442 3592 1557 3629 suae
1605 3576 1663 3629 in
1710 3576 1888 3629 ﬁlium

262 3682 482 3747 στοργῆς
529 3670 807 3724 rationem
862 3670 1147 3736 habuerit,
1202 3670 1294 3723 sed
1340 3670 1543 3725 Christi
1598 3670 1783 3740 potius
1832 3670 1891 3722 in

261 3770 523 3841 passione
552 3768 738 3823 meriti
772 3786 785 3822 :
818 3769 971 3839 quod
1004 3769 1176 3823 etiam
1215 3770 1469 3823 Christus
1506 3786 1623 3823 non
1663 3786 1765 3840 pro
1797 3787 1893 3823 sua

262 3864 355 3917 hic
388 3863 710 3933 aequalitate
753 3879 881 3917 cum
930 3865 1115 3929 Patre,
1158 3863 1256 3917 sed
1297 3864 1461 3933 plane
1501 3864 1661 3934 quasi
1699 3864 1889 3917 subdi-

262 3964 376 4023 tus,
405 3958 476 4011 sit
510 3958 980 4026 considerandus,
1014 3960 1071 4010 et
1115 3957 1455 4011 obedientize
1495 3959 1701 4012 merito
1750 3976 1889 4028 pra:-

265 4052 448 4105 mium
478 4052 835 4106 exaltationis
868 4069 900 4105 a
928 4055 1088 4106 Patre
1113 4052 1413 4121 reputarit;
1440 4052 1605 4122 plane
1632 4052 1890 4122 inquam,

260 4148 384 4201 haec
415 4147 607 4201 omnia
634 4150 886 4218 arguunt
916 4162 1031 4199 non
1072 4162 1231 4199 suam
1274 4147 1398 4212 hic,
1443 4146 1540 4199 sed
1584 4162 1713 4200 vero
1758 4147 1888 4200 alie-

260 4258 431 4308 nam,
489 4244 547 4295 et
604 4242 837 4313 quidem
890 4258 923 4294 a
979 4257 1082 4295 sua
1131 4240 1301 4312 longe
1347 4240 1792 4294 diversissimam
1862 4257 1894 4294 a

262 4336 490 4390 Christo
544 4341 866 4405 susceptam
918 4351 1041 4390 esse
1096 4350 1415 4407 personam.
1479 4336 1545 4388 Et
1596 4351 1729 4388 vero
1774 4334 1897 4405 ipsa

261 4448 554 4501 personzn,
612 4447 785 4501 quam
837 4431 1139 4498 sustinuit,
1184 4430 1328 4483 ratio
1381 4430 1608 4499 pactum
1662 4428 1895 4499 aliquod

1999 1882 2169 1936 etiam
2202 1886 2263 1935 ut
2289 1881 2487 1936 ﬁdeles
2514 1881 2764 1935 universi
2796 1898 2971 1935 unam
3002 1882 3059 1936 in
3088 1882 3215 1953 lege
3254 1899 3381 1936 cum
3411 1883 3632 1939 Christo

1997 1992 2299 2047 personam
2328 1976 2763 2030 constituerent.
2797 1977 2908 2030 Nec
2930 1976 3084 2031 enim
3112 1976 3180 2030 de
3201 1976 3411 2031 utrovis
3432 1977 3635 2031 horum

1999 2070 2312 2141 quidquam
2345 2070 2402 2123 in
2433 2069 2685 2124 terrestri
2710 2075 2873 2141 pacto
2906 2075 3137 2124 cautum
3169 2070 3442 2141 legimus.
3474 2071 3630 2125 Non-

1998 2164 2135 2218 dum
2189 2168 2384 2218 tamen
2424 2164 2494 2217 ad
2545 2164 2799 2235 singulos
2852 2164 3127 2219 homines
3181 2164 3480 2219 descendit
3531 2166 3636 2219 hoc

1996 2263 2246 2329 pactum,
2278 2261 2340 2312 ut
2383 2257 2627 2328 intelligi
2670 2257 2847 2328 possit
2878 2258 3115 2329 quinam
3144 2258 3213 2312 ad
3246 2259 3394 2313 hanc
3440 2258 3632 2329 politi-

1996 2367 2121 2405 cam
2157 2351 2365 2407 Christi
2404 2367 2709 2422 personam
2741 2351 3005 2406 homines
3054 2352 3387 2422 pertineant
3425 2355 3491 2405 ut
3530 2352 3634 2406 sibi

1995 2444 2215 2517 possint
2267 2446 2418 2499 illius
2476 2446 2720 2499 cadestis
2785 2446 2935 2516 pacti
2998 2445 3272 2500 beneﬁcia
3321 2446 3631 2501 vindicare.

1995 2538 2235 2594 Proinde
2286 2543 2493 2611 praeter
2544 2540 2653 2594 hoc
2708 2540 2889 2594 Patris
2945 2555 3075 2593 cum
3128 2540 3351 2595 Christo
3409 2541 3635 2595 caeleste

1994 2636 2262 2704 pactum;
2294 2634 2449 2687 aliud
2490 2637 2767 2705 prmterea
2808 2633 3195 2689 necessarium
3239 2637 3383 2701 erat,
3424 2633 3639 2689 Christi

1996 2744 2125 2782 cum
2155 2728 2506 2796 hominibus,
2536 2734 2593 2783 et
2631 2728 2864 2801 quidem
2894 2744 2997 2799 pro
3038 2734 3205 2800 captu
3246 2729 3501 2783 humano
3534 2744 3629 2782 ex-

1993 2827 2247 2892 ternum,
2316 2823 2680 2894 externisque
2740 2823 3009 2894 symbolis
3062 2822 3502 2887 celebrandum,
3567 2825 3629 2875 ut

1995 2922 2212 2970 constet
2261 2917 2495 2988 quinam
2548 2916 2627 2970 illi
2684 2918 2799 2971 sint
2848 2916 2946 2989 qui
3000 2933 3031 2970 a
3083 2917 3307 2972 Christo
3357 2933 3461 2986 pro
3514 2916 3630 2970 suis

1994 3016 2394 3080 agnoscantur.
2429 3013 2545 3066 Hoc
2570 3017 2764 3066 autem
2812 3018 3043 3082 pactum
3082 3016 3147 3064 ut
3177 3012 3247 3065 ad
3275 3012 3632 3065 sacramenta

1997 3109 2213 3174 spectat
2250 3104 2309 3158 in
2339 3121 2571 3175 genere,
2600 3105 2675 3159 ita
2704 3105 2938 3176 propius
2966 3110 3023 3160 et
3048 3105 3339 3177 praecipue
3378 3105 3447 3158 ad
3488 3104 3626 3174 bap-

1994 3197 2230 3252 tismum
2298 3199 2450 3270 quod
2519 3199 2749 3253 unicum
2802 3199 3139 3254 initiationis
3206 3202 3631 3253 sacramentum

1995 3308 2191 3346 omnes
2220 3296 2556 3365 agnoscunt.
2605 3294 2749 3348 Illud
2788 3294 2943 3347 enim
2986 3294 3220 3364 proprie
3260 3298 3495 3363 pactum
3529 3310 3628 3362 ap-

1992 3386 2274 3456 pellamus
2305 3404 2415 3458 quo
2455 3387 2552 3457 jus
2590 3388 2739 3458 pacti
2777 3387 3152 3458 ejusdemque
3195 3387 3476 3441 beneﬁcia
3507 3386 3626 3456 pri-

1994 3497 2155 3534 mum
2213 3480 2635 3551 consequimur,
2686 3497 2799 3534 non
2851 3496 2963 3551 quo
3018 3480 3304 3535 consecuti
3338 3480 3433 3550 jus
3476 3480 3629 3534 idem

1995 3592 2273 3645 augemus
2302 3580 2472 3645 atque
2500 3591 2989 3628 consummamus.
3029 3575 3150 3637 Qua
3176 3576 3365 3644 itaque
3408 3574 3629 3628 ratione

1991 3670 2061 3721 ad
2091 3669 2360 3739 baptismi
2384 3668 2939 3722 consummationem
2960 3668 3308 3722 ostendimus
3338 3668 3628 3737 pertinere

1993 3763 2355 3833 martyrium,
2392 3763 2593 3815 eadem
2624 3767 2680 3815 et
2712 3761 2782 3814 ad
2813 3767 3038 3831 pactum
3071 3760 3471 3833 evangelicum
3503 3777 3630 3830 pac-

1994 3857 2149 3927 tique
2176 3854 2447 3910 beneﬁcia
2481 3856 2772 3925 pertinere
2800 3853 3146 3919 censebitur,
3180 3870 3253 3907 ne
3285 3854 3414 3924 quis
3443 3853 3625 3907 nomi-

1994 3950 2081 4003 nis
2133 3950 2325 4015 solius,
2380 3966 2491 4002 non
2539 3948 2676 4001 item
2733 3948 2815 4002 rei
2871 3964 2973 4017 per
3015 3964 3227 4003 nomen
3273 3947 3628 4018 signiﬁcatus,

1988 4044 2140 4097 hanc
2201 4041 2469 4112 baptismi
2529 4058 2659 4096 cum
2712 4041 2989 4113 martyrio
3045 4041 3627 4097 communicationem

1995 4135 2426 4206 interpretetur.

2067 4224 2208 4295 §29.
2239 4254 2306 4265 ——
2339 4225 2766 4281 Observandum
2807 4225 2960 4281 enim
3003 4231 3179 4295 sexto,
3224 4243 3342 4281 non
3391 4243 3456 4280 ea
3502 4230 3628 4281 tan-

1996 4322 2121 4372 tum
2166 4319 2424 4389 generali
2454 4321 2678 4374 ratione
2708 4320 3039 4375 adumbrari
3070 4320 3127 4374 in
3167 4320 3452 4391 baptismo
3484 4336 3631 4374 mar-

1994 4414 2231 4484 tyrium,
2261 4431 2373 4485 qua
2396 4417 2453 4468 et
2476 4414 2695 4485 reliqua
2717 4414 2911 4467 omnia
2937 4415 3209 4485 baptizati
3231 4414 3411 4469 ofﬁcia
3430 4414 3634 4469 adum-

262 4525 504 4581 omnino
533 4528 795 4597 postulat,
823 4533 879 4582 et
904 4531 1168 4580 mutuum
1190 4540 1319 4577 cum
1350 4525 1512 4577 Patre
1531 4539 1887 4578 consensum.
1912 4519 1970 4591 D
1993 4507 2261 4574 manu”;
2289 4508 2388 4562 59d
2415 4509 2565 4579 (ἰυυά
2586 4508 2775 4579 ipsum
2802 4508 2973 4579 aquei
2998 4508 3275 4579 baptismi
3302 4508 3628 4578 symbomm

260 4624 372 4675 Nec
424 4623 577 4675 enim
625 4621 829 4677 Christi
880 4619 1111 4671 nomine
1156 4635 1270 4672 una
1315 4618 1529 4689 aliqua,
1581 4623 1641 4672 ut
1682 4618 1891 4671 scholae

262 4716 596 4783 loquuntur,
644 4712 937 4767 individua
975 4728 1219 4782 persona
1258 4712 1614 4781 intelligitur,
1653 4711 1749 4765 sed
1797 4729 1893 4781 po-

260 4808 413 4860 litica
454 4811 510 4860 et
551 4807 777 4877 publica
823 4823 950 4877 quae
993 4823 1095 4859 suo
1142 4806 1358 4860 ambitu
1388 4823 1586 4859 omnes
1631 4806 1893 4859 omnium

262 4901 601 4954 saeculorum
631 4902 998 4971 locorumque
1031 4900 1291 4954 omnium
1333 4900 1530 4953 ﬁdeles
1558 4900 1894 4970 complecta-

262 5000 374 5048 tur.
408 4995 499 5049 llis
538 4995 692 5048 enim
728 4996 991 5049 omnibus
1023 4995 1326 5049 convenire
1356 4995 1753 5065 intelliguntur
1782 4994 1889 5046 hu-

254 5090 353 5157 jus
385 5088 683 5143 beneﬁcia.
708 5091 979 5143 Poterant
1006 5090 1247 5143 fortasse
1276 5089 1481 5143 Christi
1516 5089 1720 5142 merita
1748 5104 1890 5157 prm-

263 5182 443 5237 mium
494 5183 727 5253 aliquod
785 5200 851 5236 ex
898 5184 1181 5254 requitatis
1218 5184 1352 5253 jure
1403 5182 1503 5236 sibi
1559 5182 1891 5252 impetrare.

261 5276 425 5340 Quod
455 5294 588 5329 vero
625 5294 736 5330 non
785 5293 852 5331 ex
899 5294 1060 5347 aequo
1106 5279 1397 5346 duntaxat,
1442 5275 1539 5330 sed
1584 5292 1687 5347 pro
1722 5274 1891 5345 justi-

262 5371 356 5423 tizn
408 5370 600 5424 debito
642 5371 778 5425 illud
828 5371 1147 5439 vindicent;
1191 5371 1345 5443 quod
1392 5388 1503 5424 non
1552 5370 1657 5424 sibi
1702 5370 1891 5448 modo,

262 5464 355 5517 sed
387 5450 503 5518 suis
532 5466 799 5519 omnibus
826 5465 967 5519 illud
997 5482 1030 5519 a
1064 5467 1224 5520 Patre
1256 5466 1551 5533 debeatur,
1585 5465 1705 5519 sine
1734 5467 1895 5535 pacto

262 5575 495 5629 prorsus
536 5559 779 5630 intelligi
828 5576 941 5612 non
984 5564 1170 5630 potest
1212 5577 1324 5631 quo
1356 5561 1524 5615 Pater
1551 5560 1723 5614 etiam
1768 5575 1893 5629 pcr-

263 5670 416 5707 sonze
481 5653 729 5724 politian
797 5653 955 5707 illam
1021 5654 1485 5708 constitutionem
1552 5655 1893 5724 acceptaret.

262 5746 393 5799 Erat
431 5746 590 5798 enim
637 5745 744 5799 hoc
786 5745 1188 5798 antecedenler
1230 5743 1299 5798 ad
1347 5747 1577 5816 pactum
1630 5744 1705 5797 ita
1754 5742 1896 5797 arbi-

263 5836 523 5905 trarium,
564 5837 629 5889 ut
668 5836 821 5893 nulla
864 5838 1103 5905 Patrem,
1151 5834 1210 5890 ni
1256 5834 1337 5891 ita
1384 5821 1760 5905 convenisset,
1809 5834 1897 5887 vel

1993 4602 2072 4655 ita
2094 4604 2376 4669 nostrum,
2407 4618 2580 4673 quem
2614 4602 2885 4668 diximus,
2909 4602 3253 4673 sanguinem
3276 4600 3627 4671 baptismum

1993 4700 2386 4765 reprazsentet,
2420 4702 2483 4750 ut
2524 4697 2692 4766 plane
2725 4697 2882 4750 nulla
2911 4696 2980 4749 sit
3006 4695 3175 4766 aquei
3211 4694 3477 4766 baptismi
3506 4696 3625 4749 efﬁ-

1994 4790 2168 4853 cacia,
2217 4790 2323 4844 nisi
2373 4791 2443 4844 ad
2496 4790 2878 4860 sanguineum
2930 4790 3277 4860 baptismum
3321 4790 3626 4843 referatur.

1993 4884 2111 4946 Qua
2139 4884 2296 4937 enim
2328 4885 2618 4938 immersio
2656 4886 2715 4938 in
2754 4900 2961 4955 aquam
3002 4884 3131 4938 vita:
3177 4884 3441 4938 animalis
3470 4900 3625 4937 mor-

1996 4978 2398 5044 tificationem,
2431 4979 2688 5045 denotat,
2717 4996 2823 5049 qua
2858 4978 3103 5032 emersio
3140 4995 3207 5032 ex
3235 4978 3433 5033 eadem
3464 4995 3627 5033 novae

1996 5070 2168 5124 etiam
2203 5071 2625 5142 spiritualisque
2659 5072 2785 5125 vitm
2817 5072 3205 5142 Sponsionem,
3238 5088 3327 5138 ea,
3356 5088 3469 5143 qua
3492 5071 3627 5141 dixi,

1994 5166 2271 5235 sponsarii
2300 5165 2541 5235 symboli
2570 5166 2984 5236 significatione
3016 5168 3420 5236 repraesentat;
3444 5167 3632 5221 fateor

1995 5260 2216 5313 nullum
2250 5276 2372 5313 esse
2403 5260 2737 5315 Christianae
2780 5261 2907 5315 vitm
2941 5260 3190 5314 ofﬁcium
3229 5261 3368 5331 quin
3412 5260 3483 5314 ad
3529 5262 3629 5313 bo—

1997 5369 2122 5406 rum
2154 5354 2492 5407 alterutrum
2526 5355 2825 5421 referatur,
2856 5371 2987 5408 cum
3027 5359 3273 5433 κάθαρσιν
3313 5354 3503 5409 omnia
3532 5360 3628 5407 aut

1996 5453 2251 5506 τελείωσιν
2278 5456 2557 5521 spectent,
2592 5454 2655 5505 ut
2697 5452 3008 5523 loquamur
3050 5470 3179 5507 cum
3221 5450 3625 5525 Pythagoricis,

1997 5550 2120 5605 haec
2146 5550 2211 5602 ad
2262 5566 2464 5603 novam
2502 5550 2915 5622 mysticamque
2945 5551 3138 5621 vitam,
3169 5552 3236 5605 ad
3288 5566 3488 5605 novam
3536 5548 3631 5602 illa

1999 5643 2421 5715 mysticamque
2490 5647 2769 5713 mortem,
2826 5644 3087 5699 similiter
3144 5642 3465 5699 referenda.
3523 5643 3635 5696 Nec

1999 5744 2193 5793 tamen
2222 5743 2523 5809 propterea
2570 5741 2701 5793 novi
2738 5740 3001 5811 baptismi
3048 5728 3327 5794 beneﬁcia
3361 5734 3644 5804 quibusli-

2000 5832 2095 5888 bet
2122 5832 2253 5891 vilae
2289 5832 2620 5890 Christianis
2661 5834 2883 5905 officiis,
2932 5833 3026 5889 sed
3072 5847 3143 5887 ne
3188 5829 3467 5892 omnibus
3512 5836 3656 5899 qui-
